4106 6192
471 261 577 319 3395
1652 253 1897 310 SANCTI
1938 251 2192 308 HILARII
2236 249 2540 313 l2PlSCOPl
3672 250 3778 305 3.96

469 379 615 452 quod
645 378 903 451 scriptum
936 385 1038 441 est,
1074 383 1271 431 taceas.
1304 369 1518 429 Domini
1549 370 1695 425 enim
1734 369 1927 425 mortis
1953 369 2069 425 haec
2094 368 2151 434 Δ
2246 366 2334 423 19.
2377 364 2442 422 In
2467 365 2645 421 eadem
2681 369 2850 438 forma
2878 372 2923 419 et
2967 365 3156 438 gloria.
3181 395 3252 406 --
3278 363 3441 421 Vetas
3472 363 3637 435 igitur
3664 379 3777 425 non

466 486 629 527 causa
660 480 745 527 est
771 486 784 523 :
833 468 1058 538 Propter
1084 466 1182 521 hoc
1218 463 1385 535 magis
1420 461 1595 517 Judtei
1625 459 1920 531 quwrebant
1957 476 2074 515 eum
2177 460 2372 529 scripta
2399 459 2506 514 dici
2531 477 2544 513 :
2569 467 2625 515 et
2651 459 2768 528 ipse
2794 466 2973 517 tamen
3003 473 3108 514 non
3135 457 3350 529 scriptis
3375 456 3545 517 uteris
3564 497 3580 522 ,
3604 471 3784 526 neque

471 565 724 628 occidere,
756 562 879 630 quia
906 576 1007 614 non
1036 557 1205 612 solum
1234 556 1457 615 solvebat
1493 552 1779 621 sabbatum,
1807 552 1909 615 θεά,
1936 552 2074 624 quod
2178 566 2297 622 quac
2324 559 2449 605 sunt
2478 549 2676 620 scripta
2720 549 2979 622 loqueris.
3014 550 3257 607 Similem
3298 549 3380 604 vis
3407 547 3551 605 Patri
3581 546 3782 611 Filium

470 665 668 726 patrem
695 668 843 708 suum
880 650 1081 707 dicebat
1121 646 1324 713 Deum,
1367 647 1614 716 aequalem
1654 662 1710 701 se
1735 646 1935 717 faciens
1962 643 2075 701 Deo
2178 642 2463 715 prtedicari
2490 663 2502 699 :
2532 657 2602 699 ne
2626 643 2695 698 ab
2719 641 2983 712 Apostolo
3005 642 3194 702 audias
3221 660 3236 698 :
3266 642 3369 710 Qui
3394 659 3511 698 cum
3537 642 3591 699 in
3613 644 3784 712 [arma

471 744 654 818 (Joan.
689 760 742 810 v,
770 741 883 815 l8).
914 741 1028 796 Hoc
1052 739 1289 795 Joannes
1314 739 1543 809 loquens
1569 752 1761 806 magna
1790 750 1924 791 voce
1953 750 2071 806 pro-

467 835 737 895 clamabat
757 853 770 891 :
804 840 861 887 ut
884 831 1164 904 professus
1191 829 1360 885 Filius
1377 828 1480 885 sibi
1505 838 1712 899 patrem
1734 827 1926 895 Deum,
1950 841 2079 898 pro~

470 928 652 985 fessus
674 926 751 998 (a)
782 941 842 982 se
869 925 1130 995 mquaiem
1158 936 1284 999 esse
1318 922 1428 977 Deo
1457 920 1809 991 intelligatur.
1848 918 2002 986 Quod
2030 919 2078 977 si

470 1023 613 1080 forte
633 1019 792 1083 dicis.
810 1019 1177 1090 aequalitatem
1199 1016 1300 1071 sibi
1327 1025 1382 1069 et
1400 1016 1511 1071 Deo
1528 1028 1756 1084 negasse
1777 1012 2075 1079 Christum,

471 1118 596 1188 quia
617 1114 855 1172 dixerit:
888 1111 1011 1167 Non
1036 1119 1199 1180 potest
1225 1108 1397 1169 Filius
1420 1108 1483 1163 ab
1507 1124 1562 1163 se
1586 1110 1754 1179 facere
1774 1105 2077 1177 quidquam,

470 1212 571 1265 nisi
619 1209 756 1280 quod
782 1207 967 1262 viderit
1018 1205 1225 1263 Putrem
1253 1205 1530 1274 facientem
1561 1200 1752 1274 (Ibid.,
1785 1199 1874 1270 i9)
1908 1216 1923 1255 :
1957 1213 2078 1254 me-

473 1312 661 1359 mento
704 1299 980 1355 Christum
1028 1306 1085 1352 et
1131 1294 1480 1367 respondisse
1526 1292 1593 1347 de
1638 1292 1886 1357 sabbato,
1935 1289 2079 1360 quod

471 1396 707 1452 violasse
732 1393 1083 1463 arguebatur,
1116 1398 1173 1443 ut
1202 1389 1256 1442 in
1291 1389 1393 1441 hoc
1418 1386 1540 1458 ipso
1568 1384 1749 1439 Patris
1777 1387 1829 1439 in
1859 1398 1917 1439 se
1944 1397 2079 1453 ope-

476 1489 648 1544 rantis
696 1486 981 1557 praeferret
1029 1479 1441 1545 auctoritatem,
1481 1487 1536 1534 et
1568 1476 1932 1548 aequalitatem
1977 1475 2082 1533 sibi

471 1582 685 1637 virtutis
717 1578 1050 1647 honorisque
1069 1573 1142 1646 (b)
1173 1573 1509 1642 sumpsisse:
1538 1570 1727 1623 Omnia
1755 1584 2085 1640 quweumqua

472 1672 632 1727 Pater
661 1672 814 1742 facit,
845 1668 1023 1723 eadem
1061 1675 1108 1720 et
1139 1664 1311 1719 Filius
1352 1663 1478 1735 facit
1519 1660 1758 1717 similiter
1796 1658 2084 1731 (Ibidem);

2182 737 2280 797 Dei
2303 745 2460 803 esset,
2508 753 2611 791 non
2640 738 2877 806 rapinam
2907 737 3187 793 arbitratus
3216 745 3289 793 est
3316 753 3426 793 esse
3452 752 3505 792 se
3533 738 3786 806 trqualem

2181 826 2323 893 Deo,
2364 829 2455 883 sed
2483 829 2760 883 exinanivit
2799 845 2855 883 se
2900 832 3119 900 formum
3154 829 3284 891 servi
3326 828 3586 893 accipiens
3627 825 3787 899 (Phi-

2183 919 2275 992 lip.
2320 936 2357 974 ιι
2379 960 2393 985 ,
2440 919 2496 986 6,
2548 917 2624 990 7).
2658 920 2775 976 Non
2805 921 2944 992 rapit
2971 919 3115 992 quod
3142 931 3258 977 erat
3286 920 3566 987 Christus,
3592 919 3644 975 id
3665 928 3785 989 est,

2181 1012 2235 1066 in
2280 1011 2451 1068 forma
2486 1012 2576 1067 Dei
2607 1027 2749 1068 esse.
2782 1012 2898 1068 Non
2940 1022 3027 1069 est
3055 1014 3337 1087 aequalitas
3376 1013 3473 1071 Dei
3513 1013 3568 1069 in
3609 1011 3786 1069 forma

2185 1103 2279 1159 Dei
2305 1119 2425 1160 esse
2446 1145 2460 1168 ,
2493 1104 2540 1159 si
2565 1120 2672 1159 non
2705 1105 2988 1175 a-qualitas
3017 1105 3251 1160 hominis
3279 1116 3363 1161 est
3386 1119 3507 1161 esse
3529 1105 3584 1161 in
3611 1103 3789 1161 forma

2183 1196 2346 1251 servi.
2371 1194 2523 1263 Quod
2551 1197 2595 1251 si
2622 1195 2673 1251 in
2699 1194 2866 1252 forma
2898 1199 3039 1254 servi
3064 1198 3225 1257 homo
3248 1194 3497 1259 Christus
3517 1205 3632 1262 est;
3656 1195 3787 1267 quid

2183 1285 2323 1340 aliud
2348 1286 2400 1341 in
2426 1288 2594 1342 forma
2624 1287 2719 1343 Dei
2736 1330 2751 1355 ,
2779 1304 2937 1359 quam
2959 1288 3203 1349 Christus
3226 1289 3369 1349 Deus
3394 1288 3510 1347 est?
3534 1288 3781 1344 Similem

2186 1377 2368 1448 itaque
2391 1378 2460 1435 ob
2490 1378 2539 1432 id
2574 1378 2852 1449 praedicari
2879 1382 2955 1435 vis
2974 1422 2989 1446 ,
3022 1397 3089 1437 ne
3114 1385 3164 1437 in
3193 1380 3296 1437 ﬁde
3325 1389 3413 1439 tua
3440 1381 3510 1437 sit
3538 1400 3552 1434 :
3588 1379 3650 1434 Et
3675 1397 3788 1439 om-

2186 1471 2265 1524 nis
2286 1470 2461 1542 lingua
2480 1472 2801 1541 confiteatur,
2828 1473 3070 1543 quoniam
3102 1473 3348 1533 Dominus
3367 1472 3400 1534 ,Ι
3407 1490 3521 1529 esus
3540 1474 3596 1529 in
3617 1473 3787 1547 gloria

2185 1573 2257 1617 est
2285 1561 2560 1635 Deipatris
2591 1562 2778 1635 (Ibid.,
2809 1563 2923 1639 11).

2256 1655 2343 1712 20.
2388 1654 2587 1711 Dolosa
2623 1666 2696 1711 est
2725 1657 3011 1730 professio,
3043 1648 3237 1714 Silnilis
3266 1656 3562 1717 secundum
3598 1657 3789 1730 Scrip.

470 1775 525 1823 ει
554 1767 777 1829 iterum,
815 1761 883 1817 Ut
922 1759 1263 1831 Itonoriﬁcent
1306 1755 1539 1824 Filium,
1571 1754 1705 1808 sicut
1734 1753 2083 1823 honoriﬁcam
2112 1762 2162 1831 Β
2189 1754 2358 1801 turus.
2383 1776 2453 1786 -
2476 1746 2521 1802 0
2552 1746 2736 1802 Fallax
2768 1748 3195 1804 blandimentum
3229 1749 3410 1829 luunt!
3442 1748 3619 1806 Paleis
3645 1750 3794 1806 enim

478 1858 691 1913 Patrem
735 1854 927 1927 (Ibid.,
952 1851 1046 1923 25)
1074 1868 1092 1909 :
1119 1860 1195 1919 et,
1232 1850 1335 1917 Qui
1375 1865 1477 1903 non
1513 1846 1824 1916 honori/ient
1854 1844 2082 1915 Filium,

479 1968 582 2006 non
611 1949 921 2016 honori/ient
965 1948 1175 2001 Patrem
1217 1945 1305 2015 qui
1351 1942 1491 1997 misit
1532 1940 1685 1996 illum
1726 1937 1995 2011 (Ibidem).
2027 1939 2087 1997 Si

481 2044 653 2101 virtus
686 2040 876 2098 eadem
905 2047 986 2095 est
1005 2079 1023 2108 ,
1053 2038 1103 2094 si
1135 2037 1311 2094 honor
1335 2023 1484 2091 idem
1510 2043 1629 2099 est;
1678 2047 1862 2103 qumro
1892 2033 1944 2087 in
1979 2047 2087 2104 quo

485 2135 629 2190 desit
657 2131 938 2202 aequalitas
965 2130 988 2184 ‘t

556 2225 646 2279 18.
676 2222 882 2278 Natura
911 2236 1166 2277 unum.-—
1186 2218 1294 2275 Sed
1324 2217 1625 2275 similitudo
1654 2217 1750 2273 tibi
1782 2217 1989 2290 placet;
2021 2232 2091 2277 ne

481 2316 693 2383 audias,
726 2313 839 2386 Ego
886 2323 935 2369 et
984 2312 1145 2368 Pater
1194 2327 1352 2366 unum
1398 2326 1579 2367 sumus
1627 2308 1807 2382 (Joan.
1855 2324 1911 2375 ι,
1944 2308 2090 2382 50)?

484 2406 757 2478 Numquid
782 2416 836 2461 et
860 2406 962 2460 hoc
982 2403 1126 2475 quod
1145 2419 1303 2456 unum
1315 2418 1517 2469 sumus,
1536 2401 1589 2459 in
1612 2415 1718 2473 quo
1738 2415 1916 2470 neque
1937 2401 2088 2471 unio,

487 2517 665 2573 neque
695 2500 988 2557 diversitas
1018 2496 1448 2569 relinquebatur,
1480 2492 1935 2555 calumniantibus
1971 2510 2090 2549 rur-

487 2607 610 2648 sum
645 2590 850 2648 Judteis
876 2588 1019 2660 quod
1061 2601 1120 2642 se
1160 2601 1258 2657 per
1287 2585 1390 2641 hoc
1417 2584 1617 2647 dictum
1648 2585 1817 2640 Deum
1847 2583 2050 2640 faceret
2073 2626 2091 2653 ,

490 2684 754 2740 Dominus
774 2680 1081 2752 denegavit,
1111 2678 1299 2733 dicens
1326 2695 1340 2729 :
1374 2677 1435 2733 Si
1458 2694 1559 2733 non
1580 2678 1715 2748 facio
1737 2693 1895 2751 opera
1913 2676 2093 2731 Patris

485 2780 608 2845 mei,
640 2776 801 2832 nolite
827 2775 952 2829 mihi
980 2772 1187 2833 credere
1216 2788 1235 2827 :
1258 2773 1335 2827 sin
1354 2781 1523 2835 autem
1549 2773 1707 2845 facio,
1737 2780 1786 2826 et
1805 2788 1909 2825 non
1939 2772 2093 2826 vultis

490 2871 616 2924 milii
634 2869 859 2934 credere,
881 2868 960 2921 vel
979 2866 1217 2936 operibus
1232 2866 1359 2919 meis
1382 2864 1594 2930 credite,
1615 2864 1735 2935 quia
1759 2862 1916 2917 Pater
1940 2864 2094 2918 inme

493 2975 588 3029 est,
618 2974 665 3018 et
684 2980 774 3032 ego
801 2963 854 3013 in
879 2959 1036 3014 Patre
1067 2957 1232 3033 (ibid.
1254 3002 1269 3026 ,
1297 2960 1390 3025 57,
1420 2957 1512 3031 58)
1536 2958 1558 3011 Ῥ
1586 2956 1727 3025 Quid
1753 2972 1884 3027 rogo
1914 2972 2093 3028 :equa-

493 3055 632 3109 litati
664 3055 759 3109 Dei
790 3051 986 3109 deest?
1015 3052 1097 3106 An
1124 3050 1303 3119 opus?
1332 3066 1398 3104 an
1429 3050 1663 3105 natura?
1690 3066 1753 3102 an
1779 3049 1939 3123 577
1969 3065 2093 3119 pro-

2190 1853 2356 1910 aquas
2399 1842 2534 1911 tegis
2557 1881 2570 1905 ,
2599 1849 2653 1895 et
2688 1840 2871 1896 foveas
2910 1840 3209 1912 cespitibus
3250 1826 3524 1909 occultas,
3564 1850 3619 1899 et
3652 1843 3797 1899 escis

2190 1930 2412 2002 laqueos
2440 1933 2720 2004 supponis.
2748 1931 3073 1990 Satisfacere
3103 1941 3158 1988 te
3201 1933 3572 2004 ignorantibus
3598 1944 3796 2009 putas,

2189 2023 2314 2095 quia
2376 2023 2514 2079 dicis
2556 2023 2632 2097 (ε)
2685 2024 2904 2087 similem
2948 2024 3100 2083 Patri
3144 2027 3424 2085 secundum
3471 2026 3798 2099 Scripturas.

2191 2116 2331 2172 Audi
2361 2118 2524 2174 etiam
2549 2132 2692 2173 nunc
2720 2118 3012 2190 impietatis
3041 2130 3144 2175 tua:
3164 2128 3359 2177 artem.
3389 2118 3657 2192 Numquid
3682 2135 3796 2179 non

2191 2211 2279 2283 pie
2306 2209 2538 2267 dicimus
2567 2211 2840 2267 hominem
2880 2212 3113 2267 similem
3141 2212 3253 2268 Deo
3278 2211 3573 2269 secundum
3602 2211 3795 2284 Scrip.

2192 2312 2381 2371 turas;
2414 2306 2539 2376 quia
2567 2303 2769 2360 dictum
2800 2313 2923 2362 est:
2957 2303 3238 2360 Faciamus
3269 2305 3525 2360 hominem
3550 2306 3620 2361 ad
3656 2306 3795 2359 ima-

2192 2397 2360 2469 ginem
2378 2406 2425 2451 et
2441 2396 2823 2457 similitudinem
2840 2405 3066 2455 nostram
3087 2395 3242 2468 (Gen.
3266 2412 3304 2462 ι,
3324 2395 3447 2469 26)?
3470 2395 3645 2455 Homo
3663 2411 3802 2469 ergo

2193 2488 2262 2545 ad
2292 2490 2580 2561 imaginem
2611 2499 2668 2546 et
2705 2489 3112 2551 similitudinem
3141 2489 3238 2544 Dei
3270 2490 3437 2562 patris
3466 2498 3519 2544 et
3556 2487 3654 2549 Dei
3702 2490 3802 2548 lilii

2195 2584 2274 2657 (ά)
2305 2590 2406 2640 est.
2444 2583 2509 2638 Et
2534 2583 2837 2656 cuiusmodi
2864 2584 3042 2655 imago
3082 2592 3201 2648 est,
3230 2582 3485 2641 catholici
3522 2581 3595 2656 (e)
3625 2583 3672 2638 si
3712 2599 3806 2641 re-

2195 2678 2508 2751 quirantur,
2538 2676 2828 2735 docebunt.
2862 2676 3016 2733 Nunc
3043 2687 3221 2733 autem
3254 2676 3418 2731 homo
3446 2674 3513 2730 ad
3545 2674 3807 2733 similitu—

2195 2774 2377 2829 dinem
2406 2781 2461 2828 et
2489 2774 2777 2844 imaginem
2810 2774 2905 2830 Dei
2935 2774 3185 2832 conditur
3214 2790 3229 2831 :
3260 2785 3369 2831 non
3413 2772 3579 2833 etiam
3606 2772 3805 2829 simili-

2195 2865 2325 2921 tudo
2348 2865 2511 2938 578
2538 2864 2606 2938 (f)
2636 2865 2776 2921 intra
2807 2866 3017 2922 Patrem
3049 2876 3105 2923 et
3151 2866 3346 2923 Filium
3370 2866 3715 2939 praedicatur.
3741 2864 3802 2921 ld

2196 2959 2338 3013 enim
2363 3000 2377 3025 ,
2410 2958 2552 3029 quod
2578 2958 2652 3012 ait
2680 2967 2937 3026 nostram,
2966 2959 3294 3030 acquaiitatis
3324 2970 3409 3016 est
3454 2959 3805 3015 demonstra-

2197 3051 2305 3121 tio;
2336 3052 2461 3108 dum
2508 3068 2614 3108 non
2659 3052 2900 3123 (ἥσει-ει,
2942 3054 3099 3129 cujus
3137 3052 3213 3129 (g)
3266 3053 3320 3119 in
3374 3062 3714 3118 sacramento
3746 3060 3806 3117 et

494 3147 701 3204 fessio?
724 3146 853 3209 Nam
886 3145 1044 3199 Pater
1060 3146 1112 3198 in
1140 3159 1221 3196 me
1240 3152 1335 3206 est,
1364 3151 1410 3196 et
1425 3157 1517 3211 ego
1543 3141 1596 3194 in
1620 3140 1779 3196 Patre
1817 3140 1952 3213 (1b.,
1974 3140 2088 3210 38).
2121 3149 2167 3214 α
2196 3145 2374 3215 imago
2403 3145 2476 3201 sit
2500 3154 2556 3200 et
2582 3146 2898 3202 similitudo.

494 3241 775 3312 inqualitas
806 3248 931 3293 est:
974 3252 1104 3305 qum
1146 3233 1570 3288 vicissitudinem
1625 3231 1949 3302 :cqnalitatis
2000 3248 2097 3287 ex-

495 3334 725 3405 pressit,
756 3330 884 3385 dlllll
915 3330 1099 3384 inesse
1125 3335 1285 3397 atque
1312 3340 1434 3381 esse
1462 3340 1753 3379 commune
1781 3331 1885 3381 est.
1918 3324 2092 3399 Opera

493 3441 628 3482 vero
660 3426 824 3496 patris
845 3423 927 3481 sui
959 3420 1158 3487 facere,
1192 3433 1297 3475 non
1326 3418 1472 3473 aliud
1508 3427 1615 3483 est,
1644 3432 1805 3488 quam
1836 3417 2091 3479 virtutem

494 3520 550 3574 in
580 3533 640 3573 se
668 3524 908 3586 paterna:
934 3512 1235 3569 divinitatis
1280 3511 1516 3582 operari.
1563 3510 1739 3565 Unum
1782 3523 1918 3566 vero
1953 3509 2097 3580 quod

497 3619 623 3664 sunt
643 3650 657 3674 ,
688 3607 794 3663 hoc
823 3615 907 3667 est
947 3620 1051 3663 non
1092 3602 1453 3675 aequalitatem
1484 3600 1749 3667 abnuere,
1796 3600 1889 3657 sed
1922 3601 2098 3658 incre-

500 3712 688 3761 mento
709 3698 1078 3774 intelligentia:
1098 3696 1261 3755 ﬁdem
1289 3693 1613 3768 aequalitatis
1638 3693 1926 3750 instruere.

596 3972 649 4039 a)
679 3972 737 4028 In
764 3968 947 4033 editis,
993 3967 1283 4039 professum
1301 4005 1318 4039 _,
1347 3970 1401 4019 et
1431 3976 1557 4039 mox
1585 3960 2092 4039 desideratur_Deo.

596 3990 626 4029 a
679 3972 737 4028 In
764 3972 947 4033 editis,
993 3972 1283 4039 professum
1304 4005 1318 4030 ,
1347 3972 1401 4019 et
1431 3976 1557 4017 mox
1585 3972 1930 4018 aesmeratur
1959 3972 2092 4020 Dea.

569 3972 649 4118 ibi
674 4044 922 4110 Plerique
951 4053 1082 4094 mss.
1116 4035 1435 4118 sumpsisset.
1473 4034 1584 4088 Hoc
1608 4033 1788 4115 potius
1818 4033 1896 4118 ita
1930 4034 2094 4118 intel.

498 4104 668 4188 ligcr'e
688 4104 1078 4188 est,_meme_nto
1109 4104 1782 4188 Christum..._sumpsisse:
1810 4104 1899 4163 cui
1928 4108 2094 4165 verbo

500 4175 630 4245 editi
657 4175 917 4254 adjiciunt
944 4181 1138 4254 dicens,
1174 4175 1569 4254 refragantibus
1599 4190 1730 4232 mss.
1763 4190 1885 4232 cum
1911 4193 2094 4250 gram-

498 4249 893 4325 maticte'leges
923 4252 1209 4325 exigerent
1226 4249 1496 4325 dicentem.

576 4327 645 4401 (e)
688 4317 949 4401 Appbsitc
987 4317 1281 4388 Gregorius
1319 4318 1571 4373 Nazianz.
1599 4317 1693 4373 Or.
1725 4334 1815 4401 tm
1836 4362 1873 4401 ,__
1893 4337 1949 4401 ῃ,
1981 4319 2053 4401 ἓθ
2078 4342 2091 4374 ;

498 4391 800 4457 Ηιέεὐετῦὰ
818 4435 832 4463 ,
856 4407 1033 4449 smne
1054 4404 1331 4463 secunnuu
1353 4404 1675 4463 scntrrunas
1698 4391 2096 4462 simplicioribus

495 4471 739 4529 illecebra
767 4460 912 4521 erant
941 4463 1218 4531 impietatis
1247 4462 1398 4533 homo
1426 4460 1985 4533 circumjecta,‘statua
2028 4463 2096 4518 ad

499 4559 675 4605 omnes
703 4541 1113 4605 pertranseuntes
1134 4548 1242 4586 sese
1268 4532 1557 4605 obverteris,
1591 4532 1696 4584 etc.
1720 4572 1736 4605 ,_
1764 4539 1821 4585 et
1852 4533 2094 4605 proxime

499 4602 629 4673 ante
655 4631 668 4668 :
701 4602 965 4681 lmpietati
990 4612 1159 4685 autem
1180 4617 1269 4687 per
1299 4602 1480 4687 scripti
1508 4602 1763 4687 dogmatis
1791 4604 2101 4687 ambiguita-

500 4695 602 4740 tem
623 4673 899 4757 fenestram
920 4676 1156 4746 aperuit;
1182 4673 1277 4729 hoc
1302 4673 1505 4757 quidem
1534 4673 1783 4741 prwtextu
1802 4673 1950 4744 quasi
1974 4676 2100 4729 scri-

504 4744 709 4829 ptur'am
740 4744 1082 4809 revereretur,
1111 4761 1173 4798 ac
1213 4744 1688 4829 probatissimarum
1732 4759 1913 4829 vocum
1954 4763 2099 4829 usum

504 4815 935 4900 amplecteretur;
962 4834 1022 4900 re
1051 4826 1232 4900 autent
1262 4831 1381 4898 vera
1410 4815 1929 4900 ftrianismunrnullo
1956 4816 2102 4900 ἐστὶ.

503 4886 672 4971 plura:
702 4897 812 4971 loco
841 4890 1101 4971 proditum
1132 4886 1381 4971 in_ipsius
1409 4886 1576 4971 locum
1609 4886 1939 4971 substitutam.
1959 4888 2104 4971 Con-

503 4957 688 5023 stantii
712 4957 948 5021 edicium
974 5003 988 5027 ,
1021 4968 1074 5015 et
1100 4957 1413 5013 violentiam
1443 4967 1504 5011 ut
1551 4957 1675 5013 huic
1706 4958 1829 5013 lidci
1858 4960 2099 5015 subscri-

504 5040 694 5103 hatnr,
724 5034 925 5099 videsis
948 5031 1079 5086 ibid.
1106 5047 1159 5083 ιι.
1185 5028 1275 5084 '50.

581 5095 761 5182 (dt'ln
794 5095 1051 5181 vulgatis,
1097 5109 1170 5158 est
1208 5103 1397 5171 factus.
1422 5095 1588 5157 Abest
1617 5101 1789 5173 factus
1818 5100 1885 5165 ab
1929 5102 2108 5160 omni-

508 5178 611 5237 bus
639 5195 769 5235 mss.
888 5178 891 5181 ’

584 5252 654 5325 (e)
694 5250 766 5325 ita
804 5245 1202 5325 potioreshmss.
1236 5239 1343 5325 Alii
1383 5254 1512 5294 vero
1547 5241 1830 5325 cuin-edit.
1857 5242 1902 5303 si
1933 5245 2104 5325 requi-

508 5311 655 5389 rerit',
684 5311 1023 5389 docebuntur;
1042 5312 1210 5389 Cujus
1236 5317 1414 5389 autem
1439 5312 1585 5368 modi
1606 5311 1778 5369 Filius
1799 5314 1978 5387 imago
2000 5311 2100 5385 sit,

508 5380 669 5447 docet
692 5392 785 5446 lib.
811 5404 865 5442 Ix
888 5388 956 5442 de
981 5380 1135 5440 Trin;
1164 5398 1216 5437 η.
1253 5380 1343 5436 52.

581 5462 651 5535 (f)
694 5458 835 5535 Editi
859 5456 977 5535 _so_l_i
997 5498 1012 5522 ,
1039 5456 1171 5535 inter
1191 5450 1421 5535 Patrem.
1442 5452 1877 5535 Poetsuperlora
1904 5455 2100 5535 verba,

2216 3284 2218 3287 .
2270 3237 2364 3294 21.
2404 3237 2483 3292 De
2511 3238 2653 3293 Filio
2694 3256 2947 3309 nusquam
2972 3241 3287 3313 prtzdicatur
3322 3255 3462 3294 mera
3491 3240 3801 3295 similitudo.

2200 3361 2273 3370 —-
2301 3331 2373 3385 De
2402 3330 2538 3385 Filio
2569 3338 2744 3385 autem
2774 3347 3038 3403 nusquam
3080 3331 3489 3389 similitudinem
3534 3330 3801 3400 reperies.

2206 3423 2496 3494 Imaginem
2536 3431 2715 3485 autem
2746 3440 2868 3480 eum
2900 3424 2995 3481 Dei
3027 3440 3148 3482 esse
3179 3425 3469 3495 Apostolus
3508 3424 3670 3491 dicit,
3703 3426 3801 3480 sed

2199 3527 2321 3568 cum
2343 3513 2709 3569 additantento
2726 3513 2850 3570 ﬁdei
2875 3532 2888 3569 :
2909 3530 2975 3570 ne
2999 3514 3080 3588 (It)
3109 3515 3394 3586 imaginem
3416 3514 3807 3570 conformatio-

2201 3620 2326 3661 nem
2356 3609 2606 3663 sentires.
2640 3607 2731 3664 Ait
2772 3606 2918 3663 enim
2946 3625 2958 3662 :
2994 3608 3096 3674 Qui
3117 3617 3190 3664 est
3215 3610 3386 3679 imago
3410 3606 3508 3662 Dei
3530 3608 3806 3665 invisibilis

2202 3695 2424 3770 (Coloss.
2452 3714 2491 3765 ι,
2526 3698 2659 3771 15);
2692 3707 2749 3755 ιιι
2778 3701 2952 3772 imago
2997 3702 3280 3761 invisibilis
3322 3702 3455 3770 Dei,
3498 3703 3662 3759 etiam
3708 3721 3807 3776 per

2202 3788 2257 3844 id
2289 3787 2356 3863 (i)
2384 3789 2529 3861 quod
2573 3788 2691 3862 ipse
2715 3791 3001 3850 invisibilis
3027 3802 3140 3862 est,
3171 3792 3456 3852 invisibilis
3502 3793 3598 3853 Dei
3626 3795 3806 3869 imago

2207 3965 2380 4043 Homo
2400 3968 2535 4043 enim
2554 3970 2624 4023 ad
2647 3985 2968 4026 communem
2988 3972 3049 4043 ﬁt
3067 4014 3081 4039 ,
3108 3974 3390 4029 secundum
3411 3976 3673 4032 veritatem
3696 3994 3807 4037 ser-

2201 4042 2405 4121 monis,
2444 4041 2764 4121 imaginem:
2792 4051 2851 4097 et
2896 4041 3057 4108 mox,
3093 4043 3211 4121 Una
3251 4046 3387 4101 enim
3412 4056 3487 4103 est
3521 4048 3802 4121 imaginis,

2201 4110 2272 4164 ad
2300 4127 2452 4181 quant
2478 4110 2631 4167 homo
2656 4122 2860 4167 creatus
2881 4122 2988 4183 est,
3014 4118 3226 4185 species.

2275 4200 2352 4282 (g)
2393 4203 2628 4282 Rursum
2655 4203 2745 4282 hic
2765 4206 2923 4282 locus
2961 4206 3261 4282 illustgatur
3289 4210 3373 4267 his
3417 4211 3511 4268 lib.
3545 4226 3609 4279 v,
3644 4229 3701 4269 n.
3731 4214 3797 4282 8,

2202 4272 2422 4357 verbis:
2456 4272 3083 4359 [adissecabiliandecide
3116 4278 3290 4335 Unum
3316 4284 3452 4359 enim
3488 4272 3637 4346 sunt.
3670 4272 3799 4359 quo:

2202 4358 2321 4468 regni
2357 4345 2597 4471 irlnaginis
2634 4356 2680 4402 et
2719 4347 3069 4405 similitudinis
3111 4368 3270 4406 unum
3316 4362 3391 4409 est
3431 4354 3582 4410 homo
3630 4345 3803 4431 frictus

2270 4432 2383 4471 emn
2408 4432 2514 4471 um.

2270 4432 2514 4485 emptum.

2275 4506 2355 4581 (It)
2396 4506 2531 4592 Cod.
2560 4507 2716 4592 ροιι).
2748 4526 2872 4592 cum
2901 4513 3144 4592 Martin.,
3163 4533 3235 4592 ne
3255 4517 3526 4592 imaginem
3550 4537 3802 4592 corpora-

2124 4596 2177 4657 D
2203 4577 2300 4659 lem
2333 4577 2352 4633 ὲ
2390 4594 2454 4635 ac
2492 4580 2689 4659 deinde
2727 4577 3140 4659 conﬁrmatione.
3163 4587 3284 4642 Vat.
3318 4577 3467 4654 bas”
3499 4577 3798 4659 conforma-

2206 4649 2342 4736 tione
2364 4666 2383 4704 :
2407 4652 2552 4722 quod
2579 4653 2671 4708 lib.
2694 4669 2789 4708 vnt
2808 4649 2835 4723 ,⁷
2860 4674 2912 4709 ιι.
2936 4658 3035 4736 ιε,
3059 4660 3139 4715 sic
3159 4649 3501 4736 enuntiatur:
3534 4649 3801 4736 ne'formre

2205 4729 2394 4804 potiusﬂ
2416 4738 2570 4804 quam
2608 4736 2805 4804 natura:
2845 4743 2953 4804 esse
2994 4729 3592 4804 imagointelligeretur.
3616 4729 3800 4793 'Antea

2205 4793 2330 4874 loco
2357 4793 2507 4874 fidei.
2544 4799 2715 4866 magis
2751 4798 3017 4874 arrideret
3043 4793 3335 4874 inBisibilis.
3365 4793 3474 4859 Sed
3512 4821 3635 4859 cum
3660 4806 3801 4864 Gre-

2205 4864 2356 4933 gorio
2397 4864 2537 4933 Papa
2576 4864 2815 4932 auctore,
2860 4868 3004 4947 hom.
3042 4888 3177 4927 xm
3204 4872 3523 4947 ἰιιᾼίξῖιίιιιε.2
3558 4878 3694 4933 lides
3733 4879 3803 4934 sit

2207 4947 2692 5027 angunterttuntlnon
2721 4943 3215 5027 q‘pparentium_,.ad
3243 4944 3405 5000 {idem
3434 4943 3628 5027 attinet
3657 4949 3799 5027 quod

2208 5020 2327 5089 non
2345 5014 2428 5059 est
2452 5007 2696 5089 -visiliile.
2731 5007 3000 5089 Praeterea
3031 5014 3458 5089 additamentum
3500 5018 3630 5073 illud
3650 5007 3801 5089 ,ἠιιο

2210 5086 2393 5130 nostra
2432 5077 2502 5133 de
2544 5079 2748 5152 Christi
2787 5080 3070 5139 divinitate
3106 5084 3241 5142 lides
3277 5077 3664 5152 confirmatur:
3704 5077 3798 5147 lib.

2207 5162 2301 5230 vni
2321 5189 2336 5212 ,
2365 5149 2781 5230 num._48,__etc.
2801 5170 2946 5230 ,_non
2978 5155 3031 5209 in
3055 5158 3173 5230 solo
3200 5158 3471 5213 invisiins
3500 5149 3764 5225 vocabulo
3783 5204 3799 5230 ,

2207 5218 2302 5274 sed
2331 5221 2493 5273 etiam
2523 5220 2576 5275 in
2610 5221 2874 5292 adiunctis
2902 5228 3135 5297 apostoli
3168 5230 3347 5285 verbis
3377 5230 3614 5301 ponitur.

2209 5378 2222 5392 ⁸
2278 5306 2593 5393 (ᾕηᾼιιίιιιιοι
2615 5327 2770 5393 mss,
2794 5331 2893 5385 quo
2918 5317 3027 5387 ipse
3044 5318 3312 5393 invisibilis
3334 5332 3425 5381 est.
3449 5321 3589 5385 Tum
3610 5323 3797 5393 Mich.,

2203 5378 2849 5465 inuisibilisvgeusimago
2896 5378 3043 5443 esset.
3091 5389 3228 5465 ﬂuit:
3254 5378 3501 5465 ApoStnli
3540 5378 3801 5461 ιδὼάὲ

2208 5451 2457 5532 plicando
2486 5451 2727 5534 μηδι-ιρις
2766 5451 3084 5534 datappera
3122 5451 3475 5532 immoratur,
3507 5451 3633 5534 quia
3658 5451 3801 5523 sed-

513 5521 616 5589 τιοῆ
632 5521 795 5604 ἐιὶαιη
813 5521 1109 5604 similitudo
1128 5566 1153 5604 ,_
1173 5523 1468 5604 religetur,
1499 5527 1590 5604 sed
1627 5521 1798 5604 unitas
1819 5536 1867 5604 et
1893 5521 2108 5604 atqueti-
2146 5546 2174 5565 ο
2211 5521 3030 5604 claniusitnilent_Patri_Filitim
3061 5521 3797 5604 praedicantes;P'aulutniin

517 5613 615 5681 tas.
646 5601 882 5681 Ut_en_i_in
916 5601 969 5654 in
997 5597 1244 5681 eumdem
1269 5592 1494 5650 Genesis
1518 5597 1690 5681 locum
1719 5598 1829 5681 j‘ant
1853 5592 2103 5681 legimus,

515 5674 607 5730 lib.
641 5690 675 5729 ν
702 5674 770 5729 de
795 5671 945 5728 Trin.
978 5687 1031 5725 ιι.
1065 5672 1098 5724 8
1124 5687 1137 5724 :
1167 5679 1419 5723 nosvnsn
1439 5679 1504 5738 rut
1534 5685 1637 5723 non
1661 5668 1807 5724 habet
1828 5668 2105 5738 unionem,

511 5744 585 5809 ita
626 5760 730 5804 non
773 5743 920 5801 habet
958 5740 1341 5809 diversitatem,
1383 5755 1489 5798 non
1538 5739 1687 5799 habet
1727 5740 2103 5807 discretionem.

2211 5607 2287 5681 eo
2316 5592 2418 5647 sibi
2456 5592 3158 5681 praeivisse.gloriahaniur.
3182 5604 3354 5681 instat
3390 5592 3619 5681 quoque,
3642 5592 3796 5665 Chrié

2208 5674 2382 5732 stum,
2428 5682 2543 5752 qua
2582 5671 2938 5752 invisibilem,
2981 5677 3267 5752 invisibilis
3314 5671 3795 5752 Dei-esseimagi-

2209 5751 2363 5813 nem,
2409 5742 2576 5811 neiis
2614 5742 2764 5805 locus
2798 5745 2987 5817 detur,
3034 5748 3125 5834 qui
3170 5749 3385 5827 Patrem
3433 5742 3788 5831 invisibilem,
