4106 6192
307 252 417 307 597

1154 252 1357 311 LIBER
1393 252 1667 311 CONTRA
1705 253 2198 318 CONSTANTIUM
2235 259 2756 321 ΙΜΡΕΒΑΤΟΒΕΜ.

3518 275 3623 331 598

305 372 475 418 esset.
501 361 921 420 Similitudinem
964 379 1094 422 vero
1121 366 1204 440 (α)
1231 381 1355 423 cum
1384 368 1616 441 imagine
1640 370 1709 426 ad
1738 370 1907 428 Deum
1936 379 1992 441 Α
2013 375 2290 446 proprium
2320 376 2488 434 Dem
2531 392 2687 449 esse,
2742 377 3040 439 nativitatis
3080 382 3475 445 demonstratio
3514 400 3618 447 est.

306 455 518 513 homini
549 456 827 528 deputavit
856 477 871 513 :
912 473 981 516 ne
1029 459 1271 515 veritatis
1299 475 1420 516 esse
1449 463 1751 533 praprietas
1797 464 1914 521 exi-

305 548 653 619 Stimaretur,
700 551 787 607 cui
830 550 897 607 ad
945 551 1234 623 imaginem
1283 554 1578 610 similitudo
1624 564 1773 611 esset
1812 556 1910 612 ad-

299 639 516 711 juncta.
549 639 792 712 Denique
835 641 927 698 ubi
964 641 1032 698 ad
1076 642 1525 715 signiﬁcationem
1570 644 1784 702 virtutis
1833 646 1909 720 (b)

306 742 589 804 aequatur,
620 743 675 791 et
721 733 1018 790 similitudo
1063 736 1116 791 in
1166 735 1306 791 Filio
1335 736 1740 793 demonstratur
1782 753 1915 810 ope-

305 826 465 881 randi
492 844 504 879 :
535 841 656 906 cum
687 827 959 898 profectus
986 843 1117 883 vero
1144 828 1514 899 intelligentiae
1552 831 1911 902 przedicatur:

306 930 422 978 tum
452 923 522 978 ita
549 923 748 979 dicitur
779 942 794 979 :
831 923 1017 978 Omnia
1038 940 1366 996 quiscumque
1384 925 1507 997 facit
1536 924 1712 994 Pater,
1736 927 1913 982 eadem

307 1022 356 1069 et
382 1012 553 1069 Filius
590 1014 716 1084 facit
742 1015 975 1069 similiter
1006 1014 1187 1087 (Joan.
1221 1032 1272 1082 v,
1310 1014 1420 1087 l9).
1452 1015 1652 1072 Facere
1678 1019 1913 1073 sinuliter

307 1121 500 1178 parum
533 1108 707 1163 visum
736 1117 849 1176 est,
874 1107 976 1163 nisi
1010 1108 1198 1164 eadem
1225 1108 1419 1164 ﬁerent
1464 1125 1585 1180 quae
1613 1109 1684 1181 (ε)
1712 1110 1912 1166 similia

307 1200 532 1254 ﬁebant.
561 1200 738 1270 Atque
762 1200 835 1255 ita
857 1199 1153 1255 similitudo
1176 1200 1409 1256 faciendi
1439 1199 1524 1271 pie
1546 1201 1913 1259 demonstrata

309 1303 395 1350 est
424 1293 478 1348 in
507 1294 821 1349 earumdem
847 1296 1175 1365 proprietate
1208 1293 1492 1350 factorum.
1526 1295 1623 1350 Est
1648 1304 1828 1351 autem
1859 1304 1914 1353 et

304 1387 604 1444 similitudo
634 1388 690 1443 in
719 1388 947 1444 Domino
968 1389 1148 1444 carnis
1194 1390 1400 1458 peccati
1441 1388 1621 1463 (Rom.
1650 1405 1782 1453 VIII,
1812 1388 1868 1463 2)
1894 1407 1908 1444 :

299 1479 402 1535 sed
428 1479 507 1534 illi
542 1495 649 1534 non
691 1480 989 1536 similitudo
1015 1480 1197 1547 carnis
1224 1491 1328 1549 est,
1368 1480 1452 1552 (ά)
1479 1482 1575 1538 sed
1617 1483 1913 1556 similitudo

300 1573 487 1628 carnis
516 1574 717 1644 peccati
765 1580 848 1629 est
876 1591 892 1630 :
925 1581 986 1628 ut
1021 1572 1165 1651 quod
1209 1575 1262 1629 in
1311 1572 1482 1629 forma
1529 1574 1602 1647 (e)
1643 1574 1738 1630 Dei
1785 1584 1909 1645 est,

301 1666 473 1722 homo
500 1666 599 1732 sit;
628 1665 771 1738 quod
811 1676 992 1721 autem
1021 1666 1072 1721 in
1096 1660 1449 1722 similitudine
1477 1668 1661 1722 carnis
1700 1669 1909 1738 peccati

2018 466 2145 523 Mihi
2172 468 2390 539 quidem
2414 468 2710 527 similitudo
2728 512 2746 540 ,
2773 470 2855 545 (h)
2880 485 2951 529 ne
2975 474 3162 532 unioni
3186 477 3345 535 detur
3367 480 3585 537 occasio
3607 520 3622 548 ,

2016 568 2199 616 sancta
2224 568 2349 617 est:
2382 562 2479 618 sed
2508 562 2604 618 tibi
2629 578 2661 618 a
2691 579 2780 620 me
2824 579 2932 622 non
2958 570 3311 629 concedenda
3335 582 3457 630 est:
3490 575 3615 645 quia

2015 653 2279 724 aequalem
2307 656 2559 711 eumdem
2583 697 2599 722 ,
2640 665 2699 712 et
2746 658 2983 716 similem
3024 671 3213 733 postea
3256 665 3348 736 pie
3384 667 3614 724 fatebor.

2016 745 2259 802 Similem
2288 756 2470 804 autem
2508 748 2692 817 Patri,
2739 751 2972 808 similem
3017 768 3237 826 quoque
3283 760 3348 829 (i)
3374 768 3434 815 et
3473 759 3619 830 Deo,

2017 839 2270 909 religiose
2316 842 2652 912 praedicabo;
2692 845 2927 902 similem
2954 862 3087 904 vero
3124 849 3227 918 ita,
3261 861 3322 908 ut
3359 853 3617 910 similitu-

2017 934 2127 988 dini
2156 933 2259 991 boc
2307 936 2510 992 dictum
2557 952 2775 1010 semper
2821 941 3119 999 anteferam
3154 963 3168 999 :
3208 945 3324 1020 Ego
3367 959 3417 1003 et
3462 948 3623 1004 Pater

2015 1044 2176 1082 unum
2219 1046 2397 1085 sumus
2434 1028 2617 1102 (Joan.
2648 1048 2721 1097 ι,
2754 1034 2844 1104 50)
2872 1052 2888 1089 :
2930 1044 2988 1093 tu
3014 1047 3195 1094 autem
3249 1039 3334 1096 his
3362 1043 3616 1098 omnibus

2013 1122 2358 1187 contradicis,
2376 1125 2499 1189 quia
2525 1124 2933 1183 similitudinem
2959 1127 3040 1202 (j)
3058 1130 3408 1187 excusatione
3423 1134 3578 1189 del'en
3590 1162 3612 1175 ο

2016 1212 2120 1269 dis.
2150 1213 2328 1285 Negas
2357 1215 2556 1272 Filium
2590 1232 2686 1287 per
2712 1220 3052 1275 nativitatem
3072 1261 3090 1289 ,
3119 1237 3286 1294 negas
3323 1223 3493 1280 Deum
3524 1241 3621 1296 per

2015 1312 2295 1373 naturam,
2323 1323 2487 1377 negas
2517 1309 2748 1365 similem
2777 1325 2876 1381 per
2902 1314 3272 1383 aequalitatem
3293 1359 3309 1385 ,
3340 1332 3505 1389 negas
3528 1334 3624 1377 νεα

2012 1412 2134 1453 rum
2183 1414 2277 1468 per
2302 1401 2586 1457 unitatem.
2614 1402 2685 1458 Et
2710 1404 2823 1475 jam
2854 1420 3040 1476 quaero
3060 1449 3075 1475 ,
3104 1409 3232 1479 quid
3257 1409 3308 1466 ei
3343 1412 3621 1482 relinquas

2014 1492 2415 1563 similitudinis,
2454 1496 2541 1551 cui
2583 1496 2715 1552 nihil
2740 1497 2810 1553 ad
2846 1500 2991 1570 quod
3033 1501 3177 1563 ﬁlius
3203 1512 3328 1573 est,
3373 1508 3620 1578 proprie~
3726 1526 3731 1537 ’

2016 1587 2142 1641 tatis
2171 1587 2474 1659 impertias.
3708 1590 3715 1597 ’

2085 1681 2175 1736 25.
2206 1680 2496 1738 Constantii
2514 1683 2570 1738 in
2589 1684 2694 1755 ﬁde
2716 1685 3081 1743 inconstantia.
3100 1716 3174 1731 --
3187 1689 3302 1747 Hoc
3321 1706 3466 1749 nunc
3484 1708 3515 1749 a
3533 1703 3586 1752 te
3600 1738 3616 1761 ,

301 1769 426 1829 est,
454 1761 689 1817 hominis
711 1760 781 1816 sit
808 1761 1143 1827 similitudo,
1174 1762 1302 1816 dum
1338 1761 1393 1816 in
1424 1760 1658 1817 hominis
1699 1760 1770 1835 (ι’)
1796 1772 1908 1819 sta-
1944 1784 1992 1845 B
2017 1769 2330 1840 Constanti,
2371 1776 2623 1845 requiro,
2656 1776 2710 1831 in
2732 1792 2836 1848 qua
2872 1778 3095 1835 tandem
3118 1779 3223 1838 nde
3244 1781 3459 1840 credas,
3493 1760 3625 1842 per.

300 1862 428 1910 tura
458 1863 576 1921 est,
605 1862 662 1910 et
689 1862 841 1910 extra
886 1853 1123 1910 hominis
1154 1864 1433 1925 peccatum
1472 1865 1574 1947 est.
1605 1854 1735 1923 Qua:
1777 1872 1908 1929 ergo
2010 1881 2082 1937 go
2112 1865 2185 1938 (Is)
2235 1867 2378 1923 enim
2420 1883 2565 1926 nunc
2614 1885 2711 1940 per
2752 1870 3143 1930 demutationis
3183 1884 3289 1930 tua:
3326 1884 3570 1947 tempora
3594 1919 3611 1944 ,

299 1945 501 2002 callida
530 1945 810 2016 religionis
837 1956 941 2002 tua:
980 1945 1243 2018 professio
1281 1956 1396 2012 est,
1443 1946 1674 2004 similem
1715 1963 1909 2006 secuno

301 2037 434 2093 dum
478 2038 781 2108 Scripturas
809 2038 957 2094 Patri
998 2038 1194 2095 Filium
1225 2038 1439 2107 dicere;
1468 2055 1592 2096 cum
1616 2042 1684 2096 ad
1715 2042 1905 2113 imagi-

301 2148 429 2189 nem
448 2142 503 2189 et
516 2132 925 2188 similitudinem
943 2132 1040 2189 Dei
1061 2133 1219 2188 homo
1239 2141 1442 2190 tantum
1466 2133 1634 2191 lactus
1650 2135 1755 2191 sit?
1771 2136 1909 2205 Quid

301 2227 490 2298 itaque
519 2225 696 2283 verbis
721 2224 895 2281 fallis?
921 2225 1057 2294 Quid
1081 2232 1201 2282 arte
1227 2226 1437 2282 cludis?
1464 2226 1574 2282 Cur
1598 2243 1704 2284 non
1726 2243 1906 2299 acqua-

300 2319 414 2375 lem
448 2319 561 2375 Dco
591 2318 718 2390 (hoc
755 2319 902 2375 enim
928 2319 1221 2375 secundum
1251 2319 1578 2392 Scripturas)
1613 2324 1698 2389 pie
1739 2323 1912 2379 dicis?

379 2410 473 2465 Ἡ.
513 2407 647 2464 Filii
671 2411 884 2482 praelata
913 2411 1202 2484 wqualitate
1230 2411 1514 2467 similitudo
1535 2414 1911 2485 potest‘prtedi-

304 2507 438 2560 cari.
455 2534 527 2546 —
543 2504 647 2561 Sed
675 2506 876 2561 vereris
891 2547 907 2574 ,
931 2521 1000 2561 ne
1024 2506 1285 2577 aequalem
1304 2507 1518 2577 dicens,
1538 2508 1909 2567 innascibilem

305 2598 791 2674 579signiﬁces?
808 2598 914 2655 Sed
936 2614 1120 2655 verum
1140 2600 1397 2672 intellige,
1414 2603 1556 2673 quod
1582 2601 1711 2659 hinc
1732 2619 1915 2675 aequa.

304 2695 379 2751 lis
423 2694 537 2750 Deo
573 2709 693 2750 esse
741 2693 1045 2749 intellectus
1073 2702 1186 2761 est,
1215 2697 1335 2764 quia
1365 2696 1465 2751 sibi
1507 2696 1583 2767 (g)
1635 2697 1911 2768 preprium

305 2787 486 2846 Deum
516 2787 790 2859 professus
820 2794 904 2842 est
941 2800 1096 2854 esse;
1138 2794 1194 2843 et
1239 2788 1525 2858 protestari
1575 2797 1781 2858 patrem
1811 2790 1915 2846 sibi

312 2924 518 2983 Filium
539 2925 804 2982 visibilem
824 2966 842 2996 ,
875 2931 1064 2981 natura
1096 2924 1321 2996 perinde
1346 2924 1657 2997 discrepare
1684 2934 1913 2984 conten-

311 2997 639 3151 ᾱθῖιῗϊιιξίρς
660 3076 716 3125 et
744 3069 901 3151 Pan,
928 3084 1043 3122 cum
1070 3067 1364 3151 imaginem.
1395 3067 1617 3151 Rectius
1643 3069 1732 3151 alii
1760 3069 1911 3151 libri,

2015 1959 2213 2029 quibus
2250 1974 2421 2031 usque
2449 1961 2503 2015 in
2548 1961 2717 2017 imum
2763 1962 3113 2034 blasphemia:
3152 1974 3259 2022 tuae
3303 1966 3619 2024 barathrum

2016 2049 2358 2107 descendens
2376 2091 2393 2116 ,
2422 2067 2523 2121 per
2551 2053 2750 2123 gradus
2776 2055 3085 2126 praecipites
3121 2059 3429 2115 cucurristi.
3460 2060 3623 2116 Nam-

2016 2158 2122 2214 que
2145 2152 2268 2212 post
2297 2145 2526 2215 primam
2551 2144 2618 2217 (ι)
2639 2161 2769 2202 vere
2793 2147 2952 2203 ﬁdem
2976 2148 3173 2220 synodi
3197 2151 3430 2207 Nicaanze
3448 2194 3465 2221 ,
3490 2167 3623 2208 con-

2016 2245 2235 2307 gregato
2265 2250 2477 2292 rursum
2518 2237 2636 2309 (an.
2669 2237 2798 2310 ΞΗ)
2829 2238 3129 2296 Antiochia:
3157 2243 3425 2313 concilio,
3458 2244 3621 2302 ﬁdem

2019 2326 2116 2382 tibi
2154 2342 2406 2384 renovas.
2431 2328 2537 2385 Sed
2567 2330 2763 2387 accidit
2800 2331 2930 2399 tibi,
2959 2333 3104 2404 quod
3142 2333 3407 2406 imperitis
3451 2338 3622 2393 aediﬁ-

2016 2420 2326 2488 catoribus,
2365 2422 2562 2493 quibus
2605 2439 2701 2479 sua
2747 2437 2968 2496 semper
3004 2426 3326 2497 displicent,
3369 2430 3620 2487 accidere

2016 2515 2194 2571 solet:
2233 2523 2294 2571 ut
2334 2530 2553 2587 semper
2589 2517 2871 2585 destruas,
2911 2519 3056 2591 quod
3100 2535 3318 2592 semper
3359 2522 3621 2584 aediﬁces.

2018 2606 2098 2661 Ac
2138 2621 2209 2662 ne
2235 2623 2321 2662 me
2350 2608 2590 2679 iniquum
2635 2610 2927 2666 voluntatis
2971 2618 3079 2666 tua:
3119 2610 3353 2681 judicem
3385 2630 3620 2687 arguas,

2018 2699 2146 2770 quid
2173 2699 2269 2755 tibi
2291 2700 2345 2755 in
2368 2700 2555 2757 eadem
2573 2700 2666 2772 (m)
2688 2700 3063 2758 Encaeniorum
3088 2702 3197 2760 ﬁde
3215 2704 3502 2776 displiceat
3527 2725 3617 2766 re.

2020 2793 2297 2849 nuntiabo.
2341 2792 2419 2864 (η)
2464 2793 2525 2849 Ni
2571 2809 2658 2850 me
2697 2793 2863 2861 fallit,
2916 2794 3046 2851 illud
3089 2797 3231 2868 quod
3282 2807 3431 2854 tuum
3485 2810 3615 2859 est:

2024 2929 2172 3007 Deo,
2203 2929 2449 3007 proxime
2478 2928 2563 3007 his
2591 2930 3015 3007 subnectuututj,
3043 2935 3184 3004 quod
3227 2946 3424 3007 patrem
3465 2950 3617 2991 suum

2024 3002 2218 3055 dicebat
2238 3000 2440 3077 Deum;
2468 3002 2556 3077 ubi
2589 3013 2783 3073 patrem
2803 3019 2951 3058 suum
2972 3000 3361 3077 interpretatur
3382 3006 3619 3065 Hilarius

2022 3084 2219 3143 patrem
2247 3073 2338 3126 sibi
2367 3074 2655 3143 proprium.

309 3140 437 3226 eum
452 3140 711 3226 imagine,
739 3142 892 3223 quasi
916 3155 1036 3226 cum
1062 3140 1302 3222 imaginis
1330 3140 1571 3226 vocabulo
1596 3148 1768 3226 :ﬂputa
1786 3185 1799 3205 ,
1826 3142 1914 3226 ubi
1943 3148 1988 3212 Ο
2022 3140 2173 3226 ’"(h)
2216 3143 2352 3226 Hinc
2368 3140 2719 3226 manifestam
2741 3159 2863 3226 esse
2884 3145 2995 3226 jam
3019 3148 3442 3226 praemonuimus
3469 3148 3618 3206 llila—

310 3213 465 3268 Deus
496 3209 630 3266 diiit
660 3209 934 3267 hominem
962 3211 1029 3263 ad
1059 3209 1330 3283 imaginem
1363 3209 1456 3266 Dei
1483 3209 1791 3278 conditum,
1818 3212 1913 3268 ad-

302 3286 495 3357 juuxit
514 3294 565 3357 et
592 3283 1089 3357 adsimilitudinem.

391 3356 469 3427 (ὁ)
510 3354 565 3409 In
586 3354 848 3427 vulgatis,
873 3364 1056 3425 azquat.
1084 3353 1142 3410 In
1183 3370 1285 3410 ms.
1316 3353 1470 3410 Colb.
1489 3396 1505 3420 ,
1544 3364 1770 3426 tequetur
1799 3371 1818 3410 :
1848 3370 1913 3411 ex

309 3425 427 3497 quo
469 3425 800 3482 coniecimus
841 3436 1092 3495 wquatur.
1135 3427 1270 3481 Tum
1312 3425 1627 3496 particulam
1671 3437 1748 3491 et,
1796 3442 1914 3497 quae

393 3498 548 3555 rinde
594 3511 677 3553 eSt
722 3513 786 3553 ac
826 3500 1006 3563 etiam.
1064 3499 1261 3555 frustra
1309 3508 1619 3555 removerat
1677 3499 1910 3569 Lipsius.

393 3516 548 3555 rinae
594 3516 677 3553 eSt
722 3516 786 3553 ac
826 3516 1006 3563 etiam.
1064 3516 1261 3555 trusua
1309 3516 1619 3555 removerat
1677 3516 1910 3569 mpsrus.

310 3516 515 3628 ἕλωρ
546 3584 646 3640 pro
672 3587 786 3625 cum
817 3571 1075 3640 profectus
1103 3588 1287 3626 vero...
1317 3583 1454 3634 tum,
1487 3571 1773 3641 legendum
1796 3582 1913 3639 est,

311 3659 437 3697 cum
476 3645 712 3713 profectu
751 3659 868 3697 vero
913 3644 1261 3714 intelligentia:
1302 3645 1641 3712 prtedicatur,
1686 3644 1809 3696 dum
1844 3644 1919 3699 ita

312 3714 530 3786 dicitur.
562 3716 675 3770 lloc
699 3715 844 3770 enim
884 3716 982 3769 sibi
1012 3718 1159 3783 vult,
1190 3731 1455 3786 nusquam
1482 3715 1550 3770 de
1581 3715 1672 3771 Dei
1703 3714 1818 3768 ﬁlio
1843 3716 1917 3769 si—

312 3785 678 3843 militudinem
710 3786 987 3857 praedicari
1005 3828 1020 3853 ,
1045 3786 1148 3842 nisi
1168 3802 1290 3844 cum
1314 3785 1379 3842 iis
1400 3786 1696 3857 adjunctis,
1721 3786 1916 3857 quibus

312 3802 678 3843 munumnem
746 3802 1379 3853 rmamarhmstcumns
1400 3802 1696 3857 aJJuncus,
1760 3802 1916 3841 uinus

311 3856 492 3929 ipsius
539 3872 660 3913 cum
710 3802 871 3929 Patre
916 3859 1196 3929 aequalitas
1247 3858 1617 3929 intelligatur;
1667 3802 1763 3911 seis
1813 3857 1918 3929 hoc

312 3928 561 3998 apertius
582 3927 869 3998 signiﬁcari
892 3930 1136 3998 subjecto
1158 3928 1380 3985 Jozmnis
1414 3927 1531 3985 loco
1552 3971 1566 3993 ,
1599 3930 1651 3983 in
1681 3943 1789 3996 quo
1811 3928 1917 3982 vir-

318 4000 455 4055 tutis
485 4000 761 4069 aaqualitas
786 4016 896 4056 non
926 4011 1130 4055 tantum
1160 4000 1516 4056 similitudine
1546 4000 1914 4067 Operationis,

316 4070 456 4139 sed,
484 4079 541 4125 ut
564 4073 636 4127 ita
668 4071 980 4142 loquamur,
1012 4073 1290 4129 identitate
1319 4086 1545 4142 operum
1572 4071 1918 4142 demonstra-

318 4152 431 4196 tur.
460 4142 615 4209 Quod
638 4139 909 4215 illustrant
928 4139 1201 4215 postrema
1223 4143 1310 4198 illa
1335 4139 1389 4197 εἰ.
1434 4143 1501 4198 18
1530 4142 1689 4197 verba
1707 4183 1723 4207 ,
1746 4139 1920 4215 Unum

316 4229 475 4280 vero,
505 4214 644 4283 quod
667 4223 818 4279 sunt,
848 4211 946 4267 hoc
968 4225 1039 4270 est
1070 4232 1170 4285 non
1192 4215 1533 4286 mortalitatem
1558 4215 1809 4277 abnuere,
1832 4211 1920 4286 sed

314 4282 634 4357 incremento
661 4286 1008 4356 intelligentiw
1036 4282 1189 4355 ﬁdem
1212 4282 1520 4357 aiqualitatis
1548 4286 1816 4357 instruere.
1843 4282 1918 4357 lbi

320 4356 475 4429 enim
506 4355 898 4429 incrementum
927 4355 1294 4429 intelligentia;
1326 4359 1378 4413 id
1408 4368 1522 4423 est,
1554 4357 1694 4427 quod
1726 4355 1813 4411 hic
1838 4356 1922 4411 in-

319 4427 642 4499 telligentia:
672 4428 965 4499 prolectus.

396 4498 478 4571 (ε)
517 4498 697 4571 Editi’.
724 4500 999 4556 similiter:
1031 4498 1382 4555 renitentibus
1413 4514 1543 4555 mss.

422 4569 482 4642 ἀ)
520 4569 746 4642 Supple,
770 4573 892 4642 quia
921 4573 969 4625 ei
995 4573 1163 4626 carnis
1192 4582 1266 4625 est
1292 4571 1502 4627 ueritas.

422 4576 459 4625 α
520 4576 746 4641 Supple,
770 4576 892 4642 quia
921 4576 969 4625 ei
995 4576 1163 4626 carnis
1192 4582 1266 4625 est
1292 4576 1502 4627 ueritas.

395 4576 482 4713 2e;
516 4641 638 4725 Et},
666 4641 810 4709 Min,
842 4643 987 4714 Lips.
1019 4654 1073 4698 et
1103 4644 1251 4725 Pan,
1277 4643 1528 4768 in’ltorma
1557 4643 1775 4739 hominis
1802 4650 1873 4697 est
1902 4658 1920 4697 :

400 4718 474 4768 ud
513 4728 630 4768 solo
671 4731 739 4768 an
784 4729 908 4768 cum
952 4722 1294 4768 auctoritate.
1383 4730 1470 4768 um
1517 4730 1649 4768 mss.
1677 4711 1835 4768 Colb.
1868 4722 1920 4768 et

324 4711 474 4768 haud
513 4714 630 4769 scio
671 4731 739 4770 an
784 4711 920 4770 cum'
952 4716 1294 4770 auctoritate.
1337 4711 1470 4769 Tum
1517 4730 1649 4769 mss.
1677 4711 1835 4770 Colb.
1868 4722 1925 4769 et

317 4784 541 4840 Martio.
575 4783 715 4841 Deus
738 4787 823 4840 sit.

398 4856 491 4929 (οῖ
516 4856 870 4929 Recentiores
912 4872 1042 4913 mss.
1071 4858 1127 4913 in
1153 4856 1375 4912 hominis
1401 4866 1600 4911 statura
1624 4856 1708 4929 uel
1730 4862 1924 4929 natura

319 4926 625 5000 est;'Lips.
654 4940 708 4985 et
731 4928 854 4984 Par.
878 4930 933 4984 in
955 4929 1174 4983 hominis
1195 4941 1381 5000 natura
1400 4939 1511 5000 est:
1532 4926 1924 5000 male.Quippe

321 5000 417 5057 hic
439 4998 763 5072 vox'statura
790 5014 1089 5072 synonyma
1115 5011 1198 5055 est
1224 4999 1394 5055 verbo
1416 4999 1661 5072 Apostoli
1688 4998 1891 5053 habitus
1906 5038 1923 5072 ε

321 5016 417 5057 ωε
439 5016 543 5054 vox
568 5016 763 5055 statura
790 5016 961 5072 synon
1004 5017 1089 5055 ma
1115 5016 1198 5055 esr
1224 5016 1394 5055 verno
1416 5016 1661 5068 ApOSluIt
1688 5016 1923 5059 uaouus.

318 5088 437 5144 quo
474 5070 807 5144 signiﬁcatur
847 5074 900 5127 in
937 5016 1155 5127 animo
1179 5071 1494 5144 iSlmilltlltlt)
1534 5071 1789 5144 quidem,
1832 5068 1926 5125 sed

322 5141 439 5199 rion
464 5141 669 5214 veritas
697 5144 876 5198 carnis
901 5143 1127 5212 peccati.
1162 5142 1396 5214 Sumpsit
1424 5144 1589 5209 enim,
1626 5141 1796 5212 inquit
1816 5155 1931 5214 _ap-

326 5214 538 5287 posite,
567 5210 1081 5287 Augustinusepist.
1112 5210 1458 5287 nuncetuv,
1495 5232 1548 5267 n.
1583 5214 1649 5269 19
1675 5210 1783 5267 {ex
1816 5210 1933 5265 Vir-

322 5285 453 5360 giae
498 5301 671 5360 ueram
711 5286 930 5360 quidem
961 5285 1150 5340 ramis
1202 5285 1569 5360 substantiam;
1618 5301 1721 5360 non
1760 5293 1934 5360 tamen

325 5356 538 5432 peccati
566 5373 803 5424 carnem,
842 5357 965 5427 quia
1000 5374 1104 5411 non
1132 5373 1196 5411 ea:
1223 5358 1393 5411 carnis
1421 5357 1701 5412 substantia
1727 5356 1829 5408 sive
1857 5371 1936 5409 se—

330 5432 593 5484 minatant
622 5431 723 5481 sive
747 5440 1041 5499 conceptam
1064 5446 1080 5492 ;
1114 5432 1378 5483 mortalem
1405 5444 1529 5482 sane
1554 5445 1613 5482 ac
1646 5444 1736 5495 per
1762 5436 1937 5499 wtates

2019 3215 2086 3287 rii
2113 3217 2228 3270 sive
2255 3216 2308 3268 in
2337 3215 2646 3287 recipienda
2675 3217 2791 3272 sive
2814 3218 2864 3272 in
2889 3215 3184 3287 rejicienda
3207 3235 3345 3276 voce
3370 3221 3615 3277 humatu-

2027 3286 2147 3360 sion
2178 3284 2561 3360 constantiam.
2604 3286 2723 3360 _Vid.
2759 3288 2855 3344 lib.
2886 3284 2961 3345 de
2983 3287 3187 3360 Synod.
3220 3307 3275 3345 η.
3308 3290 3401 3346 72.

2095 3359 2157 3429 (ε)
2197 3357 2317 3413 Non
2356 3358 2490 3413 satis
2533 3357 2719 3413 habuit
2764 3359 2970 3417 dixisse
3007 3357 3228 3415 similent
3271 3361 3471 3419 Patri:
3514 3364 3615 3421 sed

2020 3432 2316 3499 prudenter
2353 3429 2586 3515 adjecit,
2616 3431 2836 3515 similem
2871 3440 3146 3515 quoque}!
3167 3432 3286 3515 ,Περ
3315 3449 3336 3487 :
3362 3435 3485 3515 quia
3518 3449 3615 3515 su-

2020 3515 2139 3575 pra,
2172 3516 2319 3554 num.
2328 3501 2369 3575 Α
2383 3500 2437 3564 4,
2457 3500 2525 3575 ab
2546 3499 2689 3575 Aetii
2710 3511 2765 3557 et
2790 3499 3020 3559 Eudoxii
3048 3503 3312 3575 discipulo
3331 3499 3581 3562 audierat
3595 3546 3611 3571 .

2019 3568 2279 3626 Christum
2317 3568 2429 3626 Deo
2476 3570 2693 3627 similem
2742 3589 2847 3628 non
2890 3591 3028 3644 esse,
3066 3576 3155 3629 sed
3188 3568 3421 3633 'similem
3465 3568 3617 3632 Patri

2017 3660 2145 3699 8888.

2090 3714 2170 3788 (j)
2213 3713 2343 3770 Bad.
2372 3714 2738 3788 excusationis.
2772 3713 3050 3773 Editiones
3080 3716 3241 3787 aliae,
3275 3720 3612 3773 excusationi.

2020 3783 2159 3840 Mss'.'
2180 3788 2525 3869 excusatione.
2567 3786 2734 3841 Nobis
2770 3788 2993 3842 omnino
3033 3783 3249 3844 videtur
3287 3789 3573 3860 legendum
3596 3830 3612 3858 ,

2019 3873 2084 3911 ea:
2108 3874 2463 3912 σοηδεηιιοηε.

2092 3928 2167 4001 (lt)
2208 3928 2264 3983 In
2290 3929 2553 4001 vulgatis,
2589 3927 2702 4001 Ego
2727 3929 2866 3982 enim
2903 3944 3039 4001 nunc
3078 3930 3234 4000 ﬁdem
3274 3940 3412 3985 tuam
3432 3932 3616 4001 ignoro

2021 4016 2110 4072 per
2135 4000 2498 4072 demutationis
2524 4007 2623 4052 tute
2643 4000 2904 4066 tempora,
2931 4000 3112 4070 quibus
3137 4003 3349 4072 quisque
3377 4004 3428 4055 in
3455 4000 3617 4057 unum

2020 4068 2348 4139 blasphemia:
2359 4085 2466 4124 suae
2478 4068 2794 4124 barathrum.
2810 4111 2843 4124 ..
2869 4068 3100 4126 cucurrit
3119 4068 3308 4127 {locus
3329 4074 3583 4142 perturba
3597 4103 3614 4116 -

2022 4152 2106 4197 tus
2136 4152 2191 4197 et
2229 4142 2581 4212 interpolatus
2601 4182 2616 4207 ,
2660 4143 2712 4195 in
2741 4156 2850 4211 quo
2874 4142 3142 4211 adjectum
3172 4151 3258 4197 est
3285 4143 3441 4212 [idem
3470 4153 3612 4199 tuam

2018 4215 2200 4287 ignoro
2230 4220 2423 4287 printer
2452 4211 2613 4266 ﬁdem
2647 4213 2902 4287 omnium
2920 4227 3051 4269 mss.
3083 4211 3310 4287 quorum
3341 4229 3447 4284 ope
3473 4230 3617 4272 nunc

2020 4283 2333 4359 castigatur.
2362 4283 2698 4359 Quamquam
2729 4284 2819 4359 ubi
2852 4284 2905 4338 hi
2948 4300 3061 4354 prae
3089 4283 3151 4340 se
3189 4286 3371 4359 ferunt
3397 4301 3491 4359 ego
3531 4288 3617 4342 vel

2022 4354 2179 4428 ergo,
2203 4354 2867 4428 restituendumduximus
2893 4371 3050 4428 pergo
3074 4372 3092 4410 :
3124 4370 3224 4412 nec
3250 4354 3620 4428 rgioge'remus

2021 4425 2100 4482 eo.
2132 4426 2191 4481 ln
2242 4439 2572 4499 ms._autem
2597 4426 2812 4481 Martio.
2857 4428 2937 4482 sic
2978 4425 3245 4484 habetur:
3276 4425 3417 4498 Ergo
3461 4444 3623 4499 usque

2026 4514 2162 4554 nunc
2199 4513 2290 4569 per
2328 4497 2689 4553 demutationis
2718 4508 2833 4569 tua:
2868 4506 3097 4572 tempora
3139 4514 3298 4571 usque
3333 4497 3385 4554 in
3422 4497 3619 4567 imum,

1946 4546 1998 4606 Ι)
2023 4546 2131 4627 Et}.

2098 4640 2162 4713 (ι)
2202 4641 2277 4696 Ita
2303 4637 2472 4697 codex
2507 4639 2658 4713 Colb.
2702 4655 2823 4696 cum
2871 4640 3086 4697 Martin.
3116 4641 3223 4696 Alii
3255 4647 3621 4713 antemnam:

2026 4710 2334 4786 ﬁdeiaTutn
2376 4713 2475 4765 soli
2506 4710 2679 4786 editi,
2703 4713 3011 4786 synodicen,
3040 4714 3129 4786 ubi
3177 4713 3229 4766 in
3272 4725 3377 4786 ms.
3417 4711 3617 4786 M_ich._,

2027 4781 2213 4856 synodi
2242 4782 2509 4856 lilicwnte,
2551 4783 2604 4835 in
2645 4781 2805 4837 Carn.
2846 4784 3033 4853 synodi
3071 4783 3261 4850 vicem,
3296 4782 3349 4835 in
3398 4781 3622 4852 reliquis

2026 4853 2211 4928 synodi
2243 4853 2466 4928 uiceni-

2103 4923 2401 4997 (m)7Editi,
2434 4923 2487 4977 in
2526 4923 2704 4978 eodeni
2741 4923 3040 4979 Nicworum
3080 4925 3182 4994 ﬁde
3214 4942 3233 4980 :
3269 4926 3628 4982 emendantur

2030 5014 2095 5054 ex
2123 4996 2357 5065 scriptis.

2112 5069 2186 5141 (η)
2229 5064 2301 5122 ita
2345 5081 2449 5150 nis.
2485 5064 2609 5121 Vat.
2654 5066 2775 5148 bas.
2811 5064 3032 5148 Probari
3072 5069 3233 5123 etiam
3275 5077 3452 5139 potest
3498 5082 3623 5150 cum

2036 5141 2187 5195 Colb.
2220 5148 2275 5192 et
2300 5138 2512 5192 Marttn.
2544 5153 2722 5208 nempe
2758 5137 2908 5192 illud.
2941 5137 3116 5193 Minus
3158 5140 3297 5196 bene
3325 5150 3503 5195 autem
3530 5139 3624 5194 alti

2038 5227 2158 5267 cum
2187 5209 2387 5281 editis,
2411 5209 2617 5281 utinime
2637 5209 2772 5280 fallit
2800 5208 2953 5281 illud.
2989 5209 3188 5265 Deinde
3214 5212 3349 5281 quod
3371 5221 3513 5265 tuum
3551 5218 3627 5264 est

2040 5283 2165 5338 ideo
2193 5282 2321 5337 dicit
2344 5279 2578 5335 Hilarius
2599 5320 2613 5344 ,
2638 5278 2770 5350 'quia
2798 5278 3119 5336 Constantio
3147 5278 3416 5351 priesente
3444 5289 3500 5335 et
3528 5295 3627 5350 ap-

2045 5355 2305 5424 probante
2335 5352 2579 5424 exposita
2618 5360 2702 5407 est
2738 5352 3076 5407 Antiochena
3116 5352 3283 5420 ﬁdes,
3323 5352 3633 5424 cujus_snnt

2045 5422 2208 5481 verba
2236 5423 2546 5492 sequentia,
2576 5438 2693 5493 qua:
2726 5425 2777 5478 in
2808 5424 2957 5492 prius
2983 5425 3206 5494 vulgatis
3244 5435 3443 5494 praeter
3469 5422 3630 5478 ﬁdem

329 5500 642 5554 mutabilem
663 5540 679 5564 ,
713 5494 970 5570 tamquam
1000 5500 1144 5553 carni
1173 5500 1367 5567 peccati
1395 5500 1504 5554 sine
1532 5494 1738 5566 peccato
1776 5496 1942 5570 simil-
2049 5512 2177 5570 mss.
2204 5494 2625 5570 siginterp‘olata
2652 5502 2845 5570 eran_t:
2882 5494 3394 5570 Pat_res__generatum_
3427 5509 3635 5570 esse__e_:c

336 5571 547 5642 limam.
584 5570 797 5626 Videsis
832 5568 1130 5642 ipsummet
1174 5571 1461 5637 Hilarium,
1493 5571 1586 5625 lib.
1623 5585 1656 5624 x
1696 5571 1763 5624 de
1789 5568 1939 5623 Trin.

338 5659 405 5699 ιι.
437 5641 533 5698 25.

433 5712 516 5797 (9)
552 5712 863 5797 Lﬁgendum
894 5714 983 5797 ltic
1019 5714 1232 5797 videtur
1248 5755 1272 5797 ,_
1295 5714 1414 5785 quia
1452 5712 1547 5797 sibi
1589 5722 1786 5797 patrem
1826 5725 1948 5793 pro-

2056 5566 2211 5621 Patre
2235 5564 2283 5619 F
2284 5566 2433 5619 ilium
2457 5567 2727 5631 dixerunt,
2757 5566 2922 5620 Deum
2953 5566 3016 5618 de
3057 5564 3197 5630 Deo,
3227 5575 3332 5621 etc.
3363 5568 3505 5620 Sane
3535 5564 3635 5619 lli-

2054 5639 2219 5693 larius
2258 5636 2575 5705 Constantio
2600 5639 2900 5703 spondens,
2943 5649 3003 5690 se
3031 5639 3461 5692 renuntiaturum
3491 5635 3636 5705 quod

2057 5710 2199 5765 illius
2234 5718 2347 5773 est,
2377 5707 2509 5761 nihil
2544 5704 2731 5762 debuit
2766 5707 2873 5761 alio
2898 5707 3115 5762 nomine
3142 5710 3474 5765 renuntiare.
3505 5705 3637 5774 Quis

354 5775 554 5861 priiiu.
588 5775 692 5853 nia
724 5787 866 5846 enim
904 5785 1129 5850 Joannis
1163 5775 1354 5859 verba,
1382 5775 1628 5861 aqualem
1656 5800 1723 5859 se
1759 5775 1952 5859 faciens
2056 5781 2221 5839 etiam
2242 5777 2431 5837 credat
2456 5777 2606 5837 illum
2637 5778 2871 5854 glorioso
2900 5775 3119 5835 Patrum
3148 5781 3369 5840 nomine
3400 5780 3693 5872 honora-‘4
