4106 6192
339 299 439 354 601

1200 295 1401 353 LIBER
1437 294 1715 353 CONTRA
1754 291 2239 359 CONSTANTIUM
2276 293 2802 352 IMPERATOREM.

3534 298 3641 355 652

336 415 650 487 prophetica
679 414 1002 470 auctoritate
1024 413 1100 486 (a)
1149 424 1459 486 susceptum
1488 458 1501 481 ,
1568 415 1691 472 fidei
1736 414 1934 471 intelli-
2036 415 2176 472 vinte
2202 417 2486 488 potestatis
2511 417 2760 475 aboleri?
2813 417 3123 489 Sequemur
3149 425 3203 474 te
3222 416 3438 490 quidem
3470 416 3545 490 (g)
3579 418 3631 474 in

333 510 570 581 gentiam
597 507 927 564 continebat.
1001 507 1174 564 Omne
1196 508 1400 580 itaque,
1470 508 1613 580 quod
1645 510 1930 580 probatum

332 612 495 658 antea
527 610 631 667 est,
683 600 940 656 damnare
964 599 1124 670 jubes
1153 617 1168 667 ;
1216 601 1359 673 quod
1397 602 1756 672 improbatum
1786 616 1933 657 sem-

336 708 436 765 per
484 701 604 753 est.
652 692 991 748 sanctilicare
1029 693 1329 762 compellis.
1382 693 1506 749 Otn
1536 693 1788 761 sceleste,
1841 694 1931 764 qui

334 788 416 859 (ὁ)
449 786 739 842 ludibrium
789 785 859 842 de
914 785 1157 842 Ecclesia
1201 784 1369 842 facis!
1424 786 1535 843 Soli
1562 800 1721 842 canes
1740 786 1806 840 ad
1839 799 1933 842 vo-

336 882 528 938 mitum
554 894 709 936 suum
737 879 967 936 redeunt
1011 896 1024 933 :
1061 887 1117 934 tu
1173 878 1484 936 sacerdotes
1512 878 1712 935 Christi
1755 893 1933 934 resor-

335 974 471 1030 bere
496 972 657 1046 582
681 988 741 1029 ea
771 988 892 1043 qua:
920 982 1247 1043 exspuerant
1269 973 1515 1044 coegisti.
1572 972 1807 1028 Probare
1837 985 1932 1028 eos

334 1069 390 1127 id
424 1070 495 1143 (c)
537 1071 589 1125 in
616 1084 676 1125 se
696 1067 1131 1125 confessionibus
1170 1071 1281 1125 suis
1314 1068 1580 1140 praecipis,
1626 1067 1770 1139 quod
1807 1077 1932 1123 ante

333 1161 731 1218 damnaverant
763 1180 776 1217 :
809 1161 863 1223 in
915 1160 1160 1232 negando
1202 1175 1328 1218 reos
1376 1175 1504 1217 suos
1534 1161 1842 1230 absolvunt,
1877 1168 1935 1217 et

332 1271 395 1312 se
438 1256 587 1326 ipsos
638 1270 764 1312 reos
820 1255 1074 1311 reddunt.
1117 1256 1309 1312 Omnia
1343 1257 1394 1311 in
1426 1255 1755 1326 impietatem
1794 1244 1849 1313 et
1876 1257 1931 1313 in

332 1359 545 1405 reatum
578 1348 855 1404 detrusisti
902 1367 914 1403 :
947 1349 1074 1404 dum
1104 1364 1292 1405 omnes
1338 1363 1462 1405 reos
1504 1364 1566 1406 se
1596 1363 1719 1413 esse
1766 1361 1930 1421 atque

332 1443 555 1513 impios,
588 1451 680 1498 aut
728 1459 792 1497 ex
848 1443 1203 1513 praesentibus
1231 1449 1505 1509 statuunt,
1552 1450 1646 1498 aut
1690 1457 1756 1498 ex
1789 1457 1930 1511 prie-

331 1537 508 1593 teritis
537 1537 884 1593 confitentur.
927 1537 1042 1592 Non
1076 1536 1273 1607 recipit
1323 1536 1664 1593 mendacium
1705 1536 1929 1606 veritas,

330 1642 433 1684 nec
456 1629 660 1698 patitur
688 1627 879 1699 religio
908 1627 1266 1699 impietatem.

400 1720 494 1776 26.
538 1719 827 1775 Constantii
872 1722 927 1775 in
961 1720 1249 1777 Orientales
1290 1730 1337 1777 et
1366 1722 1521 1794 Afros
1559 1721 1819 1778 violentia.
1861 1753 1933 1764 ——

2035 508 2248 565 cineres
2271 509 2561 577 chartulae,
2597 511 2692 566 sed
2724 511 3141 566 criminosorum
3178 510 3320 582 apud
3351 511 3518 566 Deum
3549 510 3633 565 vi-

2034 609 2162 656 vent
2191 601 2593 658 damnationes.
2633 601 2809 659 Unum
2844 611 3048 658 tantum
3082 602 3333 675 proficis,
3365 611 3423 658 ut
3448 610 3633 674 poste-

2035 692 2171 748 ritas
2193 693 2319 763 quid
2351 693 2647 751 decernere
2675 694 2728 751 in
2756 709 2852 752 eos
2879 694 3072 753 debeat
3099 737 3114 763 ,
3171 695 3434 753 instructa
3463 697 3534 753 sit
3564 696 3630 753 ti-

2033 784 2252 843 mendo.

2104 879 2197 936 27.
2240 879 2426 935 Ariani
2453 880 2668 936 mortuis
2691 880 2879 936 bellum
2904 881 3159 936 indicunt.
3197 910 3268 922 —
3305 880 3376 936 Et
3401 895 3432 936 ο
3463 896 3634 953 quan-

2032 973 2102 1028 tis
2155 973 2223 1028 ad
2274 974 2604 1043 impietatem
2663 974 2880 1044 proficis
2910 974 3292 1030 incrementis!
3343 974 3409 1029 Et
3446 975 3628 1030 czuteri

2033 1065 2251 1137 quidem
2284 1065 2543 1123 mortales
2590 1080 2807 1137 semper
2841 1081 2962 1123 eum
2994 1066 3127 1121 vivis
3149 1065 3289 1123 bella
3318 1075 3625 1137 gesserunt,

2033 1159 2163 1215 dum
2214 1160 2417 1215 homini
2464 1159 2532 1216 ad
2565 1159 2837 1215 hominem
2869 1158 3010 1215 ultra
3036 1170 3267 1215 mortem
3291 1156 3630 1215 nihilcausa:

2034 1262 2150 1309 est:
2206 1253 2299 1308 tibi
2326 1267 2455 1309 vero
2482 1238 2885 1309 inimicitiarum
2919 1252 3097 1307 nullus
3127 1262 3207 1307 est
3232 1250 3375 1307 finis.
3428 1251 3631 1322 Recep-

2035 1352 2118 1402 tos
2152 1347 2297 1403 enim
2325 1347 2437 1417 jam
2482 1347 2533 1403 in
2574 1356 2833 1403 mternam
2865 1347 3100 1419 quietem
3129 1357 3315 1418 patres
3344 1346 3506 1419 583
3533 1361 3631 1400 no-

2033 1449 2177 1497 stros
2204 1441 2455 1508 lacessis,
2490 1451 2543 1498 et
2565 1442 2618 1498 iu
2649 1441 2863 1499 decreta
2896 1457 3084 1498 eorum
3119 1456 3403 1512 perversus
3431 1444 3629 1497 irrum-

2033 1540 2136 1606 pls.
2183 1537 2473 1606 Apostolus
2503 1536 2907 1593 communicare
2938 1551 3038 1592 nos
3065 1545 3374 1593 sanctorum
3409 1535 3487 1607 (Ii)
3511 1550 3630 1591 me-

2032 1626 2223 1683 moriis
2257 1627 2439 1683 docuit
2468 1628 2644 1701 (Rom.
2676 1645 2773 1696 xu,
2807 1629 2894 1700 l3)
2932 1645 2945 1681 :
3001 1638 3056 1683 tu
3084 1643 3176 1685 eas
3219 1628 3478 1684 damnare
3507 1642 3634 1685 coe-

2031 1721 2177 1792 gisti.
2233 1720 2399 1777 Estne
2446 1722 2643 1792 aliquis
2692 1720 2855 1777 hodie
2882 1722 3191 1789 autvivus,
3234 1730 3328 1776 aut
3356 1726 3627 1802 mortuus,

328 1812 699 1870 Christianum
731 1823 783 1869 te
816 1815 1050 1884 loqueris
1080 1812 1159 1886 (ά)
1191 1832 1205 1868 :
1238 1814 1333 1870 sed
1362 1829 1520 1884 quam
1553 1830 1661 1869 non
1692 1816 1789 1882 sis,
1817 1816 1932 1884 ipse
1961 1819 2012 1880 B
2037 1813 2189 1885 cujus
2248 1823 2301 1868 tu
2352 1813 2494 1869 dicta
2543 1828 2649 1868 non
2679 1813 2968 1869 rescideris
2991 1812 3017 1866 ?
3060 1812 3419 1883 Episcopatus
3449 1812 3620 1883 ipsos,

330 1909 549 1963 testaris
575 1926 588 1961 :
622 1923 723 1963 nec
751 1907 1071 1979 professioni
1105 1919 1209 1964 tuae
1233 1919 1382 1981 gesta
1409 1911 1756 1965 conveniunt.
1789 1909 1930 1966 Sub-

327 2001 566 2055 stravisti
588 2000 734 2057 enim
766 1999 837 2072 (e)
869 2002 1128 2058 voluntati
1158 2011 1262 2058 tua:
1287 2002 1592 2061 Orientales
1616 2005 1924 2077 episcopos;

327 2109 507 2166 neque
533 2095 706 2151 solum
738 2096 1000 2152 voluntati
1034 2106 1161 2164 ture,
1214 2096 1310 2154 sed
1343 2108 1398 2153 et
1432 2098 1726 2155 violentiae.
1781 2099 1931 2155 lllau-

328 2187 427 2244 das
467 2188 560 2244 tibi
592 2189 1018 2259 subscriptiones
1045 2191 1317 2257 Afrorum,
1343 2191 1536 2262 quibus
1577 2192 1644 2265 (Ῑ)
1676 2192 1928 2263 blasphe-

327 2281 494 2336 miam
525 2279 733 2338 Ursacii
763 2289 817 2337 et
840 2280 1081 2339 Valentis
1100 2282 1578 2350 codemnaverant,
1606 2284 1781 2339 reddi.
1823 2284 1929 2341 lie-

328 2373 625 2429 nitentibus
655 2375 1023 2443 comminui-is,
1053 2384 1109 2432 et
1139 2385 1469 2445 postremum
1499 2375 1565 2430 ad
1594 2376 1927 2447 diripiendos

330 2469 521 2524 mittis.
562 2467 736 2536 Quid?
786 2468 1068 2525 existimas
1112 2468 1389 2524 Christum
1433 2484 1539 2524 non
1572 2470 1676 2524 nisi
1703 2485 1803 2542 per
1832 2470 1925 2525 lit-

330 2568 502 2615 teram
530 2559 794 2630 judicare,
850 2569 905 2615 et
945 2560 1011 2615 ad
1042 2560 1375 2633 arguendam
1408 2562 1737 2618 voluntatem
1764 2577 1926 2634 egere

326 2654 574 2710 chartula
607 2654 812 2711 Deum?
840 2654 1095 2726 autquod
1123 2655 1290 2711 semel
1321 2657 1583 2727 scriptum
1607 2665 1708 2723 est,
1744 2666 1799 2712 et
1828 2671 1925 2727 per

328 2756 384 2804 te
405 2748 677 2805 violenter
705 2748 1011 2820 abreptum,
1070 2748 1124 2803 id
1179 2748 1246 2804 de
1287 2749 1620 2806 conscientia
1661 2764 1821 2821 posse
1841 2750 1924 2806 di—

329 2881 467 2938 toris
495 2883 689 2956 litterte
715 2882 780 2937 ad
813 2881 1185 2956 Antiochenos
1212 2891 1401 2956 contra
1431 2883 1734 2956 Endoxinm
1761 2885 1930 2956 scrip-

329 2965 423 3020 tae,
456 2965 509 3009 et
538 2954 892 3026 aSozomeno
918 2954 1009 3011 lib.
1037 2970 1114 3022 IV,
1146 2970 1196 3011 c.
1234 2955 1319 3023 l4,
1367 2955 1549 3011 relata:
1572 2996 1587 3019 ,
1637 2958 1689 3011 in
1731 2954 1927 3026 quibus

329 3027 516 3098 legere
541 3034 656 3081 est:
704 3025 974 3093 Revocate,
1004 3042 1199 3098 quwso,
1232 3027 1286 3080 in
1314 3029 1613 3081 memoriam
1643 3025 1836 3098 primos
1861 3027 1928 3080 il-

328 3097 410 3151 los
436 3114 690 3152 sermones
720 3138 734 3158 ,
776 3107 896 3169 tunc
915 3114 1031 3151 cum
1056 3100 1119 3152 de
1148 3097 1252 3166 ﬁde
1280 3097 1649 3169 inquireremus
1673 3140 1688 3158 .
1743 3098 1926 3169 quibus

325 3169 776 3239 demonstrabatur
809 3168 1131 3224 Salvatorem
1187 3178 1413 3224 nostrum
1468 3186 1575 3224 esse
1617 3170 1780 3239 ﬁlium
1804 3168 1920 3237 Dei,

325 3250 377 3294 et
430 3241 650 3294 similem
680 3237 829 3293 Patri
870 3240 1153 3294 secundum
1206 3240 1566 3295 substantiam.
1618 3237 1739 3297 ‘Ubi
1780 3242 1917 3295 Cott-

2031 1910 2121 1980 qui
2150 1924 2292 1964 nunc
2319 1908 2571 1965 videntur
2593 1950 2607 1974 ,
2642 1907 2906 1964 sustulisti
2929 1905 2994 1980 (i)
3025 1906 3240 1978 penitus
3268 1925 3283 1962 :
3316 1909 3437 1977 quia
3469 1919 3630 1962 nemo

2031 2017 2140 2058 non
2165 2002 2276 2071 jam
2307 2016 2403 2072 per
2427 2017 2487 2058 se
2514 2000 2803 2056 damnatus
2827 2008 2932 2065 est,
2963 2010 3016 2055 et
3045 2014 3199 2067 eum,
3247 2014 3276 2053 a
3316 2014 3422 2069 quo
3443 2012 3628 2055 sacer-

2032 2096 2237 2152 dotium
2262 2096 2514 2167 sumpsit,
2551 2110 2656 2151 non
2674 2095 2784 2165 jam
2812 2102 2867 2150 et
2893 2094 3011 2166 ipse
3035 2091 3334 2149 damnavit.
3363 2090 3462 2148 Cui
3486 2107 3629 2147 nunc

2029 2197 2337 2246 sanctorum
2366 2188 2643 2244 memoriae
2662 2185 3183 2243 communicabitur?
3211 2185 3511 2241 Anathema
3532 2184 3627 2239 tibi

2033 2285 2262 2342 trecenti
2291 2283 2478 2339 decem
2525 2292 2579 2338 et
2628 2291 2753 2337 octo
2801 2280 3186 2336 convenientes
3230 2278 3371 2350 apud
3394 2277 3628 2334 Nicaeam

2026 2377 2268 2449 episcopi
2299 2384 2427 2431 sunt
2458 2392 2473 2430 :
2502 2373 2790 2430 anathema
2841 2373 3044 2429 deinde
3074 2386 3265 2428 omnes
3288 2414 3304 2440 ,
3353 2376 3443 2442 qui
3467 2371 3632 2427 variis

2033 2471 2229 2528 exinde
2282 2468 2711 2541 expositionibus
2763 2466 3071 2523 adfuerunt.
3122 2465 3241 2537 Ipse
3277 2480 3495 2536 quoque
3524 2465 3635 2535 pri-

2028 2565 2152 2622 dem
2176 2565 2289 2635 jam
2322 2572 2567 2619 mortuus
2595 2562 2883 2617 anathema
2927 2560 3020 2615 tibi
3047 2559 3120 2633 (j)
3158 2569 3314 2632 pater
3354 2569 3476 2615 tuus
3520 2568 3621 2626 est,

2028 2660 2113 2715 cui
2145 2658 2359 2714 Nicaena
2380 2657 2615 2729 synodus
2647 2657 2745 2711 fuit
2766 2671 2935 2722 cut-te,
2965 2670 3125 2726 quam
3159 2664 3212 2709 tu
3240 2654 3392 2708 falsis
3416 2653 3630 2725 opinio-

2030 2751 2191 2808 nibus
2213 2749 2530 2807 infamatam
2567 2749 2882 2821 perturhas,
2925 2755 2981 2804 et
3007 2755 3195 2803 contra
3223 2745 3515 2801 humanum
3540 2745 3624 2800 di-

2032 2900 2224 2956 paut-a,
2258 2887 2397 2956 quod
2423 2885 2648 2956 Illyriis,
2678 2883 2831 2956 Italis
2874 2892 2922 2938 et
2957 2885 3099 2956 Afris
3131 2882 3334 2939 dissidii
3355 2892 3403 2938 et
3435 2883 3627 2938 tumul-

2033 2955 2116 3013 tus
2145 2955 2302 3013 causa
2331 2955 2628 3013 exstitisset.
2711 2955 2867 3012 Unde
2910 2956 3072 3011 etiam
3103 2956 3406 3012 existimant
3437 2969 3626 3011 eorum

2029 3029 2356 3085 sententiam
2385 3027 2728 3094 confirmari,
2779 3027 2869 3097 qui
2914 3025 3201 3081 formulam
3247 3025 3620 3097 Sirmiensem,

2029 3115 2151 3170 qua:
2211 3100 2552 3167 imperatoris
2599 3096 3025 3154 edicto’necuon
3082 3099 3243 3152 minis
3269 3096 3624 3170 aepmttisde

1983 3216 1990 3222 .
2028 3167 2277 3227 manibus
2305 3170 2617 3226 habentium
2646 3180 2830 3240 erepta
2853 3176 2955 3240 est,
2986 3186 3090 3240 non
3122 3184 3244 3223 cum
3268 3169 3492 3233 Athan.,
3522 3167 3616 3223 lib.

2027 3242 2097 3298 de
2117 3244 2246 3314 Syn.
2278 3258 2334 3314 p.
2365 3242 2491 3306 9H,
2522 3238 2757 3314 tertiam,
2780 3239 2874 3295 sed
2893 3255 3014 3314 cum
3038 3238 3283 3314 Socrate,
3311 3240 3346 3293 l.
3367 3255 3498 3314 nte.
3522 3240 3615 3305 50,

326 3315 569 3383 stantius,
601 3326 900 3383 memorare
942 3310 1154 3366 tidetnr
1206 3312 1363 3366 fidem
1385 3312 1524 3383 apud
1560 3312 1707 3383 ipsos
1733 3311 1923 3367 Autio—
1951 3300 1996 3363 C
2028 3322 2083 3370 et
2106 3300 2432 3377 szomeno,
2454 3300 2489 3367 Ιξ
2510 3329 2582 3374 ιν,
2602 3327 2652 3367 e.
2677 3300 3047 3377 6,'secnndam
3070 3300 3390 3382 intelligunt.
3416 3300 3619 3383 Quam;

327 3382 534 3437 chenos
560 3382 611 3437 in
644 3382 909 3437 Eneteniis
928 3383 1225 3452 expositam
1245 3383 1426 3453 (quam
1443 3382 1672 3450 primam
1695 3397 1920 3440 censere

326 3454 601 3525 solebant,
632 3454 723 3523 qui
754 3454 1086 3524 respuebant
1112 3454 1425 3523 Nictenam),
1454 3469 1519 3507 ac
1548 3454 1819 3525 respicere
1866 3455 1919 3510 in

328 3524 451 3598 luce
476 3526 642 3598 ipsius
668 3525 829 3598 verba
853 3565 869 3589 ,
898 3524 1559 3598 4divinitatisessentiteque
1590 3524 1696 3595 (xui
1719 3525 1917 3598 οὐσίας)

326 3605 378 3652 et
400 3596 604 3650 virtutis
623 3606 672 3651 et
696 3596 873 3666 gloria:
890 3596 1356 3650 incommutabilem
1377 3597 1670 3667 imaginem.

403 3667 481 3740 (a)
507 3667 638 3740 Bad.
661 3678 728 3740 ct
754 3668 870 3733 Er.,
890 3677 1196 3739 susceptam.
1227 3667 1371 3730 Mir.,
1391 3667 1534 3737 Lips.
1559 3678 1614 3722 et
1641 3668 1921 3740 Par.,sus-

326 3739 496 3807 cepta.
546 3739 741 3794 Verius
776 3754 906 3792 mss.
955 3748 1276 3803 susceptum,
1325 3748 1447 3808 puta
1472 3739 1787 3794 substantia
1819 3754 1917 3793 no-

326 3826 457 3867 men
479 3828 493 3864 :
516 3809 659 3879 quod
688 3809 741 3863 in
761 3808 1054 3878 Scripturis
1094 3811 1345 3865 usitatum
1377 3810 1569 3879 probat
1594 3810 1920 3866 thbadius

326 3887 505 3953 Agen.
541 3892 597 3937 et
638 3884 689 3935 in
718 3879 840 3953 Filii
864 3882 1267 3953 generationem
1314 3882 1607 3953 convenire
1646 3881 1919 3951 Pmpheta

326 3951 687 4024 docet,‘cum
714 3952 811 4020 ait,
855 3951 940 4006 Ex
961 3964 1105 4007 utero
1125 3963 1241 4006 ante
1262 3952 1534 4024 luciferum
1560 3954 1714 4024 genui
1730 3964 1805 4024 te.

406 4023 486 4097 (b)
513 4021 667 4097 Colb.
698 4038 954 4097 iuseum
986 4024 1223 4097 Marum,
1255 4024 1341 4090 qui
1370 4021 1657 4097 delubrum.
1702 4023 1917 4097 “Inete-

329 4094 488 4163 teris,
509 4095 598 4164 qui
624 4094 907 4149 ludibrium
933 4110 951 4148 :
980 4094 1069 4149 ubi
1101 4095 1152 4149 in
1189 4098 1421 4160 excusis,
1448 4095 1584 4162 quod
1619 4095 1914 4150 ludibrium.
1946 4130 1963 4149 .

401 4167 478 4238 (c)
508 4166 565 4221 ln
589 4167 814 4238 vulgatis
840 4166 1178 4238 desideratur
1197 4181 1281 4220 se:
1298 4165 1444 4238 quod
1467 4165 1768 4238 restituitur
1792 4180 1919 4238 auc:

334 4235 554 4294 toritate
584 4235 713 4294 mss.
746 4235 865 4293 Vat.
902 4239 1040 4302 bas.,
1090 4237 1300 4291 Martia.
1333 4245 1388 4291 et
1409 4236 1562 4292 Colb.
1595 4236 1765 4292 Porro
1789 4236 1918 4293 illud

327 4310 384 4364 in
412 4326 469 4362 se
488 4309 633 4365 idem
666 4320 749 4364 est
779 4308 920 4378 quad
952 4309 1220 4363 adversum
1245 4324 1316 4363 se.

402 4380 490 4450 (ά)
522 4380 639 4434 Duo
667 4394 824 4446 mss.,
873 4380 1091 4451 loqueris
1138 4389 1189 4433 et
1233 4379 1517 4451 prendit-as:
1553 4380 1644 4434 sed
1667 4380 1790 4450 quia
1816 4396 1918 4434 non

326 4452 421 4507 sis.
482 4451 604 4507 Mox
633 4452 686 4507 in
717 4452 847 4507 solis
873 4451 1029 4515 edit.,
1060 4466 1149 4504 nec
1177 4450 1483 4520 confessioni
1513 4461 1635 4506 tuae.

399 4522 477 4595 (c)
514 4522 611 4577 llic
640 4536 828 4578 versus
853 4565 868 4590 ,
899 4521 1149 4595 uoluntati
1194 4531 1294 4595 tua:
1317 4522 1603 4595 Orientales
1629 4523 1915 4592 episcopos,

328 4592 489 4665 neque
518 4595 704 4662 soluat,
757 4608 878 4648 cum
907 4592 959 4647 in
993 4592 1395 4665 prius‘vulgatis
1415 4593 1661 4665 deesset.
1698 4608 1918 4648 revoca-

330 4663 418 4720 tur
456 4681 522 4720 ex
557 4680 688 4720 mss.
761 4665 855 4719 llic
888 4675 1104 4718 netatur
1149 4663 1401 4717 violentia
1430 4663 1791 4719 Orientalibus
1826 4665 1916 4735 qui

327 4736 672 4794 bomtension
702 4735 1062 4791 defendebant
1083 4735 1254 4804 illata,
1282 4744 1340 4790 ut
1360 4735 1754 4790 Ariminensem
1776 4736 1920 4792 blas-

324 4808 603 4878 phemiam
630 4806 984 4876 susciperent.

398 4880 472 4949 (ﬂ
512 4878 642 4934 Mss.
675 4875 829 4934 Colb.
862 4886 921 4949 et
964 4875 1144 4949 δίει-ι..
1175 4876 1546 4947 blasphemias.
1568 4917 1582 4931 .
1614 4878 1924 4934 condemna-

321 4948 531 5006 rerunt.
584 4952 731 5005 lianc
758 4948 1144 5017 blaSphemiam
1174 4949 1604 5018 interpretantur
1624 4950 1817 5004 eruditi
1839 4965 1927 5005 se-

323 5023 563 5078 cundam
606 5021 889 5076 formulam
941 5019 1293 5091 Sirmiﬁensem
1329 5018 1438 5091 lib.
1490 5018 1558 5075 de
1585 5018 1788 5091 Synod.
1820 5022 1923 5091 fde-

321 5097 609 5162 scriptam.
655 5091 820 5157 quue
852 5090 1295 5163 putantabrAfris
1319 5089 1538 5163 factum,
1568 5089 1708 5160 quod
1738 5106 1768 5146 a
1795 5090 1922 5146 Gal-

321 5165 390 5221 lis
416 5160 457 5218 :_
478 5178 614 5234 quos
638 5160 873 5219 Hilarius
896 5163 986 5234 lib.
1018 5161 1087 5217 de
1107 5160 1325 5234 Synod.
1342 5177 1412 5234 n.
1429 5161 1484 5223 2.
1513 5169 1771 5234 testatur,
1799 5164 1924 5217 mis-

322 5253 439 5291 sam
466 5232 797 5290 eSirmiensi
823 5232 1016 5305 oppido
1044 5232 1268 5302 inﬁdelis
1290 5232 1416 5302 ﬁdei
1444 5233 1753 5305 impietatem
1774 5234 1922 5289 dant-

322 5323 499 5362 nasse.
537 5305 652 5361 Hoc
677 5316 853 5360 tamen
882 5303 1174 5359 discrimen
1206 5312 1433 5373 ponunt,
1462 5303 1605 5374 quod
1634 5305 1777 5361 Galli
1799 5320 1916 5361 eam

320 5380 510 5434 statim
549 5386 711 5446 atque
734 5375 876 5431 edita
919 5384 1024 5442 est,
1057 5374 1127 5446 ab
1168 5375 1408 5444 ipsismet
1433 5376 1747 5431 auctoribus
1767 5391 1919 5432 acce-

322 5450 539 5521 perint;
565 5448 709 5521 Afris
732 5457 933 5521 autem,
957 5461 1080 5521 eum
1103 5445 1213 5515 jam
1235 5455 1483 5521 auctores
1507 5447 1656 5521 illius
1672 5449 1917 5518 puderet,

323 5516 493 5577 inissa
546 5519 619 5574 sit
660 5534 821 5588 opera
855 5516 1035 5573 Basilii
1079 5516 1327 5572 acerrimi
1375 5532 1563 5573 eorum
1595 5516 1915 5575 adversarii.

323 5591 469 5646 llinc
496 5590 785 5661 opinantur
814 5588 1071 5644 Basiliam
1115 5588 1256 5656 apud
1281 5588 1498 5644 Sozom.
1531 5589 1570 5643 l.
1605 5605 1695 5661 iv,
1740 5606 1790 5645 c.
1819 5590 1912 5657 24,

325 5664 399 5716 ab
424 5660 709 5717 Acaciauis
738 5661 1102 5715 insimulatum
1131 5675 1250 5716 esse
1274 5701 1289 5726 ,
1338 5662 1475 5730 quod
1514 5676 1629 5713 cum
1654 5660 1915 5717 Germinio

325 5744 381 5789 et
406 5733 623 5788 Ursatio
643 5742 688 5787 et
718 5730 933 5787 Valente
954 5731 1360 5785 communionem
1387 5747 1441 5785 se
1462 5731 1642 5786 habere
1669 5733 1912 5798 scribens,

327 5822 418 5862 eos
446 5815 614 5862 tamen
640 5804 780 5877 apud
808 5805 1074 5876 episcopos
1116 5803 1308 5876 Africa:
1352 5814 1680 5860 accusasset:
1711 5813 1765 5863 et
1794 5813 1919 5878 post

2025 3400 2186 3454 quam
2219 3400 2325 3440 non
2346 3385 2434 3440 hic
2452 3386 2527 3439 ait
2548 3383 2784 3439 Hilarius
2801 3391 3015 3437 extorta
3040 3382 3386 3454 blasphmniat
3412 3382 3617 3454 Ursaeii

2027 3453 2081 3510 et
2115 3455 2353 3511 Valentis
2376 3456 2705 3523 exemplaria
2733 3496 2747 3517 ,
2807 3454 2903 3508 sed
2946 3462 3158 3507 tantum
3194 3453 3619 3523 subscriptiones

2062 3527 2218 3582 uibus
2239 3527 2324 3582 illa
2355 3528 2712 3581 condemnata
2742 3523 2937 3580 fuerat.
2993 3523 3061 3579 Et
3094 3539 3222 3579 vero
3254 3526 3513 3593 potiorem
3539 3523 3618 3578 vi-

2062 3541 2218 3582 mous
2239 3541 2324 3582 tua
2355 3541 2712 3581 condemnata
2742 3541 2937 3580 luerat.
2994 3541 3061 3579 bl.
3094 3541 3222 3579 vero
3254 3541 3513 3593 ponorem
3539 3541 3618 3578 vt-

2022 3541 2138 3653 aeri
2168 3598 2445 3653 Athanasii
2468 3596 2811 3663 sententiam,
2841 3595 3048 3651 uotisin
3065 3594 3448 3666 Fragmentum
3472 3603 3618 3667 post-

2022 3682 2232 3724 remum
2262 3668 2628 3724 ostendemus.

2094 3742 2170 3810 (g)
2219 3742 2384 3796 Abest
2411 3741 2465 3793 in
2493 3756 2520 3793 a
2554 3752 2686 3794 mss.
2715 3737 2924 3810 Martia.
2958 3747 3012 3791 et
3036 3735 3190 3793 Colb.

2095 3807 2176 3884 (li)
2207 3812 2365 3867 Modo
2386 3821 2567 3867 exstat
2623 3814 2673 3884 in
2702 3809 2868 3864 latino
2915 3820 3064 3884 textu
3084 3808 3465 3884 necessitatibus
3494 3850 3509 3873 ,
3557 3807 3611 3863 in

2022 3878 2199 3960 graeco
2224 3884 2598 3960 ratisxptiatg.
2626 3880 2960 3960 Quamquam
2989 3878 3323 3960 Curcellteus
3346 3880 3613 3960 legitimis

2021 3956 2262 4034 portate;
2308 3951 2426 4009 0b"
2445 3953 2802 4034 reverentiam
2844 3966 2970 4033 erga
3004 3962 3184 4034 patres
3219 3951 3471 4034 catholici
3502 3953 3614 4034 epi-

2021 4022 2194 4097 scopi,
2222 4025 2376 4097 Frag.
2408 4040 2521 4088 Vlll,
2540 4023 2668 4097 n.2,
2688 4022 2931 4097 Arimino
2957 4022 3618 4097 rescri_buntConstautio,

2023 4090 2136 4150 sibi
2179 4090 2352 4152 nefas'
2368 4110 2489 4151 esse
2519 4112 2549 4149 a
2595 4095 2808 4151 Nicmna
2842 4090 2948 4146 ﬁde
2978 4093 3233 4148 recedere
3258 4135 3274 4160 ,
3320 4107 3481 4164 quam
3531 4102 3610 4147 tot

2021 4169 2192 4222 sancti
2215 4179 2268 4223 et
2299 4166 2651 4223 Coufessores
2694 4176 2748 4221 et
2783 4164 3074 4235 Martyrum
3100 4179 3445 4221 successores
3481 4177 3616 4220 eon-

2020 4239 2370 4305 scripserunt.

2093 4307 2154 4380 (i)
2184 4310 2709 4384 Adjicirnuspenitus
2742 4324 2863 4384 cum
2893 4308 3143 4365 omnibus
3166 4322 3296 4363 mss.
3320 4307 3615 4384 Episcopa-

2024 4388 2109 4434 tus
2143 4382 2355 4448 penitus
2386 4380 2526 4437 tollit
2550 4382 2899 4437 Constantius
2919 4423 2932 4440 .
2989 4396 3111 4435 cum
3145 4395 3339 4434 novam
3364 4380 3610 4448 amplec-

2024 4452 2187 4506 tendo
2221 4454 2379 4510 fidem
2400 4495 2417 4520 ,
2469 4454 2690 4509 damnat
2722 4466 2914 4508 omnes
2940 4451 3278 4523 superiorum
3310 4461 3610 4523 temporum

2021 4524 2338 4594 episcopos;
2393 4535 2449 4581 et
2478 4523 2705 4597 perinde
2743 4540 2839 4579 eos
2864 4522 3049 4587 etiam,
3081 4524 3169 4593 qui
3201 4524 3326 4578 licet
3347 4522 3448 4592 ipsi
3474 4536 3610 4576 con-

2021 4597 2275 4664 sentiant,
2299 4597 2368 4651 ab
2397 4599 2739 4651 anathemate
2766 4605 2943 4649 tamen
2972 4598 3343 4663 episcopatum
3363 4606 3610 4661 sumpse-

2022 4674 2168 4736 runt,
2188 4667 2291 4721 hoc
2313 4676 2416 4729 est,
2443 4668 2512 4723 ab
2536 4668 2600 4721 iis
2626 4681 2760 4736 quos
2781 4666 2941 4721 modo
2962 4665 3305 4721 anathemate
3332 4665 3607 4718 damnant.

2030 4735 2272 4809 Vid._lib.
2289 4737 2358 4792 de
2382 4738 2589 4809 Synod.
2616 4735 2755 4809 n._9l
2771 4777 2785 4790 .

2101 4807 2179 4881 (j)
2210 4804 2564 4881 Hieronymus
2591 4805 2942 4881 iniChronico
2969 4804 3610 4881 scribit,_Cou_stantinum

2027 4876 2346 4948 abaptismo
2378 4876 2429 4933 in
2473 4878 2721 4934 ltreresirn
2757 4879 2967 4947 lapsum
2994 4893 3139 4948 esse.
3183 4876 3366 4931 Tradit
3392 4891 3609 4948 quoque

2025 4946 2241 5005 Luci—fer
2265 4948 2511 5016 Calarit.,
2544 4951 2579 5003 I.
2605 4948 2673 5003 de
2705 4946 2836 5018 Reg.
2862 4957 3062 5018 apost..
3087 4946 3240 5002 illum
3262 4961 3322 5003 se
3356 4946 3423 5002 ad
3451 4946 3607 5002 Aria-

2027 5035 2130 5075 nos
2152 5021 2464 5083 contulisse.
2513 5030 2569 5076 et
2597 5020 2688 5075 lib.
2716 5035 2730 5073 ι
2764 5036 2860 5089 pro
2892 5020 3175 5083 Albanas,
3222 5018 3323 5088 ipsi
3355 5032 3604 5088 perosum

2027 5091 2197 5147 fuisse
2219 5090 2568 5147 Athanasium
2592 5132 2607 5157 ,
2654 5091 2799 5162 quod
2844 5090 3217 5146 nolueritesse
3237 5090 3491 5162 Arianus.
3546 5090 3603 5145 lu

2024 5178 2183 5232 quem
2216 5163 2391 5219 locum
2420 5163 2633 5227 Tillius,
2666 5159 2825 5233 _'Hinc
2850 5172 3098 5233 apparet,
3131 5162 3296 5229 inquit
3324 5201 3341 5228 ,
3371 5159 3608 5233 Impera-

2023 5231 2182 5289 torem
2212 5233 2599 5306 Constantinum
2626 5231 2956 5306 Magnuntin
2992 5243 3246 5306 senectute
3272 5233 3430 5304 fuisse
3454 5232 3607 5306 Aria:

2023 5321 2185 5361 num:
2228 5308 2365 5376 quod
2412 5300 2635 5374 plerique
2682 5300 2837 5360 etiam
2884 5303 3115 5359 historici
3165 5300 3604 5376 narran_t_._Aliud

2026 5385 2203 5433 tamen
2242 5374 2469 5447 scriptis
2516 5378 2628 5433 suis
2667 5378 2988 5431 mandarunt
3030 5390 3138 5447 non
3164 5375 3323 5430 modo
3348 5374 3604 5447 Hilarius,

2022 5448 2119 5503 sed
2148 5458 2202 5505 et
2229 5446 2555 5519 Athanasius
2583 5448 2648 5504 ad
2670 5448 2850 5513 Solit.;
2886 5446 3240 5519 Epiphanius,
3265 5447 3396 5501 liter.
3426 5446 3518 5511 69,
3549 5464 3604 5501 n.

2025 5519 2114 5584 12;
2148 5521 2487 5585 Ambrosinus,
2515 5518 2609 5575 0r.
2658 5520 2725 5576 de
2772 5518 3260 5583 obitu'l‘heodosii,
3291 5534 3345 5572 n.
3379 5518 3471 5583 40,
3500 5529 3605 5573 etc.

2016 5589 2132 5647 Imo
2185 5592 2545 5647 Ariminensis
2591 5589 2816 5646 Conci‘lii
2855 5589 3103 5644 catholici
3142 5601 3342 5658 patres,
3386 5588 3601 5656 Fragm.

2020 5677 2134 5728 vm,
2160 5679 2213 5719 n.
2239 5663 2580 5727 9,testantur
2603 5661 3015 5717 Constantinum
3037 5700 3053 5727 ,
3084 5675 3205 5715 cum
3246 5660 3407 5716 fidem
3439 5661 3611 5717 Nicat-

2017 5748 2142 5788 nam
2199 5743 2425 5804 teneret,
2472 5733 2801 5808 baptizatum
2843 5733 2909 5790 ad
2966 5734 3203 5804 quietem
3235 5732 3330 5790 Dei
3379 5736 3612 5791 comunt"

2018 5819 2223 5877 grasse.
