4106 6192
508 217 616 275 003

1221 212 1468 270 SANCTI
1508 209 1765 270 HILABII
1806 206 2113 269 EPISCOPI
2147 206 2281 287 LIB.
2322 209 2525 270 CONT.
2562 213 2811 273 CONST.
2860 214 2997 273 IMP.

3673 238 3761 296 (ιοι

512 337 806 406 vinumque
827 331 1092 405 judicium
1124 345 1245 386 eum
1274 328 1458 402 paucis
1487 327 1810 385 satellitibus
1839 325 1948 383 tuis
1978 340 2107 397 pro—
2130 327 2186 389 Α
2211 325 2588 385 inenarrabilis
2611 330 2969 387 doceremur:
3011 334 3134 388 cum
3162 346 3300 403 aqua
3328 333 3385 391 ﬁt
3411 337 3579 397 vinum
3600 383 3618 410 ,
3657 361 3764 406 cum

407 420 414 429 ’
513 426 654 483 fanis
681 425 754 500 (a)
801 425 1106 496 impugnas.
1170 421 1277 480 Sed
1318 437 1423 479 non
1469 420 1597 477 licet
1640 419 1737 477 tibi
1772 433 1914 475 nunc
1939 433 2108 491 regno

512 522 717 594 potenti
748 521 911 578 etiam
941 519 997 575 in
1030 526 1303 588 posterum
1327 515 1701 589 praejudicare.
1723 514 1951 571 Exstant
1967 513 2109 570 enim

515 614 715 669 litterae
740 653 754 677 ,
806 609 1002 682 quibus
1032 608 1107 674 id,
1139 608 1283 681 quod
1306 620 1363 666 tu
1392 608 1746 665 criminosum
1776 618 1933 678 putas
1954 648 1970 674 ,
2021 606 2111 679 pie

512 714 641 761 tunc
687 718 809 760 esse
861 710 1169 772 susceptum
1203 702 1280 773 (b)
1327 702 1570 757 docetur.
1652 699 1791 755 Audi
1820 699 2109 756 verborum

513 806 755 855 sanctam
779 796 1196 867 intelligentiam
1221 837 1236 862 ,
1294 794 1420 849 audi
1455 793 1714 850 Ecclesia:
1744 792 2109 864 imperturba-

513 902 619 948 tam
652 890 1114 957 constitutionem,
1147 888 1271 943 audi
1303 888 1474 959 putris
1506 887 1580 941 tui
1601 888 1897 959 professam
1925 886 2110 956 ﬁdem,

515 987 638 1044 audi
694 974 945 1041 humanae
981 985 1101 1052 Spei
1147 984 1516 1040 confidentem
1568 984 1940 1049 securitatem,
1988 982 2112 1038 audi

514 1080 785 1137 haeretica:
814 1079 1181 1134 damnationis
1213 1079 1487 1148 publicum
1516 1094 1772 1143 sensum,
1805 1079 2114 1149 etintellige

516 1180 570 1228 te
599 1172 797 1227 divinte
852 1170 1132 1243 religionis
1172 1169 1412 1237 hostem,
1442 1178 1499 1226 et
1526 1170 1805 1226 inimicum
1837 1171 2115 1227 memoriis

518 1263 591 1338 (ε)
623 1272 932 1320 sanctorum
956 1303 971 1332 ,
1029 1270 1084 1318 et
1113 1254 1353 1335 paterna:
1393 1264 1608 1336 pictatis
1632 1263 1905 1322 hwredem
1936 1263 2118 1321 rebel-

520 1358 645 1414 lem.
678 1356 762 1430 (ά)

802 1493 1216 1549 Additamenlum
1241 1509 1304 1547 ea:
1327 1492 1469 1548 libris
1489 1493 1553 1547 de
1576 1491 1841 1550 Trinitate.

589 1629 680 1686 28.
716 1627 801 1683 Ex
820 1628 908 1683 lib.
945 1643 983 1683 ll
1029 1626 1093 1682 de
1123 1625 1295 1689 Trin.,
1326 1643 1469 1681 nunt.
1501 1626 1554 1683 6.
1590 1626 1749 1683 Pater
1773 1636 1888 1695 est,
1919 1644 1985 1685 ex
2007 1646 2117 1702 quo

2211 420 2450 492 quinque
2483 436 2671 491 panes,
2715 424 2971 479 saturatis
3010 428 3249 495 quinque
3277 427 3505 487 millibus
3531 434 3762 510 virorum,

2212 520 2443 584 excepto
2469 528 2602 569 sexu
2633 522 2687 570 et
2718 522 2878 572 aetate
2917 516 3162 587 reliqua,
3219 519 3429 589 replent
3479 523 3759 597 fragmentis

2210 606 2472 678 cophinos
2501 607 2810 664 duodecim.
2861 608 2970 665 Res
2989 611 3255 677 cernitur,
3305 621 3359 667 et
3408 619 3658 687 nescitur;
3696 625 3765 694 fit,

2213 705 2403 754 etnon
2436 700 2788 772 intelligitur;
2843 702 2984 757 ratio
3033 718 3143 758 non
3184 704 3622 777 apprehenditur,
3659 715 3770 773 elic-

2213 800 2331 848 ctus
2364 794 2649 865 ingeritur.
2684 796 2922 853 Stultum
2955 806 3039 854 est
3066 809 3268 865 autem,
3301 802 3607 861 calumniam
3636 809 3685 865 in
3708 827 3763 867 eo

2215 886 2579 956 inquisitionis
2609 891 2908 955 intendere,
2954 893 3006 947 in
3030 906 3138 962 quo
3168 896 3543 964 comprehendi
3572 902 3621 955 id
3646 904 3771 962 unde

2214 979 2472 1049 quieritnr
2525 997 2620 1049 per
2660 993 2906 1038 naturam
2958 999 3112 1040 suam
3171 1000 3275 1042 non
3305 995 3493 1055 potest.
3543 990 3608 1048 Ut
3643 996 3769 1052 enim

2217 1070 2594 1126 inenarrabilis
2622 1083 2706 1129 est
2735 1074 2897 1131 Pater
2924 1077 2974 1129 in
3000 1092 3067 1131 eo
3105 1080 3246 1148 quod
3281 1078 3542 1149 ingenitus
3568 1093 3641 1138 est
3667 1103 3681 1151 ;
3707 1088 3770 1144 ita

2217 1168 2455 1221 enarrari
2490 1166 2658 1223 Filius
2688 1168 2740 1224 in
2772 1169 2995 1239 eoquod
3027 1171 3332 1241 unigenitus
3361 1184 3555 1229 estnon
3579 1186 3770 1247 potest;

2217 1261 2590 1332 quiaingeniti
2632 1273 2713 1318 cst
2743 1263 2922 1335 imago
2947 1265 3036 1336 qui
3062 1266 3278 1335 genitus
3301 1274 3405 1322 est.
3476 1267 3604 1323 Cum
3646 1272 3773 1328 enim

2218 1367 2383 1409 sensu
2413 1364 2574 1425 atque
2604 1355 2790 1412 verbis
2836 1356 3124 1427 imaginem
3169 1357 3612 1427 apprehendimus
3634 1401 3648 1425 .
3699 1378 3781 1418 ne.

2219 1461 2373 1502 cesse
2402 1454 2486 1502 est
2507 1446 2586 1522 (Ιι)
2616 1449 2779 1503 etiam
2819 1464 2940 1504 eum
2970 1450 3123 1520 cujus
3154 1450 3331 1521 imago
3376 1462 3459 1507 est
3506 1467 3778 1524 consequa-

2221 1553 2362 1592 mur.
2419 1538 2522 1593 Sed
2555 1539 2844 1595 invisibilia
2878 1542 3278 1611 persequimur,
3313 1551 3372 1598 et
3396 1544 3777 1615 incomprehen-

2223 1629 2401 1684 sibilia
2443 1639 2733 1701 tentamus,
2791 1634 2986 1703 quibus
3036 1634 3392 1705 intelligentia
3440 1636 3503 1692 ad
3528 1638 3781 1708 conspica-

520 1736 682 1778 omne
704 1719 846 1791 quod
877 1729 962 1776 est
987 1718 1257 1775 consistit.
1283 1719 1404 1789 ipse
1433 1720 1485 1774 in
1509 1719 1727 1776 Christo
1757 1731 1811 1778 et
1844 1738 1940 1793 per
1962 1723 2120 1781 Cbri-
2148 1721 2197 1783 B
2226 1723 2360 1778 biles
2388 1740 2477 1780 res
2523 1737 2577 1779 et
2620 1740 2910 1797 corporeas
2938 1735 3266 1794 coarctatur;
3300 1742 3410 1784 non
3451 1729 3784 1788 erubescimus

520 1824 661 1868 stum
692 1812 844 1882 origo
873 1812 1135 1866 omnium.
1188 1809 1458 1866 Caeterum
1490 1812 1559 1883 (ε)
1590 1827 1712 1868 esse
1755 1813 1872 1884 ejus
1914 1818 1968 1870 in
1999 1832 2121 1874 sese

526 1916 608 1964 est
648 1925 660 1961 :
692 1922 800 1963 non
827 1905 1047 1961 aliunde
1077 1905 1220 1977 quod
1248 1916 1332 1962 est
1357 1921 1613 1972 sumens,
1638 1906 1733 1962 sed
1764 1908 1817 1963 id
1840 1909 1985 1979 quod
2013 1921 2117 1977 est,

524 2018 590 2057 ex
608 2016 666 2057 se
694 2009 857 2074 atque
882 2002 934 2055 in
959 2015 1020 2055 se
1050 1999 1331 2065 obtinens;
1388 1999 1632 2056 inﬁnitus
1660 2041 1674 2067 ,
1721 2000 1846 2071 quia
1877 2017 1982 2057 non
2007 2002 2123 2073 ipse

525 2095 579 2150 in
611 2094 822 2166 aliquo.
880 2091 976 2149 sed
1006 2092 1148 2148 intra
1175 2107 1298 2147 eum
1322 2092 1505 2146 omnia
1530 2109 1545 2162 ;
1604 2107 1824 2163 semper
1853 2104 2004 2149 extra
2039 2095 2121 2150 lo-

524 2201 671 2253 cum,
704 2186 830 2258 quia
858 2199 965 2240 non
988 2186 1296 2240 continetur
1321 2183 1375 2239 in
1408 2185 1561 2251 loco;
1611 2201 1826 2257 semper
1876 2197 2004 2242 ante
2050 2203 2124 2243 te-

526 2293 652 2334 vum
678 2318 694 2346 ,
736 2278 861 2349 quia
914 2286 1128 2349 tempus
1170 2277 1245 2343 ab,
1276 2292 1345 2334 eo
1371 2286 1474 2333 est.
1526 2276 1699 2334 Curre
1726 2285 1891 2334 sens'u
1918 2279 1964 2334 si
1994 2279 2122 2351 quid

526 2375 574 2430 ei
608 2381 766 2444 putas
802 2373 1047 2427 ultimum
1095 2387 1241 2441 esse,
1270 2388 1393 2428 eum
1431 2387 1648 2446 semper
1678 2372 1923 2431 invenies
1954 2392 1965 2429 :
2000 2374 2124 2446 quia

527 2481 649 2522 cum
698 2480 913 2537 semper
958 2464 1208 2522 intendas
1236 2508 1251 2532 ,
1311 2479 1527 2537 semper
1565 2467 1819 2538 estquod
1849 2466 2121 2524 intendas.

529 2557 757 2628 Semper
800 2565 979 2612 autem
1030 2556 1207 2612 locum
1238 2556 1354 2629 ejus
1386 2556 1670 2612 intendere
1714 2556 1877 2634 584
1925 2558 1999 2614 ita
2030 2557 2127 2614 tibi

529 2659 629 2719 est,
661 2659 719 2706 ut
746 2653 792 2707 ei
816 2665 939 2707 esse
967 2649 1036 2725 (ί)
1064 2651 1183 2706 sine
1225 2650 1331 2707 ﬁne
1362 2661 1465 2707 est.
1492 2653 1683 2707 Sermo
1712 2653 1765 2707 in
1798 2668 1864 2708 eo
1889 2652 2124 2721 deﬁciet,

529 2757 636 2798 non
667 2751 857 2799 natura
887 2743 1185 2799 elaudetur.
1235 2744 1434 2800 lterum
1467 2746 1685 2800 revolve
1712 2755 1976 2816 tempora,
2007 2760 2129 2803 esse

528 2850 746 2907 semper
775 2836 1051 2891 invenies:
1104 2845 1161 2892 et
1204 2852 1326 2891 cum
1383 2836 1580 2893 calculi
1633 2853 1893 2894 numerus
1923 2839 1975 2893 in
2006 2854 2127 2894 ser-

532 2943 694 2984 mone
715 2927 995 2996 defecerit,
1029 2928 1141 2984 Deo
1169 2939 1347 2986 tamen
1378 2945 1595 3000 semper
1620 2945 1743 2986 esse
1774 2945 1881 2986 non
1918 2925 2125 2987 deﬁcit.

530 3018 944 3091 Intelligentiam
976 3035 1281 3090 commove,
1311 3030 1367 3077 et
1419 3032 1590 3077 totum
1634 3032 1815 3079 mente
1858 3022 2130 3092 complec-

535 3120 689 3177 tere;
749 3111 880 3165 nihil
916 3121 1090 3168 tenes.
1143 3111 1338 3167 Totqu
1381 3110 1485 3168 hoc
1515 3111 1679 3169 habet
1700 3112 1991 3183 reliquum,
2043 3128 2129 3168 re-

530 3205 735 3276 liquum
773 3184 951 3259 autem
1001 3204 1105 3259 hoc
1137 3218 1353 3273 semper
1395 3203 1449 3259 iu
1496 3212 1610 3259 toto
1636 3212 1738 3260 est.
1793 3207 1933 3276 Ergo
1955 3220 2131 3277 neque

533 3304 702 3353 totum
746 3306 868 3365 est,
924 3298 1009 3352 cui
1064 3297 1331 3370 reliquum
1363 3306 1475 3364 est;
1523 3313 1698 3367 neque
1724 3298 1989 3371 reliquum
2021 3307 2125 3368 est,

532 3388 619 3447 cui
649 3398 734 3444 est
762 3404 923 3445 omne
943 3390 1086 3460 quod
1119 3399 1286 3446 totum
1306 3400 1411 3446 est.
1444 3391 1733 3463 Reliquum
1758 3393 1926 3459 enim,
1953 3394 2130 3462 portio

532 3491 648 3548 est;
702 3497 863 3537 omne
895 3497 1025 3539 vero
1051 3522 1068 3550 ,
1119 3483 1261 3554 quod
1297 3494 1463 3540 totum
1518 3492 1621 3540 est.
1682 3486 1823 3541 Deus
1862 3495 2041 3541 autem
2079 3493 2133 3541 et

536 3574 733 3646 ubique
781 3584 898 3643 est,
944 3584 999 3631 et
1031 3585 1173 3633 totus
1204 3577 1399 3649 ubique
1427 3586 1528 3635 est.
1608 3578 1685 3634 Ita
1718 3578 1796 3652 (g)
1849 3581 2129 3652 regionem

535 3666 906 3738 intelligentia:
935 3669 1172 3736 excedit,
1220 3679 1374 3727 extra
1403 3686 1563 3742 quem
1590 3672 1722 3728 nihil
1752 3683 1856 3741 est,
1891 3681 1947 3728 et
1977 3672 2132 3744 cujus

541 3771 871 3833 estsemper
888 3770 947 3818 ut
971 3778 1188 3834 semper
1212 3766 1304 3820 sit.
1329 3765 1454 3820 Hac
1480 3766 1681 3822 veritas
1699 3776 1784 3821 est
1810 3766 2135 3822 sacramenti

535 3853 651 3920 Dei,
669 3855 770 3911 hoc
795 3855 867 3909 im
879 3856 1250 3926 perspicabilis
1267 3865 1471 3914 natura:
1488 3874 1685 3913 nomen
1709 3858 1761 3913 in
1780 3857 1960 3914 Patre.
1992 3857 2134 3913 Deus

541 3947 848 4016 invisibilis,
889 3947 1197 4017 ineﬁabilis,
1222 3950 1461 4006 infinitus
1484 3968 1497 4004 :
1523 3949 1590 4006 ad
1613 3967 1771 4022 quem
1800 3958 1857 4007 et
1876 3951 2137 4021 eloquen-

534 4040 662 4097 dum
685 4055 865 4097 sermo
886 4042 1064 4109 sileat,
1118 4051 1172 4099 et
1219 4042 1656 4115 investigandum
1699 4059 1894 4101 sensus
1916 4043 2131 4111 hebcat,

535 4144 590 4191 et
617 4136 1087 4209 complectendum
1120 4136 1470 4209 intelligentia
1498 4147 1827 4195 coaretetur.

606 4228 699 4285 29.
752 4230 835 4285 Ea:
857 4230 946 4285 lib.
973 4246 1030 4286 ut
1080 4231 1144 4287 de
1183 4230 1358 4301 Trin.,
1399 4249 1541 4287 nunt.
1577 4232 1663 4289 18.
1708 4231 1907 4288 Veiens
1952 4229 2137 4302 itaque

536 4322 708 4379 Filius
732 4323 891 4395 hujus
920 4324 1216 4381 nativitatis
1244 4342 1357 4381 sua:
1386 4326 1549 4381 ﬁdem
1593 4325 1772 4383 facere
1797 4367 1812 4391 ,
1872 4324 2137 4380 factorum

536 4431 758 4473 suorum
788 4418 945 4473 nobis
973 4419 1156 4488 posuit
1182 4419 1453 4489 exempla,
1492 4427 1550 4474 ut
1575 4433 1671 4490 per
1692 4416 2135 4474 inenarrabilium

2221 1816 2487 1882 stultitiae,
2541 1832 2649 1872 non
2680 1820 3039 1890 nosmetipsos
3078 1820 3494 1893 irreligiositatis
3522 1822 3781 1893 arguimus,

2224 1908 2318 1963 Dei
2345 1910 2581 1978 arcanis,
2636 1911 2725 1965 Dei
2756 1911 3046 1968 virtutibus
3070 1913 3482 1969 calumniantes.
3535 1914 3786 1983 Quomodo

2223 2001 2415 2067 Filius,
2446 2013 2500 2060 et
2524 2004 2665 2060 unde
2688 2005 2880 2069 Filius,
2936 2016 3119 2079 etquo
3149 2007 3350 2063 damno
3375 2007 3573 2074 Patris,
3617 2009 3694 2064 vel
3729 2024 3785 2065 ex

2224 2112 2328 2166 qua
2381 2099 2451 2151 sit
2506 2099 2756 2169 portione
2801 2108 2959 2156 natus
3012 2101 3360 2171 inquirimus.
3442 2102 3698 2159 Habueras
3739 2104 3782 2158 in

2226 2189 2474 2259 exemplo
2524 2190 2925 2261 Operationum,
2993 2202 3052 2248 ut
3095 2194 3350 2251 crederes
3392 2196 3553 2251 Deum
3600 2195 3790 2253 efﬁcere

2226 2294 2410 2351 posse,
2439 2295 2669 2351 quorum
2699 2282 3004 2354 intelligere
3033 2284 3384 2341 efﬁcientiam
3409 2302 3511 2341 non
3536 2288 3710 2358 possis.

2299 2372 2389 2428 50.
2447 2371 2532 2428 Ea:
2559 2391 2698 2429 num.
2733 2374 2799 2430 19
2826 2376 3055 2450 ejusdem
3087 2376 3225 2433 libri.
3288 2378 3503 2447 Quaeris
3547 2377 3788 2449 quomodo

2226 2468 2520 2525 secundum
2561 2467 2818 2540 Spiritum
2851 2481 3009 2526 natus
3041 2471 3110 2527 sit
3153 2471 3322 2527 Filius
3361 2491 3374 2526 :
3403 2488 3502 2544 ego
3529 2482 3577 2529 te
3603 2473 3664 2528 de
3688 2487 3790 2528 cor-

2228 2563 2408 2633 poreis
2437 2562 2597 2618 rebus
2642 2563 2938 2635 interrogo.
2993 2564 3112 2621 Non
3138 2581 3327 2637 quaero
3358 2566 3621 2637 quomodo
3656 2575 3793 2625 natus

2227 2670 2295 2710 ex
2319 2653 2525 2725 virgine
2554 2654 2623 2709 sit
2659 2671 2671 2708 :
2720 2670 2788 2710 an
2830 2654 3215 2712 detrimentum
3246 2659 3331 2712 sui
3364 2673 3490 2713 caro
3531 2656 3793 2730 perfectam

2228 2761 2297 2802 ex
2325 2762 2383 2802 se
2413 2763 2629 2802 carnem
2661 2746 2823 2820 585
2853 2762 3119 2818 generatis
3148 2765 3409 2820 perpessa
3440 2751 3525 2805 sit.
3583 2749 3647 2804 Et
3668 2757 3794 2803 certe

2232 2855 2339 2895 non
2370 2842 2607 2911 suscepit
2630 2843 2772 2911 quod
2801 2841 3003 2896 edidit:
3035 2843 3130 2898 sed
3155 2858 3283 2898 caro
3307 2858 3533 2899 carnem
3561 2843 3669 2897 sine
3697 2840 3798 2895 ele-

2229 2944 2533 2990 mentorum
2568 2944 2873 2991 nostrorum
2899 2935 3106 3007 pudore
3138 2939 3413 3009 provexit,
3446 2947 3501 2994 et
3526 2936 3793 3008 perfectum

2232 3028 2347 3098 ipsa
2370 3027 2437 3082 de
2460 3028 2574 3082 suis
2596 3042 2702 3082 non
2735 3030 3011 3085 imminuta
3038 3030 3342 3099 generavit.
3394 3030 3458 3086 Et
3486 3029 3690 3100 quidem
3731 3025 3799 3080 fas

2156 3113 2202 3177 C
2233 3129 2396 3183 esset,
2453 3134 2557 3172 non
2588 3118 2925 3190 impossibile
2950 3119 3004 3173 in
3031 3122 3142 3174 Deo
3160 3120 3401 3190 opinari,
3429 3120 3568 3192 quod
3597 3135 3686 3191 per
3707 3117 3798 3172 vir-

2232 3218 2396 3266 tutem
2429 3211 2544 3278 ejus
2574 3211 2830 3281 possibile
2858 3211 3022 3267 fuisse
3053 3212 3104 3265 in
3127 3211 3351 3267 homine
3378 3209 3749 3283 cognoscimus.

2302 3304 2391 3359 51.
2422 3300 2506 3357 Ea:
2553 3320 2696 3359 naut.
2743 3302 2833 3360 20.
2867 3303 2974 3358 Sed
3004 3312 3057 3359 te
3082 3345 3097 3371 ,
3131 3304 3384 3375 quisquis
3414 3320 3493 3369 es,
3544 3300 3803 3368 investiga—

2233 3396 2358 3451 bilia
2407 3407 2725 3463 sectantem,
2795 3406 2850 3451 et
2912 3395 3218 3452 divinorum
3271 3405 3606 3452 secretorum
3664 3401 3804 3460 atque

2235 3488 2500 3542 virtutum
2544 3502 2766 3557 gravem
2809 3488 3069 3542 arbitrum
3112 3487 3365 3554 consulo,
3419 3496 3475 3542 ut
3510 3485 3632 3563 mihi
3662 3484 3806 3555 impe-

2238 3580 2365 3645 rito,
2394 3590 2449 3634 et
2480 3589 2689 3634 tantum
2721 3578 2791 3636 de
2815 3579 3068 3635 omnibus
3091 3578 3204 3636 Deo
3234 3589 3294 3634 ut
3343 3587 3473 3637 sunt
3512 3578 3577 3632 ab
3599 3591 3660 3633 eo
3683 3574 3806 3630 dicta

2236 3671 2498 3737 credenti,
2547 3671 2812 3727 rationem
2858 3670 3046 3726 saltem
3072 3669 3195 3726 facti
3226 3671 3385 3726 istius
3414 3670 3623 3727 afferas.
3649 3665 3807 3722 Domi-

2236 3778 2361 3818 num
2388 3762 2569 3826 audio,
2601 3772 2656 3816 et
2683 3763 2810 3831 quia
2839 3762 2923 3816 his
2947 3762 3114 3817 credo
3141 3777 3261 3833 quae
3284 3762 3487 3835 scripta
3535 3766 3670 3824 sunt,
3711 3754 3808 3811 scio

2232 3854 2342 3925 jam
2391 3865 2513 3925 post
2543 3855 2999 3911 resurrectionem
3032 3854 3350 3925 frequenter
3379 3855 3658 3910 videndum
3684 3865 3737 3905 se
3764 3850 3807 3903 in

2236 3963 2467 4019 corpore
2498 3946 2792 4019 prmbuisse
2833 3945 3016 4003 multis
3045 3964 3152 4002 non
3184 3946 3567 4010 credentibus;
3597 3942 3657 4016 (i)
3682 3948 3810 3997 certe

2240 4042 2282 4098 Τ
2288 4042 2465 4097 ὴυιιιίε
2503 4057 2611 4097 non
2642 4041 2744 4097 nisi
2773 4040 3123 4098 contrectatis
3169 4042 3287 4111 ejus
3313 4038 3631 4096 vulneribus
3657 4032 3812 4091 credi-

2242 4146 2363 4194 turo
2384 4181 2399 4205 ,
2430 4137 2569 4192 sicut
2594 4137 2669 4191 ait
2696 4154 2710 4192 :
2759 4135 2880 4190 Nisi
2908 4133 3081 4190 videro
3106 4134 3160 4189 in
3185 4133 3428 4190 manibus
3469 4134 3577 4206 ejus
3603 4130 3668 4204 (j)
3694 4127 3813 4198 FW"

2239 4246 2351 4284 ram
2383 4230 2667 4295 clavorum,
2700 4239 2749 4284 et
2793 4230 2979 4284 misero
3006 4229 3226 4300 digitum
3247 4244 3422 4282 meum
3464 4231 3516 4280 in
3542 4225 3698 4280 locum
3720 4218 3815 4275 cla-

2240 4338 2436 4387 vorum,
2486 4331 2537 4377 et
2580 4322 2778 4376 mittant
2826 4338 3036 4377 martum
3073 4337 3237 4377 meum
3263 4321 3317 4375 in
3359 4320 3499 4376 latus
3544 4318 3672 4387 ejus,
3724 4327 3813 4367 non

2242 4413 2447 4469 credam
2478 4412 2659 4484 (Joan.
2694 4429 2785 4479 xx,
2817 4411 2936 4485 25).
2971 4413 3231 4468 Dominus
3260 4427 3321 4468 se
3366 4412 3434 4467 ad
3487 4422 3693 4465 omnem
3741 4403 3815 4458 in-

535 4518 811 4580 gestorum
852 4523 1073 4564 suorum
1118 4508 1465 4567 efficientiam
1492 4509 1562 4565 de
1606 4508 1805 4566 virtute
1844 4509 2138 4568 nativitatis
2164 4502 2215 4564 D
2243 4508 2560 4582 telligentiae
2589 4518 2790 4565 nostra:
2820 4507 3243 4565 imbecillitatem
3257 4495 3817 4565 accommodat,etdu-

613 4669 693 4742 (a)
719 4669 774 4726 ln
818 4684 950 4725 mss.
977 4668 1190 4727 Martin.
1221 4679 1278 4727 et
1319 4668 1476 4727 Colb.
1532 4671 1824 4741 profanus:
1879 4678 1936 4726 et
1978 4685 2132 4738 mox,

538 4759 675 4814 nilne
686 4743 829 4814 regni
849 4742 1125 4809 potentiam
1144 4743 1196 4797 in
1228 4751 1505 4812 posterum.
1521 4752 1653 4811 etc.,
1673 4742 1764 4798 ubi
1778 4742 2052 4801 Bandinus
2073 4758 2136 4799 ac

542 4813 780 4871 Latinius
811 4814 1084 4869 malebant
1108 4831 1265 4886 regno
1296 4815 1525 4885 potienti.

611 4901 690 4976 ib)
718 4903 883 4959 Iidem
914 4919 1048 4962 mss.
1073 4905 1278 4960 doceor.
1330 4903 1427 4960 Hic
1459 4906 1690 4961 maxime
1717 4904 2009 4976 respicitur
2039 4920 2139 4961 vo-

543 4973 792 5030 cabulum
824 4975 1167 5042 homousion,
1222 4977 1374 5043 cujus
1396 4973 1824 5048 ambiguitatem
1848 4976 2137 5048 ,objectare

543 5047 786 5118 haeretici
816 5048 1095 5111 solebant,
1124 5057 1185 5104 ut
1210 5056 1356 5118 patet
1384 5063 1449 5103 ex
1477 5048 1563 5102 his
1595 5048 1714 5102 libri
1742 5049 1809 5103 de
1834 5047 2040 5118 Synod.
2074 5064 2129 5104 n.

544 5118 607 5173 9|
640 5136 653 5172 :
699 5116 1034 5184 luterpretati
1069 5116 1251 5175 Patres
1280 5120 1443 5174 nostri
1469 5128 1589 5174 sunt
1614 5130 1731 5188 post
1748 5116 2001 5188 synodum
2031 5119 2136 5174 Ni-

544 5205 739 5244 crenam
765 5190 1018 5274 Itomousii
1050 5193 1414 5262 proprietatem
1435 5191 1692 5267 religiose.

544 5271 714 5315 manet
731 5271 1060 5318 conscientia.

575 5423 588 5437 .
618 5351 689 5436 (⁸)
735 5351 862 5407 Bad-
896 5362 949 5408 ει
976 5355 1090 5420 Et.
1122 5365 1411 5437 auctorum.
1444 5358 1581 5437 Lud.
1606 5357 1821 5415 Mimans
1846 5366 2006 5430 atque
2030 5357 2143 5437 La-

552 5430 758 5491 tinius,
818 5431 1449 5500 avorum:superiorutn
1509 5431 1890 5495 immemores,
1952 5430 2147 5500 quibus

549 5507 848 5622 uinciri-um
888 5499 1146 5555 manoriis
1182 5501 1615 5561 communit-andi
1667 5499 1997 5579 praeceptum
2054 5517 2149 5557 ex.

553 5580 586 5622 n
612 5581 689 5622 tea
720 5584 800 5622 ur.

553 5580 800 5635 pucatur.

633 5659 710 5735 (ἀ)
738 5658 1017 5735 IIIcOdice
1068 5665 1307 5726 basilicis
1336 5667 1608 5728 Vaticana:
1651 5668 1739 5728 hic
1760 5665 2060 5726 absolvitur
2088 5664 2154 5723 li.

564 5726 701 5791 bein'
724 5726 992 5808 Quidquid
1022 5748 1203 5805 autem
1233 5726 1486 5818 supererit
1513 5726 1579 5801 ex
1610 5726 1764 5803 libris
1795 5740 1863 5800 de
1891 5739 2154 5803 Trinitate

1803 5201 1979 5271 utaut!
1996 5192 2137 5259 libri,

2237 4671 2343 4726 huc
2370 4669 2685 4725 translatum
2714 4677 2829 4733 est,
2882 4682 2983 4724 nec
3010 4669 3142 4724 satis
3181 4676 3307 4738 apte
3347 4666 3620 4723 adsutum.
3680 4659 3814 4728 Quo-

2240 4744 2379 4798 circa
2421 4757 2608 4811 parum
2639 4740 2809 4796 abfuit
2833 4739 2961 4809 quin
2994 4741 3215 4795 omnino
3238 4739 3688 4811 supprimeretur.

2313 4833 2388 4909 (θ)
2424 4834 2593 4890 Abest
2618 4849 2729 4888 esse
2750 4848 2780 4888 a
2809 4848 2940 4889 mss.

2312 4930 2382 5004 (f)
2423 4926 2621 4983 Excusi
2668 4925 2756 4982 hic
2804 4925 3130 5001 adjiciebant
3162 4941 3398 4999 semper:
3445 4915 3819 4991 refragantibus

2243 5016 2376 5058 mss.

2319 5097 2397 5183 {9),
2423 5097 2512 5153 Sic
2538 5088 2668 5152 33d.
2698 5104 2753 5153 et
2782 5094 2875 5152 Er.
2902 5102 2961 5150 ut
2983 5093 3079 5149 lib.
3109 5092 3176 5151 de
3206 5092 3357 5149 Trin.
3388 5090 3493 5149 Alii
3534 5100 3660 5143 vero
3690 5081 3819 5147 libri,

2246 5171 2565 5240 religionem.

2322 5262 2404 5333 (Ii)
2436 5262 2589 5327 Mss.,
2615 5275 2823 5333 necesse
2837 5266 2917 5315 est,
2936 5274 3053 5312 cum
3081 5272 3138 5311 eo
3164 5256 3314 5333 cujus
3337 5256 3515 5333 igtago
3543 5259 3636 5332 est,
3662 5258 3824 5333 cense:

2255 5325 2439 5403 quam
2471 5349 2489 5387 :
2521 5325 2683 5388 male.
2736 5332 2897 5400 Pejus
2918 5339 3104 5403 autem,
3143 5329 3272 5384 editi
3303 5369 3317 5392 ,
3347 5325 3486 5379 Tum
3524 5325 3656 5378 enim
3676 5329 3823 5403 sensa

2253 5400 2404 5475 atque
2433 5406 2596 5459 verbis
2621 5404 2895 5474 imaginem
2920 5400 3363 5470 apprehendamus
3383 5407 3589 5451 necesse
3616 5401 3703 5454 est,
3719 5400 3825 5442 cura

2254 5492 2367 5530 eum
2390 5480 2540 5552 cujus
2565 5477 2736 5544 imago
2762 5483 2834 5530 est
2863 5486 3251 5543 consequemur.

2331 5570 2393 5645 (ἱ)
2443 5572 2612 5638 Editi,
2659 5568 2824 5645 Credo
2871 5568 3237 5645 Tltonue,__etc.
3264 5566 3414 5645 Mss_.,
3448 5564 3593 5620 Certe
3619 5558 3827 5645 Thomas

2256 5638 2486 5702 non'uisi
2517 5644 2761 5700 contactis
2788 5645 2897 5707 eius
2926 5639 3218 5699 vulneribus
3246 5638 3557 5699 crediturum
3583 5649 3636 5699 se
3664 5638 3751 5693 ait.

2325 5738 2397 5819 (j)
2424 5736 2482 5799 In
2513 5752 2672 5814 mss.,
2700 5738 2946 5819 ﬁxuram.
