4106 6192
329 274 438 332 605

1289 268 1666 328 ADMONITIO
1704 270 1769 329 IN
1808 270 1938 329 LIB.
1979 269 2185 330 CONT.
2227 274 2656 335 AUXENTIUM.

3520 287 3625 342 (illi

329 387 577 446 bitationi
630 386 926 443 inﬁdelium
979 384 1379 459 satisfacturos,
1425 401 1682 445 arcanum
1722 386 1934 443 virtutis
1957 393 2011 459 Α
2036 390 2279 463 perfecto
2301 392 2411 450 Deo
2434 403 2587 467 patre
2611 397 2917 469 unigenitus
2945 407 3000 456 et
3028 400 3297 470 perlectus
3322 401 3461 458 (ilius
3488 404 3630 461 Deus

330 480 621 549 invisibilis
645 489 939 553 operatur:
973 477 1103 535 facti
1128 478 1414 549 rationem,
1449 480 1692 553 quisquis
1721 478 1796 552 (a)
1828 479 1936 535 eris

330 575 642 634 caelestium
676 588 859 630 rerum
890 583 1182 642 scrutator,
1220 588 1450 644 expone.
1484 572 1655 630 Erant
1684 573 1934 645 discipuli

330 669 547 735 inclusi,
596 675 654 723 et
695 678 907 725 secreto
935 678 1057 741 post
1085 670 1390 740 passionem
1417 668 1632 726 Domini
1659 668 1936 739 conjuncti

332 761 715 818 consederant.
745 762 1009 821 Dominus
1041 763 1265 818 Thema:
1294 764 1452 819 ﬁdem
1486 762 1779 836 propositis
1805 777 1936 819 con—

330 854 626 911 ditionibus
654 854 1069 912 conﬁrmaturus
1095 856 1324 925 assistit,
1376 856 1632 929 palpandi
1662 857 1932 929 corporis,

331 956 391 1004 et
418 947 789 1004 contrectandi
817 948 1057 1005 vulneris
1082 949 1276 1005 obtulit
1296 948 1601 1005 facultatem
1627 966 1643 1004 :
1672 958 1726 1004 et
1754 949 1937 1021 utique

331 1041 423 1112 qui
452 1051 810 1111 compunctus
838 1041 1309 1115 reepgnoscendus
1351 1044 1441 1108 sit,
1491 1057 1715 1099 necesse
1750 1051 1833 1098 est
1879 1053 1936 1099 ut

333 1151 533 1208 corpus
562 1136 615 1191 in
648 1150 755 1208 quo
786 1146 868 1194 est
895 1148 1247 1207 compunctus
1271 1137 1531 1193 attulerit.
1564 1137 1760 1206 Qna'ro
1805 1153 1936 1208 ergo

331 1243 431 1300 per
469 1244 603 1299 quas
628 1228 828 1284 clausa:
857 1229 1049 1284 domus
1081 1238 1261 1300 partes
1284 1245 1406 1286 sese
1452 1245 1746 1300 corporeus
1792 1230 1938 1287 intu-

335 1322 488 1377 lerit.
511 1321 809 1393 Diligenter
836 1322 979 1377 enim
1009 1321 1350 1393 Evangelista
1381 1321 1665 1396 expressit,
1699 1323 1886 1379 dicens
1917 1338 1932 1378 :

337 1416 492 1471 Venit
535 1415 692 1473 Iesus
709 1417 888 1488 januis
934 1418 1142 1484 clausis,
1169 1426 1216 1472 et
1245 1418 1379 1473 stetit
1406 1417 1460 1471 in
1498 1417 1664 1472 medio
1707 1416 1936 1491 discipu-

331 1512 501 1567 lorum
525 1507 598 1585 (ὁ)
620 1527 831 1566 suorum
857 1509 1048 1583 (Ibid.,
1076 1510 1192 1584 ‘26).
1226 1512 1310 1567 An
1332 1518 1639 1567 constructa
1670 1510 1934 1581 parietum

333 1615 653 1679 penetrans,
694 1605 923 1661 solidam
956 1605 1222 1676 lignorum
1253 1614 1499 1660 naturam
1545 1602 1935 1677 impenetrabi-

333 1700 440 1754 lem
476 1696 832 1754 transcurrit?
872 1696 1033 1753 Stetit
1063 1711 1295 1766 namque
1339 1711 1652 1766 corporeus,
1709 1710 1817 1751 non
1864 1694 1938 1751 si-

2036 491 2195 539 nalus
2225 485 2314 553 sit,
2346 486 2467 557 quia
2497 500 2716 547 sensum
2742 498 2797 546 et
2818 504 3124 550 sermonem
3150 494 3403 551 humana:
3427 504 3633 563 naturae

2036 574 2207 633 virtus
2235 579 2599 647 generationis
2629 582 2875 639 excedat.

2106 668 2198 726 32.
2232 669 2318 729 Ea:
2366 690 2511 729 num.
2557 674 2650 733 21.
2686 676 2755 733 Ει
2783 678 2964 735 omnia
2988 678 3202 749 quidem
3231 681 3453 754 insuper
3483 700 3638 743 mun-

2037 759 2094 817 di
2144 776 2311 835 opera
2358 764 2549 822 adesse
2577 766 2734 827 nobis
2781 769 2834 824 in
2874 771 3240 829 testimonium
3271 784 3516 844 possent,
3565 794 3635 833 ne

2037 854 2312 926 ambigere
2357 856 2423 912 de
2454 856 2549 913 Dei
2581 858 2741 914 rebus
2761 870 2921 931 atque
2950 863 3235 920 virtutibus
3264 864 3348 921 fas
3376 868 3632 926 credere-

2037 961 2179 1001 mus.
2215 945 2320 1005 Sed
2351 949 2402 1003 iu
2450 949 2621 1017 ipsam
2653 953 2929 1008 veritatem
2966 955 3254 1011 inﬁdelitas
3279 967 3459 1014 nostra
3506 975 3633 1030 pro.

2038 1038 2229 1103 currit,
2260 1047 2314 1094 et
2343 1039 2562 1096 violenti
2591 1042 2643 1097 in
2682 1044 2947 1099 excidium
2988 1046 3081 1102 Dei
3115 1050 3392 1119 potestatis
3434 1050 3633 1107 irrum»

2039 1128 2233 1202 pimus.
2286 1131 2341 1189 Si
2389 1132 2599 1203 liceret,
2646 1144 2700 1190 et
2749 1151 2974 1206 corpora
3022 1146 3075 1193 et
3123 1155 3314 1197 manus
3341 1141 3406 1197 ad
3434 1142 3632 1197 coelum

2038 1221 2366 1294 levaremus,
2396 1225 2567 1281 solent
2598 1237 2851 1299 astraque
2880 1240 3073 1285 caetera
3116 1231 3281 1287 annui
3307 1248 3498 1289 cursus
3524 1235 3638 1289 suis

2034 1316 2301 1378 limitibus
2363 1320 2825 1392 proturbaremus,
2882 1324 3329 1399 permiscerenius
3380 1325 3638 1382 decessus

2039 1410 2238 1471 Oceani
2268 1422 2325 1470 et
2367 1428 2637 1479 accessus,
2670 1414 2868 1471 ﬂuenta
2918 1417 3079 1471 etiam
3113 1418 3336 1473 lontimn
3367 1419 3639 1476 inhibere-

2037 1520 2182 1573 mus,
2211 1514 2266 1563 et
2293 1514 2509 1562 naturas
2534 1505 2820 1564 ﬂuminum
2847 1507 3198 1576 referremus,
3220 1519 3637 1568 concuterenius

2038 1596 2385 1655 fundamenta
2418 1610 2597 1667 terrae,
2629 1610 2684 1657 et
2725 1610 2839 1657 toto
2864 1602 2918 1657 in
2970 1601 3090 1659 haec
3131 1619 3293 1674 opera
3335 1604 3429 1661 Dei
3471 1607 3637 1675 parri-

2038 1691 2180 1746 cidio
2226 1690 2632 1749 desaaviremus.
2687 1691 2797 1748 Sed
2842 1693 2984 1750 bene
3029 1702 3134 1760 est,
3181 1696 3323 1767 quod
3372 1712 3471 1753 nos
3496 1701 3634 1755 intra

330 1797 567 1855 mulatus
597 1803 693 1851 aut
724 1794 912 1851 fallax.
946 1793 1253 1867 Sequuntur
1277 1808 1409 1865 ergo
1436 1791 1579 1848 oculi
1605 1792 1801 1848 mentis
1829 1802 1934 1846 tua:
1964 1785 2012 1848 B
2040 1784 2178 1840 hanc
2216 1783 2496 1845 modestia:
2527 1788 2905 1843 necessitatem
2937 1798 3127 1847 natura
3164 1804 3448 1861 corporum
3496 1791 3636 1847 deti-

330 1890 673 1963 penetrantis
711 1888 1037 1961 ingressum,
1066 1897 1121 1945 et
1163 1901 1285 1947 cum
1325 1901 1391 1942 eo
1430 1887 1666 1944 clausam
1710 1883 1932 1941 domum

333 1984 710 2056 intelligentia
739 1993 844 2041 tute
880 1984 1028 2040 visus
1057 1983 1311 2039 introeat.
1340 1981 1555 2052 Integra
1598 1989 1725 2037 sunt
1753 1980 1934 2035 omnia

327 2087 388 2134 et
431 2078 723 2135 obserata:
771 2076 865 2135 sed
899 2090 1027 2135 ecce
1050 2076 1254 2135 assistit
1298 2074 1529 2143 medius,
1574 2073 1660 2128 cui
1705 2088 1800 2143 per
1824 2073 1935 2127 vir-

332 2179 505 2227 tutem
548 2184 704 2227 suam
751 2168 999 2226 universa
1045 2175 1172 2227 sunt
1199 2167 1404 2239 pervia.
1450 2164 1812 2246 Iuvisibilibus
1838 2179 1933 2219 ca-

328 2260 664 2319 lumniaris:
707 2275 810 2334 ego
858 2276 890 2319 a
937 2270 990 2323 te
1036 2260 1325 2317 visibilium
1374 2273 1608 2331 exposco
1645 2257 1930 2341 rationem.

322 2356 472 2413 Nihil
497 2354 644 2413 cedit
671 2371 739 2415 ex
771 2354 969 2423 solido,
1019 2370 1194 2429 neque
1239 2369 1335 2426 per
1374 2361 1618 2409 naturam
1648 2366 1801 2407 suam
1831 2350 1933 2406 ali-

327 2452 458 2522 quid
507 2460 778 2522 tamquam
825 2450 976 2521 lapsu
1023 2447 1324 2505 insensibili
1355 2448 1496 2518 ligna
1521 2457 1575 2502 et
1600 2445 1806 2516 lapides
1838 2444 1935 2499 ad-

326 2546 573 2605 mittunt.
604 2542 813 2616 Corpus
844 2542 1058 2603 Domini
1087 2557 1119 2601 a
1162 2557 1287 2601 sese
1316 2556 1422 2599 non
1453 2540 1660 2608 deﬁcit,
1706 2549 1763 2595 ut
1812 2555 1935 2597 sese

326 2648 572 2697 resumat
613 2654 681 2697 ex
727 2638 898 2695 nihilo
945 2655 958 2692 :
1007 2645 1063 2693 et
1108 2636 1249 2694 unde
1278 2626 1369 2707 qui
1411 2635 1614 2691 assistit
1656 2635 1709 2688 in
1753 2633 1934 2691 medio

325 2734 451 2790 est?
482 2732 637 2795 Cedit
662 2731 728 2789 ad
760 2731 879 2789 huic
909 2740 968 2789 et
995 2745 1188 2789 sensus
1207 2738 1265 2787 et
1292 2744 1492 2795 sermo,
1512 2728 1678 2802 586
1701 2737 1755 2784 et
1781 2737 1934 2785 extra

323 2828 595 2885 rationem
640 2825 928 2883 humanam
957 2832 1044 2883 est
1086 2824 1284 2880 veritas
1309 2822 1456 2878 facti.
1485 2822 1692 2878 idcirco
1719 2836 1849 2889 ergo
1876 2828 1936 2877 ut

320 2920 395 2979 de
420 2920 701 2977 ιθιὶνίοω
727 2918 808 2992 (c)
840 2917 1097 2985 fallimus,
1132 2918 1204 2977 ita
1234 2927 1288 2972 et
1312 2917 1382 2975 de
1428 2916 1676 2987 ingressu
1720 2916 1931 2973 Domini

322 3013 676 3069 mentiamur.
732 3011 985 3067 Dicamus
1031 3010 1231 3066 factum
1273 3026 1380 3064 non
1408 3008 1593 3072 fuisse.
1623 3007 1745 3077 quia
1776 3006 1935 3063 intel-

320 3104 603 3178 ligentiam
655 3104 780 3160 facti
837 3119 945 3163 non
1005 3101 1465 3173 apprehendimus
1511 3118 1525 3154 :
1580 3108 1638 3159 et
1686 3108 1934 3157 cessante

2038 1886 2150 1936 net.
2184 1876 2345 1935 Certe
2391 1895 2501 1934 non
2544 1878 2801 1951 fallimus,
2849 1880 2999 1952 quid,
3040 1881 3089 1938 si
3134 1882 3342 1951 liceret,
3392 1898 3636 1943 essemus

2037 1974 2206 2033 acturi
2236 1991 2249 2027 :
2278 1988 2513 2044 namque
2556 1974 2677 2045 quia
2708 1973 2779 2048 (ε)
2830 1988 3137 2042 possumus,
3187 1974 3412 2046 profana
3445 1975 3635 2031 volun-

2038 2066 2160 2121 tatis
2188 2065 2410 2121 audacia
2436 2075 2680 2122 naturam
2725 2067 2968 2127 veritatis
2995 2067 3372 2139 convellimus,
3420 2077 3477 2129 et
3518 2070 3634 2125 hel-

2037 2157 2147 2217 lum
2179 2157 2340 2215 dictis
2367 2159 2461 2214 Dei
2489 2173 2889 2230 comparamus.

2104 2250 2196 2307 35.
2225 2248 2308 2305 Ea;
2339 2250 2426 2307 lib.
2469 2266 2505 2307 tt
2550 2251 2614 2307 de
2654 2250 2804 2307 Trin.
2843 2269 2898 2309 η.
2930 2253 2984 2309 9.
3017 2252 3205 2309 Cesset
3232 2252 3394 2309 dolor
3439 2268 3635 2326 quereo

2037 2343 2229 2400 larum.
2261 2343 2395 2401 Nam
2430 2354 2502 2414 te,
2542 2346 2785 2418 quisquis
2825 2361 2884 2403 es
2913 2346 3002 2418 qui
3049 2345 3167 2403 haec
3215 2348 3479 2419 requires,
3525 2363 3633 2404 non

2036 2452 2232 2495 revoco
2277 2439 2328 2493 in
2376 2438 2673 2507 excelsum,
2727 2454 2835 2494 non
2886 2438 2939 2497 in
2991 2437 3398 2510 amplitudinem
3447 2441 3632 2509 tendo,

2037 2548 2143 2589 non
2167 2532 2374 2591 deduco
2401 2534 2453 2591 in
2478 2533 2822 2604 profundum.
2856 2532 3047 2589 Nonne
3069 2534 3439 2604 aequanimiter
3482 2535 3637 2606 igno-

2037 2624 2182 2681 rabis
2206 2624 2479 2683 Creatoris
2508 2626 2866 2693 nativitatem,
2893 2625 3146 2696 ignorans
3171 2625 3435 2697 originem
3482 2641 3635 2683 crea-

2037 2718 2212 2773 tura?
2258 2717 2372 2774 Hoc
2416 2718 2606 2775 saltem
2652 2718 2891 2790 requiro,
2925 2719 3164 2775 sentisne
3192 2728 3243 2774 te
3270 2720 3537 2789 genitum,
3580 2730 3638 2775 et

2039 2824 2157 2879 qua:
2188 2824 2254 2864 ex
2283 2818 2332 2864 te
2359 2819 2687 2882 generentur
2714 2808 3007 2880 intelligis?
3032 2808 3149 2866 Non
3175 2824 3381 2881 quaero,
3413 2826 3632 2866 sensum

2036 2902 2180 2959 unde
2226 2885 2492 2968 hauseris,
2542 2902 2707 2957 vitam
2754 2902 2897 2961 unde
2941 2902 3162 2959 sortitus
3201 2902 3297 2972 sis,
3327 2902 3636 2975 intelligen-

2038 2995 2165 3049 tiam
2194 2995 2336 3050 unde
2363 2995 2589 3069 adeptus
2619 2996 2717 3058 sis,
2740 2996 2899 3066 quale
2925 2995 2995 3052 sit
3022 2995 3164 3068 quod
3190 2996 3244 3052 in
3273 3008 3325 3054 te
3353 3008 3455 3065 est,
3474 2997 3629 3066 odor,

2036 3103 2254 3157 sensus,
2288 3090 2460 3154 visus,
2486 3089 2727 3157 auditus;
2757 3098 2904 3147 certe
2930 3106 3091 3146 nemo
3111 3089 3252 3160 quod
3272 3089 3401 3146 facit
3425 3092 3594 3147 nescit
3617 3110 3630 3144 :

318 3173 494 3259 sensu
525 3208 740 3266 nostro,
787 3197 916 3254 lacti
962 3197 1131 3271 ipsius
1157 3203 1336 3255 cesset
1358 3194 1603 3251 eﬁ'ectus.
1631 3192 1737 3253 sed
1776 3208 1932 3251 me".
1959 3173 2004 3236 C
2036 3199 2224 3256 quaero
2253 3183 2390 3239 unde
2416 3183 2516 3238 ista
2550 3184 2632 3239 his
2661 3184 2729 3256 (f)
2763 3198 2898 3256 quos
2930 3197 3157 3253 generos
3182 3183 3477 3255 indulgeas,
3500 3199 3635 3254 qua-

325 3294 548 3350 daciuni
580 3302 824 3348 nostrum
855 3290 980 3347 facti
1008 3288 1142 3347 lides
1181 3288 1367 3344 vincit.
1413 3287 1634 3343 Adstitit
1679 3286 1934 3341 Dominus

322 3389 514 3446 clausa
561 3387 725 3443 domo
773 3388 827 3441 in
875 3384 1054 3443 medio
1099 3383 1483 3452 discipulorum
1513 3398 1526 3437 :
1560 3388 1617 3436 et
1654 3380 1824 3436 Filius
1852 3388 1944 3435 est

320 3494 491 3541 natus
538 3496 608 3537 ex
654 3479 833 3536 Patre.
879 3477 999 3535 Noli
1032 3490 1228 3547 negare
1256 3474 1398 3546 quod
1427 3472 1656 3539 steterit,
1685 3472 1809 3542 quia
1839 3487 1935 3541 per

323 3574 697 3645 intelligentiae
741 3570 1105 3629 inﬁrmitatem
1153 3567 1501 3624 consistentis
1540 3579 1646 3619 non
1677 3563 1757 3635 (ά)
1802 3577 1935 3619 con-

324 3668 579 3740 sequaris
599 3666 880 3725 introitum
925 3680 939 3720 :
974 3660 1081 3718 noli
1105 3658 1316 3719 nescire
1344 3657 1486 3731 quod
1517 3658 1585 3716 ab
1612 3656 1849 3728 ingenito
1877 3664 1932 3716 et

398 3802 480 3875 (α)
511 3802 667 3868 Mss.,
695 3799 924 3875 quisquis
953 3799 1135 3875 lueret.

400 3870 481 3944 (ὁ)
518 3875 614 3928 llic
642 3887 673 3928 a
699 3870 832 3944 mss.
865 3872 1020 3944 abest
1042 3870 1323 3944 dumtaxat
1352 3882 1589 3944 suorum.

397 3941 477 4017 (ε)
502 3944 737 4017 Rursum
768 3943 857 4000 hic
888 3941 1020 4001 edit.

325 4015 419 4073 tur
438 4032 507 4071 ex
534 4015 770 4086 scriptis.

400 4087 486 4160 (ά)
512 4086 571 4142 ln
602 4084 760 4154 niss.,
792 4084 1042 4158 sequaris.

1071 3941 1305 4015 fallimur
1346 3953 1367 3996 :
1408 3938 1588 3997 denuo
1637 3939 1931 3999 emendan-

334 4214 3058 4247 W—

2038 3278 2165 3333 liter
2188 3292 2405 3337 Sensum
2438 3277 2666 3342 inseras,
2719 3276 2905 3332 oculos
2951 3275 3234 3344 accendas,
3283 3291 3377 3331 cor
3421 3274 3630 3346 alligas.

2039 3372 2188 3440 limo,
2219 3372 2264 3428 si
2303 3379 2476 3444 potes,
2521 3385 2734 3429 enarra.
2781 3369 2959 3426 Habes
2992 3384 3124 3441 ergo
3151 3369 3293 3439 quod
3341 3369 3537 3432 nescis,
3581 3377 3636 3424 et

2042 3465 2231 3521 tribuis
2274 3480 2395 3536 qua:
2444 3480 2551 3521 non
2585 3464 2883 3535 intelligis:
2939 3462 3312 3534 :cquunimitet'
3352 3460 3635 3534 imperitus

2039 3557 2093 3615 in
2124 3558 2252 3625 tuis,
2280 3557 2577 3615 insolenter
2606 3556 2659 3615 in
2695 3556 2788 3613 Dei
2815 3556 2976 3611 rebus
3000 3555 3236 3627 ignarus.

2109 3798 2181 3870 (e)
2210 3799 2298 3870 Et
2323 3795 2412 3853 hic
2450 3796 2581 3853 editi
2621 3794 2935 3868 particulam
2976 3797 3261 3860 negantem
3310 3786 3627 3859 prmllgunt;

2034 3869 2391 3926 renitentibus
2418 3884 2548 3924 mss.

2107 3941 2181 4013 (Ῑ)
2215 3941 2430 4012 Aliqum
2460 3953 2612 4013 mss._
2632 3937 2817 4009 quibus
2843 3935 3084 3995 retineris
3112 3949 3131 3993 .°
3168 3947 3295 3988 mox
3339 3930 3500 3991 Miclt.
3546 3944 3634 3989 cor

2033 4010 2242 4086 αι’βίρω
2265 4052 2281 4081 ,
2305 4010 2411 4067 non
2439 4010 2729 4087 cora/ﬁgas.

3060 4195 3600 4225 ____________._

1430 4316 2500 4455 ADMONITIO

972 4516 1096 4600 IN
1162 4516 1624 4602 LIBRUM
1680 4518 2164 4604 CONTRA
2226 4518 2991 4606 AUXENTIUM.

401 4772 444 4828 1.
477 4770 645 4828 Libro
676 4768 804 4839 hoc,
849 4776 903 4827 ul
931 4784 1052 4829 cum
1096 4768 1426 4842 Hieronymo
1460 4767 1546 4841 (de
1576 4768 1751 4838 Scrip.
1775 4769 1928 4843 εδει.)
1955 4776 2011 4838 Ι)
2037 4771 2274 4842 priorum
2305 4772 2603 4833 editionum
2638 4772 2891 4840 lectione,
2920 4789 3023 4844 qua
3055 4772 3357 4833 Auxentius
3402 4773 3472 4828 ita
3503 4772 3639 4829 scri-

322 4867 641 4939 loqnamur,
687 4864 957 4935 elegante,
992 4863 1223 4921 Hilarius
1266 4862 1336 4921 de
1364 4862 1476 4923 suis
1505 4879 1628 4923 cum
1664 4864 1933 4925 Aurentio

327 4957 626 5016 Hediolani
674 4958 842 5028 gestis
906 4955 1204 5015 catholicos
1254 4957 1516 5019 certiores
1580 4957 1726 5013 facit.
1777 4956 1933 5015 Illum

329 5050 642 5109 Constantii
693 5059 959 5120 tempore,
1006 5063 1071 5104 ac
1129 5048 1354 5119 proinde
1397 5058 1524 5109 ante
1566 5065 1764 5107 annum
1807 5050 1936 5116 561,

327 5144 545 5203 editum
593 5156 715 5198 esse
766 5150 1062 5214 repugnat;
1091 5143 1338 5213 quamvis
1372 5141 1477 5201 hoc
1502 5156 1697 5205 sonare
1722 5143 1941 5205 videan-

332 5249 425 5299 tur
481 5234 840 5306 expendenda
892 5250 993 5295 sno
1048 5235 1168 5291 loco
1241 5235 1480 5297 Facundi
1535 5236 1941 5299 Hermianensis

323 5330 496 5389 verba
529 5326 857 5401 (Facundua,
903 5339 941 5383 t.
973 5344 1030 5385 ιιι
1062 5328 1274 5400 Spicil.,
1308 5347 1359 5402 ρ.
1398 5329 1544 5402 118),
1589 5329 1774 5402 Neque
1820 5347 1938 5388 ma-

323 5424 411 5497 gis
442 5418 664 5487 veritati
691 5429 1056 5481 consentanea
1087 5429 1171 5487 est
1196 5420 1411 5479 Baronii
1432 5436 1497 5479 ac
1523 5421 1786 5481 Blondelli
1810 5437 1938 5485 sen-

329 5514 526 5580 tentia,
576 5528 680 5585 qua
721 5526 846 5573 eum
875 5528 1016 5569 anno
1070 5511 1180 5571 569
1220 5513 1483 5583 scriptum
1516 5514 1705 5570 volunt
1750 5531 1764 5569 :
1815 5530 1937 5575 cum

334 5625 405 5671 eo
434 5617 678 5680 tempore
710 5607 961 5676 Hilarius,
996 5606 1350 5682 Hieronymo,
1396 5606 1635 5677 Sulpicio
1660 5608 1863 5667 Severo
1891 5617 1945 5667 et

337 5702 607 5777 Gregorio
651 5700 954 5769 Turonensi
1001 5702 1335 5771 auctoribus,
1379 5715 1411 5763 θ
1460 5702 1602 5765 vivis
1647 5704 1947 5773 excessisse

343 5796 752 5877 comprobatur.
801 5796 1071 5874 Deceptus
1116 5802 1345 5873 uterque
1406 5795 1509 5858 iuit
1554 5812 1624 5860 ex
1688 5796 1949 5863 mendosa

2038 4864 2200 4923 bebat
2228 4881 2375 4923 nunt.
2408 4865 2511 4923 l2:
2542 4883 2644 4923 non
2686 4875 2920 4936 oportere
2969 4866 3075 4923 600
3117 4867 3472 4936 episcoporum
3516 4866 3640 4920 uni-

2041 4967 2196 5015 tatem
2241 4967 2357 5030 post
2417 4967 2585 5015 tantos
2631 4958 2832 5017 labores
2876 4976 2939 5015 ea:
2985 4959 3304 5014 contentione
3354 4974 3637 5029 paucorum

2042 5054 2304 5113 hominum
2335 5054 2575 5125 refricari
2619 5067 2867 5113 ABJEC'I‘IS
2902 5069 3166 5111 nscns'rts
3195 5063 3312 5111 ante
3362 5070 3524 5108 annos
3554 5053 3643 5107 de-

2043 5163 2174 5215 cem,
2230 5156 2290 5204 ut
2331 5146 2400 5202 de
2444 5156 2758 5217 contemptu
2825 5146 3244 5205 Ariminensium
3294 5145 3640 5200 decretorum

2045 5251 2169 5297 ante
2190 5255 2360 5297 annos
2391 5241 2577 5297 decem
2604 5240 2869 5297 editorum
2917 5239 3176 5311 conqueri
3203 5239 3501 5296 videretur.
3537 5238 3640 5295 Vo.

2045 5348 2165 5393 rum
2211 5347 2278 5393 ex
2323 5347 2386 5393 ea
2433 5333 2547 5404 ipsa
2599 5331 2832 5389 lectione
2869 5332 2982 5404 jam
3041 5332 3298 5403 castigata
3347 5331 3643 5389 internosci

2047 5426 2228 5487 verius
2258 5435 2435 5495 potest
2465 5425 2624 5497 hujus
2669 5426 2851 5496 operis
2895 5432 3128 5495 tempus.
3173 5422 3308 5483 Cum
3356 5424 3499 5479 enim
3547 5437 3644 5494 pro

2050 5517 2261 5590 asjecm
2303 5517 2517 5575 decretis
2556 5526 2676 5572 ante
2713 5533 2878 5573 annos
2923 5516 3114 5583 decem,
3163 5514 3445 5585 legendum
3484 5515 3557 5571 sit
3584 5513 3647 5577 ab

2049 5611 2266 5687 objectis
2294 5621 2417 5669 ante
2454 5629 2617 5673 annos
2655 5613 2864 5678 decem;
2907 5625 3135 5679 cumque
3165 5608 3465 5672 Auxentius
3509 5622 3646 5680 quos

2064 5705 2187 5767 illos
2215 5707 2459 5779 abiectos
2485 5708 2770 5782 intelligat,
2801 5707 3030 5769 subinde
3056 5708 3297 5767 declaret
3326 5704 3411 5785 bis
3436 5713 3620 5780 [nostra

2072 5800 2176 5867 mis
2195 5802 2448 5880 epistola:
2478 5819 2592 5865 sua:
2626 5803 2844 5865 verbis:
2877 5803 2971 5865 Sir
3015 5803 3150 5865 enim
3197 5808 3465 5879 cognoscet
3502 5799 3658 5874 Sere-
