4106 6192
505 282 609 341 607

1711 282 1786 339 SA
1798 279 1954 336 NCTI
1988 276 2243 336 IIILARII
2284 277 2590 336 EPISCOPI

3705 286 3816 342 608

505 404 642 458 nitas
687 413 876 472 vestra,
927 401 1048 474 quia
1090 402 1177 472 qui
1220 399 1534 474 jamdudum
1577 399 1798 470 depositi
1848 408 1986 465 sunt,
2018 396 2112 450 hoc
2138 396 2190 456 Α
2218 393 2652 465 interpellatione
2678 398 2966 468 suggessit,
2997 396 3324 453 Auxentium
3368 397 3526 454 aliter
3567 399 3814 467 credere,

509 504 604 560 est,
661 494 900 550 Hilarius
947 504 994 548 et
1052 491 1324 560 Eusebius,
1381 491 1692 548 contendunt
1723 492 1907 558 ubique
1932 489 2108 543 schis—

510 596 651 642 mata
697 587 869 655 facere
896 601 915 640 :
943 584 1070 640 hinc
1112 593 1317 639 tantum
1365 584 1611 654 sequitur
1635 626 1649 648 ,
1702 581 1955 652 scriptam
1987 594 2110 636 esse

509 677 761 735 Auxentii
789 676 1100 748 epistolam,
1150 685 1205 732 et
1245 676 1469 748 perinde
1515 676 1779 746 reliquum
1820 688 1976 743 Opus,
2019 672 2112 728 de-

512 785 632 825 cem
682 784 854 825 annos
904 779 1022 841 post
1069 785 1230 840 quam
1259 770 1366 823 duo
1411 768 1488 824 illi
1525 767 1805 824 fortissimi
1846 765 2111 822 Przesules

507 863 704 933 abjecti
738 861 907 919 luere.
939 864 1007 919 At
1035 877 1160 918 vero
1192 864 1480 919 Eusebium
1509 877 1536 916 a
1583 862 1813 918 concilio
1855 859 2112 916 Mediola-

516 955 671 1010 nensi
711 955 839 1010 anni
869 955 997 1020 555,
1026 970 1055 1010 a
1100 956 1391 1010 Biterrensi
1431 964 1610 1010 autem
1653 955 1778 1010 anni
1810 953 1936 1022 556,
1969 952 2113 1008 Hila-

511 1048 649 1104 rium
682 1046 736 1102 in
769 1048 1018 1102 exsilium
1049 1049 1282 1118 ejectum
1315 1049 1479 1104 fuisse
1509 1063 1670 1104 nemo
1702 1050 1929 1120 ignorat.

582 1139 646 1194 ll.
683 1139 946 1196 Praeterea
996 1149 1056 1194 ut
1099 1141 1279 1210 operis
1325 1140 1486 1210 hujus
1535 1149 1746 1211 tempus
1787 1139 1989 1194 certius
2032 1136 2116 1192 di-

516 1243 827 1303 gnoscatur,
866 1232 1151 1302 explorare
1199 1233 1400 1304 juverit
1430 1234 1646 1304 quando
1691 1231 2106 1289 Valentinianus

513 1327 797 1383 Mediolani
845 1337 1094 1382 versatus
1142 1329 1231 1382 sit.
1278 1327 1465 1383 Hilarii
1511 1329 1654 1382 enim
1684 1342 1805 1382 cum
1850 1325 2114 1380 Auxentio

511 1432 882 1489 congressum,
919 1419 1010 1474 illo
1043 1419 1112 1474 ibi
1138 1429 1524 1486 commorante,
1554 1419 1792 1474 habitmn
1813 1419 1978 1473 fuisse
1994 1433 2105 1472 ma-

514 1510 770 1566 nifestum
799 1518 907 1566 est.
940 1511 1226 1566 Mediolani
1268 1521 1450 1567 autem
1494 1511 1923 1566 Valentinianum
1971 1523 2114 1563 anno

511 1603 639 1669 564,
695 1603 987 1658 identidem
1039 1612 1309 1658 versatum
1377 1617 1520 1670 esse,
1569 1603 1728 1658 fidem
1780 1603 1979 1657 faciunt
2027 1618 2114 1656 re-

510 1698 710 1767 scripta
743 1697 869 1752 inde
898 1695 1002 1753 hoc
1032 1698 1149 1768 ipso
1194 1713 1336 1754 anno
1378 1698 1502 1753 data
1544 1698 1788 1754 kalendis
1831 1698 2113 1768 juniis,15

2215 504 2376 560 quam
2421 505 2517 545 rex
2561 490 2677 561 ipse
2720 499 2813 545 aut
2855 506 3047 547 omnes
3097 492 3186 546 alii
3234 492 3627 549 existimarent.
3679 494 3820 551 Hinc

2215 595 2561 652 congressus,
2613 583 2766 653 cujus
2793 593 2943 654 gesta
2996 585 3095 639 hoc
3142 584 3281 640 libro
3311 595 3621 654 narrantur,
3651 587 3810 657 jussu

2215 677 2357 745 regis
2389 675 2624 731 habitus.
2658 677 2724 732 Et
2776 677 2889 732 haec
2916 678 3131 749 quidem
3165 679 3366 747 omnia,
3418 695 3539 750 qua:
3584 696 3649 736 ex
3689 682 3822 752 ipsis

2217 770 2407 826 Hilarii
2455 770 2632 826 verbis
2684 773 2897 842 assequi
2930 781 3022 826 aut
3067 781 3214 827 certe
3253 772 3570 828 subodorari
3614 784 3719 838 est,
3766 775 3820 830 in

2217 861 2269 916 id
2311 869 2546 932 tempus,
2581 877 2686 933 quo
2717 862 3128 918 Valentinianus
3174 863 3535 920 Mediolanum
3581 866 3822 936 primum

2220 958 2485 1028 pervenit,
2539 971 2603 1012 ac
2645 958 2868 1028 proinde
2910 959 2964 1012 in
3011 973 3213 1012 annum
3259 958 3386 1025 504,
3439 958 3597 1029 longe
3650 959 3825 1030 magis

2219 1065 2380 1120 qnam
2415 1049 2468 1104 in
2501 1051 2920 1121 subsequentem
2951 1051 3300 1106 conveniunt.
3665 1061 3680 1074 '

2292 1144 2381 1198 IV.
2417 1143 2524 1199 Nec
2554 1160 2772 1200 movere
2798 1145 2979 1211 debet,
3011 1143 3153 1216 quod
3193 1145 3495 1201 Auxentins
3525 1144 3822 1200 Eusebium

2218 1248 2274 1294 et-
2302 1239 2563 1294 Hilarium
2585 1249 2714 1295 ante
2741 1255 2912 1295 annos
2943 1239 3130 1295 decem
3161 1241 3404 1311 altjectos
3421 1255 3515 1296 seu
3545 1241 3825 1310 depositus

2217 1340 2394 1386 vocrt.
2429 1332 2504 1386 Ea
2536 1333 2679 1387 enim
2710 1333 2872 1387 verba
2900 1331 3141 1386 haeretici
3169 1343 3296 1387 sunt
3322 1333 3376 1386 in
3409 1343 3546 1388 aestu
3576 1334 3824 1404 disputa-

2220 1425 2402 1489 tionis,
2435 1425 2523 1496 qni
2556 1441 2662 1496 quo
2709 1425 2987 1481 meliorem
3019 1440 3235 1480 causam
3287 1441 3438 1480 suam
3491 1427 3676 1493 faciat,
3724 1427 3830 1500 hy—

2219 1517 2492 1586 perbolice
2505 1517 2738 1588 loquitur
2753 1532 2768 1572 :
2785 1518 3054 1588 quomodo
3073 1519 3316 1588 proxime
3329 1527 3455 1574 ante
3468 1523 3505 1574 Α
3517 1519 3831 1576 rimiuensis

2218 1609 2442 1665 Concilii
2462 1611 2592 1682 (quo
2621 1610 2859 1679 Sulpicio
2883 1619 3042 1679 teste,
3080 1612 3238 1681 eique
3259 1612 3634 1666 consentiente
3656 1611 3831 1668 Atha-

2218 1703 2369 1757 nasio
2399 1701 2577 1775 (Sulp.
2628 1720 2748 1774 pag.
2781 1703 2909 1769 252,
2955 1705 3202 1758 Atltanas.
3237 1705 3300 1758 de
3341 1703 3480 1775 Syn.
3515 1723 3566 1776 p.
3597 1705 3722 1760 874.
3774 1717 3828 1761 et

512 1787 621 1844 kal.
649 1788 784 1858 Jul.,
815 1791 881 1846 Η
915 1789 1022 1844 kal.
1071 1799 1235 1860 sept.,
1287 1791 1424 1862 prid.
1476 1806 1606 1846 non.
1658 1791 1934 1857 novemh.,
1981 1806 2108 1848 nec-
2142 1799 2190 1859 B
2216 1795 2363 1865 epist.
2395 1796 2462 1847 ad
2490 1794 2653 1864 Afra),
2683 1810 2788 1848 non
2837 1795 2992 1849 multi
3038 1809 3197 1865 supra
3239 1795 3681 1865 quadringentos,
3711 1797 3827 1852 imo

512 1899 620 1940 non
651 1884 717 1938 15
749 1892 805 1939 et
831 1885 862 1938 7
903 1883 1010 1938 kal.
1065 1883 1184 1940 dcc.
1237 1884 1427 1956 Neque
1459 1886 1637 1940 minus
1667 1884 1838 1954 liquet
1864 1900 1926 1939 ex
1953 1883 2114 1939 variis

517 1975 820 2046 rescriptis,
854 1991 976 2030 eum
1025 1977 1076 2030 in
1107 1976 1296 2032 eadem
1324 1977 1457 2033 urbe
1499 1979 1790 2031 maximam
1820 1975 1948 2031 anni
1983 1975 2113 2031 sub-

521 2069 800 2138 sequentis
830 2077 1038 2139 partem
1074 2071 1421 2140 transegisse.
1468 2070 1635 2125 Porro
1676 2069 1948 2126 Ammiani
1999 2069 2113 2140 (lib.

522 2175 671 2224 xxvi,
704 2176 750 2213 c.
803 2159 859 2226 6)
891 2161 1200 2215 testimonio
1223 2175 1286 2215 ac
1317 2160 1563 2230 pluribus
1588 2159 1708 2216 aliis
1753 2163 2114 2215 monumentis

522 2263 760 2317 constat,
808 2251 1242 2307 Valentinianum
1274 2268 1463 2309 mense
1509 2253 1788 2309 novembri
1828 2253 1956 2308 anni
1985 2253 2111 2319 565,

522 2345 736 2399 venisse
767 2344 1024 2408 Parisios.
1059 2361 1234 2418 neque
1264 2347 1420 2402 annis
1447 2345 1902 2417 subsequentibus
1929 2361 1957 2400 a
1989 2345 2115 2402 Gal-

523 2437 609 2491 liis
636 2437 957 2494 decessisse.
1010 2437 1164 2496 Unde
1205 2456 1326 2495 cum
1372 2440 1716 2511 perspicuum
1747 2439 1838 2502 sit,
1890 2439 2114 2509 praedic-

519 2539 632 2586 tum
661 2546 1008 2602 congressum
1037 2543 1164 2587 ante
1191 2547 1432 2588 mensem
1459 2532 1809 2588 novembrem
1828 2547 1956 2586 ann.
1983 2530 2109 2598 565,

519 2625 685 2680 fuisse
733 2626 1008 2689 habitum;
1056 2626 1433 2698 inquirendum
1465 2628 1744 2682 dumtaxat
1787 2635 1975 2692 restat,
2020 2627 2115 2681 ha-

521 2718 736 2774 bitusne
765 2719 834 2773 sit
858 2735 1003 2775 anno
1033 2719 1159 2785 565,
1189 2735 1254 2774 an
1281 2719 1405 2774 564.
1434 2719 1694 2776 Neutrum
1722 2721 1936 2790 quidem
1965 2730 2114 2775 certo

521 2810 749 2866 deﬁnire
773 2812 936 2868 licet:
985 2821 1316 2882 postremum
1356 2824 1558 2878 tamen,
1603 2813 1938 2869 considerata
1986 2827 2116 2867 con-

520 2917 739 2973 gressus
770 2905 928 2974 hujus
958 2907 1264 2969 occasione,
1314 2915 1368 2961 et
1408 2920 1588 2960 rerum
1635 2907 1686 2960 in
1731 2921 1798 2961 eo
1840 2915 2112 2976 gestarum

523 2997 665 3051 serie
689 2999 978 3068 explicata,
1009 2999 1166 3070 longe
1202 2999 1531 3070 probabilius
1555 2999 1854 3070 apparebit.

591 3089 676 3143 III.
712 3089 976 3145 Eusebius
1003 3091 1598 3158 Vercellensis,Rulino
1629 3103 1782 3160 teste,
1815 3092 1909 3148 lib.
1936 3108 1950 3147 ι
1973 3091 2110 3148 Hist.

2211 1888 2369 1959 juxta
2394 1887 2738 1944 Maximinum
2761 1889 3018 1944 Arianum
3045 1890 3205 1960 (apud
3227 1889 3503 1961 Augustin.
3537 1889 3658 1943 coll.
3691 1907 3813 1943 cum

2216 1980 2393 2034 eodeni
2442 1978 2657 2035 Maxim.
2699 1998 2752 2034 η.
2805 1979 2861 2052 2)
2906 1981 3129 2036 trecenti
3178 1989 3232 2036 et
3281 1981 3493 2050 triginta
3533 1980 3824 2034 dumtaxat

2215 2072 2541 2146 convenere)
2584 2085 2939 2129 sexcentarum
2983 2081 3148 2144 (num.
3195 2072 3285 2142 I2)
3317 2074 3667 2144 episcOporum
3704 2075 3830 2126 uni-

2219 2175 2374 2220 tatem
2395 2165 2644 2236 jactitare
2676 2182 2781 2221 non
2813 2167 3105 2222 erubescit.
3143 2165 3248 2221 Sed
3277 2174 3333 2220 et
3361 2165 3500 2220 hanc
3527 2165 3819 2237 synodum,

2216 2275 2338 2330 qua:
2365 2259 2596 2314 subinde
2633 2261 2701 2313 ab
2732 2261 2983 2314 omnibus
3013 2259 3236 2328 explosa
3266 2269 3368 2324 est,
3417 2259 3560 2314 haud
3598 2261 3712 2314 scio
3753 2276 3823 2316 an

2219 2349 2446 2405 fidenter
2473 2350 2609 2404 adeo
2634 2366 2776 2405 anno
2806 2351 2915 2406 565
2943 2350 3163 2407 laudare
3188 2365 3353 2406 ausus
3386 2361 3532 2407 esset
3562 2351 3727 2407 homo
3759 2353 3822 2406 li-

2218 2440 2303 2496 dei
2327 2440 2646 2496 simulanda:
2677 2441 2972 2497 studiosus.

2296 2533 2359 2589 V.
2393 2533 2474 2589 Ad
2507 2533 2666 2604 hujus
2707 2533 2990 2590 Tractatns
3033 2533 3492 2605 complementum
3532 2533 3817 2590 desidera-

2220 2636 2307 2682 tur
2329 2626 2563 2694 libellus,
2589 2643 2745 2697 quem
2771 2628 2881 2696 regi
2924 2641 3046 2682 sese
3073 2627 3333 2682 obtulisse
3353 2636 3407 2680 et
3434 2626 3676 2696 epistolae
3703 2642 3820 2681 sua:

2220 2719 2563 2774 subtexuisse
2593 2727 2819 2774 testatur
2849 2719 3264 2790 Hilarius(num.
3293 2717 3737 2790 6):desideratur
3766 2730 3823 2775 et

2219 2811 2578 2867 Ariminensis
2611 2811 2742 2867 fides
2764 2854 2778 2874 ,
2808 2827 2965 2881 quam
2991 2827 3094 2867 una
3116 2827 3238 2867 cum
3269 2812 3452 2867 libello
3480 2828 3578 2867 suo
3599 2813 3789 2867 Auxen

2220 2903 2327 2958 tius
2370 2918 2430 2958 se
2471 2902 2852 2959 Valentiniano
2893 2903 3178 2959 tradidisse
3223 2904 3325 2959 sub
3361 2903 3603 2975 ejusdem
3651 2903 3817 2959 libelli

2221 2994 2380 3050 linem
2410 3004 2818 3050 commemorat.

2291 3086 2379 3142 VI.
2413 3087 2597 3158 Neque
2623 3087 2842 3143 defuere
2869 3088 2957 3159 qui
2981 3089 3336 3159 ambigerent,
3364 3104 3429 3142 an
3455 3103 3575 3143 eam
3602 3088 3822 3149 Auxen-

521 3180 696 3248 Eccl.,
723 3197 844 3252 cap.
874 3183 963 3250 50,
1013 3191 1132 3253 post
1179 3184 1602 3238 Alexandrinum
1649 3184 1937 3239 concilium
1987 3184 2116 3238 anni
2145 3191 2190 3254 ο
2221 3180 2380 3235 tiana:
2421 3180 2548 3236 lidei
2597 3181 3028 3252 expositionem,
3075 3183 3228 3252 cujus
3258 3183 3562 3252 exemplum
3606 3197 3753 3236 num.
3787 3180 3823 3235 9

522 3274 650 3340 562,
683 3277 736 3329 in
767 3275 971 3329 Italiam
1003 3275 1238 3340 rediens,
1273 3276 1532 3332 Hilarium
1558 3273 1802 3355 nostrum
1832 3277 1902 3332 ibi
1927 3287 2117 3332 nactus

525 3374 610 3422 est
638 3367 702 3420 ad
737 3368 1120 3424 restaurandas
1147 3369 1308 3442 hujus
1355 3370 1587 3441 regionis
1628 3371 1883 3426 ecclesias
1929 3371 2118 3427 sedulo

523 3459 946 3529 incumbentem,
977 3462 1138 3534 eique
1161 3477 1220 3518 se
1251 3464 1302 3518 in
1334 3463 1476 3518 idem
1506 3477 1644 3534 opus
1683 3463 1942 3534 adjunxit.
1971 3465 2120 3519 Sicut

525 3560 705 3608 autem
746 3553 966 3610 dubitttn
1003 3571 1110 3612 non
1153 3565 1258 3624 est,
1300 3558 1429 3628 quin
1479 3557 1587 3613 duo
1635 3559 1712 3613 illi
1762 3558 1861 3614 viri
1903 3559 1956 3613 id
2003 3565 2116 3613 tum

527 3647 762 3703 maxime
810 3649 986 3704 adnisi
1031 3651 1176 3715 sint,
1211 3662 1268 3705 ut
1310 3651 1515 3708 Italiam
1548 3651 1815 3708 Auxentio
1845 3664 2116 3721 tamquam

525 3739 852 3810 nequissima
905 3752 1054 3811 peste
1102 3743 1426 3810 liberarent;
1477 3745 1548 3799 ita
1597 3759 1703 3800 non
1731 3754 1814 3801 est
1843 3743 2121 3815 ambigen-

524 3832 673 3900 dmn,
727 3835 856 3905 quin
912 3836 1198 3892 haereticus
1245 3839 1359 3904 ille,
1409 3839 1501 3909 qui
1553 3838 1710 3894 fidem
1743 3855 1842 3911 pro
1876 3848 2120 3910 tempore

523 3926 780 3982 simulare
844 3940 1086 3996 noverat,
1131 3931 1314 3987 statim
1369 3940 1529 4002 atque
1593 3932 1936 4004 imperatoris
1997 3933 2119 3988 novi

523 4021 898 4087 Opportunitas
945 4021 1068 4077 data
1117 4034 1222 4090 est,
1267 4038 1363 4079 eos
1409 4023 1549 4094 apud
1597 4023 1745 4079 illum
1793 4035 2120 4095 praevertere

523 4122 750 4169 conatus
796 4114 890 4182 sit,
930 4131 962 4171 a
1005 4117 1198 4186 quibus
1243 4119 1463 4174 exitium
1506 4119 1609 4174 sibi
1638 4120 1954 4190 impendere
1982 4135 2121 4191 pra:-

524 4205 765 4263 videbat.
816 4209 950 4264 Hinc
991 4211 1188 4268 factum
1233 4223 1336 4278 est,
1369 4223 1426 4269 ut
1453 4214 1713 4270 Hilarium
1739 4223 1796 4270 et
1826 4214 2117 4271 Eusebium

525 4297 666 4368 apud
696 4299 1076 4370 imperatorem
1110 4303 1397 4362 infamaret
1422 4308 1592 4374 (num.
1628 4307 1719 4380 14)
1746 4309 1820 4364 uti
1853 4308 2119 4364 schisma-

529 4400 642 4446 tnm
670 4402 939 4458 auctores,
971 4405 1025 4450 et
1045 4397 1291 4453 ecclesia:
1325 4398 1740 4456 Mediolanensis
1782 4401 2123 4470 perturbato-

527 4496 650 4548 res;
683 4482 810 4538 dum
838 4485 936 4539 sibi
968 4485 1136 4552 (num.
1168 4489 1245 4558 5),
1277 4489 1367 4559 qui
1392 4504 1499 4544 una
1527 4504 1650 4545 cum
1675 4491 1821 4561 Rege
1845 4490 2118 4547 Christum

2222 3275 2574 3344 promittitur,
2619 3290 2932 3346 germanam
2982 3275 3324 3332 haberemus.
3372 3276 3629 3342 Quamvis
3675 3276 3820 3331 enim

2222 3367 2496 3437 subjectus
2519 3367 2584 3421 ad
2613 3366 2817 3422 calcem
2865 3368 3023 3437 hujus
3053 3368 3294 3438 epistola:
3328 3368 3576 3421 Auxentii
3609 3367 3822 3422 libellus

2222 3459 2325 3514 hoc
2354 3460 2574 3515 nomine
2614 3459 2973 3523 inscribatur;
3013 3459 3067 3514 in
3097 3473 3164 3514 eo
3191 3467 3368 3514 tamen
3410 3474 3515 3513 non
3543 3458 3822 3515 oll‘endere

2222 3555 2383 3610 verba
2432 3555 2519 3609 illa
2565 3554 2836 3625 ambigua,
2867 3564 3044 3608 natum
3090 3553 3256 3608 Deum
3285 3570 3454 3608 verum
3484 3554 3671 3624 ﬁlium,
3700 3570 3822 3624 qua:

2223 3647 2275 3704 in
2330 3647 2581 3703 Anxentii
2625 3648 2963 3717 expositione
3003 3647 3375 3702 fraudulenter
3410 3646 3476 3701 ad
3523 3646 3822 3701 fallendum

2222 3740 2523 3809 composita
2553 3738 2811 3806 Hilarius,
2842 3755 2990 3793 num.
3021 3738 3076 3804 7,
3120 3740 3316 3809 relegit
3342 3753 3404 3792 ac
3443 3738 3820 3808 reprehendit.

2223 3833 2430 3890 Deinde
2453 3835 2506 3888 in
2533 3835 2724 3890 eodem
2756 3833 2940 3888 libello
2966 3833 3131 3888 altum
3169 3833 3275 3888 illis
3295 3832 3507 3888 videtur
3534 3833 3603 3888 de
3627 3831 3821 3888 Nicara:

2222 3925 2274 3980 in
2298 3924 2526 3979 Thracia
2549 3925 2714 3995 gestis
2735 3923 3028 3985 silentium.
3046 3938 3165 3994 qua:
3178 3931 3380 3988 tamen,
3404 3922 3479 3977 uti
3504 3937 3570 3978 ex
3607 3939 3758 3978 nttm.
3784 3925 3815 3977 7

2223 4019 2411 4090 liquet,
2440 4019 2738 4074 Auxentius
2757 4018 2824 4073 ab
2850 4019 2967 4090 ipso
2992 4019 3257 4073 sermonis
3279 4017 3359 4072 sui
3383 4015 3608 4073 exordio
3632 4029 3820 4072 sancta

2222 4127 2344 4170 esse
2367 4123 2614 4169 testatur.

2301 4205 2412 4260 VII.
2449 4208 2514 4260 At
2542 4205 2713 4276 prima
2735 4204 2827 4260 illa
2856 4219 2918 4260 ac
2941 4205 3213 4276 praecipua
3241 4202 3518 4260 dubitandi
3549 4205 3687 4260 ratio
3709 4205 3821 4274 jam

2225 4300 2371 4356 nulla
2396 4309 2500 4364 est,
2529 4300 2619 4354 ubi
2641 4300 2928 4356 verborum
2958 4301 3282 4371 ambiguitas
3307 4308 3531 4372 apparet
3565 4314 3635 4355 ex
3680 4301 3822 4355 anti-

2221 4394 2483 4466 quissimo
2507 4393 2696 4449 codice
2716 4394 2773 4448 S.
2799 4393 2943 4448 Petri
2974 4394 3027 4448 in
3049 4392 3312 4448 Vaticano
3332 4393 3600 4448 restituta.
3630 4391 3814 4447 Altera

2221 4503 2376 4553 vero,
2405 4503 2526 4544 cum
2557 4503 2623 4543 ex
2663 4487 2876 4543 diversa
2905 4488 3065 4542 unius
3108 4485 3460 4557 ejusdemque
3497 4484 3693 4557 synodi
3733 4498 3825 4554 ap-

532 4576 696 4631 llcum
725 4592 959 4648 vereque
991 4579 1084 4633 Dei
1109 4579 1276 4636 ﬁlium
1298 4591 1424 4638 ante
1456 4591 1696 4654 tempora
1729 4583 1966 4654 genitum
1999 4599 2121 4654 pro—
2149 4585 2199 4646 D
2227 4581 2520 4654 pellatione
2548 4589 2672 4635 nata
2695 4581 2784 4647 sit,
2811 4580 2970 4636 facile
2995 4580 3242 4635 solvitur.
3269 4578 3400 4648 Qua:
3430 4578 3578 4634 enim
3600 4578 3821 4633 Auxen-

529 4667 775 4724 literetur
805 4667 971 4742 (num.
1003 4670 1117 4742 l2),
1153 4672 1336 4742 inique
1375 4672 1515 4744 apud
1547 4673 1804 4744 populum
1833 4675 2124 4730 inurebant

531 4760 800 4816 Inmreseos
830 4772 1036 4818 notam.
1065 4762 1202 4820 Tum
1229 4768 1397 4837 (nam.
1425 4765 1484 4837 6)
1516 4781 1608 4821 rex
1643 4765 1789 4836 pacis
1825 4767 2119 4835 studiosus,

529 4854 619 4922 qui
651 4853 785 4910 forte
815 4856 954 4910 sicut
983 4857 1238 4912 ecclesias
1265 4857 1335 4914 ab
1370 4858 1640 4915 Auxentio
1687 4869 1976 4929 occupatas
2005 4861 2124 4930 ipso

528 4946 762 5002 adventu
790 4962 889 5002 suo
915 4963 1012 5020 per
1043 4951 1152 5004 vim
1183 4950 1232 5004 ei
1261 4951 1471 5020 eripere
1498 4967 1528 5006 a
1555 4952 1837 5008 clementia
1865 4967 1960 5007 sua
1993 4953 2123 5006 alie-

531 5053 659 5093 num
687 5038 941 5105 ducebat,
972 5041 1042 5095 ita
1065 5043 1324 5098 censebat
1347 5044 1491 5113 regia
1520 5043 1804 5113 majestate
1825 5043 2122 5113 indignum,

530 5143 587 5186 ut
613 5132 727 5201 ipse
757 5131 809 5186 in
841 5135 1052 5205 angulis
1097 5135 1374 5205 religionis
1401 5151 1512 5192 sua:
1543 5137 1747 5190 cultum
1802 5146 2080 5190 exerceret
2107 5153 2122 5190 :

531 5227 828 5298 gratulatus
877 5237 961 5283 est
998 5229 1180 5294 iidem,
1229 5240 1285 5284 ut
1322 5231 1424 5285 sibi
1452 5229 1755 5296 videbatur,
1803 5231 2124 5286 catholicam

529 5323 600 5379 ab
629 5324 898 5379 Auxentio
927 5324 1117 5390 asseri,
1147 5325 1390 5395 adeoque
1437 5339 1595 5396 posse
1641 5341 1701 5382 se
1743 5325 1978 5382 adventu
2027 5341 2127 5382 suo

529 5414 784 5486 populum
817 5415 1080 5472 hactenus
1108 5415 1177 5471 ab
1206 5417 1460 5487 episcopo
1505 5432 1605 5474 suo
1639 5417 2020 5474 abhorrentem
2069 5417 2124 5474 in

529 5525 690 5566 unam
751 5511 1188 5568 communionem
1239 5510 1520 5568 reducere.
1577 5512 1762 5584 Itaque
1805 5512 1925 5568 sine
1975 5527 2126 5568 mora

529 5599 708 5656 edicto
754 5599 945 5674 (lbid.)
987 5604 1137 5674 gravi
1181 5603 1370 5670 vetuit,
1426 5619 1493 5659 ne
1517 5603 1824 5675 deincepsa
1854 5619 2126 5676 quoquam

534 5691 948 5750 Mediolauensis
998 5695 1226 5750 ecclesia
1281 5695 1706 5766 perturbaretur.
1763 5695 1956 5753 Edicto
2004 5695 2128 5752 huic

529 5802 636 5842 non
685 5785 1090 5858 obsequendum
1119 5799 1265 5846 ratus
1311 5788 1565 5852 Hilarii“,
1611 5790 1772 5845 etiam
1820 5789 2128 5860 importuna

2227 4675 2332 4730 tius
2363 4674 2430 4729 ad
2469 4675 2834 4730 extollendam
2866 4673 2990 4730 fidei
3018 4689 3130 4728 sum
3159 4674 3424 4729 rationem
3471 4681 3823 4728 sexcentarum

2226 4767 2487 4820 hominum
2518 4764 2746 4820 Arimini
2772 4776 2923 4836 gesta
2969 4764 3301 4821 mendaciter
3318 4764 3549 4835 jactitat,
3582 4779 3645 4819 ea
3683 4763 3824 4818 Hila-

2226 4859 2338 4914 rius
2367 4859 2432 4914 ad
2451 4859 2696 4915 eamdem
2723 4859 3131 4929 deprimeudam
3149 4857 3345 4913 Nicer-a2
3368 4857 3421 4913 in
3449 4857 3680 4912 Thracia
3703 4871 3824 4926 per-

2231 4965 2528 5022 paucorum
2568 4965 2692 5006 esse
2720 4950 2995 5020 praedicat.
3028 4949 3108 5005 Re
3134 4949 3280 5004 enim
3306 4964 3437 5004 vera
3470 4947 3826 5004 Ariminensis

2233 5040 2457 5098 Concilii
2477 5057 2583 5097 non
2604 5042 2706 5097 alia
2729 5042 2882 5110 fides,
2909 5035 3010 5097 nisi
3026 5058 3146 5113 qua:
3162 5041 3355 5096 Nicaea:
3372 5041 3637 5113 Bithyniae
3652 5040 3822 5105 edita;

2235 5134 2382 5190 nulla
2408 5137 2625 5206 proprie
2653 5147 2803 5206 gesta
2830 5177 2844 5203 ,
2875 5136 2978 5191 nisi
3001 5136 3196 5206 quibus
3224 5135 3336 5190 Arii
3362 5143 3664 5190 sectatores
3694 5149 3825 5189 ana-

2235 5227 2477 5282 themate
2521 5226 2807 5282 feriuntur.
2861 5227 2998 5295 Quia
3047 5238 3225 5282 tamen
3260 5225 3486 5281 formula
3534 5225 3732 5280 Nicasze
3775 5225 3826 5280 in

2235 5319 2466 5376 Thracia
2495 5335 2645 5387 cnsa,
2677 5329 2731 5376 et
2757 5335 2787 5374 a
2817 5320 3002 5388 paucis
3023 5319 3351 5389 subscripta,
3371 5318 3826 5374 Ariminitandem

2234 5429 2330 5484 per
2354 5416 2462 5469 vim
2500 5414 2718 5469 inducta
2762 5422 2884 5478 est;
2927 5428 3046 5469 eam
3075 5413 3332 5480 Hilarius,
3356 5428 3517 5484 quam
3549 5423 3706 5468 antea
3735 5411 3827 5466 Ni-

2234 5521 2362 5564 caea:
2388 5508 2442 5563 in
2487 5506 2719 5562 Thracia
2761 5506 2996 5573 dixerat,
3031 5508 3196 5564 etiam
3239 5506 3599 5562 Ariminensis
3639 5504 3824 5578 synodi

2235 5600 2534 5672 nuncupari
2555 5599 2820 5671 permittit
2848 5599 2932 5656 his
2951 5600 3157 5666 verbis,
3181 5598 3287 5655 Sed
3304 5601 3367 5654 de
3396 5598 3710 5654 Ariminensi
3733 5614 3820 5669 sy-

2240 5698 2376 5753 nodo
2425 5697 2554 5752 nihil
2598 5697 2852 5764 dicamus,
2895 5693 3089 5768 quibus
3133 5710 3258 5751 cum
3300 5694 3554 5766 proxime
3589 5691 3823 5764 adjiciat,

2236 5803 2348 5858 qua:
2411 5789 2473 5844 ab
2508 5789 2742 5843 omnibus
2775 5798 2846 5842 est
2898 5788 3132 5857 religiose
3189 5786 3434 5843 dissoluta
3481 5801 3499 5839 :
3545 5800 3610 5840 ea
3663 5784 3823 5842 etiam
