4106 6192
331 234 442 291 609

1481 233 1684 293 LIBER
1724 234 2000 294 CONTRA
2040 234 2474 296 AUXENTIUM.

3529 243 3638 303 610

324 351 539 408 ratione
608 350 861 408 Auxentii
886 364 1104 408 causam
1132 352 1265 409 nihil
1289 353 1466 424 juvari
1497 356 1633 411 Satis
1662 355 1918 411 ostendit.
1949 358 1998 417 Λ
2028 352 2338 411 Auxentium
2362 375 2381 411 .-
2403 356 2457 411 in
2488 355 2725 428 quinque
2755 354 2876 412 aliis
2902 373 2915 409 :
2937 356 3216 412 Traclalus
3243 357 3322 412 vel
3349 358 3481 415 liber
3507 375 3637 417 con-

403 445 517 500 ΠΗ
573 446 757 515 Itaque
786 461 855 501 ex
884 444 1092 516 duplici
1123 445 1220 502 illo
1244 448 1446 518 capite,
1489 463 1553 504 ex
1585 463 1692 518 quo
1736 446 1933 504 dubius

323 538 609 595 videbatur
632 539 883 595 Auxentii
905 540 1141 607 libellus,
1174 555 1319 596 nunc
1338 540 1538 596 certius
1565 541 1615 596 ei
1645 542 1928 598 asseritur.

321 633 538 692 Caetera
567 636 731 690 etiam
759 635 1111 692 conveniunt.
1157 634 1216 692 lu
1246 652 1315 693 eo
1335 637 1534 709 quippe
1563 650 1812 694 versutus
1841 638 1933 696 ille

323 727 641 793 haereticus,
670 744 819 782 num.
847 728 938 793 15.
963 728 1269 799 proﬁtetur,
1290 727 1432 801 quod
1450 729 1691 785 Hilarius
1705 745 1828 786 eum
1852 730 1936 786 af-

323 818 576 879 firmasse
626 829 801 886 notat,
850 836 910 878 se
960 823 1147 877 Arium
1207 839 1501 894 numquam
1538 824 1730 880 scisse.
1784 823 1931 880 ldem

321 922 685 980 contestatur,
725 929 874 969 ntttu.
921 914 1008 981 14,
1053 914 1316 970 llilarium
1340 914 1470 971 olim
1496 914 1805 987 depositum
1841 924 1932 972 aut

328 1006 663 1063 accusatoris
684 1015 778 1061 aut
789 1006 989 1077 judicis
1020 1022 1307 1077 personam
1336 1007 1537 1064 habere
1562 1025 1666 1063 non
1697 1008 1928 1065 debere:

325 1098 473 1172 quod
502 1101 608 1156 sibi
634 1100 702 1155 ab
730 1115 796 1157 eo
825 1100 1098 1171 objectum
1126 1110 1384 1158 strenuus
1416 1100 1616 1158 Christi
1645 1101 1933 1159 confessor

324 1201 538 1259 narrat,
567 1208 730 1266 num.
752 1192 807 1249 6.
836 1192 935 1262 Qui
974 1192 1192 1263 quidem
1237 1195 1340 1259 etsi
1380 1194 1640 1251 nonnulla
1688 1193 1933 1249 confutat

324 1292 600 1357 tamquam
641 1284 709 1341 ab
743 1285 1013 1341 Auxentio
1043 1295 1276 1352 asserta,
1308 1302 1428 1356 quae
1466 1286 1521 1341 in
1551 1285 1720 1357 ipsius
1743 1284 1931 1342 libello

325 1393 436 1433 non
464 1384 703 1443 exstant,
738 1391 799 1432 ea
829 1376 969 1432 haud
1001 1376 1165 1433 dubie
1193 1377 1468 1449 pertinent
1496 1378 1563 1433 ad
1588 1381 1703 1448 ipsa
1733 1377 1931 1433 Nicaeae

325 1467 581 1525 Thraciae
609 1485 705 1525 seu
734 1468 963 1524 Arimini
993 1476 1166 1540 gesta,
1198 1485 1317 1540 qua:
1346 1470 1441 1526 ille
1466 1479 1579 1527 toto
1610 1471 1792 1527 animo
1818 1486 1934 1525 am-

323 1558 576 1632 plexatus
608 1560 791 1616 libello
821 1575 922 1616 suo
952 1560 1284 1631 subjicienda
1309 1571 1614 1618 curaverat.

398 1653 492 1708 IX.
536 1653 731 1709 Totum
764 1652 867 1709 hoc
904 1668 1043 1723 opus
1071 1653 1126 1709 in
1158 1654 1383 1725 antiquo
1410 1656 1601 1711 codice
1622 1655 1926 1711 Carnuten-

2036 459 2115 503 tra
2166 448 2478 505 Auxentium
2527 448 2774 502 Arianutn
2812 446 3126 517 Episcomtnt
3180 447 3638 508 Mediolanensem.

2034 543 2131 599 llis
2171 542 2315 598 favet
2346 542 2728 614 Hieronymus,
2773 556 2803 595 a
2830 557 2937 614 quo
2981 544 3188 614 elegans
3219 554 3403 598 contra
3432 544 3644 599 Auscen-

2033 634 2162 688 tium
2211 635 2414 689 libellus
2466 634 2789 704 appellatur.
2850 635 3113 705 Vulgatus
3171 635 3359 690 titulus
3398 654 3411 691 :
3445 633 3638 692 Contra

2034 727 2253 782 Arianos
2282 727 2360 781 vel
2383 727 2694 782 Auxentium
2726 724 3162 781 Mediolanensem
3185 727 3332 794 liber,
3360 743 3425 783 ex
3453 739 3637 785 veter-

2032 819 2173 875 rimo
2230 834 2331 875 ms.
2366 818 2425 876 S.
2457 818 2604 874 Petri
2648 819 2716 874 de
2758 816 2904 874 Urbe
2952 827 3038 875 est
3084 833 3395 890 expressus.
3438 819 3639 891 Reipsa

2033 911 2258 982 epistola
2282 921 2366 967 est
2393 910 2462 967 ad
2484 910 2785 967 catholicos
2813 919 3003 967 contra
3032 911 3284 978 Arianos,
3315 927 3453 983 quos
3480 926 3642 968 exor-

2035 1005 2182 1062 dium
2214 1017 2454 1077 spectat;
2489 1005 2583 1063 sed
2619 1005 2939 1062 nominatim
2977 1015 3167 1063 contra
3193 1006 3547 1075 Auxentium,
3572 1007 3642 1064 de

2034 1099 2189 1170 cujus
2225 1114 2409 1155 secum
2444 1098 2881 1170 gestisllilarius
2907 1098 3209 1156 catholicos
3253 1099 3528 1157 admonet.
3579 1100 3638 1156 ln

2035 1190 2118 1247 bis
2146 1191 2401 1248 omnibus
2431 1205 2553 1246 cum
2599 1206 2726 1262 erga
2777 1191 3189 1261 Imperatorem,
3226 1206 3256 1246 a
3299 1208 3407 1263 quo
3448 1194 3631 1264 iniqua

2033 1298 2223 1354 passus
2254 1295 2393 1352 erat,
2426 1282 2614 1339 sedato
2645 1298 2708 1338 ac
2733 1285 3006 1341 reverenti
3036 1286 3215 1341 animo
3247 1301 3306 1342 se
3335 1286 3510 1356 gerit;
3545 1301 3642 1356 pa-

2033 1373 2141 1429 lam
2186 1374 2316 1430 facit
2359 1389 2419 1431 se
2468 1390 2565 1445 pro
2608 1390 2705 1431 sua
2735 1391 2899 1432 causa
2945 1378 3159 1433 nescire
3201 1377 3382 1443 irasci,
3432 1392 3643 1449 suoque

2034 1469 2286 1539 exemplo
2334 1471 2622 1525 conlirmat
2666 1485 2937 1525 summam
2988 1470 3331 1542 principibus
3378 1470 3644 1527 exhiben-

2033 1561 2156 1618 dam
2186 1578 2309 1620 esse
2336 1564 2696 1620 reverentiam
2730 1573 2889 1639 :_tum
2921 1581 3050 1622 vero
3083 1567 3319 1623 maxime
3348 1567 3430 1623 eis
3458 1569 3644 1638 ignos-

2033 1654 2286 1724 cendum,
2335 1670 2455 1711 cum
2498 1672 2563 1712 ex
2589 1656 2956 1728 imprudentia
3005 1668 3099 1714 aut
3146 1673 3335 1715 errore
3370 1673 3631 1730 peccave-

325 1746 405 1802 sis
450 1743 698 1802 ecclesia:
745 1743 1064 1801 inscribitur
1101 1765 1116 1799 :
1149 1744 1390 1814 Epistula
1415 1745 1483 1800 ad
1528 1743 1819 1802 Catholicos
1866 1748 1931 1803 de
1958 1764 2008 1825 Β
2039 1748 2168 1805 rint.

339 1880 3618 1907 “mm

1053 1969 1407 2048 ⁵⁸³⁸⁵³⁸
1486 1973 2122 2110 SANCTI
2212 1977 2397 2107 HI
2415 1978 2889 2108 LARII

828 2199 1823 2357 CONTRA
1935 2200 3133 2471 “animos,

1052 2539 1789 2627 AUXENTIUM
1859 2537 2913 2641 MEDIOLANENSEM,

1756 2677 1998 2740 LIBER
2038 2677 2264 2743 UNUS.

1479 2784 1914 2864 (somnus
1989 2797 2194 2844 anno
2262 2779 2483 2860 361s.)

318 2927 704 2987 Dilectissimis
753 2926 1014 2985 fratribus
1063 2927 1115 2983 in
1158 2925 1263 2983 fide
1303 2936 1527 2999 paterna
1554 2924 1924 2991 manentibus,

316 3027 331 3089 ξ
395 3029 454 3079 et
488 3022 741 3095 Arianam
774 3020 1026 3077 haeresim
1058 3017 1494 3084 detestantibus,
1525 3016 1832 3088 episcopis,
1874 3024 1931 3072 et

2104 2925 2161 2982 2.
2202 2926 2510 2984 Antichristi
2566 2929 2758 2996 plures.
2818 2960 2891 2974 ——
2931 2933 3008 2991 Ac
3058 2950 3127 2991 ne
3174 2909 3459 2993 maledicis
3507 2950 3636 2993 ver-

2037 3019 2229 3077 borum
2276 3021 2328 3077 in
2361 3037 2457 3080 eos
2498 3025 2574 3081 uti
2611 3024 2874 3082 conviciis
2912 3042 3224 3099 arguamur,
3263 3044 3479 3086 causam
3511 3045 3639 3101 per-

323 3096 648 3170 “omnibus
676 3111 942 3185 plebibus,
975 3111 1208 3167 Hilarius
1237 3123 1534 3166 conservus
1550 3117 1732 3164 vester
1759 3104 1837 3179 (a)
1872 3107 1927 3161 in
1955 3134 2002 3199 ε
2037 3116 2260 3172 ditionis
2312 3117 2569 3189 ρυιιιίοτη,
2628 3136 2695 3176 ne
2756 3121 2841 3177 cui
2865 3096 3006 3191 man}
3064 3122 3304 3193 ignorata
3361 3123 3434 3178 sit
3458 3163 3473 3187 ,
3511 3096 3635 3179 ⁷ηοιι

393 3206 629 3263 Ι)οωίηο
650 3213 908 3262 aeternam
936 3204 1190 3261 salutem.

396 3302 449 3355 l.
493 3297 683 3356 Pacem
735 3315 907 3355 veram
966 3298 1163 3367 frustra
1220 3305 1379 3352 tentat
1428 3294 1661 3350 Hilarius
1709 3309 1923 3363 compo-

315 3408 476 3447 nere.
507 3421 579 3432 —
609 3390 929 3461 Speciosum
987 3387 1204 3459 quidem
1247 3402 1444 3443 nomen
1498 3396 1581 3443 est
1633 3386 1818 3457 pacis,
1873 3393 1929 3440 et

317 3484 505 3554 pulcra
551 3492 638 3539 est
684 3481 868 3553 opinio
906 3481 1130 3536 unitatis
1159 3499 1173 3535 ;
1203 3480 1298 3536 sed
1345 3481 1467 3552 quis
1517 3478 1750 3550 ambigat
1807 3493 1926 3533 eam

315 3577 494 3632 solum
520 3574 784 3632 Ecclesia:
806 3586 965 3645 atque
996 3573 1412 3644 Evangeliorum
1445 3571 1702 3626 unitatem
1736 3583 1925 3640 pacem

316 3684 467 3732 esse,
518 3684 641 3736 quae
676 3666 882 3723 Christi
936 3666 1055 3722 est?
1105 3667 1276 3734 Quam
1326 3664 1395 3719 ad
1454 3663 1746 3733 Apostolus
1804 3669 1928 3732 post

319 3763 594 3836 passionis
632 3777 743 3817 sua:
795 3761 1024 3831 gloriam
1073 3769 1159 3817 est
1210 3760 1420 3815 locutus
1461 3756 1640 3829 (Joan.
1666 3773 1773 3823 xx,
1809 3756 1922 3826 l9),

314 3872 484 3929 quam
530 3857 596 3911 ad
651 3856 842 3913 aeterni
898 3853 1141 3910 mandati
1194 3854 1280 3908 sui
1327 3852 1520 3925 pignus
1573 3850 1924 3906 commcnda-

316 3951 398 4007 vit
432 3949 509 4023 (b)
541 3949 807 4015 abiturus,
853 3948 992 4004 banc
1032 3945 1108 4021 (ί)
1140 3962 1261 4012 nos,
1295 3946 1518 4002 Fratres
1557 3944 1923 4011 dilectissimi,

320 4054 378 4101 et
426 4044 685 4099 amissam
739 4058 1008 4113 quaerere,
1059 4051 1116 4097 ct
1156 4041 1424 4096 turbatam
1476 4054 1825 4107 componere,
1872 4046 1926 4093 et

319 4149 595 4209 repertam
647 4144 831 4192 tenere
881 4134 1212 4192 curavimus.
1258 4132 1364 4189 Sed
1411 4131 1572 4202 hujus
1616 4131 1787 4202 ipsius
1826 4145 1924 4185 nos

321 4233 443 4288 fieri
479 4230 564 4286 vel
597 4216 889 4301 participes
915 4227 1002 4283 vel
1033 4237 1304 4293 auctores,
1337 4239 1439 4282 nec
1465 4224 1729 4293 temporis
1757 4223 1929 4278 nostri

323 4332 543 4395 peccata
571 4330 906 4390 meruerunt,
931 4336 1033 4378 nec
1054 4320 1386 4377 imminentis
1411 4316 1719 4374 antichriin
1743 4317 1931 4388 praevii

320 4416 669 4487 ministrique
698 4425 825 4471 sunt
853 4413 996 4485 passi
1023 4429 1037 4467 :
1071 4414 1161 4484 qui
1200 4427 1334 4484 pace
1359 4426 1478 4477 sua,
1514 4410 1567 4466 id
1596 4420 1703 4477 est,
1735 4410 1932 4481 impie-

326 4510 458 4566 tatis
488 4524 604 4565 suze
635 4508 841 4564 unitate
871 4521 932 4562 se
965 4505 1194 4576 iactant,
1223 4515 1447 4577 agentes
1470 4518 1530 4561 se
1554 4518 1662 4560 non
1698 4511 1760 4559 ut
1792 4502 1935 4575 epis-

321 4617 491 4675 c0pos
511 4600 739 4665 Christi,
771 4599 866 4656 sed
898 4597 1204 4680 antichristi
1232 4596 1567 4653 sacerdotes.

396 4746 480 4820 (a)
519 4744 629 4801 Has
664 4756 847 4809 voces,
890 4741 943 4795 in
978 4737 1201 4795 Domino
1247 4749 1491 4794 (sternam
1529 4779 1545 4806 ,
1594 4737 1928 4807 reStituimus

362 4837 392 4875 Χ
416 4832 549 4873 MSS.

323 4836 647 4961 “8355*”.
674 4897 905 4961 summo
944 4896 1249 4961 consensu.
1279 4881 1575 4956 _Imbituris;
1603 4879 1935 4961 phrasiqui-

321 4952 619 5017 dent'satis
643 4955 1061 5028 singularitnon
1087 4955 1233 5028 omni
1261 4952 1442 5028 tamen
1468 4966 1630 5028 sensu
1652 4952 1931 5028 destituta.

402 5030 476 5100 (ε)
518 5028 634 5085 Hoc
654 5028 723 5083 de
734 5023 804 5082 'se
827 5024 1329 5100 mndesteinsiuuat
1353 5023 1717 5100 Hilariushqui
1737 5036 1931 5100 pacem

325 5092 584 5158 amissam
625 5113 868 5169 quaerere
907 5112 1029 5169 non,
1057 5094 1264 5169 destitit
1295 5105 1407 5149 toto
1442 5092 1622 5169 essilii
1668 5092 1757 5149 sui
1799 5103 1935 5169 tem-

322 5188 484 5245 pore,
502 5164 772 5227 turbatam
796 5180 916 5239 post
938 5167 1280 5223 Arimineuse
1301 5164 1586 5221 concilium
1607 5165 1932 5245 eamposuit,

322 5235 385 5299 ἱει
412 5235 606 5314 magna
638 5258 701 5295 ex
749 5235 902 5310 parte
942 5248 1213 5314 repertam
1258 5251 1495 5314 sutumo_
1519 5236 1696 5314 studio
1742 5235 1935 5314 tenuit.

324 5315 437 5371 Sed
469 5305 591 5386 qua:
633 5305 780 5386 retro
822 5305 1199 5386 suntoblitus.
1231 5307 1386 5386 quasi
1425 5306 1687 5386 nihildum
1730 5305 1940 5377 praesti—

328 5378 507 5448 tisset,
554 5385 679 5456 quia
734 5382 873 5438 hanc
916 5378 1547 5456 Mediolatten’sincivitati
1575 5378 1782 5432 frustra
1829 5388 1945 5430 teu-

332 5468 503 5512 lasset
534 5449 853 5526 procurare,
870 5450 1167 5526 sequentia
1196 5449 1431 5526 subiicit.

406 5528 489 5599 (ά)
531 5517 819 5599 Facundus
841 5517 1175 5599 Hermian”
1221 5517 1485 5599 Spicil.__t.
1517 5535 1574 5599 t_tt
1598 5561 1612 5586 ,
1650 5534 1770 5599 pag.
1804 5517 1943 5583 HS,

328 5590 480 5654 dum
513 5600 630 5652 haec
681 5597 753 5650 ita
806 5593 991 5650 laudat
1035 5609 1048 5644 :
1102 5590 1326 5647 Sanctus
1370 5590 1606 5646 Hilarius
1650 5591 1945 5660 episcopus,

328 5670 603 5738 confessor
632 5677 680 5721 et
708 5667 886 5738 doctor
912 5664 1168 5738 egregius,
1199 5662 1505 5738 quibusdam
1535 5662 1788 5738 episcopis
1818 5668 1949 5738 tent-

328 5731 467 5815 pore
518 5737 805 5796 Constantii
848 5731 1339 5807 imperatoria—quo
1382 5731 1572 5788 Ariani
1603 5731 1696 5789 sub
1746 5732 1950 5787 nomine

2035 3217 2294 3267 tacemus.
2343 3212 2706 3269 Antichristos
2757 3213 2939 3285 plures
2987 3229 3128 3284 esse,
3167 3214 3329 3272 etiam
3383 3217 3637 3287 apostolo

2032 3301 2243 3361 Joanne
2300 3304 2650 3376 praedicante,
2693 3305 3045 3378 cognovimus
3101 3307 3145 3381 (l
3193 3305 3352 3364 Joan.
3399 3324 3468 3378 tt,
3518 3307 3636 3381 18).

2035 3394 2290 3467 Quisquis
2337 3396 2479 3453 enim
2526 3397 2841 3465 Christum,
2897 3398 3075 3470 qualis
3115 3399 3186 3457 ab
3234 3401 3494 3469 apostolis
3544 3409 3630 3458 est

2036 3493 2385 3562 praedicatus,
2419 3494 2660 3565 negavit,
2700 3495 3052 3553 antichristus
3088 3506 3191 3554 est.
3220 3495 3467 3552 Nominis
3495 3497 3640 3553 anti-

2033 3584 2219 3642 christi
2264 3587 2566 3657 proprietas
2601 3597 2705 3656 est,
2736 3587 2953 3645 Christo
2982 3604 3104 3647 esse
3134 3589 3488 3646 contrarium.
3522 3587 3640 3647 Hoc

2036 3692 2179 3734 nunc
2217 3678 2317 3734 sub
2357 3678 2613 3749 opinione
2655 3679 2803 3735 falsa:
2847 3679 3064 3750 pietatis
3101 3679 3359 3747 efﬁcitur,
3399 3681 3504 3737 hoc
3537 3680 3641 3737 sub

2031 3769 2214 3840 specie
2230 3768 2626 3840 praedicationis
2638 3770 2966 3841 evangelica:
2980 3770 3278 3837 laboratur,
3296 3779 3355 3826 ut
3381 3769 3641 3826 Dominus

2031 3859 2190 3917 Jesus
2223 3860 2494 3925 Christus,
2530 3860 2658 3915 dum
2704 3860 2984 3932 praedicari
3017 3860 3279 3927 creditur,
3320 3860 3640 3932 denegetur.

2103 3954 2154 4009 5.
2195 3951 2433 4008 Ecclesia
2473 3952 2714 4008 subsidiis
2744 3953 2984 4008 humanis
3023 3953 3243 4024 fundata
3281 3968 3385 4008 non
3434 3957 3642 4025 fuit.—

2038 4044 2118 4100 Ac
2150 4043 2379 4113 primum
2408 4043 2655 4101 miserari
2718 4044 2847 4100 licet
2899 4056 3098 4100 nostra:
3148 4044 3324 4100 tutetis
3374 4045 3637 4114 laborem,

2034 4145 2091 4193 ct
2116 4137 2460 4207 praesentium
2488 4146 2791 4209 temporum
2809 4137 3008 4194 stultas
3033 4137 3322 4209 opiniones
3343 4137 3648 4208 congemis-

2035 4243 2182 4296 cere,
2224 4228 2421 4301 quibus
2457 4228 2788 4300 patrocinari
2833 4228 2946 4285 Deo
2976 4231 3208 4284 humana
3239 4227 3553 4295 creduntur,
3593 4235 3652 4285 et

2036 4320 2102 4375 ad
2148 4320 2405 4376 tuendam
2453 4318 2656 4376 Christi
2710 4321 3009 4377 Ecclesium
3059 4321 3359 4378 ambitione
3399 4320 3648 4378 saeculari

2043 4412 2173 4483 (Ms.
2211 4411 2371 4469 Cum.
2402 4411 2611 4485 saeculi)
2643 4412 2923 4469 laboratur
2967 4412 3071 4487 (ά).
3109 4413 3219 4470 Oro
3253 4428 3372 4481 vos,
3407 4412 3652 4484 episcopi

2037 4503 2133 4574 qui
2180 4503 2286 4561 hoc
2327 4520 2452 4561 esse
2476 4519 2574 4562 vos
2614 4504 2874 4571 creditis,
2915 4505 3239 4576 quibusnam
3275 4503 3545 4576 suffragiis
3579 4501 3647 4558 ad

1953 4588 2009 4651 D
2036 4594 2439 4667 prmdicandum
2472 4595 2835 4668 Evangelium
2873 4596 3104 4668 apostoli
3141 4596 3227 4651 usi
3257 4594 3425 4652 sunt?
3449 4593 3646 4665 quibus

2034 4735 2176 4806 pacis
2201 4744 2249 4791 et
2284 4735 2420 4806 regis
2460 4744 2789 4806 peruaserant
2836 4734 3101 4789 universas
3144 4748 3271 4803 pene
3308 4731 3465 4786 totius
3501 4729 3653 4806 Qrbi‘

2034 4802 2223 4883 locales
2244 4802 2506 4883 ecclesias,
2528 4806 2683 4883 dixit,
2710 4817 2843 4883 etc_._,
2877 4808 3059 4883 rerum
3087 4802 3477 4883 actemporutu
3503 4802 3657 4883 igno:

2037 4877 2211 4933 rantia
2268 4871 2732 4946 videtur'lapsus.
2788 4875 2904 4932 Non
2958 4873 3104 4946 enim
3154 4871 3495 4946 Constantio,
3529 4871 3650 4929 'sed

2040 4947 2420 5004 Valentiniano
2464 4943 2768 5017 imperante
2808 4945 3029 5017 scripsit
3072 4946 3185 5017 haec
3231 4943 3505 5017 Hilarius;
3538 4957 3648 5017 quo

2038 5026 2285 5088 tempore
2312 5019 2378 5073 ad
2401 5012 2663 5074 ecclesias
2686 5031 2813 5088 suas
2838 5012 3138 5088 Eusebius.
3154 5014 3391 5078 Lucifer,
3414 5012 3655 5088 Hilarius

2042 5083 2180 5159 ipse,
2214 5091 2413 5159 aliique
2443 5090 2743 5146 redierant.
2771 5087 2930 5144 Unde
2956 5087 3142 5159 Ariani
3184 5089 3376 5159 saltem
3405 5087 3462 5159 in
3490 5083 3653 5159 Occi-

2080 5170 2207 5217 ente
2239 5156 2343 5216 non
2372 5174 2561 5217 amnes
2596 5175 2734 5231 pene
2771 5159 3032 5231 ecclesias
3062 5158 3264 5231 locales
3305 5156 3649 5231 obtinebant.

2044 5231 2180 5288 Cum
2205 5241 2384 5287 tamen
2407 5227 2748 5299 subsequens
2767 5230 2955 5287 Hilarii
2973 5230 3295 5285 declamatio
3316 5228 3372 5283 iu
3398 5227 3448 5283 id
3473 5229 3653 5298 potius

2046 5303 2206 5359 cadat
2246 5304 2391 5373 quod
2432 5303 2617 5359 Ariani
2664 5303 2764 5359 sub
2802 5300 3123 5358 Constantio
3167 5302 3462 5373 egissent,_
3493 5312 3653 5369 quam

2049 5375 2103 5429 in
2134 5374 2185 5429 id
2216 5370 2359 5445 quod
2387 5376 2486 5429 sub
2515 5373 2897 5429 Valentiniano
2925 5381 3192 5445 agerent_:
3212 5370 3499 5445 commode
3524 5383 3657 5445 pos-

2050 5455 2177 5500 sunt
2206 5439 2322 5500 lucc
2367 5445 2606 5501 Facundi
2646 5447 2814 5501 verba
2857 5439 3105 5513 intelligi.
3138 5442 3273 5512 Quia
3301 5456 3430 5498 vero
3455 5439 3659 5513 Valen-

2053 5517 2286 5573 tinianus
2310 5516 2478 5572 nimio
2501 5517 2648 5587 pacis
2669 5516 2872 5581 studio,
2900 5524 2955 5570 et
2980 5512 3172 5587 amore
3195 5514 3380 5587 locatis
3410 5512 3658 5587 ecclesite

2050 5602 2213 5659 quam
2258 5581 2560 5644 Auxentius
2600 5584 3175 5659 occupabatpversuti
3212 5585 3372 5659 hujus
3416 5581 3663 5638 haeretici

2053 5655 2215 5715 fidem
2240 5659 2461 5730 propius
2485 5655 2777 5730 explorare
2795 5656 2995 5730 timuit,
3024 5664 3081 5710 et
3104 5655 3438 5730 professione
3467 5669 3663 5711 secun-

2051 5730 2180 5786 dum
2217 5726 2408 5787 vocum
2437 5726 2603 5787 sonos
2628 5726 2897 5787 catholica
2926 5726 3219 5785 contentus
3247 5726 3390 5785 illius
3415 5741 3661 5784 commu-
