4106 6192
482 236 580 307 Gil

1683 222 1928 295 SANCTI
1965 226 2223 291 HILARII
2271 220 2583 291 EPISCOPI

3676 228 3782 289 612

479 360 646 430 adjuti
686 357 1042 430 potestatibus
1064 354 1338 414 Christum
1370 353 1834 426 praedicaverunt,
1863 361 2078 423 gentes—
2105 356 2153 417 Α
2184 350 2280 405 tris
2316 350 2371 406 in
2402 348 2538 406 lucis
2583 363 2642 405 se
2679 346 2926 419 angelum
2973 342 3517 418 transformantibus,
3556 349 3626 404 ab
3667 365 3790 405 om-

478 473 586 526 qne
634 456 748 511 fere
797 470 984 510 omnes
1033 468 1097 509 ex
1142 450 1301 506 idolis
1338 449 1406 505 ad
1453 450 1622 506 Deum
1661 446 2083 503 transtulerunt?

480 546 636 604 Anne
679 546 911 618 aliquam
956 544 1056 600 sibi
1089 541 1166 616 (α)
1195 540 1549 599 assumebant
1592 556 1624 597 e
1668 539 1871 613 palatio
1908 537 2084 609 digni-

477 648 642 697 tatem
661 680 677 707 ,
708 640 965 712 hymnum
1002 637 1111 693 Deo
1139 639 1191 693 in
1222 651 1441 695 carcere
1466 638 1609 695 inter
1637 645 1856 693 catenas
1884 644 1938 692 et
1963 642 2083 704 post

479 730 690 803 ﬂagella
729 740 1043 797 cantantes;
1089 729 1392 802 edictisque
1433 731 1577 801 regis
1606 726 1827 794 Paulus,
1864 742 1987 783 cum
2028 724 2082 781 in

480 825 694 880 theatro
739 824 1108 892 Spectaculum
1149 823 1267 894 ipse
1303 831 1469 891 esset,
1524 822 1743 879 Christo
1784 817 2081 876 Ecclesiam

477 915 874 988 congregabat?
925 914 1139 971 Nerone
1186 931 1276 981 se,
1330 914 1535 981 credo,
1588 920 1681 968 aut
1722 909 2081 979 Vespasiano,

479 1021 570 1065 aut
604 1009 679 1081 (b)
711 1008 872 1065 Decio
916 1001 1378 1079 patrocinantibus
1422 1004 1710 1062 tuebatur?
1750 1016 1979 1074 quorum
2029 1000 2083 1056 in

480 1116 584 1157 nos
627 1100 768 1158 odiis
816 1098 1086 1158 confessio
1137 1100 1332 1158 divinae
1382 1099 1784 1170 praedicationis
1825 1088 2082 1153 efﬂoruit.

478 1192 558 1251 illi
605 1211 768 1250 manu
821 1204 987 1266 atqtte
1040 1209 1205 1265 opere
1247 1208 1308 1249 se
1343 1194 1573 1260 alentes,
1618 1193 1758 1247 intra
1804 1186 2085 1248 etenacula

481 1300 799 1359 secretaque
851 1294 1148 1352 coeuntes,
1208 1284 1376 1342 vicos
1408 1290 1465 1341 et
1510 1285 1734 1341 castella
1790 1295 2087 1354 gentesque

479 1379 595 1437 fere
623 1396 811 1436 omnes
858 1384 999 1436 terra
1042 1396 1106 1435 ac
1144 1377 1280 1434 mari
1306 1387 1493 1433 contra
1534 1374 2002 1432 senatusconsulta
2032 1376 2089 1429 et

478 1490 668 1545 regum
693 1473 867 1530 edicta
900 1484 1265 1544 peragrantes,
1297 1473 1497 1538 claves,
1526 1470 1712 1537 credo,
1742 1469 1893 1540 regni
1923 1466 2091 1523 coelo-

485 1583 606 1621 rum
652 1584 756 1621 non
787 1566 1101 1622 habebant?
1128 1567 1235 1621 Aut
1276 1581 1380 1619 non
1425 1562 1712 1619 manifesta
1743 1576 1804 1619 se
1851 1572 1960 1616 tum
1994 1559 2088 1614 Dei

488 1659 663 1713 virtus
715 1667 903 1714 contra
960 1657 1082 1713 odia
1141 1657 1376 1713 humana
1434 1656 1709 1728 porrexit,
1754 1670 1876 1711 cum
1937 1661 2088 1709 tanto

2184 442 2331 498 nium
2374 443 2486 498 fere
2532 456 2694 497 sensu
2733 446 2789 496 et
2823 439 3156 497 conscientia
3200 442 3245 498 is
3288 444 3378 515 qui
3418 450 3503 500 est
3541 442 3790 499 Christus

2184 534 2453 590 aboletur.
2499 532 2570 591 Ut
2609 534 2753 589 enim
2798 534 3000 589 erroris
3043 531 3335 591 affirmalio
3380 549 3529 592 certa
3564 537 3653 598 sit,
3705 536 3795 591 in-

2185 636 2332 682 certa
2385 626 2455 699 (j)
2498 626 2612 682 veri
2652 626 2837 696 opinio
2876 625 3179 682 antefertur
3209 644 3223 681 :
3251 630 3429 699 sitque
3468 626 3793 685 antichristo

2179 718 2292 789 jam
2344 719 2617 790 pervium,
2666 718 2942 776 Christum
2997 734 3121 776 enm
3170 735 3293 777 esse
3340 736 3400 778 se
3449 723 3670 789 fallere,
3722 723 3795 781 de

2186 826 2294 884 quo
2319 828 2463 870 nunc
2497 828 2669 885 usque
2706 810 3013 870 dissensum
3045 815 3134 869 sit.
3168 814 3307 873 llinc
3347 810 3454 871 illte
3481 818 3647 871 variae
3672 818 3796 887 opi-

2186 907 2397 971 niones,
2445 904 2573 961 hinc
2613 905 2715 961 sub
2761 907 2917 961 unius
2968 904 3044 977 (g)
3081 905 3285 962 Christi
3330 905 3439 962 lide
3481 908 3798 977 praedicatio

2189 999 2569 1071 plurimorum,
2601 998 2728 1057 hinc
2758 1012 2930 1070 nuper
2959 999 3078 1055 Arii
3106 1001 3328 1071 spiritus
3358 1016 3425 1057 ex
3452 1001 3647 1073 angelo
3677 1001 3801 1056 dia-

2185 1093 2298 1150 boli
2325 1094 2379 1151 in
2404 1094 2540 1150 lucis
2565 1093 2815 1166 angelum
2846 1091 2925 1167 (It)
2957 1094 3373 1164 transﬁguratus
3402 1111 3417 1151 :
3444 1094 3598 1164 cujus
3616 1094 3799 1152 haere-

2188 1186 2328 1242 ditas
2360 1182 2422 1259 (i)
2444 1187 2619 1244 omnis
2660 1186 2727 1241 ad
2756 1184 3074 1254 Valentem,
3106 1182 3410 1253 Ursacium,
3438 1184 3794 1254 Auxentium,

2188 1277 2548 1346 Germinium,
2595 1276 2783 1335 Gaium
2841 1277 3104 1334 successit
3153 1286 3315 1348 atque
3363 1278 3609 1333 defluxit.
3656 1272 3796 1334 Nam

2190 1375 2291 1445 ipsi
2335 1389 2478 1430 nunc
2526 1373 2803 1430 Christum
2852 1389 3072 1440 novum,
3112 1386 3210 1445 per
3248 1387 3409 1445 quem
3446 1370 3801 1428 antichristus

2191 1469 2531 1539 subreperet,
2555 1467 2873 1524 intulerunt.

2262 1560 2316 1615 6.
2359 1560 2624 1628 Anxentii,
2678 1554 2928 1627 Valentis,
2975 1568 3109 1626 elc.,
3157 1557 3221 1613 de
3264 1556 3467 1614 Christo
3508 1558 3799 1631 Opiniones.

2192 1650 2340 1710 Plebi
2358 1656 2585 1710 nondum
2606 1663 2751 1711 nocet
2764 1655 2973 1710 [Heresis
2991 1653 3173 1710 latens.
3192 1648 3466 1709 -—Volunt
3486 1650 3629 1709 enim
3653 1648 3808 1708 hunc

482 1750 653 1819 magis
677 1748 925 1805 Christus
951 1749 1361 1820 praedicaretur,
1383 1757 1588 1820 quanto
1610 1748 1781 1818 magis
1810 1742 2090 1816 praedicari
2122 1736 2171 1804 Β
2197 1761 2354 1803 suum
2374 1748 2648 1803 Christum
2672 1763 2777 1802 non
2802 1746 2920 1818 ejus
2936 1744 3231 1802 divinitatis
3249 1761 3370 1801 esse
3394 1745 3547 1815 cujus
3564 1758 3614 1800 et
3639 1743 3812 1800 Pater

479 1840 853 1897 inhiberetur?
1555 1911 1561 1915 _

554 1932 609 1986 4.
656 1932 809 1989 Fidei
857 1935 931 1989 vis
974 1934 1124 1989 illata
1169 1934 1511 2004 improbata.
1540 1962 1612 1974 —
1642 1932 1712 1991 At
1741 1944 1902 1999 nunc,
1950 1930 2090 2001 proh

478 2024 663 2080 dolor!
694 2024 928 2079 divinam
960 2025 1119 2081 ﬁdem
1153 2020 1405 2096 suffragia
1439 2036 1651 2082 terrena
1680 2022 2083 2088 commendem,

481 2116 745 2188 inopsque
776 2118 990 2175 virtutis
1030 2118 1192 2191 595
1240 2135 1351 2174 sure
1381 2119 1665 2185 Christus,
1699 2117 1828 2172 dum
1863 2116 2087 2172 ambitio

480 2206 686 2263 nomini
706 2223 805 2264 suo
824 2211 1171 2277 conciliatur,
1189 2208 1454 2279 arguitur.
1472 2209 1666 2264 Terret
1683 2207 1889 2263 exsiliis
1907 2215 1962 2263 et
1978 2222 2090 2262 car-

481 2299 696 2354 ceribus
718 2299 961 2355 Ecclesia
991 2318 1003 2354 :
1033 2296 1291 2370 credique
1321 2299 1425 2355 sibi
1451 2296 1625 2368 cogit,
1653 2314 1773 2368 quae
1794 2298 2001 2353 exsiliis
2035 2308 2089 2352 et

481 2391 790 2449 carceribus
833 2400 919 2448 est
962 2393 1195 2450 credita.
1245 2393 1457 2449 Pendet
1501 2394 1573 2464 (ε)
1610 2390 1679 2446 ad
1719 2391 2088 2463 dignationem

482 2486 1024 2554 communicantium,
1058 2503 1178 2558 quae
1205 2486 1645 2557 persequean
1669 2494 1755 2542 est
1773 2492 2088 2540 consecrata

483 2587 711 2635 terrore.
751 2578 920 2648 Fugat
961 2578 1292 2643 sacerdotes,
1326 2594 1445 2649 qua:
1487 2574 1685 2648 fugatis
1710 2588 1793 2632 est
1834 2574 2090 2632 sacerdo-

482 2672 627 2726 tibus
672 2679 983 2741 propagata.
1032 2670 1193 2740 Diligi
1238 2685 1299 2726 se
1340 2672 1605 2738 gloriatur
1636 2686 1667 2724 a
1704 2668 1926 2732 mundo,
1968 2680 2090 2738 quae

434 2769 439 2774 '
480 2760 687 2817 Christi
727 2776 851 2818 esse
887 2777 994 2817 non
1038 2762 1233 2832 potuit,
1275 2761 1379 2816 nisi
1411 2777 1538 2817 eam
1582 2763 1815 2817 mundus
1862 2760 2086 2817 odisset.

483 2851 613 2906 lianc
630 2850 712 2924 (d)
731 2852 799 2907 de
818 2853 1225 2922 comparatione
1249 2852 1458 2907 tradita:
1479 2852 1637 2907 nobis
1655 2852 1781 2907 olim
1812 2852 2088 2919 Ecclesiae,

483 2958 734 3015 tutaeque
761 2943 1078 3015 deperditte,
1119 2960 1205 3001 res
1245 2946 1361 3014 ipsa
1397 2961 1518 3017 qua:
1556 2947 1610 3000 in
1639 2946 1814 3001 oculis
1846 2944 2091 3000 omnium

486 3047 570 3092 est
596 3047 755 3107 atque
784 3051 901 3104 ore,
930 3037 1207 3092 clamavit.

2191 1848 2306 1903 est;
2331 1838 2424 1894 sed
2455 1836 2525 1913 (j)
2553 1852 2674 1894 esse
2699 1845 2970 1909 potentem
2994 1848 3048 1895 et
3070 1844 3415 1909 praestantem
3439 1837 3653 1894 caeteris
3678 1835 3809 1891 aliis

2190 1931 2357 2003 596
2387 1932 2652 1987 creaturis
2686 1938 3022 1997 creaturam,
3066 1946 3298 2002 eumque
3334 1947 3430 2002 per
3464 1931 3806 1986 voluntatem

2193 2022 2288 2079 Dei
2318 2040 2383 2079 ex
2416 2020 2585 2079 nihilo
2615 2023 2924 2080 substitisse
2949 2042 2961 2078 :
2988 2034 3041 2079 et
3069 2039 3193 2079 eum
3223 2033 3349 2079 ante
3371 2022 3553 2078 omnia
3575 2021 3801 2094 quidem

2191 2118 2389 2173 saecula
2407 2160 2422 2185 ,
2449 2128 2502 2174 et
2537 2128 2664 2174 ante
2682 2133 2845 2175 omne
2873 2118 3098 2176 omnino
3128 2127 3344 2189 tempus
3375 2125 3560 2172 natum
3587 2131 3656 2172 ex
3686 2115 3809 2172 Deo

2192 2209 2361 2266 Deum
2401 2227 2558 2279 esse;
2589 2210 2686 2268 sed
2719 2225 2825 2267 non
2855 2226 2922 2268 ex
2956 2210 3261 2266 substantia
3304 2209 3400 2265 Dei
3438 2225 3582 2276 esse,
3625 2223 3809 2278 neque

2191 2300 2386 2357 divinae
2409 2303 2462 2357 in
2476 2318 2541 2357 eo
2556 2302 2867 2368 nativitatis,
2892 2300 3300 2372 majestatisque
3318 2299 3459 2371 ejus,
3484 2299 3690 2372 (loquar
3710 2300 3808 2354 Dei

2192 2403 2276 2449 est
2304 2394 2711 2464 intelligendam
2736 2393 3019 2449 veritatem
3044 2408 3061 2459 ;
3086 2408 3155 2449 ne
3176 2408 3335 2462 quam
3364 2405 3528 2447 verus
3556 2391 3629 2445 sit
3660 2392 3807 2445 Deus

2192 2482 2287 2554 qui
2319 2494 2469 2554 pater
2489 2492 2594 2549 est,
2617 2495 2724 2539 tam
2742 2498 2907 2541 verus
2935 2484 3005 2539 sit
3028 2484 3171 2539 Deus
3199 2481 3296 2553 qui
3317 2482 3460 2538 titius
3489 2491 3606 2539 est:
3632 2489 3690 2537 ut
3720 2482 3799 2550 id,

2192 2574 2336 2646 quod
2359 2591 2522 2630 unum
2542 2590 2663 2631 esse
2684 2572 2850 2631 Filius
2867 2585 2920 2631 et
2936 2574 3095 2631 Pater
3109 2575 3164 2629 in
3184 2574 3489 2646 Evangeliis
3506 2573 3807 2644 praedican-

2193 2672 2283 2721 tur
2316 2664 2498 2737 (Joan.
2527 2682 2583 2733 x,
2606 2667 2721 2738 50),
2748 2668 2800 2722 in
2832 2667 3124 2722 voluntatis
3145 2674 3347 2722 tantum
3365 2667 3436 2721 sit
3454 2675 3511 2722 et
3529 2664 3811 2721 charitatis

2193 2760 2483 2826 societate,
2511 2773 2619 2813 non
2653 2759 2709 2814 in
2734 2758 3030 2815 divinitatis
3061 2757 3307 2814 veritate.
3335 2758 3467 2826 Quae
3507 2757 3551 2812 si
3578 2758 3631 2812 in
3658 2757 3807 2812 Filio

2195 2868 2302 2908 non
2330 2852 2519 2909 eadem
2541 2859 2626 2907 est
2652 2850 2766 2922 ipsa
2797 2852 2887 2907 illa
2908 2868 3027 2923 quae
3052 2850 3147 2907 Dei
3170 2861 3275 2919 est,
3301 2861 3364 2908 ut
3386 2852 3439 2906 in
3461 2850 3810 2907 confessione

2196 2946 2321 3000 ﬁdei
2370 2946 2513 3002 Deus
2560 2960 2699 3001 unus
2747 2943 2849 3013 sit;
2901 2958 2997 3000 cur
3047 2944 3214 3001 Deum
3265 2944 3481 3007 Filium,
3530 2959 3630 3001 cur
3676 2955 3809 3001 ante

2195 3045 2441 3108 tempora
2486 3045 2542 3093 ct
2568 3038 2764 3093 saecula
2796 3037 3142 3105 conﬁtentur,
3185 3036 3290 3094 nisi
3317 3038 3444 3109 quia
3471 3036 3568 3093 Dei
3602 3052 3806 3094 nomen

558 3128 613 3185 5.
653 3129 958 3185 Antichristi
998 3138 1193 3200 tempus
1235 3132 1351 3204 jam
1382 3108 1691 3184 adesse.--
1718 3127 1855 3198 Quid
1905 3136 2086 3183 autem
2116 3135 2163 3200 (ζ
2193 3141 2382 3187 sancto
2428 3130 2619 3201 cuique
2665 3146 2760 3197 per
2817 3129 3207 3201 indulgentiam
3252 3108 3685 3201 (limternitatis
3724 3139 3813 3186 est

483 3221 617 3289 illud
655 3223 747 3289 sit,
801 3224 942 3295 quod
993 3223 1350 3295 ignorandum
1400 3223 1543 3279 ultra
1593 3237 1698 3277 non
1747 3222 1819 3277 sit
1854 3222 2093 3278 breviter

487 3329 783 3385 exponam.
842 3315 1153 3371 Secundum
1223 3316 1471 3386 placitam
1534 3312 1643 3371 Deo
1702 3315 2092 3385 plenitudinem

485 3417 759 3461 coorctata
830 3416 957 3462 sunt
1011 3418 1277 3477 tempora.
1333 3405 1402 3477 (e)
1456 3407 1875 3477 Circumscripta
1947 3402 2091 3463 enim

489 3500 628 3555 ratio
672 3514 860 3554 eorum
907 3498 1220 3555 cmlestibtts
1262 3498 1417 3555 libris
1458 3499 1684 3554 docetur
1717 3516 1730 3553 :
1767 3513 1830 3553 ac
1870 3514 2095 3555 necesse

493 3601 580 3647 cst
646 3591 701 3647 in
761 3592 930 3663 ipsam
986 3608 1089 3649 nos
1152 3602 1364 3648 mtatem
1435 3590 1736 3647 antichristi
1797 3591 2089 3660 incidisse,

492 3684 677 3756 cujus,
708 3686 1003 3743 secundum
1034 3686 1356 3758 Apostolum
1389 3682 1459 3760 (11
1497 3685 1618 3740 Cor.
1644 3701 1718 3753 χι,
1753 3684 1867 3758 li),
1899 3688 2089 3745 minis-

489 3824 709 3878 nionem
737 3824 1011 3894 suscepit;
1037 3824 1375 3895 postmodum
1401 3825 1457 3880 in
1484 3824 1709 3881 nimium
1741 3825 1892 3880 illum
1921 3827 2099 3894 parie-

492 3903 603 3948 tum
633 3896 876 3950 ecclesiac
904 3910 1143 3951 amorem
1172 3896 1444 3952 invehitur
1469 3913 1482 3949 :
1512 3899 1715 3951 veritus
1741 3896 1884 3952 haud
1903 3899 2090 3965 dubie,

492 3980 560 4019 ne
587 3967 863 4039 episcopi,
896 3968 985 4035 qui
1017 3967 1069 4020 in
1108 3968 1451 4039 imperatoris
1480 3969 1740 4023 comitatu
1780 3970 2093 4039 frequentes

491 4047 667 4108 erant.
699 4037 753 4090 in
783 4039 1027 4091 eamdem
1056 4038 1544 4094 dissimulatiOnem
1571 4040 1804 4108 abirent,
1837 4037 1894 4095 et
1920 4042 2096 4098 haere-

499 4107 602 4178 tica
634 4110 1021 4163 communione
1057 4110 1451 4178 polluerentur.

570 4177 648 4246 (α)
685 4179 790 4233 Sex
822 4194 953 4233 mss.
984 4177 1318 4236 assumerent.

572 4247 648 4327 (ρ)
688 4248 753 4327 in
786 4251 1178 4327 antiquioribus
1226 4268 1356 4308 mss.
1411 4251 1529 4307 Vat.
1574 4253 1714 4323 bas.,
1764 4252 1987 4311 Carnut.
2038 4264 2099 4327 et

497 4316 675 4381 Culb.,
707 4316 899 4374 Deciis.

559 4387 636 4464 (ρ)
649 4389 791 4464 Lips.
810 4401 865 4445 et
879 4391 1022 4455 Pan,
1038 4409 1069 4445 a
1084 4392 1376 4464 dignatione
1390 4410 1408 4447 :
1425 4393 1777 4450 renitentibus
1789 4397 1907 4451 aliis
1923 4397 2094 4453 libris.

566 4458 739 4536 (ιθ-μη
772 4476 912 4536 mss.
952 4463 1022 4517 Ac
1045 4458 1158 4536 de;
1186 4480 1290 4519 non
1341 4466 1451 4519 [nec
1495 4466 1577 4518 de.
1613 4465 1732 4520 Mox
1767 4468 1913 4536 apud
1937 4468 2095 4535 Bad.,

2199 3224 2567 3281 destinatum?
2598 3225 2705 3278 Aut
2732 3223 3036 3295 regenerati
3068 3237 3259 3279 omnes
3289 3237 3397 3279 non
3428 3238 3557 3279 vere
3586 3223 3684 3279 Dei
3713 3222 3810 3278 lilii

2201 3328 2348 3386 sunt,
2396 3327 2491 3373 aut
2520 3317 2699 3389 angeli
2741 3332 2951 3383 omnes,
2998 3332 3097 3386 per
3133 3313 3411 3371 Christum
3453 3315 3639 3385 utique
3677 3331 3813 3372 cou-

2201 3410 2324 3476 diti,
2358 3424 2465 3464 non
2510 3418 2636 3465 ante
2660 3409 2841 3466 omnia
2871 3417 3115 3479 tempora
3142 3419 3198 3464 et
3224 3417 3351 3465 ante
3376 3410 3556 3464 omnia
3583 3409 3812 3465 omnino

2200 3504 2398 3560 szechla
2411 3512 2536 3559 sunt
2555 3503 2758 3560 creati?
2782 3501 2876 3575 (in)
2898 3501 3100 3559 Verum
3125 3500 3194 3557 ad
3214 3501 3591 3558 anticltristum
3612 3501 3815 3557 minori

2202 3598 2401 3654 invidia
2433 3597 2885 3654 introducendum
2907 3636 2926 3662 ,
2953 3594 3281 3666 miserisque
3306 3594 3643 3651 credendum
3665 3636 3682 3659 ,
3713 3594 3812 3650 tri—

2199 3691 2371 3746 buunt
2413 3690 2629 3748 Christo
2676 3688 2771 3745 Dei
2812 3703 3053 3755 nomen;
3094 3687 3219 3760 quia
3256 3687 3361 3744 hoc
3408 3696 3465 3744 et
3503 3687 3815 3743 hominibus

2204 3839 2377 3903 artem
2423 3830 2479 3885 in
2509 3829 2839 3903 Arim‘inensi
2883 3829 3097 3903 synodo
3138 3829 3280 3900 apud
3306 3826 3595 3903 Albanas;
3621 3827 3713 3882 lib.
3743 3827 3815 3883 de

2203 3900 2435 3985 Synod...
2475 3900 2710 3985 p._§76,
2759 3897 3491 3985 Conclamabattt'eatltoliei,
3541 3897 3658 3953 Nos
3707 3915 3813 3952 non

2204 3976 2323 4045 quia
2339 3974 2453 4045 ﬁde
2474 3973 2841 4043 indigerentus,
2868 3974 2968 4045 [tuo
2994 3973 3353 4045 convenimus,
3379 3980 3485 4026 etc.

2281 4038 2361 4116 (gi
2401 4044 2520 4099 Par.
2551 4038 2673 4099 cum
2722 4038 2835 4100 ms.
2872 4043 3031 4101 Colb.
3075 4059 3105 4098 a
3151 4044 3356 4099 recenti
3402 4056 3586 4108 manu,
3616 4038 3816 4097 Christi

2205 4132 2411 4171 nomine

2281 4186 2361 4257 (It)
2401 4186 2529 4259 Mss.
2562 4186 2839 4259 ﬁguratus.
2871 4187 3045 4242 Aliter
3066 4184 3264 4257 legitur
3291 4183 3451 4256 paulo
3476 4183 3729 4256 superius
3756 4190 3814 4238 et

2205 4258 2363 4313 initio
2393 4257 2513 4313 libri
2546 4257 2907 4314 itt'Coostant.

2283 4327 2462 4400 (i)4lta
2505 4344 2636 4383 mss.
2684 4329 2755 4384 At
2786 4328 2949 4396 editi,
2988 4327 3265 4400 luet-editas
3296 4326 3563 4400 nominis;
3589 4333 3646 4381 et.
3684 4339 3808 4379 mox

2207 4394 2334 4469 post
2355 4396 2594 4469 Lipsium
2640 4400 2790 4465 Pan,
2834 4394 3184 4471 successioth
3230 4394 3466 4468 deﬂuxit.
3498 4396 3624 4471 Haec
3668 4405 3725 4451 ut
3756 4402 3809 4450 ct

2206 4473 2490 4541 superiora
2525 4472 2590 4526 ad
2622 4471 2983 4527 Ariminensio
3019 4469 3235 4541 concilii
3279 4478 3429 4541 gesta
3475 4469 3805 4524 referuntur.

496 4530 769 4612 {Egilio
802 4542 858 4612 et
902 4533 956 4588 in
991 4535 1230 4612 quinque
1268 4552 1425 4612 tnss.,
1474 4552 1752 4605 numquam
1792 4530 2091 4612 deperdith
2121 4550 2175 4610 [ι
2205 4530 2439 4597 Tantum
2470 4545 2674 4596 omittit
2698 4542 2932 4597 Hilarius
2961 4530 3373 4612 Demophiluin,
3406 4554 3571 4612 quem
3600 4554 3809 4612 mento-

494 4601 552 4656 ln
595 4600 913 4658 Michaelino
958 4600 1154 4659 antetn’
1183 4606 1252 4660 ab
1302 4606 1489 4661 eadem
1529 4600 1689 4661 manu
1720 4620 1772 4662 et
1815 4600 1868 4662 ni
1897 4612 2088 4665 eodem

493 4685 748 4751 comexttt
790 4675 1060 4751 adjicitur,
1107 4679 1205 4742 vel,
1252 4694 1387 4751 nunc
1424 4695 1579 4751 quam
1606 4681 1883 4750 deperdita:
1910 4696 1931 4735 ε
1958 4696 2094 4751 quo-

496 4745 657 4800 modo
689 4746 971 4820 legendum
1006 4747 1264 4820 Erasmus
1305 4749 1373 4820 ad
1405 4745 1696 4820 marginem
1738 4745 2003 4815 asseruit,
2031 4768 2095 4809 ac

496 4823 619 4885 post
661 4812 783 4891 eum
829 4818 1008 4889 legere
1044 4818 1191 4889 Lips.
1231 4832 1285 4875 et
1312 4812 1432 4875 Par.
1464 4812 1635 4877 liabet
1663 4838 1765 4876 ms.
1801 4823 1915 4878 bas.
1944 4812 2090 4891 vat.,

493 4889 1040 4964 nmrc_valde_perditw
1063 4907 1081 4946 :
1104 4892 1197 4947 ubi
1226 4907 1292 4947 ex
1315 4892 1533 4947 Carnut.
1563 4895 1900 4964 reponimus,
1927 4889 2093 4952 uttth

490 4974 591 5029 que
616 4958 913 5029 deperdita.

564 5028 639 5173 (eg
679 5029 817 5111 Editi
836 5072 852 5097 ,
884 5034 1332 5105 incircumscripta
1355 5050 1375 5090 :
1404 5035 1761 5090 emendantur
1785 5051 1854 5092 ex
1886 5051 2018 5093 mss.

566 5106 618 5173 (ί
675 5101 855 5173 hirnea
885 5107 1052 5173 magis
1100 5106 1300 5173 placuit
1325 5122 1470 5172 vero,
1503 5106 1890 5163 reluctantibus
1914 5124 2018 5164 omt

566 5101 639 5174 (j)
675 5101 855 5176 λιιι-φο
885 5107 1052 5175 magis
1100 5101 1300 5176 placuit
1325 5122 1470 5172 vero,
1503 5106 1890 5163 reluctantibus
1914 5110 2095 5165 omni-

493 5170 916 5248 busvetet-ibus
943 5170 1114 5248 libris
1145 5195 1161 5230 :
1205 5190 1305 5248 nec
1332 5170 1606 5248 deinceps
1629 5178 1921 5248 castigatus
1951 5180 2095 5248 fuit;

496 5245 749 5320 quamvis
763 5245 848 5300 ltic
869 5247 1053 5301 llilarit
1072 5247 1337 5320 sententia
1360 5263 1463 5303 non
1484 5264 1546 5303 ea
1567 5247 1659 5316 sit,
1681 5260 1732 5303 ttt
1753 5245 1954 5305 incerta
1978 5245 2098 5320 Opi;

495 5319 587 5369 nio
603 5326 958 5388 anteponatur
984 5318 1219 5384 veritati,
1242 5319 1338 5384 sed
1361 5329 1421 5373 ut
1434 5320 1578 5388 quod
1599 5336 1781 5375 verum
1799 5336 1865 5377 ac
1879 5318 2091 5378 certum

494 5394 615 5452 est,
644 5387 712 5440 ab
728 5390 953 5460 AArianis
990 5400 1321 5460 proponatur
1346 5387 1495 5445 velut
1535 5394 1744 5447 incerta
1780 5394 1982 5460 Opinio.
2016 5394 2094 5450 De

534 5458 850 5533 operatione
875 5464 1019 5516 enim
1047 5459 1326 5533 Filii,quia
1350 5463 1723 5518 inenarrabilis
1749 5458 1917 5521 esset.
1944 5466 2095 5520 nole-

536 5536 633 5583 ant
671 5529 959 5603 quidquam
1007 5529 1243 5588 deﬁniri}
1290 5533 1436 5601 Quos
1484 5534 1726 5603 sigillans
1769 5534 2095 5592 ριιωιιοάευθ

496 5599 699 5679 Agem,
718 5599 866 5679 Illud
887 5604 1284 5679 autem,_in_quit,
1309 5599 1423 5675 quis
1447 5599 1581 5677 ferre
1599 5606 1953 5679 aquanimiter
1975 5624 2097 5676 pos-

493 5675 582 5750 sit,
607 5679 659 5724 ut
678 5690 827 5750 qttettt
844 5675 1049 5750 initiata
1066 5675 1249 5732 habere
1275 5692 1370 5750 pro
1382 5675 1527 5750 certo
1548 5686 1764 5750 Ροηαηιρ
1781 5678 1938 5750 Ιικέιιδ
1961 5675 2096 5733 “au”

497 5744 699 5796 vitatem
720 5744 937 5800 habeant
957 5747 1011 5800 in
1032 5744 1295 5802 incertum}
1315 5744 1590 5806 Adversus
1605 5744 1859 5806 eamdem
1877 5748 2092 5806 illorum

2201 4612 2331 4667 ratis
2377 4614 2616 4683 adiungit
2669 4613 3018 4676 Athanasius,
3065 4614 3161 4683 lib.
3207 4612 3556 4683 de_ASynod.,
3600 4612 3802 4683 p.874.

2444 4614 2616 4684 jungit
2669 4613 3018 4676 Athanasius,
3065 4607 3161 4684 lib'.
3207 4613 3307 4684 de“
3324 4607 3556 4684 Synod,
3600 4607 3783 4684 p.874

2207 4681 2489 4768 i’enerttnit,
2518 4681 2708 4768 inquit,
2728 4683 2796 4738 ad
2822 4683 3065 4768 artandum
3086 4681 3587 4768 ιςςιιςηϐεςὶῃέηὶηδ,
3605 4682 3807 4764 Auxen:

2201 4756 2322 4820 tius,
2368 4755 2571 4817 Valens,
2594 4752 2971 4827 Demophilus,
3018 4764 3064 4807 et
3118 4753 3297 4808 Gaius.
3347 4752 3429 4807 Ibi
3477 4769 3594 4807 cum
3640 4752 3807 4807 cit-teri

2199 4827 2424 4907 episcopi
2449 4828 2697 4907 casuarte
2729 4826 2907 4907 litteris
3093 4843 3191 4880 sua
3214 4830 3517 4896 formarent,
3654 4825 3807 4877 altar-

2200 4896 2381 4979 tulam_‘
2409 4897 2783 4979 ezhibuerunt,
2829 4905 2935 4979 etc.
2988 4896 3049 4951 Hi
3098 4912 3292 4954 omnes
3338 4911 3461 4952 eam
3512 4898 3591 4951 ob
3620 4911 3738 4951 rem
3776 4908 3807 4948 ι

2201 4970 2885 5049 synodoexcommunicati
2920 4969 3189 5037 leguntur.
3485 5036 3498 5049 .

2277 5040 2354 5112 (j)
2398 5040 2782 5112 Excusi,resse
2828 5055 2942 5095 eum
2991 5050 3345 5109 prmtantem,
3390 5038 3597 5094 omisso
3644 5038 3807 5094 verbo

2204 5111 2477 5181 potentem,
2511 5111 2656 5181 quod
2685 5113 2885 5166 habent
2910 5125 3104 5166 omnes
3134 5127 3269 5167 mss.

2275 5179 2354 5255 (It)
2384 5183 2438 5255 in
2459 5179 2560 5237 ms.
2591 5183 2785 5255 Colb.,r
2802 5198 2917 5250 qua:
2939 5181 3081 5237 Deus
3104 5192 3199 5237 est.

2277 5251 2342 5335 (ι)
2382 5253 2497 5334 vox
2518 5254 2837 5335 aeternitatis,
2853 5261 2911 5335 et
2930 5268 3053 5308 mox
3084 5255 3343 5335 porticula
3368 5270 3494 5335 non,
3523 5251 3804 5308 desidera-

2204 5322 2399 5407 bantur
2414 5326 2606 5407 tuante
2620 5322 3669 5407 vulgatisﬂeangelorumantetenmpora
3682 5339 3805 5407 eota:

2204 5394 2410 5450 ditione
2424 5394 2643 5461 videsis,
2666 5392 2873 5465 p.129,
2886 5404 3000 5450 not.
3028 5392 3059 5450 ό
3072 5395 3201 5468 (not.
3218 5397 3365 5452 eoat.
3378 5394 3491 5453 455
3504 5392 3640 5449 nou.
3655 5392 3803 5464 edit.)

2210 5536 2220 5538 Α
2280 5466 2374 5538 (tn)
2416 5467 2630 5531 Excusi,
2705 5466 2893 5522 Verum
2918 5468 3279 5538 antichristus
3333 5467 3556 5522 arbitror
3614 5465 3800 5538 ntinori

2201 5536 2421 5605 invidia,
2446 5552 2744 5618 suppresso
2769 5539 2938 5618 ad,.et
2954 5537 3136 5593 addito
3164 5539 3386 5593 arbitror
3414 5548 3614 5618 praeter
3642 5536 3800 5618 fidem

2206 5623 2339 5690 mss.
2353 5607 2632 5692 etililarii
2649 5611 2973 5692 sententiam
2999 5625 3013 5664 :
3045 5623 3204 5692 quam
3219 5618 3279 5666 ut
3296 5607 3801 5692 conciliaretceor-

2204 5680 2328 5747 gius
2352 5680 2555 5743 Bubus,
2589 5695 2686 5750 pro
2713 5680 2929 5747 invidia,
2963 5679 3247 5752 legendum
3276 5695 3402 5741 esse
3438 5680 3663 5752 perﬁdia
3689 5680 3800 5748 ονε-

2207 5752 2459 5808 nubatur.
2490 5751 2690 5824 Aperta
2716 5759 2897 5809 autem
2925 5752 2986 5808 lit
3013 5751 3118 5822 ope
3146 5766 3278 5809 mss.
