4106 6192
319 258 433 331 eis

1468 266 1673 328 LIBER
1703 266 1983 329 coxraa
2024 254 2462 330 AUXENTIUM.

3533 280 3637 337 6M

318 390 392 445 sit
432 388 691 445 tributum
726 402 740 442 :
784 382 1022 443 fatentur
1047 399 1173 442 vere
1208 386 1302 443 Dei
1348 384 1552 455 lilium;
1587 387 1712 458 quia
1749 401 1930 442 saera-
1957 400 2004 461 Α
2035 384 2287 456 Magistro
2317 384 2595 455 praecepit,
2642 382 3048 444 considentibus
3090 402 3194 442 una
3220 387 3497 443 nobiscum
3528 392 3641 459 epi-

320 491 509 536 mento
534 479 783 550 baptismi
812 494 945 535 vere
972 478 1070 534 Dei
1111 477 1251 533 ﬁlius
1292 479 1662 550 unusquisque
1708 478 1924 550 perlici-

320 580 413 625 tur
446 587 460 625 :
494 583 622 627 ante
668 581 913 641 tempora
959 579 1014 625 et
1044 571 1241 626 saecula
1283 572 1653 637 conﬁtentur;
1687 571 1828 641 quod
1859 570 1927 626 de

316 665 528 736 angelis
552 674 712 736 atque
740 664 959 721 diabolo
987 674 1070 721 est
1096 679 1204 720 non
1233 665 1562 736 negandum.
1594 663 1669 720 Ita
1702 665 1928 720 Domino

319 754 542 813 Christo
566 758 687 813 sola
711 757 802 813 illa
836 758 1167 822 tribuuntur,
1198 772 1319 829 quae
1346 765 1474 813 sunt
1498 758 1585 813 vel
1614 757 1927 829 angelorum

320 855 563 922 propria.
607 851 693 907 vel
724 860 930 906 nostra.
961 848 1253 915 Craterum,
1285 848 1368 923 (a)
1397 850 1543 919 quod
1576 850 1687 906 Deo
1706 848 1928 905 Christo

317 944 619 1016 legitimum
649 953 702 1000 et
728 959 925 1000 verum
947 953 1052 1010 εει,
1086 943 1332 999 Christus
1361 943 1504 999 Dens
1530 958 1713 1007 verus,
1740 943 1791 997 id
1820 950 1926 1007 est,

318 1040 513 1095 eadem
541 1054 663 1095 esse
693 1036 814 1092 Filii
858 1053 975 1108 qua:
1016 1036 1193 1092 Patris
1222 1037 1475 1093 divinitas
1512 1038 1829 1109 denegatur.
1864 1037 1933 1093 Et

320 1130 486 1203 huius
532 1131 752 1204 quidem
805 1146 976 1201 usque
1017 1129 1196 1185 adhuc
1253 1130 1329 1202 (ὁ)
1384 1128 1678 1200 impietatis
1738 1129 1929 1187 fraude

272 1234 273 1239 ‘
320 1224 624 1296 perﬁcitur,
653 1235 712 1280 ut
735 1224 850 1295 jam
874 1224 974 1280 sub
995 1220 1302 1278 antichristi
1328 1221 1701 1278 sacerdotibus
1726 1221 1931 1278 Christi

321 1319 557 1391 populus
596 1332 704 1372 non
750 1316 981 1381 occidat,
1031 1316 1159 1370 dum
1202 1315 1303 1369 hoc
1344 1324 1534 1385 putant
1586 1313 1662 1369 illi
1705 1314 1777 1387 (ε)
1806 1313 1931 1368 ﬁdei

320 1429 467 1480 esse,
501 1412 647 1485 quod
677 1412 826 1467 vocis
846 1422 947 1466 est.
973 1409 1213 1465 Audiunt
1242 1408 1405 1464 Deum
1426 1406 1701 1464 Christum
1727 1424 1741 1473 ;
1768 1406 1931 1481 597

319 1515 517 1579 putant
544 1521 664 1561 esse
699 1504 842 1578 quod
883 1503 1101 1560 dicitur.
1128 1502 1366 1558 Audiunt
1392 1501 1559 1557 litium
1587 1501 1712 1568 Dei;
1741 1512 1931 1572 putant

316 1600 375 1655 in
407 1599 503 1655 Dei
540 1599 823 1654 nativitate
850 1597 1032 1652 inesse
1064 1595 1158 1651 Dei
1190 1596 1497 1651 veritatem.
1530 1593 1775 1649 Audiunt
1803 1602 1929 1650 ante

319 1699 605 1763 tempora;
658 1697 849 1761 putant
884 1688 1120 1760 idipsum
1162 1698 1289 1744 ante
1339 1697 1580 1761 tempora
1611 1702 1754 1755 esse,
1785 1687 1928 1757 quod

2030 480 2209 550 scopis
2248 478 2362 535 fere
2392 480 2599 535 decem.
2644 479 3014 549 Primumque,
3045 491 3101 535 ut
3141 483 3194 536 in
3237 482 3353 537 foro
3383 483 3539 549 solet,
3574 483 3643 539 dc

2030 589 2263 644 persona
2303 574 2664 629 calumniatus
2689 585 2793 642 est,
2817 574 3130 630 damnatum
3158 575 3224 647 (f)
3252 575 3523 647 quondam
3556 592 3644 632 me

2028 680 2057 720 a
2085 665 2399 731 Saturnino,
2433 666 2605 721 audiri
2639 676 2695 721 tit
2738 669 3053 738 episcopum
3078 684 3185 723 non
3219 678 3492 740 oportere.
3523 667 3644 725 Non

2029 766 2112 812 est
2134 773 2277 812 nunc
2300 759 2580 828 temporis,
2615 758 2743 829 quid
2772 759 2836 813 ad
2864 764 2979 815 haec
3018 775 3337 829 responsum
3361 759 3452 826 sit,
3480 776 3643 816 enar-

2030 864 2152 904 rare
2184 866 2198 901 :
2230 849 2326 905 sed
2350 851 2445 920 qui
2478 860 2589 904 tum
2628 850 2952 917 audiebant,
2988 851 3056 906 de
3082 849 3190 907 ﬁde
3221 851 3419 922 potius,
3445 861 3503 907 ut
3527 850 3643 923 regi

2030 941 2331 1011 placuerat,
2381 941 2692 1014 agitandum
2723 958 2847 998 esse
2891 944 3214 999 decernunt.
3257 942 3503 1016 Cumque
3531 944 3641 1014 jam

2031 1036 2083 1089 in
2109 1042 2263 1091 arcto
2302 1046 2449 1092 esset
2494 1036 2727 1109 negandi
2775 1034 2851 1108 (g)
2900 1036 3237 1108 periculum;
3306 1035 3534 1093 credere
3584 1050 3645 1092 se

2031 1127 2336 1183 Auxentius
2368 1128 2646 1185 Christum
2671 1129 2841 1184 Deum
2874 1144 3085 1197 verum,
3110 1137 3166 1184 et
3196 1130 3355 1185 unius
3383 1146 3504 1195 cum
3537 1128 3646 1183 Deo

2034 1233 2186 1294 patre
2219 1225 2517 1280 divinitatis
2545 1234 2601 1281 et
2639 1226 2956 1281 substantia:
2999 1234 3083 1281 est
3114 1225 3409 1297 professus.
3441 1223 3650 1280 Placuit

2031 1316 2197 1386 igitur
2229 1317 2332 1373 hoc
2361 1317 2523 1373 scribi
2554 1359 2567 1384 ,
2613 1326 2667 1371 et
2711 1333 2778 1372 ne
2825 1318 3108 1371 memoriis
3160 1316 3494 1371 audientium
3527 1331 3647 1385 quae

2032 1409 2173 1464 dicta
2203 1420 2389 1466 essent
2416 1411 2792 1476 elaberentur,
2826 1411 3087 1466 continuo
3128 1410 3369 1466 libellum
3406 1412 3519 1481 regi
3554 1425 3649 1480 per

2032 1498 2367 1568 Qumstorem
2409 1501 2600 1569 offero,
2631 1518 2738 1572 quo
2762 1501 2887 1572 quid
2934 1504 3303 1569 convenisset,
3337 1502 3649 1563 continere-

2034 1598 2123 1647 tur
2154 1612 2168 1648 :
2204 1604 2259 1650 et
2289 1610 2359 1650 ne
2398 1594 2525 1664 quid
2573 1595 2791 1649 mentiri
2841 1608 3074 1664 arguar,
3105 1594 3347 1665 ejusdem
3397 1592 3645 1663 exempla

2033 1685 2474 1773 Sttbjeci..Placet
2495 1686 2745 1741 omnibus
2769 1684 3099 1741 Auxentium
3124 1685 3242 1742 haec
3271 1687 3382 1756 ipsa
3402 1685 3647 1757 proﬁteri

317 1800 541 1855 semper
588 1792 689 1838 est.
743 1781 1054 1838 Sanctiores
1100 1795 1259 1836 aures
1304 1779 1513 1850 plebis,
1558 1793 1717 1848 quam
1765 1779 1929 1834 corda
1961 1797 2007 1858 Β
2037 1775 2351 1848 frequenter
2382 1797 2395 1831 :
2425 1781 2512 1849 qui
2539 1788 2598 1834 ut
2630 1778 2709 1851 (lt)
2740 1780 2918 1849 ipsum
2948 1779 3241 1846 scriberet,
3278 1789 3365 1835 est
3404 1789 3642 1836 coactus.
3683 1840 3692 1846 ,

317 1885 447 1932 sunt
473 1876 847 1935 sacerdotum.
877 1874 936 1929 Si
980 1873 1151 1928 Deum
1181 1887 1372 1927 verum
1404 1871 1587 1926 Ariani
1631 1871 1930 1942 praedicant

316 1967 594 2024 Christum
616 2007 631 2031 ,
668 1969 837 2022 Deum
870 1964 988 2019 sine
1016 1962 1205 2019 fraude
1228 1960 1465 2019 confessi
1505 1970 1629 2017 sunt
1660 1978 1674 2015 :
1706 1962 1849 2033 quod
1883 1963 1929 2018 si

317 2061 491 2117 Deum
521 2059 744 2127 dicunt,
775 2066 831 2113 et
868 2062 1064 2128 negant
1089 2070 1278 2111 vermn
1304 2071 1319 2121 ;
1352 2054 1595 2111 tribuunt
1622 2069 1841 2121 nomen,
1874 2062 1931 2110 et

316 2151 570 2208 adimunt
596 2147 904 2205 veritatem.

395 2248 449 2301 ’1.
498 2242 693 2297 Hilarii
738 2258 856 2296 cum
900 2239 1154 2295 Auxentio
1196 2236 1483 2293 Mediolani
1513 2247 1675 2309 gesta.
1720 2229 1933 2292 Auxen-

316 2338 423 2393 tius
479 2333 1062 2392 consubstantialitatem
1115 2332 1407 2402 conﬁtetur.
1464 2362 1536 2373 —
1593 2331 1928 2402 Quamquam

316 2433 483 2504 igitur
531 2428 867 2500 impiissimis
930 2442 1116 2483 eorum
1176 2424 1531 2497 blasphemiis
1592 2425 1767 2495 plena:
1814 2439 1930 2479 om-

317 2542 421 2584 nes
486 2525 568 2601 (cl)
616 2524 969 2581 ecclesiarum
1026 2522 1270 2588 chartae,
1323 2519 1573 2590 plenique
1631 2520 1747 2588 jam
1807 2517 1931 2573 libri

317 2619 435 2675 sint
476 2636 491 2671 :
520 2618 646 2688 quid
675 2616 923 2688 proxime
948 2625 1127 2669 tamen
1156 2611 1442 2677 acciderit,
1492 2626 1599 2665 non
1644 2610 1930 2664 tacendum

317 2721 427 2769 est.
462 2713 595 2768 Cum
626 2710 806 2766 edicto
831 2708 982 2779 gravi
1029 2715 1250 2763 sanctus
1281 2704 1463 2773 (Corn.
1513 2720 1610 2757 ms.
1656 2704 1933 2758 sanctissi-

318 2805 470 2874 mus)
490 2819 582 2860 rex
615 2803 919 2873 perturbari
951 2800 1235 2856 ecclesiam
1268 2796 1770 2862 Mediolanensium,
1812 2811 1934 2866 qua:

322 2899 495 2954 Deum
516 2912 704 2952 verum
726 2894 1000 2950 Christum
1025 2901 1081 2949 et
1107 2893 1267 2947 unins
1296 2906 1418 2946 cum
1450 2889 1610 2945 Patre
1640 2888 1936 2945 divinitatis

318 2999 380 3046 et
398 2989 721 3045 substantia:
740 2986 1048 3052 conﬁtetur,
1079 2985 1181 3040 sub
1213 2982 1437 3039 unitatis
1459 2982 1641 3052 specie
1664 2991 1718 3037 et
1745 2982 1935 3037 volun-

321 3091 437 3138 tate
457 3082 745 3154 jussisset;
780 3082 943 3135 etiam
987 3078 1297 3148 importuna
1344 3074 1780 3144 interpellatione
1806 3089 1934 3145 sug-

2036 1870 2134 1936 Qui
2157 1869 2248 1925 diu
2276 1872 2504 1926 consilia
2529 1886 2626 1926 sua
2653 1888 2899 1938 versans,
2929 1873 3283 1928 callidissime
3308 1873 3470 1928 iidem
3498 1873 3641 1944 regis

2031 1961 2201 2017 cludit
2232 1981 2243 2014 :
2270 1962 2361 2018 dat
2395 1963 2719 2034 scripturam
2748 1965 2890 2036 ston
2934 1965 3237 2020 antichristi
3265 1966 3639 2036 compositam.

2102 2075 2156 2131 8.
2183 2072 2393 2144 Scripta
2416 2075 2579 2156 eludit
2598 2077 2756 2146 [idem
2777 2094 2931 2145 quam
2957 2083 3223 2151 confessus
3252 2089 3380 2136 erat.
3410 2110 3482 2123 —-
3508 2079 3643 2136 Nam

2031 2168 2265 2240 primum
2311 2185 2394 2238 ea,
2432 2186 2551 2240 quae
2592 2170 2654 2243 (i)
2698 2171 2894 2228 Nicata:
2916 2172 3164 2228 Thracia:
3187 2174 3431 2230 omnium
3451 2175 3646 2245 impie-

2034 2268 2114 2314 tas
2142 2258 2479 2327 resolvisset,
2510 2272 2693 2322 sancta
2720 2263 2885 2336 598
2903 2278 3025 2320 esse
3056 2274 3283 2320 testatur
3309 2283 3324 2319 :
3352 2267 3463 2321 vim
3500 2266 3649 2322 scili-

2032 2361 2123 2407 cet
2160 2352 2368 2409 illatam
2412 2353 2708 2425 episcOpis,
2739 2357 2902 2412 ﬁdem
2948 2372 3074 2413 esse
3112 2373 3256 2414 verte
3286 2357 3648 2415 confessionis

2032 2444 2335 2502 afﬁrmans.
2388 2446 2559 2517 Negat
2607 2464 2822 2520 quoque
2870 2463 2930 2504 se
2969 2452 3110 2505 scire
3153 2450 3344 2505 Arium
3379 2468 3394 2503 :
3439 2466 3560 2506 cum
3589 2451 3646 2507 in

2033 2537 2365 2595 Alexandria
2421 2539 2473 2593 in
2525 2538 2599 2612 (j)
2648 2537 2849 2595 Ariana
2900 2540 3160 2605 ecclesia,
3215 2542 3300 2595 cui
3353 2539 3648 2611 Gregorius

2037 2640 2267 2699 praeerat
2293 2673 2306 2697 ,
2340 2633 2625 2704 presbyter
2650 2647 2770 2687 esse
2799 2632 3073 2702 cmpisset.
3107 2633 3215 2689 Sed
3242 2633 3311 2689 de
3336 2635 3648 2690 Ariminen-

2035 2725 2080 2777 si
2113 2724 2341 2796 synodo,
2373 2741 2493 2795 quae
2529 2725 2597 2780 ab
2626 2710 2880 2781 omnibus
2926 2737 3013 2781 eat
3050 2725 3309 2797 religiose
3348 2726 3644 2792 dissoluta,

2036 2814 2173 2870 nihil
2202 2816 2448 2873 dicamus
2482 2834 2495 2869 :
2527 2823 2733 2872 tantum
2767 2817 2967 2872 diaboli
3011 2829 3317 2874 commenta
3361 2818 3645 2889 pandenda

2036 2918 2183 2965 sunt.
2225 2909 2358 2966 Cum
2389 2912 2682 2983 placuisset
2709 2912 2870 2983 igitur
2898 2913 3065 2969 scribi
3106 2912 3275 2969 Deum
3305 2928 3497 2969 verum
3525 2927 3649 2969 esse

2038 3003 2338 3073 Christum,
2370 3014 2425 3061 et
2453 3004 2609 3060 unius
2653 3018 2774 3061 cum
2808 3015 2962 3075 patre
3000 3005 3301 3063 divinitatis
3325 3019 3489 3078 atque
3519 3006 3650 3063 sub-

2039 3103 2254 3159 stantia:
2293 3118 2416 3158 esse
2444 3122 2459 3157 ι
2502 3103 2722 3174 ponitur
2753 3102 2874 3160 talis
2904 3103 2973 3159 ab
3002 3118 3091 3171 eo,
3132 3114 3188 3159 ut
3217 3119 3249 3157 a
3292 3103 3649 3162 callidissimo

319 3176 495 3267 gessi,
523 3172 850 3267 Auxentium
876 3170 1253 3267 hlaSphemum
1283 3183 1439 3267 esse,
1462 3176 1515 3223 el
1551 3169 1771 3267 omnin"
1812 3167 1937 3222 hos'
1964 3182 2011 3248 C
2041 3193 2259 3251 diabolo
2283 3237 2300 3261 ,
2346 3167 2634 3259 sententia,
2686 3211 2808 3266 qua
2839 3167 3168 3267 signiﬁcaret
3213 3196 3487 3252 Christum
3531 3205 3649 3253 ante

323 3278 439 3324 tem
462 3266 669 3322 Christi
695 3264 1000 3322 habendum
1028 3283 1041 3320 :
1073 3262 1237 3333 idque
1268 3261 1463 3332 adjeci,
1489 3276 1613 3316 eum
1634 3261 1793 3317 aliter
1813 3276 1937 3318 cre-

325 3362 481 3426 dere,
505 3375 668 3432 quam
709 3375 804 3414 rex
848 3359 985 3429 ipse,
1013 3366 1105 3411 aut
1147 3356 1236 3410 alii
1269 3369 1459 3410 omnes
1502 3354 1785 3409 haberent.
1808 3354 1942 3421 Qui-

328 3452 433 3509 bus
482 3451 554 3525 (e)
604 3467 700 3509 rex
748 3457 1070 3523 permotus;
1123 3447 1299 3504 audiri
1348 3461 1449 3502 nos
1494 3461 1525 3501 a
1570 3445 1853 3513 Quaistore
1887 3455 1944 3503 et

403 3638 487 3712 (α)
521 3636 629 3712 Ms.
676 3636 876 3712 ﬂictu,
925 3633 1063 3705 quod
1121 3633 1204 3712 de
1235 3631 1491 3712 Christo;
1511 3629 1654 3701 quod
1698 3630 1933 3700 primum

332 3702 631 3766 arridebat.
671 3708 776 3764 Sed
805 3702 948 3762 om
967 3720 1146 3776 opera
1173 3705 1265 3759 Dei
1296 3702 1737 3776 Claristiunomen
1758 3713 1937 3776 repe-

334 3792 449 3838 tere
489 3781 705 3836 videtur
734 3773 1094 3842 Hilarium—ut
1120 3775 1439 3845 dignitatem
1472 3773 1618 3828 illius
1647 3784 1703 3828 et
1740 3773 1939 3830 divini-

332 3862 499 3909 tatem
530 3854 699 3921 magis
726 3868 787 3905 ac
819 3853 987 3919 magis
1016 3850 1266 3921 inculcet.

406 3922 485 3995 (ὁ)
528 3913 694 3995 Edﬁi,
722 3913 1007 3995 impietatis
1029 3919 1226 3995 occasio
1254 3934 1345 3987 per
1365 3913 1892 3995 fraudemperﬁcitur
1920 3931 1940 3970 :

406 3933 485 3995 (ο)
528 3933 694 3988 Edttt,
722 3933 1000 3994 impietatis
1029 3935 1226 3973 occasio
1254 3934 1345 3987 per
1365 3933 1892 4041 [rauaemlrcrpcuur
1920 3933 1940 3970 .'

336 4010 501 4066 prava
524 3994 940 4066 interpolatione
962 3992 1327 4066 obscuriorem
1349 3987 1605 4066 red_dnnt_
1631 3987 1714 4066 _ila
1725 3986 1787 4066 r_i_i
1815 4001 1940 4066 sen-

335 4056 563 4123 tentiam
587 4104 604 4129 ,
646 4056 749 4135 qua
780 4065 1032 4118 observat
1060 4059 1344 4135 haereticos
1371 4057 1473 4113 sub
1492 4059 1674 4135 verbis
1704 4057 1804 4125 piis
1831 4056 1935 4135 im-

336 4139 595 4210 pietatem
625 4131 775 4210 suam
803 4136 875 4210 ita
898 4136 1105 4202 velare,
1131 4139 1189 4186 ut
1213 4132 1337 4210 dum
1363 4131 1542 4210 populi
1564 4145 1750 4184 eorum
1773 4131 1935 4210 verba

337 4199 394 4265 iit
445 4215 645 4263 sonant
695 4206 1037 4275 intelligunt,
1088 4199 1354 4272 pravitate
1406 4199 1933 4275 ipsorumnondum

334 4288 776 4349 corrumpantur.
799 4270 1059 4349 Ap'posite
1078 4270 1427 4349 Athanasius,
1445 4273 1602 4341 epist.
1620 4271 1685 4325 ad
1703 4270 1934 4349 Epictet,

340 4367 392 4422 p.
427 4350 537 4406 582
565 4342 589 4422 ΞΑ
616 4348 750 4403 Istos
773 4342 1051 4422 lucifugae,
1092 4347 1177 4422 qui
1210 4360 1322 4422 sese
1349 4346 1638 4422 etiamnum
1660 4342 1940 4422 occultant,

339 4413 385 4478 Et
417 4436 535 4491 qua:
556 4420 669 4474 Arii
695 4430 813 4475 sunt
839 4413 1062 4491 sapiunt,
1098 4413 1409 4491 Auxentium
1439 4416 1563 4491 diu:
1587 4413 1942 4491 Mediolanen-

339 4484 470 4558 seni,
526 4492 822 4558 Ursacmm,
875 4484 1160 4553 Valentem,
1202 4486 1391 4540 Gaium
1440 4503 1469 4537 a
1523 4484 1798 4538 Pannonia
1836 4500 1945 4537 uno

341 4566 531 4635 spiritu
558 4564 797 4635 incitatos
819 4605 831 4624 ,
864 4561 1117 4635 communi
1149 4558 1349 4635 calculo
1368 4557 1704 4635 anathemate
1737 4571 1948 4635 pip-cus-

340 4624 516 4692 serunt
551 4633 782 4688 Concilio
824 4636 876 4687 in
904 4630 1110 4691 Galliis,
1154 4628 1424 4699 Hispaniis
1458 4639 1501 4682 et
1534 4641 1734 4699 magna!
1765 4624 1949 4680 Romae

342 4709 714 4779 congregata]
722 4710 737 4779 l
747 4705 1030 4779 ejusmodi
1042 4697 1266 4779 fraudes
1282 4706 1641 4779 prwvertens‘.‘
1654 4697 1778 4779 ΟΡ.)
1795 4706 1941 4779 cont.

342 4768 561 4838 Ariani;
596 4795 647 4846 p.
676 4768 804 4839 29f,
833 4776 907 4830 ait
930 4794 943 4829 :
970 4774 1030 4828 Si
1057 4773 1305 4828 dictiones
1332 4786 1396 4824 ea:
1416 4769 1578 4846 sacris
1604 4768 1946 4846 litteris-seri:

343 4851 491 4915 bant,
534 4840 609 4901 ηδ’
643 4847 983 4900 sustinueritia
1029 4846 1123 4898 hoc
1172 4859 1325 4912 genus
1362 4842 1670 4915 scriptorum
1702 4855 1719 4892 :
1747 4840 1949 4915 etiamsi

343 4911 494 4975 voces
522 4918 825 4973 orthodon
851 4916 969 4986 fidei
999 4911 1292 4986 loquantur,
1323 4929 1385 4965 ne
1412 4913 1485 4964 ita
1506 4911 1709 4986 quidem
1739 4912 1951 4986 laqueti:

347 4992 487 5046 tibus
513 4990 777 5043 attendite.
812 4981 932 5042 Non
973 4981 1107 5040 enim
1142 4997 1281 5039 recto
1308 4985 1479 5037 animo
1521 4983 1819 5052 loquuntur.
1859 4981 1950 5034 sed

347 5064 507 5117 veluti
558 5061 858 5115 indumenta
905 5059 1070 5113 ovium
1117 5057 1228 5112 haec
1264 5054 1416 5109 verba
1468 5056 1766 5124 praeferunt,
1812 5052 1957 5105 intus

348 5143 525 5189 autem
551 5148 665 5195 ante
692 5132 813 5185 Arii
834 5139 953 5185 sunt
980 5130 1206 5200 sapiunt,
1236 5122 1667 5197 quemadmodum
1693 5122 1957 5179 haererem:

350 5207 598 5277 princeps
628 5203 883 5257 diabolus.

429 5297 504 5370 (ε)
535 5296 699 5370 enim
722 5295 1046 5370 nauatae,
1075 5293 1195 5349 Mir.
1219 5300 1274 5347 et
1302 5291 1361 5346 in
1387 5305 1487 5370 ηις.
1517 5289 1699 5370 βουλε,
1734 5288 1831 5357 ﬁlii
1853 5284 1958 5370 _Dei

357 5357 495 5424 esse:
529 5357 647 5423 Non
685 5369 824 5422 alter
851 5357 1086 5421 efﬁcitur
1112 5380 1326 5429 sensus,
1370 5362 1484 5416 sive
1517 5357 1804 5430 intelligas,
1850 5358 1956 5413 hoc

359 5451 655 5509 putanteos
675 5438 897 5493 credere
923 5437 1066 5508 quod
1082 5440 1242 5491 verba
1265 5444 1480 5509 sonant;
1501 5434 1636 5499 sive,
1655 5432 1755 5485 hoc
1769 5438 1960 5509 putant

359 5451 655 5509 putanteus
675 5446 897 5493 credere
923 5446 1066 5508 quod
1082 5446 1242 5491 verba
1268 5446 1480 5498 sonant;
1501 5449 1636 5499 Sive,
1655 5446 1955 5557 ntﬂtllttlll

358 5528 454 5567 eos
475 5514 678 5568 sentire
711 5509 803 5565 lilii
838 5510 927 5564 Dei
954 5522 1107 5575 esse,
1139 5506 1282 5577 qend
1312 5505 1457 5561 illius
1485 5519 1606 5577 esse
1636 5518 1695 5572 pr
1784 5502 1955 5577 icant.

430 5584 509 5655 (Δ)
537 5583 674 5638 Eum
700 5581 777 5655 ad
796 5570 1585 5655 modumlIieronyinus,nDial..
1611 5570 1760 5655 cont.
1782 5570 1956 5627 Lucil.

361 5644 814 5725 de'A'riiuiuensis
844 5651 1039 5725 synodi
1062 5644 1349 5725 gestis_,'ait
1374 5666 1386 5702 :
1418 5644 1572 5712 Quod
1600 5645 1646 5699 si
1672 5644 1786 5725 quis
1812 5662 1843 5698 a
1866 5657 1964 5725 τεο-τ

366 5724 440 5779 bis
467 5727 640 5795 ﬁctum
671 5733 838 5794 putat,
867 5717 1291 5796 ierinia'publim
1319 5728 1610 5783 scrutetur;
1637 5717 1803 5788 plena:
1840 5721 1964 5769 sunt

365 5806 495 5851 certe
519 5796 847 5854 ecclesiarmn
867 5809 1020 5851 arcw.

1971 4524 2025 4584 D

2047 3288 2218 3344 onmia
2245 3298 2476 3359 tempora
2499 3298 2676 3342 natum
2706 3287 2874 3343 Deum
2900 3304 3075 3343 verum
3114 3290 3282 3360 ﬁlium
3311 3305 3329 3343 :
3364 3299 3423 3344 ut
3460 3304 3655 3346 secun-

2047 3380 2172 3436 dum
2197 3378 2431 3435 Arianos
2449 3383 2641 3435 veritas
2662 3380 2731 3435 ad
2757 3380 2951 3448 ﬁlium,
2984 3396 3092 3436 non
3114 3380 3181 3436 ad
3217 3382 3389 3437 Deum
3418 3380 3652 3437 referre-

2047 3478 2154 3527 tur.
2186 3471 2254 3525 Et
2284 3480 2342 3526 ut
2368 3471 2529 3541 longe
2567 3472 2740 3541 major
2768 3470 3076 3526 dilicrentia
3105 3470 3265 3543 hujus
3305 3473 3658 3543 signiﬁcatio-

2112 3630 2183 3704 (e)
2226 3631 2299 3686 ita
2331 3646 2459 3685 mss.
2507 3631 2765 3704 Atcditi,
2803 3632 2985 3704 quibus
3018 3633 3169 3688 rebus
3216 3644 3494 3703 permotus.
3538 3637 3654 3693 Rex

2038 3702 2237 3775 auditis
2285 3704 2373 3769 iis,
2407 3718 2530 3772 qua:
2560 3702 2664 3775 ipsi
2708 3704 2777 3758 ab
2808 3703 3012 3758 Hilario
3044 3702 3496 3775 suggerebantur,
3539 3722 3649 3764 non

2040 3774 2187 3831 aliud
2204 3816 2217 3838 ,
2245 3789 2407 3856 quam
2430 3774 2573 3856 quod
2594 3776 2664 3829 ab
2699 3776 2797 3856 illo
2821 3774 3210 3856 postulabitur,
3235 3776 3648 3856 credendusest

2042 3845 2367 3918 praecepisse
2408 3862 2422 3898 :
2468 3846 2713 3919 adeoque
2741 3845 2974 3919 dubitari
3024 3847 3233 3916 nequit,
3263 3850 3393 3918 quin
3414 3851 3654 3919 episcopi

2042 3916 2095 3972 in
2123 3933 2188 3971 eo
2214 3931 2505 3986 congressu
2535 3925 2590 3969 ut
2618 3916 2828 3985 judices
2873 3917 3131 3972 sederint.
3168 3916 3417 3985 Qiizestnr
3445 3916 3573 3975 vero
3600 3916 3654 3976 et

2046 3989 2300 4059 Magister
2327 3995 2534 4041 tantum
2566 3997 2620 4040 tit
2662 3996 2862 4052 testes;
2908 3990 3141 4043 maxime
3162 4005 3281 4044 cum
3327 3991 3657 4046 Valentinia-

2048 4060 2308 4123 nusipse,
2343 4067 2482 4113 teSte
2513 4059 2822 4124 Ambrosio,
2850 4060 3011 4128 epist.
3043 4074 3164 4123 xxr,
3201 4079 3252 4114 η.
3284 4061 3340 4128 2,
3388 4072 3441 4116 et
3492 4065 3659 4118 Soza-

2050 4145 2246 4195 meno,
2281 4130 2371 4184 lib.
2404 4145 2480 4196 vn,
2512 4144 2563 4185 c.
2590 4129 2645 4195 7,
2667 4129 3018 4200 suﬂ‘ragante,
3055 4146 3237 4188 rerum
3266 4133 3659 4190 ecclesiastica-

2048 4217 2168 4257 rum
2193 4201 2455 4272 judicium
2485 4200 2553 4255 ad
2583 4214 2643 4255 se
2672 4201 2894 4256 minime
2916 4201 3191 4271 pertinere
3221 4204 3529 4260 declararit.

2121 4292 2194 4367 (Ῑ)
2232 4293 2339 4367 Sex
2369 4307 2501 4367 mss.
2552 4307 2677 4348 cum
2720 4293 2885 4367 Bad.,
2920 4293 3012 4348 Er.
3063 4304 3121 4367 et
3161 4295 3316 4361 Min,
3368 4315 3400 4351 α
3437 4298 3660 4367 quodam

2053 4363 2362 4440 Saturnino.
2397 4363 2587 4440 Melius
2630 4365 2867 4434 potiores
2891 4379 3012 4420 cum
3058 4366 3189 4437 Lips
3214 4380 3269 4424 et
3293 4363 3458 4435 Par.,
3495 4386 3662 4440 quon-

2056 4438 2175 4511 dam
2202 4454 2233 4490 a
2258 4436 2567 4511 Saturnino.
2603 4505 2624 4511 _
2650 4508 2658 4511 _
2865 4505 2897 4511 _
3130 4436 3137 4437 ί
3290 4444 3311 4511 ι

2129 4507 2227 4582 (9)
2245 4506 2403 4582 Apud
2429 4507 2574 4582 Min,
2601 4505 2748 4579 Lips.
2781 4516 2837 4563 et
2865 4505 3017 4578 Par.,
3046 4510 3272 4581 periculo
3291 4505 3318 4566 ἐ
3341 4510 3661 4582 refraganti-

2051 4580 2154 4634 bus
2180 4580 2302 4634 aliis
2334 4579 2508 4634 libris.

2130 4673 2207 4745 (Il)
2248 4672 2412 4745 Editi,
2462 4670 2961 4745 ipse.7Vetustiores
2983 4689 3114 4729 mss.
3147 4674 3275 4729 Vat.
3311 4675 3426 4729 bas.
3455 4682 3513 4729 et
3535 4675 3665 4730 Car-

2056 4744 2174 4799 nut.
2196 4786 2209 4807 ,
2245 4744 2420 4810 ipsud,
2467 4744 2608 4815 quod
2648 4745 2967 4815 vocabulum
3000 4748 3079 4799 sic
3110 4747 3278 4799 etiam
3302 4747 3429 4800 alibi
3477 4747 3663 4815 expri-

2056 4825 2230 4870 inunt.
2262 4816 2316 4867 In
2342 4812 2553 4885 caeteris
2578 4815 2779 4885 ipsum;
2804 4814 2907 4869 hoc
2932 4823 3036 4879 est,
3060 4816 3224 4870 idem.
3270 4817 3404 4871 Hinc
3429 4812 3577 4872 num}
3606 4817 3662 4885 9,

2056 4886 2299 4956 arguitur
2327 4927 2341 4947 ,
2391 4884 2532 4959 quo_d
2573 4900 2677 4959 non
2720 4884 2859 4940 idem
2889 4926 2903 4949 ,
2949 4886 3042 4940 sed
3074 4888 3221 4959 aliud
3266 4890 3470 4955 scripsit
3514 4906 3668 4959 quam

2058 4954 2324 5030 professus
2363 4966 2455 5032 est.
2484 4954 2794 5032 Proximum
2821 4960 3108 5026 frequenter
3134 4958 3278 5014 idem
3307 4954 3486 5029 sonat,
3520 4954 3664 5032 quod

2060 5026 2245 5084 eorum
2274 5026 2640 5083 multitudine.

2135 5118 2198 5195 (ἱ)
2238 5118 2295 5195 in
2345 5116 2447 5195 ms.
2478 5116 2745 5195 Carnut.,_
2788 5116 2948 5195 Nicia
2989 5130 3043 5176 et
3089 5120 3332 5195 Thracia.
3381 5122 3547 5179 Forte
3566 5138 3666 5195 pro

2066 5187 2236 5266 Nich
2268 5192 2320 5266 in
2349 5187 2599 5266 Thracia,
2647 5192 2812 5245 tacito
2831 5192 3003 5266 verba
3024 5194 3365 5266 geotaﬁl‘um
3405 5187 3666 5266 invulga-

2063 5264 2135 5318 tis
2165 5263 2393 5318 omnium
2434 5262 2672 5330 impietas
2702 5278 2765 5317 ea:
2806 5279 2860 5315 se
2896 5262 3150 5321 solvisset.
3196 5264 3486 5332 Sequimur
3535 5262 3667 5322 mss.

2067 5334 2406 5408 Quamquam
2423 5334 2999 5408 _malleinus,_omnium
3012 5339 3131 5408 jam
3160 5338 3322 5407 pietas
3356 5338 3668 5392 resolvisti“.

2072 5406 2211 5474 Quid
2248 5407 2389 5477 enim
2422 5404 2971 5477 ltoc_sibi_vultaliud,
2997 5404 3321 5477 quamun
3349 5424 3475 5464 mox
3501 5425 3675 5465 eum-

2074 5473 2238 5550 tiatur
2270 5476 2351 5529 his
2394 5473 2738 5550 verbis,_Sed
2776 5475 2840 5550 de
2864 5473 3176 5550 Ariminensi
3199 5473 3425 5550 synodo,
3453 5498 3568 5548 qua
3612 5480 3675 5534 ab

2073 5547 2307 5601 omnibus
2361 5555 2433 5598 est
2472 5546 2708 5617 religiose
2754 5548 3046 5602 dissoluta?
3095 5546 3255 5604 Enm'
3279 5546 3473 5608 autem
3512 5553 3677 5607 variis

2072 5616 2331 5693 Concriiis
2359 5616 2676 5693 dissolutam
2705 5632 2827 5673 esse
2846 5619 3125 5693 deflerent
3154 5620 3423 5693 Sulpicius
3442 5664 3461 5691 ,
3489 5624 3584 5683 lib.
3615 5640 3676 5692 it,

2075 5704 2200 5762 pag.
2228 5689 2359 5754 262,
2387 5694 2444 5742 et
2468 5686 2831 5760 Hieronymus
2852 5731 2869 5755 ,
2900 5689 3038 5746 Dial.
3067 5686 3267 5749 contra
3285 5686 3460 5751 Lucili

2148 5781 2227 5855 (j)
2270 5781 2327 5836 in
2356 5779 2752 5853 antiquioribus
2780 5781 2957 5853 libris,
2979 5783 3124 5840 Aria.
3166 5799 3175 5807 ·
