4106 6192
480 231 584 287 {ili}

1656 224 1898 282 SANCTI
1945 220 2204 281 lllLARll
2245 222 2557 283 EPISCOPI

3695 222 3820 278 6l6

475 348 558 403 nis
585 346 902 414 exsisteret,
936 342 1237 416 subjicitur,
1291 341 1376 398 Ea:
1409 357 1528 398 vero
1554 341 1665 398 Deo
1712 343 1910 399 Patre:
1941 351 1998 398 ut
2024 343 2076 397 in
2105 340 2159 402 A
2185 358 2269 398 DIE
2299 351 2414 398 arte
2457 340 2852 400 circumvenis?
2915 337 3191 398 Christum
3219 339 3390 398 Deum
3436 340 3572 398 dicis
3608 359 3622 396 :
3667 339 3822 412 quid

474 442 634 497 Patre
661 441 860 498 veritas
891 440 983 495 Dei
1023 446 1195 502 esset,
1230 438 1282 491 in
1306 435 1524 492 Christo
1551 437 1752 492 veritas
1777 445 1985 490 tantum
2022 435 2084 490 ﬁ-

473 536 532 594 lii
576 536 932 592 scriberetur.
979 531 1182 587 Dehinc
1214 529 1541 602 procedente
1570 546 1848 598 sermone,
1883 546 1986 585 una
2015 530 2085 585 ab

475 629 742 686 Auxentio
771 626 1028 680 divinitas
1054 623 1403 694 praedicatur,
1451 632 1504 680 et
1534 625 1588 679 in
1623 639 1686 680 ea
1719 639 1824 679 non
1853 622 2084 678 eouﬁ1e-

475 730 564 778 tur
592 729 648 776 et
677 718 753 791 (α)
788 718 984 773 Filium
1015 735 1028 772 :
1063 727 1120 772 ut
1146 717 1199 772 in
1227 717 1346 772 solo
1369 717 1552 782 Patre,
1584 732 1689 773 non
1715 716 1876 773 etiam
1912 717 1962 771 in
1992 715 2085 771 Fi-

475 814 570 879 lio,
601 819 750 868 esset
781 810 896 866 sola
930 825 1036 866 una
1068 809 1348 866 divinitas.

546 905 599 962 9.
646 904 804 972 Quasi
822 915 954 960 recte
983 905 1206 960 sentiens
1228 905 1538 978 diuulgatur.
1574 902 1809 958 Hilarius
1842 901 2082 975 fraudem

476 1008 706 1071 retegens
727 996 940 1072 jubetur
982 997 1142 1052 exire.
1175 1027 1245 1038 -—
1273 997 1560 1068 Spargitur
1584 1012 1714 1053 vero
1737 1011 1834 1067 per
1860 996 2089 1066 populos

478 1090 804 1147 Auxentium
855 1105 1042 1145 verum
1085 1089 1255 1144 Deum
1305 1088 1602 1152 Christum,
1656 1098 1712 1144 et
1755 1086 1917 1142 unius
1965 1100 2088 1141 cum

477 1180 638 1237 Patre
666 1180 965 1236 divinitatis
994 1195 1058 1235 ac
1086 1180 1402 1236 substantiae
1431 1180 1714 1252 scripsisse
1737 1221 1752 1246 ,
1803 1193 1979 1249 neque
2021 1176 2090 1232 ab

478 1274 740 1344 exposita:
771 1288 866 1343 per
893 1288 978 1326 me
1005 1269 1130 1326 ﬁdei
1161 1271 1427 1328 dissidere
1455 1271 1724 1327 sententia
1754 1288 1766 1323 :
1800 1279 1920 1340 post
1967 1282 2088 1338 qua:

481 1365 550 1422 ad
581 1364 1016 1422 communionem
1049 1364 1167 1434 ejus
1190 1381 1284 1420 rex
1319 1379 1414 1434 pro
1434 1363 1555 1418 ﬁdei
1586 1363 1900 1418 sinceritate
1926 1361 2093 1417 adve-

482 1460 583 1516 nit.
617 1458 721 1516 Sed
752 1473 876 1514 cum
910 1457 1011 1513 hoc
1041 1458 1363 1528 mysterium
1396 1456 1688 1527 impietatis
1728 1455 1820 1511 diu
1851 1454 2094 1510 occulta-

485 1561 597 1608 tum
621 1551 733 1622 jam
777 1565 882 1606 non
911 1558 1199 1614 taceretur,
1231 1547 1577 1617 diceremque
1609 1548 1732 1618 tingi
1772 1545 1846 1620 (b)
1873 1547 2054 1602 omnia
2076 1587 2092 1614 ,

493 1644 656 1701 ﬁdem
685 1643 960 1714 denegari,
999 1643 1165 1698 Deum
1197 1651 1356 1712 atque
1386 1641 1633 1697 homines
1677 1640 1830 1695 illudi
1859 1657 1873 1705 ;
1902 1641 2097 1710 iubeor

2188 437 2326 492 fallis
2352 438 2404 492 in
2440 437 2702 493 nomine?
2740 435 2883 508 Nega
2921 435 3140 507 Moysen
3189 435 3460 491 Pharaoni
3491 435 3652 490 deum
3684 434 3826 488 dic-

2190 540 2300 585 tum
2350 529 2546 603 (Exod.
2583 545 2688 596 vn,
2721 529 2798 602 1).
2845 529 3122 585 Christum
3152 529 3323 584 ﬁlium
3365 539 3420 584 et
3463 525 3827 600 primogeni-

2189 631 2301 677 tum
2354 621 2445 678 Dei
2479 621 2715 693 loqueris
2751 639 2763 676 :
2808 637 2941 694 nega
2972 622 3390 693 primogenitum
3430 620 3603 676 lilium
3631 617 3826 676 lsrael

2190 714 2300 770 Deo
2331 729 2452 770 esse
2477 713 2650 785 (Esai.
2683 730 2699 766 ι
2725 754 2741 780 ,
2765 713 2844 786 2).
2876 711 3150 769 Christum
3181 723 3308 768 ante
3339 722 3583 784 tempora
3614 720 3830 768 natum

2193 807 2397 863 asseris
2425 806 2579 879 (Viti.
2613 807 2647 860 ι.
2681 822 2755 866 xu
2779 808 2844 862 de
2863 807 3016 862 Trin.
3040 825 3093 862 η.
3127 806 3218 880 55)
3255 826 3267 860 :
3301 818 3357 864 et
3389 817 3634 864 creatum
3667 821 3832 876 nega

2189 899 2463 955 diabolum
2497 909 2620 956 ante
2653 909 2892 970 tempora
2923 909 2976 956 et
3018 899 3214 956 smcula
3253 899 3580 956 substitisse.
3611 898 3834 954 Chris-

2193 1001 2304 1047 tum
2337 992 2567 1048 similcm
2611 992 2758 1048 Patri
2791 1006 3102 1048 memoras:
3146 1006 3277 1063 nega
3307 991 3374 1046 ad
3424 990 3729 1062 imaginem
3767 999 3833 1045 et

2191 1086 2599 1143 similitudinem
2656 1086 2750 1143 Dei
2799 1086 3075 1142 hominem
3131 1101 3252 1143 esse
3299 1087 3549 1157 cmpisse.
3611 1087 3830 1143 Solum

2193 1177 2408 1234 Christo
2459 1178 2602 1251 quod
2652 1190 2734 1234 eSt
2783 1179 3040 1250 denegas,
3075 1195 3142 1235 ne
3171 1179 3313 1234 Deus
3354 1195 3512 1234 verus
3557 1188 3614 1235 et
3647 1181 3830 1235 unius

2195 1283 2314 1325 cum
2349 1271 2508 1326 Patre
2551 1269 2848 1326 divinitatis
2879 1281 3042 1341 atque
3090 1271 3406 1326 substantiae
3451 1270 3542 1326 sit.
3577 1271 3649 1326 Et
3679 1270 3834 1327 soli-

2198 1373 2284 1419 tus
2309 1377 2369 1419 es
2419 1377 2525 1418 una
2571 1378 2692 1418 cum
2746 1363 3016 1434 magistris
3063 1363 3168 1419 tuis
3213 1379 3300 1419 me
3353 1363 3668 1420 hmreticum
3729 1380 3833 1420 ar-

2197 1470 2362 1526 guere
2392 1473 2405 1508 :
2435 1469 2669 1526 expone,
2700 1455 2896 1527 quibus
2919 1465 3070 1526 potes
3099 1455 3314 1522 litteris,
3345 1456 3644 1527 impietatis
3672 1471 3831 1513 mea:

2198 1563 2438 1615 causam,
2467 1558 2520 1604 et
2544 1548 2999 1619 blasphemiarum
3025 1564 3268 1604 mearum
3298 1548 3509 1604 titulum
3538 1565 3830 1621 prepone.

2199 1640 2326 1694 Mihi
2355 1650 2531 1696 autem
2564 1642 2909 1696 antichristus
2931 1653 3013 1696 est
3042 1641 3153 1708 ille,
3195 1642 3285 1711 qui
3315 1641 3472 1696 unius
3501 1641 3828 1698 divinitatis

489 1737 558 1794 de
591 1737 896 1794 Mediolano
926 1736 1218 1807 proﬁcisci,
1251 1751 1374 1792 cum
1403 1734 1738 1792 consistendi
1779 1733 1908 1790 mihi
1951 1734 2002 1789 in
2034 1748 2098 1790 ea
2127 1737 2175 1797 B
2202 1747 2322 1790 esse
2351 1733 2547 1789 Filium
2579 1749 2699 1789 cum
2748 1733 2908 1790 Patre
2951 1749 3056 1790 non
3085 1734 3377 1791 conﬁtetur
3407 1752 3420 1788 :
3451 1735 3652 1805 quique
3705 1752 3826 1791 non

488 1829 660 1886 invito
681 1845 808 1900 rege
834 1828 983 1884 nulla
1011 1837 1158 1885 esset
1186 1828 1440 1884 libertas.

563 1921 651 1978 10.
693 1921 823 1978 Haec
851 1921 1034 1992 igitur,
1077 1921 1318 1988 Fratres,
1357 1919 1551 1991 quibus
1595 1919 1690 1976 Dei
1731 1918 2001 1990 judicium
2045 1919 2099 1976 in

494 2023 642 2072 metu
674 2023 780 2082 est,
826 2014 899 2069 ita
945 2022 1096 2086 gesta
1143 2029 1264 2070 esse
1293 2013 1559 2084 signiﬁco.
1611 2013 1914 2070 Auxentius
1955 2011 2102 2085 quod

495 2123 696 2181 negare
720 2108 922 2174 timuit,
954 2107 1127 2162 noluit
1163 2107 1410 2162 conﬁteri
1442 2123 1456 2161 :
1488 2121 1612 2162 nam
1640 2107 1996 2177 expositionis
2023 2107 2104 2177 ip-

492 2202 607 2257 sius
634 2201 885 2270 exempla
928 2199 1156 2270 subjeci.
1208 2199 1264 2255 Si
1299 2199 1441 2254 idem
1488 2199 1724 2269 scripsit,
1765 2200 1976 2270 arguite
2007 2199 2106 2254 fal-

501 2292 751 2350 lentem:
805 2292 851 2347 si
907 2306 1040 2348 vero
1089 2290 1234 2347 aliud
1262 2290 1391 2364 (Ms.
1447 2289 1605 2346 Corn.
1657 2291 1838 2363 aliter)
1886 2293 2107 2364 scripsit

493 2401 656 2458 quam
699 2385 978 2456 professus
1028 2394 1132 2452 est,
1184 2385 1474 2455 intelligite
1511 2385 1624 2455 jam
1673 2385 1953 2442 Christum
2007 2402 2106 2457 per

493 2494 617 2536 cum
645 2478 834 2547 alium,
861 2478 915 2534 id
936 2489 1039 2546 est,
1067 2476 1438 2534 antichristum
1467 2477 1770 2548 praedicari.
1805 2478 1956 2534 Lusit
1986 2479 2106 2549 qui-

497 2572 622 2630 dem
653 2573 744 2628 ille
775 2571 978 2639 verbis,
1006 2571 1205 2643 quibus
1234 2572 1402 2640 possit
1449 2571 1636 2628 fallere
1663 2580 1718 2628 et
1741 2572 1979 2641 electos;
2009 2573 2104 2630 sed

499 2673 649 2736 patet
677 2664 972 2734 impietatis
1001 2673 1165 2719 tanta:
1193 2662 1485 2735 professio.

568 2757 656 2813 11.
699 2757 944 2813 Auxentii
977 2757 1197 2829 perﬁdia
1239 2758 1535 2829 exponitur.
1577 2756 1841 2830 —-Negat
1880 2773 1940 2817 se
1968 2758 2106 2818 duos

498 2850 630 2908 deos
659 2851 978 2923 prmdieare,
1007 2851 1131 2922 quia
1181 2864 1288 2906 non
1315 2848 1424 2905 duo
1469 2858 1652 2920 patres
1690 2861 1835 2908 sunt.
1866 2851 1999 2921 Quis
2026 2867 2107 2908 se-

498 2944 736 3000 cundum
760 2945 876 3000 haec
921 2958 1028 2999 non
1059 2942 1240 3012 \videt,
1275 2948 1432 2998 unius
1465 2943 1560 2999 Dei
1604 2944 1999 3002 confessionem
2027 2945 2107 3000 id-

495 3037 644 3091 circo
671 3045 877 3092 tantum
908 3036 1055 3092 Patri
1086 3037 1360 3108 propriam
1401 3051 1543 3103 esse,
1575 3038 1699 3108 quia
1727 3038 1876 3094 solus
1916 3038 2107 3094 esset?

2206 1826 2277 1880 ita
2326 1842 2493 1882 unum
2534 1843 2724 1883 verum
2756 1827 2924 1883 Dcmn
2971 1829 3184 1884 Patrem
3217 1827 3494 1899 praedicat,
3525 1841 3582 1884 ut
3612 1829 3834 1885 veritas

2202 1935 2414 1991 quoque
2439 1919 2734 1976 divinitatis
2761 1935 2866 1977 non
2916 1920 3245 1990 intelligatur
3271 1921 3324 1976 in
3355 1921 3516 1977 Filio.
3564 1921 3625 1979 Si
3651 1923 3832 1978 unius

2205 2013 2501 2069 divinitatis
2532 2012 2782 2070 Christus
2825 2024 2878 2069 et
2911 2014 3054 2069 Deus
3079 2023 3226 2082 sunt,
3256 2029 3355 2069 cur
3388 2013 3490 2070 hoc
3520 2031 3628 2071 non
3684 2017 3835 2072 sim-

2205 2105 2418 2175 pliciter
2441 2105 2744 2176 scripsisti?
2767 2105 2824 2161 Si
2853 2106 2946 2162 tibi
2980 2120 3086 2162 non
3116 2113 3263 2173 sunt,
3289 2119 3386 2161 cur
3409 2105 3514 2163 hoc
3541 2123 3649 2163 non
3677 2108 3830 2164 sim-

2206 2198 2420 2269 pliciter
2441 2197 2717 2269 denegasti
2738 2197 2761 2250 ?

2282 2289 2366 2343 12.
2412 2288 2661 2345 Ecclesiw
2705 2292 2956 2361 parietum
2999 2309 3062 2347 ne
3106 2294 3293 2348 nimius
3335 2294 3400 2349 sit
3429 2308 3592 2348 amor.
3622 2291 3839 2348 —-Ar-

2209 2395 2403 2437 canum
2438 2382 2598 2453 igitur
2643 2392 2750 2439 tam
2798 2384 3038 2455 pestiferi
3088 2386 3326 2458 mysterii
3355 2396 3650 2456 Optassem,
3688 2385 3841 2441 Fra-

2210 2485 2339 2540 tres,
2372 2475 2487 2546 ipse
2514 2476 2694 2546 potius
2737 2492 2896 2547 quam
2926 2493 3023 2547 per
3063 2478 3274 2534 litteras
3303 2479 3548 2534 revelare
3570 2521 3584 2542 ,
3614 2489 3671 2534 et
3702 2495 3836 2534 om-

2208 2553 2304 2624 nes
2334 2567 2697 2638 blasphemias
2748 2570 3000 2626 Auxentii
3033 2571 3215 2626 verbis
3261 2571 3486 2642 singulis
3515 2571 3833 2641 explicare.

2209 2647 2409 2718 Verum
2439 2663 2564 2732 quia
2607 2663 2658 2717 id
2699 2677 2804 2718 non
2834 2663 2994 2732 licet,
3037 2664 3230 2719 saltem
3270 2663 3641 2734 unusquisque
3670 2664 3837 2735 quod

2210 2754 2310 2809 sibi
2339 2755 2495 2810 liceat
2525 2753 2806 2824 intelligat.
2842 2754 3003 2808 Multa
3027 2754 3130 2808 alia
3159 2755 3408 2824 proferre
3437 2755 3706 2810 Ecclesia:
3737 2772 3836 2812 me

2210 2846 2384 2918 pudor
2433 2846 2659 2914 inhibet,
2709 2856 2766 2904 et
2810 2848 3150 2903 committere
3197 2847 3444 2918 epistola)
3484 2848 3839 2906 Arianorum

2211 2942 2666 3013 blasphemiarum
2698 2941 2966 2996 dedecora
2997 2941 3340 3010 pertimesco.
3379 2939 3551 2996 Unum
3581 2955 3835 2996 moneo:

2210 3044 2394 3091 cavete
2423 3035 2796 3091 autiehristum
2821 3035 2987 3108 600
3017 3052 3029 3088 :
3063 3035 3203 3090 male
3232 3034 3376 3090 enim
3410 3050 3504 3089 vos
3547 3035 3835 3104 parietum

499 3129 662 3202 599
689 3129 838 3186 Unde
865 3139 918 3186 et
949 3129 1042 3185 ille
1055 3139 1258 3185 satana:
1283 3129 1359 3200 (c)
1388 3130 1559 3200 stylus
1585 3131 1791 3186 exstitit
1819 3148 1831 3184 :
1855 3129 2107 3185 Nouimus
2133 3119 2178 3183 C
2211 3143 2364 3182 amor
2383 3129 2541 3198 cepit,
2565 3128 2704 3183 male
2748 3128 3045 3183 Ecclesiam
3077 3126 3170 3182 Dei
3202 3127 3253 3181 in
3285 3126 3439 3182 tectis
3466 3126 3838 3198 aediﬁciisque

497 3237 656 3276 unum
685 3220 852 3276 solum
875 3237 1048 3276 verum
1086 3220 1251 3275 Deum
1296 3229 1512 3290 patrem.
1546 3219 1614 3274 Et
1659 3230 1781 3290 post
1799 3221 2102 3298 .malevolas

497 3311 941 3382 signiﬁcationes,
974 3310 1234 3378 Similem,
1275 3311 1464 3382 inquit,
1498 3313 1779 3366 secundum
1802 3313 2103 3384 Scriptura:

499 3401 698 3458 Filium
726 3406 944 3476 genitori
974 3421 1067 3460 suo
1092 3407 1249 3477 patri.
1285 3406 1340 3461 Si
1382 3421 1605 3477 usquam
1642 3405 1695 3462 in
1723 3409 1923 3464 sanctis
1944 3409 2100 3464 volu-

499 3493 736 3550 minibus
767 3496 868 3551 hoc
911 3495 1164 3568 scriptum
1197 3507 1298 3565 est,
1347 3497 1512 3553 habet
1535 3498 1859 3554 innocentite
1899 3500 2105 3570 profes-

498 3590 732 3646 sionem.
763 3589 815 3647 Si
847 3590 924 3663 (d)
957 3606 1084 3646 vero
1113 3591 1341 3647 veritate
1384 3591 1677 3648 divinitatis
1706 3592 1874 3649 Filius
1913 3604 1965 3651 et
2005 3596 2105 3652 Pa-

498 3691 582 3741 ter
610 3701 776 3741 unum
821 3695 965 3754 sunt,
1014 3686 1141 3758 quid
1185 3685 1555 3742 similitudinis
1586 3688 1895 3758 imperfecta
1922 3689 2104 3758 opinio

495 3778 834 3834 antefertur?
868 3776 1048 3849 Imago
1077 3777 1294 3849 quidem
1327 3778 1420 3834 Dei
1440 3778 1685 3834 Christus
1709 3791 1793 3835 est
1823 3780 1972 3854 (l'id.
2009 3781 2100 3836 lib.

500 3870 555 3924 in
583 3867 852 3924 Constant.
897 3888 950 3924 η.
981 3870 1077 3941 20)
1114 3887 1126 3924 :
1160 3870 1253 3926 sed
1286 3880 1338 3926 et
1370 3869 1645 3927 hominem
1692 3871 1980 3942 imaginem
2010 3874 2104 3930 Dei

499 3978 624 4019 esse
650 3979 756 4020 non
787 3963 1008 4020 dubium
1051 3974 1129 4020 est
1156 4006 1171 4031 ,
1202 3979 1324 4020 cum
1355 3965 1420 4020 ad
1451 3965 1740 4037 imaginem
1773 3978 1826 4023 et
1855 3968 2108 4023 similitu-

498 4053 679 4112 dinem
724 4056 818 4119 Dei
875 4054 1046 4112 Adam
1094 4056 1268 4112 factus
1318 4059 1408 4114 sit.
1461 4057 1602 4125 Quid
1651 4069 1726 4124 tu,
1763 4058 1938 4115 bteres
1964 4061 2102 4128 Arii,

498 4145 716 4203 Christo
743 4158 952 4204 tantum
983 4158 1166 4204 nostra
1213 4151 1510 4208 concedis?
1536 4151 1677 4219 Quid
1720 4153 1943 4226 Regem,
1975 4154 2102 4226 quid

499 4238 763 4308 Comites,
795 4242 923 4313 quid
956 4242 1052 4298 Dei
1085 4243 1405 4312 Ecclesium,
1431 4247 1598 4318 patris
1629 4248 1725 4315 tui,
1753 4249 1804 4303 id
1825 4258 1925 4317 est,
1958 4261 2106 4306 sata-

573 4376 655 4449 (a)
721 4377 904 4454 Carm
934 4389 997 4454 et
1033 4381 1227 4454 _Colh.,
1298 4384 1416 4453 ﬁlii.
1489 4386 1586 4443 llic
1635 4397 1894 4446 notantur
1942 4393 2183 4454 verbal)

503 4448 544 4504 A
554 4448 778 4516 u'xentii,
806 4466 862 4532 n:
888 4449 956 4505 H-
971 4450 1247 4532 ifropter
1260 4448 1409 4532 quod
1419 4465 1465 4510 et
1486 4474 1651 4532 unam
1663 4459 1902 4532 deitatem
1919 4465 2107 4532 ιιι-τεάὶ-

501 4535 678 4575 camus
706 4536 726 4577 :
749 4522 941 4591 quibus
971 4522 1160 4578 Filium
1192 4543 1221 4578 a
1245 4524 1525 4584 divinitate
1553 4529 1746 4585 callide
1774 4522 2032 4591 excludit.

573 4615 649 4688 (b)
675 4614 746 4688 in
772 4613 1001 4688 duobus
1021 4630 1152 4671 mss.
1189 4620 1395 4673 nomina
1417 4634 1436 4680 :
1463 4636 1526 4676 ac
1553 4621 1981 4682 deindeCarnut.
2011 4644 2106 4684 co-

501 4684 636 4756 dex,
663 4685 774 4741 Deo
792 4696 947 4755 atque
982 4687 1272 4744 hominibus
1309 4691 1463 4744 illudi
1494 4709 1512 4746 :
1541 4703 1650 4748 tmn
1701 4710 1821 4752 cum
1855 4713 1956 4755 ms.
1985 4700 2103 4756 bas.

505 4755 625 4813 Vat.
643 4800 660 4826 ,
688 4759 752 4813 de
781 4757 1118 4826 Mediolanio,
1153 4775 1259 4816 non
1282 4761 1346 4816 de
1376 4761 1695 4819 Mediolano.

577 4847 648 4920 (c)
681 4849 1002 4934 lnquinque
1057 4867 1188 4934 mss.
1243 4853 1383 4921 ﬁlius
1440 4858 1651 4934 exstitit.
1705 4858 1930 4916 Satanas
1981 4863 2105 4934 qui-

504 4918 652 4999 dem,
682 4918 808 4999 quia
843 4918 1109 4978 mendacii
1139 4918 1329 4999 auctor
1367 4934 1421 4981 et
1452 4927 1718 4983 lallaeium
1753 4947 1948 4999 parcns
1989 4918 2101 4999 est,

504 4989 756 5074 Auseniii
782 5003 935 5074 pater
959 5009 1082 5049 mox
1111 4997 1434 5074 praedicatur
1451 5015 1464 5051 :
1481 4999 1693 5074 sedmhic
1710 4989 1812 5074 vox
1824 5004 1966 5074 ﬁlius
1979 4989 2102 5061 cum

503 5061 957 5146 subsequentibus
982 5082 1090 5146 non
1113 5061 1258 5146 satis
1286 5069 1706 5146 coltzcret.__'l‘um
1724 5112 1728 5117 .
1749 5073 1804 5128 in
1824 5061 2065 5146 'vulgatis
2083 5119 2098 5141 ,

506 5131 646 5187 Novi
675 5131 854 5189 unum.
905 5136 1122 5192 Rectius
1167 5139 1220 5192 in
1269 5139 1654 5197 vetustioribus
1681 5158 1813 5198 mss.
1850 5131 2104 5201 No‘uimus

505 5219 662 5285 unum
687 5221 706 5258 :
734 5205 848 5285 hagc
876 5208 1242 5285 euhim‘verba,
1272 5210 1408 5264 sicut
1439 5221 1494 5266 et
1521 5214 1922 5285 subsequentia,
1956 5219 2102 5271 simi-

505 5275 604 5329 lem
625 5277 904 5350 secundum
928 5275 1252 5350 scripturas,
1275 5290 1383 5336 etc.
1412 5323 1425 5346 ,
1450 5294 1574 5336 sunt
1600 5275 1843 5340 formula:
1875 5275 2104 5343 Arimini

505 5361 601 5425 seu
627 5345 822 5425 Nicaea:
850 5349 904 5403 in
946 5345 1183 5425 _'l‘biacia
1211 5345 1417 5419 editae,
1455 5353 1611 5425 cujus
1655 5371 1714 5412 se
1763 5358 2104 5414 defensorem

505 5420 808 5474 Auxentius
837 5420 1142 5491 profitetur.

578 5507 659 5591 .(d)
699 5508 956 5594 ﬁxurnss;
975 5523 1260 5594 revocatur
1298 5515 1557 5594 particula
1585 5533 1722 5584 vero,
1757 5522 2110 5594 quaiperSpi-

506 5581 660 5663 euiol-
683 5581 752 5637 sit
775 5581 1254 5663 Hilar_i_i__sententia
1285 5581 1473 5663 :'_puta,
1500 5589 1544 5643 si
1573 5581 1757 5646 contra
1775 5581 1836 5648 in
1867 5581 2109 5663 Scripiu-

508 5650 584 5735 ris
614 5650 784 5735 Patet;
810 5664 864 5710 et
908 5655 1268 5735 Filiusunum
1297 5650 1550 5735 dicuntur
1599 5671 1807 5720 natura:
1857 5650 2108 5735 verit'atc,

509 5733 616 5775 non
646 5723 1020 5798 qualicumque
1049 5728 1436 5785 similitudine.

2211 3219 2549 3275 veneramini
2569 3260 2584 3287 ,
2607 3220 2745 3274 male
2767 3219 2870 3275 sub
2895 3217 2978 3273 his
3011 3218 3156 3289 pacis
3184 3233 3378 3274 nomen
3413 3219 3658 3290 ingeritis
3691 3220 3837 3287 (hinc

2209 3314 2329 3368 citat
2362 3311 2666 3378 Facundus,
2700 3313 2888 3384 Spicil.
2940 3323 2978 3366 t.
3016 3328 3108 3380 ιιι,
3142 3329 3194 3382 p.
3252 3312 3396 3382 118).
3447 3313 3600 3368 Anne
3647 3313 3839 3368 ambi-

2207 3422 2370 3478 guum
2396 3415 2498 3473 est,
2528 3407 2578 3460 in
2611 3405 2696 3461 his
2719 3404 3096 3460 antichristum
3125 3419 3246 3460 esse
3266 3403 3578 3460 sessurnm?
3608 3403 3834 3473 Montes

2209 3499 2363 3566 mihi,
2395 3509 2451 3556 et
2479 3499 2666 3571 sylvze,
2697 3509 2748 3555 et
2777 3497 2848 3570 (ε)
2880 3500 3048 3564 lacus,
3073 3508 3126 3554 et
3149 3514 3418 3568 carceres,
3447 3508 3502 3553 ct
3530 3499 3832 3570 voragines

2207 3601 2334 3648 sunt
2378 3593 2602 3647 tutiores
2637 3609 2649 3645 ε
2685 3593 2736 3646 in
2761 3590 2846 3646 his
2873 3591 3016 3646 enim
3051 3590 3346 3662 prophetae,
3377 3599 3470 3646 aut
3497 3602 3791 3647 manentes
3812 3633 3830 3660 ,

2207 3695 2300 3740 aut
2325 3683 2586 3752 demersi,
2619 3684 2712 3740 Dei
2758 3683 2950 3755 spiritu
2983 3683 3395 3755 prophetabant.
3427 3683 3688 3739 Absistite
3724 3685 3831 3740 ita-

2205 3793 2309 3849 que
2337 3777 2404 3833 ab
2425 3776 2701 3833 Auxentio
2725 3784 2928 3831 satana:
2949 3777 3160 3846 angelo,
3196 3775 3350 3830 hoste
3379 3774 3607 3843 Christi,
3638 3785 3830 3831 vasta-

2214 3880 2330 3927 tore
2361 3870 2591 3939 perdito,
2629 3869 2754 3926 ﬁdei
2788 3878 3044 3940 negatorc
3073 3890 3085 3924 :
3118 3884 3276 3940 quam
3324 3868 3403 3923 sic
3429 3878 3511 3923 est
3539 3868 3652 3938 regi
3694 3883 3829 3938 pro-

2212 3965 2406 4033 fessus,
2439 3974 2498 4019 ut
2519 3963 2764 4028 falleret;
2797 3961 2875 4018 sic
2893 3961 3106 4028 fefellit,
3137 3972 3194 4017 ut
3225 3961 3642 4032 blasphemaret.
3675 3961 3827 4016 Con-

2207 4067 2393 4131 greget
2430 4073 2574 4114 nunc
2603 4058 2696 4113 ille
2721 4072 2855 4128 quas
2885 4057 3029 4112 volet
3067 4055 3120 4109 in
3153 4072 3238 4110 me
3267 4054 3525 4126 synodos,
3559 4065 3613 4110 et
3642 4055 3824 4111 lucre-

2211 4155 2372 4210 ticum
2404 4169 2512 4223 me,
2547 4161 2604 4209 ut
2646 4167 2798 4223 saepe
2822 4151 2934 4222 jam
2965 4150 3111 4218 fecit,
3160 4150 3374 4220 publico
3406 4149 3559 4204 titulo
3581 4150 3825 4221 proscri-

2208 4249 2318 4316 bat,
2352 4255 2407 4305 et
2431 4255 2684 4318 quantam
2710 4243 2860 4300 volet
2888 4243 3021 4300 iram
3070 4243 3121 4298 in
3170 4257 3256 4298 me
3283 4243 3583 4313 potentium
3623 4241 3824 4296 molia-

2290 4390 2380 4474 (ε).
2405 4387 2534 4472 Moss.
2577 4400 2791 4474 summo
2819 4401 3121 4474 consensu,
3174 4385 3322 4441 lucus
3351 4399 3549 4455 :quam
3598 4399 3820 4474 vocem,

2211 4457 2316 4518 nisi
2349 4457 2465 4515 'luci
2513 4475 2617 4514 non
2655 4461 2800 4514 lucus
2850 4460 3122 4513 obtineret
3157 4468 3333 4512 rectus
3382 4472 3538 4511 casus
3569 4457 3818 4525 pluralis,

2252 4532 2469 4588 rmferre
2489 4531 2729 4586 licuisset
2759 4548 2773 4585 :
2799 4531 2950 4600 quasi
2979 4529 3282 4583 alfectasset
3307 4527 3540 4600 llilarius
3566 4527 3820 4582 ecclesiis

2252 4550 2469 4588 rmlerre
2492 4550 2729 4586 IICUISSCI.
2759 4550 2773 4585 :
2799 4550 2950 4600 quasr
2979 4550 3282 4583 alleClaSSBl
3307 4550 3540 4582 llllal'lUS
3566 4550 3820 4582 CCCIUSIIS

2212 4550 2592 4659 Rmreticorum
2623 4603 2866 4672 ingressu
2912 4601 3131 4672 pollutis
3170 4599 3446 4672 gentilium
3491 4598 3641 4672 lucos
3680 4614 3821 4654 con-

2214 4674 2380 4739 ferre,
2435 4675 2543 4728 imo
2586 4670 2874 4729 antelerre.
2915 4670 3254 4741 Quamquam
3310 4670 3361 4724 si
3391 4684 3511 4741 cum
3548 4670 3630 4723 his
3659 4685 3817 4723 COIII-

2217 4743 2626 4817 parcmusgillud
2654 4743 2847 4817 capitis
2876 4759 2906 4796 v
2931 4745 2983 4798 iu
3012 4741 3198 4796 Matth.
3232 4757 3287 4796 ιι.
3327 4742 3350 4794 -1
3387 4758 3401 4794 :
3428 4740 3496 4794 In
3535 4741 3674 4817 omni
3703 4742 3820 4796 loco

2217 4813 2415 4887 precem
2458 4815 2674 4886 fundere
2718 4815 2988 4869 edoce-mur
3016 4831 3033 4867 :
3065 4823 3112 4887 et
3140 4823 3435 4887 sanctorum
3471 4813 3640 4887 oratio
3685 4819 3821 4887 inter

2213 4883 2370 4959 feras,
2399 4883 2648 4952 carceres,
2681 4887 2941 4956 ﬂammas,
2973 4895 3018 4939 et
3042 4885 3104 4938 tle
3129 4884 3387 4959 profundo
3427 4883 3587 4935 maris
3615 4883 3819 4959 aches-

2219 4954 2303 5013 tiw
2333 4968 2504 5012 ventre
2529 4954 2766 5028 suscepta
2791 4966 2902 5022 est;
2949 4967 3095 5028 patet
3131 4954 3477 5028 retinendum
3508 4969 3629 5008 esse
3661 4955 3818 5028 locus

2211 5030 2556 5094 vocabulum,
2585 5025 2758 5098 eoque
2783 5029 2944 5082 alludi
2975 5027 3054 5081 vel
3089 5027 3156 5098 ad
3185 5025 3508 5098 profundum
3536 5026 3726 5089 maris,
3760 5027 3813 5098 in

2211 5102 2352 5171 quod
2381 5101 2546 5171 Jonas
2574 5095 2855 5171 demersus
2881 5109 3012 5171 est;
3041 5097 3124 5152 vel
3142 5095 3224 5171 ad
3253 5095 3733 5171 lacum_leouutu,
3761 5097 3815 5151 in

2210 5167 2370 5242 quem
2416 5170 2662 5240 deiectus
2685 5170 2922 5242 _Daniel,
2949 5185 3013 5242 ac
3041 5169 3247 5242 positus
3277 5167 3816 5242 iuter_feras‘,_a‘Deo

2211 5237 2405 5312 respici
2443 5237 2656 5296 meruit.
2684 5239 2799 5295 Huc
2839 5237 3089 5312 conferre
3121 5239 3266 5312 licet,
3295 5237 3439 5312 quod
3466 5237 3651 5312 scribit
3673 5239 3812 5312 Dio-

2217 5308 2398 5385 nysius
2422 5312 2740 5385 Alexandr,
2772 5311 2912 5382 apud
2937 5311 3129 5385 Euseb.
3153 5308 3505 5385 cdit.Yales.,
3532 5308 3606 5362 lib
3630 5325 3643 5362 I
3671 5309 3811 5364 Hist.

2217 5381 2438 5440 E'ccl.c.
2469 5383 2581 5436 2‘2:
2615 5381 2740 5437 Cum
2787 5385 2884 5437 soli
2929 5383 2989 5436 ab
3033 5382 3262 5436 omnibus
3310 5383 3610 5451 fugaremur
3664 5392 3813 5449 atque

2215 5457 2658 5527 apprimeremur,
2720 5455 3052 5527 nihilominus
3103 5464 3221 5527 tunc
3262 5468 3455 5523 quoque
3513 5452 3670 5527 [estus
3703 5453 3811 5523 egi-

2215 5524 2328 5580 mus
2375 5527 2501 5580 dies.
2553 5524 2730 5590 Quiuis
2758 5526 2975 5596 denique
2998 5526 3160 5590 locus,
3198 5526 3249 5578 in
3279 5539 3379 5594 quo
3427 5524 3594 5576 varias
3622 5539 3809 5596 terum-

2217 5613 2309 5650 nas
2339 5597 2652 5669 singillatim
2699 5595 3035 5669 pertulimus;
3085 5613 3228 5667 ager,
3267 5597 3504 5669 inquam,
3555 5595 3805 5656 solitudo,

2217 5670 2378 5736 navis,
2401 5667 2680 5740 stabulum,
2700 5666 2903 5737 carcer,
2930 5670 3093 5724 instar
3117 5666 3295 5740 templi
3311 5666 3380 5721 ad
3402 5680 3573 5720 sacros
3599 5680 3809 5721 conven-

2218 5748 2297 5794 tus
2327 5739 2643 5812 peragendos
2674 5740 2792 5811 fuit.
