4106 6192
327 230 433 287 617

1523 230 1727 286 LIBER
1763 231 2039 288 CONTRA
2079 231 2509 293 AUXENTIUM.

3532 252 3637 312 618

321 359 414 405 tur
448 367 460 402 :
497 347 627 402 mihi
673 354 821 403 certe
848 345 942 403 ille
971 363 1263 418 numquam
1302 346 1448 402 aliud
1484 364 1642 417 quam
1675 347 1923 404 diabolus
1950 353 2005 414 Α
2028 349 2288 419 scriptum
2311 359 2393 406 cst
2419 351 2471 405 in
2502 350 2792 421 Evangelia
2820 369 2832 405 :
2860 351 2991 408 Han:
3012 363 3083 409 est
3104 367 3273 412 autem
3298 360 3400 415 vita
3421 372 3634 432 (eterna,

320 440 466 507 erit,
514 438 636 511 quia
686 439 920 493 Arianus
946 448 1029 493 est
1065 457 1077 491 :
1108 454 1283 510 neque
1315 455 1416 509 pax
1465 440 1770 508 aliquorum
1814 457 1931 495 um-

319 549 487 604 quam
534 532 827 603 optabitur,
862 532 963 588 nisi
992 547 1203 600 eorum,
1255 534 1344 603 qui
1374 534 1671 589 secundum
1721 547 1932 604 patrum

318 638 635 683 nostrorum
664 627 808 698 apud
834 626 1071 683 Nicatam
1118 636 1427 693 tractatum,
1456 626 1931 682 anathematizatis

318 721 577 791 Arianis,
599 721 876 778 Christum
905 721 1077 779 Deum
1109 736 1296 779 verum
1323 720 1714 792 praedicabunt.
1746 719 1822 793 (α)

433 859 513 934 (ὁ)
556 858 941 916 EXEMPLUM
977 857 1435 917 BLASPHEMUE
1475 857 1829 915 AUXENTII.

313 977 658 1035 Beatissimis
710 986 766 1034 et
799 977 1205 1048 gloriosissimis
1259 976 1673 1047 imperatoribus
1731 975 1928 1031 Valen-

393 1070 606 1126 tiniano
641 1080 697 1126 et
724 1069 940 1126 Valenti
979 1069 1262 1141 Augustis,
1302 1067 1615 1125 Auxentius
1641 1068 1928 1139 episcopus

390 1166 640 1221 ecclesia:
671 1164 744 1234 (ο)
766 1164 1047 1219 catholiczc
1072 1162 1576 1219 Mediolanensium.

390 1281 485 1335 15.
527 1280 813 1334 Auxentius
844 1279 1111 1334 nauticus
1137 1277 1450 1348 appellatus.
1499 1306 1572 1317 --
1613 1295 1632 1328 ι
1668 1276 1782 1348 Ego
1808 1277 1930 1348 qui-

307 1371 466 1436 dem,
492 1370 716 1441 piissimi
744 1370 1124 1439 lmperatores,
1158 1371 1369 1424 mstimo
1383 1382 1493 1424 non
1523 1376 1776 1440 oportere
1804 1384 1928 1425 sex-

304 1474 603 1522 centorum
632 1466 1010 1535 episcoporum
1041 1464 1302 1519 unitatem
1335 1472 1460 1534 post
1502 1472 1681 1518 tantos
1712 1463 1927 1518 labores

303 1574 378 1614 ex
421 1558 773 1616 contentione
802 1572 1095 1627 paucorum
1135 1555 1415 1611 hominum
1463 1554 1710 1611 refricari
1740 1554 1821 1624 (d)
1858 1553 1926 1608 ab

304 1651 543 1721 abjectis
568 1658 695 1705 ante
735 1663 906 1704 annos
931 1649 1143 1714 decem,
1173 1648 1316 1703 sicut
1341 1658 1395 1703 et
1438 1647 1640 1718 scripta
1671 1645 1926 1702 manifes-

2036 450 2089 493 ut
2119 452 2428 512 cognoscant
2456 452 2502 496 te
2531 443 2697 497 solum
2723 460 2893 498 verum
2926 443 3093 500 Deum
3119 490 3133 513 ,
3182 458 3228 502 et
3259 468 3406 520 quem
3453 456 3636 510 misisti

2031 532 2211 591 Jesum
2268 535 2526 592 Christum
2572 533 2750 609 (Joan.
2810 554 2941 605 xvu,
2988 539 3063 611 5).
3107 540 3211 598 Per
3267 543 3441 614 ipsum
3489 548 3632 603 enim

2033 628 2211 683 omnia
2246 628 2381 684 facta
2414 638 2560 696 sunt,
2593 630 2823 686 visibilia
2852 641 2900 686 et
2934 632 3244 716 invisibilia.
3274 637 3377 706 Qui
3406 639 3635 698 descen-

2033 719 2112 775 dit
2156 720 2225 777 de
2253 723 2407 779 caelis
2436 722 2711 779 voluntate
2742 724 2914 779 Patris
2946 738 3167 798 propter
3208 742 3451 789 nostram
3492 736 3638 792 salu-

2035 823 2165 882 tem,
2193 825 2349 870 natus
2374 816 2442 872 de
2470 815 2677 887 Spiritu
2703 824 2894 873 sancto
2919 827 2974 873 et
3001 818 3168 876 Maria
3192 822 3409 896 Virgine
3434 841 3634 884 secun-

2032 908 2158 964 dum
2199 925 2443 979 carnem,
2477 913 2618 968 sicut
2651 914 2913 983 scriptum
2950 925 3066 979 est,
3096 926 3148 973 et
3178 920 3494 979 cruciﬁxum
3531 925 3634 981 sub

2031 1003 2223 1059 Pontio
2250 1004 2446 1070 Pilato,
2476 1007 2770 1075 sepultum,
2802 1008 2959 1063 tertia
2981 1008 3070 1065 die
3095 1014 3463 1071 resurrexisse
3485 1058 3498 1082 ,
3538 1018 3636 1072 ad-

2029 1096 2308 1152 scendisse
2336 1098 2388 1152 in
2418 1099 2606 1164 cmlis,
2636 1100 2826 1156 sedere
2853 1100 2920 1155 ad
2958 1102 3235 1158 dexteram
3273 1106 3469 1174 Panis,
3502 1125 3635 1166 ven-

2032 1196 2210 1243 turum
2256 1189 2501 1260 judicare
2550 1192 2701 1246 vivos
2741 1200 2796 1247 et
2842 1204 3102 1248 mortuos.
3153 1196 3219 1250 Et
3268 1198 3320 1252 in
3370 1198 3631 1267 Spiritum

2030 1291 2276 1337 sanctum
2323 1282 2688 1352 paracletum,
2718 1300 2878 1352 quem
2921 1284 3068 1340 misit
3106 1287 3364 1344 Dominus
3400 1303 3454 1345 et
3493 1294 3633 1348 Deus

2031 1385 2215 1431 noster
2242 1376 2481 1431 salvator
2507 1376 2667 1433 Jesus
2699 1378 2864 1450 602
2898 1379 3146 1435 Christus
3179 1381 3480 1453 discipulis,
3514 1385 3635 1456 Spi-

2029 1468 2190 1523 ritum
2218 1470 2483 1525 veritatis.
2509 1470 2599 1525 Sic
2621 1471 2848 1532 credidi.
2875 1483 2928 1526 et
2947 1472 3133 1539 credo,
3150 1473 3309 1531 sicuti
3329 1486 3384 1532 et
3409 1478 3634 1534 adscen-

2026 1559 2161 1616 dens
2190 1562 2243 1617 in
2273 1563 2443 1618 cmlos
2467 1565 2657 1618 unicus
2689 1562 2829 1617 filius
2852 1563 2947 1619 Dei
2978 1565 3196 1620 tradidit
3223 1567 3529 1638 discipulis,
3553 1572 3635 1628 di-

2027 1670 2155 1710 cens
2191 1673 2205 1709 :
2234 1655 2433 1711 Euntes
2464 1657 2640 1712 docete
2667 1673 2842 1712 omnes
2872 1669 3067 1729 gentes,
3097 1661 3422 1732 baptizantes
3460 1682 3546 1720 eos
3580 1668 3635 1720 in

305 1752 451 1799 tant.
476 1742 584 1801 Sed
608 1743 653 1798 si
681 1741 847 1812 aliqui
871 1757 936 1797 es
963 1742 1138 1811 plebe,
1173 1741 1263 1812 qui
1289 1756 1577 1810 numquam
1612 1740 1916 1795 communi-
1946 1753 1996 1813 Β
2023 1749 2228 1802 nomine
2252 1747 2431 1803 Patris
2458 1758 2507 1804 et
2535 1746 2664 1830 itii
2683 1758 2735 1804 et
2756 1749 2989 1821 Spiritus
3009 1753 3172 1807 sancti
3198 1753 3412 1825 (Matth.
3437 1773 3630 1827 xxvnt,

303 1846 590 1904 caverant,
616 1851 715 1893 nec
743 1836 828 1892 his
845 1837 935 1907 qui
960 1844 1086 1891 ante
1112 1851 1198 1891 me
1213 1835 1430 1890 fuerunt
1449 1834 1744 1905 episcopis,
1773 1851 1917 1889 nunc

300 1932 549 2001 amplius
574 1932 792 1988 excitati
820 1931 890 1985 ab
932 1929 1134 1986 Hilario
1160 1938 1213 1985 et
1242 1928 1499 1994 Eusebio,
1532 1929 1917 1999 perturbantes

301 2025 595 2094 quosdam,
651 2022 968 2079 hzereticum
1019 2038 1106 2078 me
1154 2030 1523 2078 vocaverunt:
1570 2022 1739 2093 jussit
1786 2036 1917 2078 vero

300 2118 482 2187 pietas
532 2127 715 2172 vestra
763 2131 1093 2187 cognoscere
1147 2114 1215 2171 de
1269 2115 1352 2169 his
1395 2115 1542 2169 viros
1592 2114 1913 2182 laudabiles,

306 2214 653 2283 Quaestorem
679 2225 734 2271 et
768 2216 1079 2286 Magistrum
1113 2231 1127 2267 :
1154 2221 1210 2269 et
1238 2213 1377 2268 sicut
1403 2200 1653 2284 praedixi,
1685 2227 1792 2266 non
1820 2226 1917 2267 eos

310 2322 610 2378 personam
641 2307 841 2362 habere
869 2316 1243 2362 accusatorum
1266 2315 1355 2360 aut
1374 2304 1622 2375 judicare
1642 2304 1732 2374 qui
1751 2303 1941 2359 semel

309 2402 549 2472 depositi
572 2411 701 2457 sunt
735 2401 880 2473 (dico
920 2410 1100 2458 autem
1132 2399 1392 2455 Hilarium
1424 2408 1480 2453 et
1502 2397 1594 2467 qui
1618 2398 1667 2451 ei
1691 2411 1923 2453 consen-

314 2493 482 2565 tiunt)
506 2512 520 2547 :
556 2506 735 2551 tamen
760 2494 1020 2550 obediens
1046 2492 1334 2548 Serenitati
1359 2499 1578 2554 vestrae,
1604 2489 1767 2561 θοι
1796 2502 1922 2557 pro-

310 2590 457 2645 cessi
497 2588 843 2644 manifestare
887 2587 1018 2642 falsa
1064 2582 1146 2658 (e)
1196 2583 1520 2651 dicentibus,
1559 2590 1617 2637 et
1664 2580 1922 2651 blasphe-

308 2683 612 2747 mantibus,
644 2691 699 2737 et
722 2681 1043 2737 vocantibus
1085 2694 1171 2734 me
1200 2679 1492 2744 Arianum,
1538 2685 1596 2731 et
1627 2675 1782 2747 quasi
1810 2689 1918 2730 non

309 2773 666 2830 confitentem
686 2771 961 2829 Christum
995 2771 1162 2827 lilium
1192 2770 1286 2826 Dei
1320 2770 1490 2825 Deum
1519 2782 1663 2824 esse.

386 2863 478 2919 ﬂ.
512 2862 697 2919 Fidem
735 2881 886 2921 suam
927 2865 1154 2937 exponit.
1187 2892 1261 2904 —
1292 2880 1311 2914 ι
1358 2861 1597 2930 Exposui
1628 2859 1696 2931 (f)
1728 2859 1918 2915 amicis

307 2959 527 3029 pietatis
547 2970 745 3015 vestrae
772 2974 949 3015 meam
974 2957 1397 3023 confessionem,
1429 2956 1659 3026 primum
1701 2952 1917 3010 satisfa-

302 3052 485 3119 ciens,
517 3051 643 3121 quia
672 3067 965 3123 numquam
996 3052 1074 3125 (g)
1102 3050 1235 3106 scivi
1262 3049 1476 3112 Arium,
1509 3062 1616 3103 non
1652 3046 1761 3102 vidi
1789 3060 1919 3101 ocu-

302 3143 408 3210 lis,
454 3159 566 3200 non
604 3145 836 3217 cognovi
872 3145 990 3214 ejus
1031 3141 1331 3198 doctrinam
1364 3158 1378 3194 :
1407 3139 1504 3197 sed
1548 3155 1618 3196 ex
1658 3139 1913 3204 infantia,
1943 3166 1989 3231 ρ

302 3238 763 3311 quemadmodum
793 3239 986 3295 doctus
1016 3254 1155 3303 sum,
1193 3236 1336 3292 sicut
1375 3234 1560 3304 accepi
1604 3234 1672 3290 de
1711 3232 1914 3288 sanctis

303 3329 629 3402 Scripturis,
661 3331 892 3398 credidi,
923 3341 979 3387 et
1003 3331 1168 3387 credo
1203 3330 1257 3385 in
1298 3344 1463 3385 unum
1503 3330 1677 3385 solum
1720 3341 1910 3382 verum

303 3425 483 3482 Deum
514 3435 719 3496 patrem
749 3426 1196 3497 omnipotentem,
1229 3425 1576 3488 invisibilem.
1607 3422 1912 3493 intpassibi-

300 3517 439 3585 lem,
471 3518 830 3574 immortalem
863 3536 877 3573 :
906 3530 960 3576 et
1001 3521 1054 3575 in
1084 3520 1253 3575 filium
1281 3518 1397 3589 ejus
1431 3517 1765 3589 unigenitum
1804 3516 1910 3572 Do-

302 3610 513 3665 minum
545 3621 786 3666 nostrum
812 3610 996 3667 Jesum
1023 3611 1319 3676 Christum,
1349 3618 1477 3665 ante
1502 3610 1680 3664 omnia
1710 3608 1911 3664 smcula

301 3707 361 3755 et
403 3708 534 3755 ante
577 3716 740 3758 omne
793 3702 1114 3772 principium
1178 3713 1363 3761 natum
1416 3717 1485 3759 ex
1548 3702 1705 3757 Patre
1759 3701 1912 3756 Βεωι

303 3791 387 3864 (It)
415 3808 601 3850 vanu:
628 3811 818 3852 l'lLilJl
844 3812 910 3852 ex
942 3810 1072 3852 vero
1098 3797 1210 3852 Deo
1233 3804 1403 3866 patre,
1427 3794 1724 3852 secundum
1768 3793 1915 3865 quod

377 3972 457 4047 (ᾳ)
502 3975 560 4047 In
582 3989 685 4036 ms,
708 3976 871 4031 Cant.
902 3976 1153 4047 adjicitur
1177 3977 1414 4032 clausula
1447 3976 1631 4032 Amen.

378 4043 459 4116 (ὁ)
518 4045 593 4102 lta
636 4061 790 4111 mss.,
844 4064 944 4104 nec
969 4043 1135 4104 aliter
1182 4049 1322 4103 Solet
1373 4048 1605 4103 llilarius
1656 4045 1905 4102 hmretica

302 4112 575 4244 Opusclgla
604 4118 918 4176 inscribere.
950 4120 1020 4174 At
1040 4120 1190 4188 editi,
1225 4120 1469 4174 Auxentii
1504 4117 1908 4174 Mediolanensis

302 4200 470 4244 emsto
532 4233 542 4242 .

302 4200 542 4255 cpistola.

402 4260 945 4386 y'Abestfatholicw
969 4278 999 4345 a
1023 4278 1125 4347 ms.
1156 4262 1317 4347 Mich.

446 4338 462 4386 l
526 4332 702 4386 Edttt.
758 4334 996 4386 refricart
1037 4332 1249 4386 abiectis
1289 4334 1317 4386 ά

442 4338 462 4401 )
526 4332 702 4395 Editi,
758 4334 996 4404 refricari
1037 4332 1249 4403 obiectis
1289 4334 1522 4389 decretis.
1569 4332 1648 4389 Ne
1695 4332 1750 4388 in
1802 4347 1909 4387 uno

304 4404 663 4476 quidenims.
688 4415 865 4460 exstat
890 4406 1211 4476 vocabulum
1257 4406 1473 4459 decretis
1508 4424 1521 4459 :
1550 4407 1691 4476 quod
1719 4419 1747 4457 a
1798 4405 1906 4476 pri-

303 4474 408 4531 mis
451 4474 751 4530 editoribus
799 4476 939 4530 haud
982 4475 1144 4531 dubie
1194 4477 1462 4545 adiectum
1507 4474 1611 4542 est,
1645 4486 1702 4531 ut
1731 4474 1904 4529 oratio

303 4549 416 4603 suis
446 4548 685 4601 uulneris
728 4547 1123 4602 absolveretur.
1165 4546 1271 4602 Sed
1304 4547 1613 4617 prmpositio
1639 4549 1734 4609 ab,
1778 4555 1903 4602 ante

2023 1839 2115 1909 19)
2156 1837 2243 1912 (i).

2094 1932 2180 1987 15.
2215 1935 2527 1990 Ariminensi
2550 1936 2674 2005 ﬁdei
2693 1936 2941 1992 adhwret.
2962 1967 3032 1978 --
3056 1956 3075 1990 ι
3114 1939 3258 1996 Duos
3283 1951 3467 1998 autem
3496 1943 3629 2001 deos

2020 2041 2314 2096 numquam
2345 2028 2632 2098 praedicari
2664 2048 2678 2084 :
2711 2045 2813 2087 nec
2840 2031 2985 2087 enim
3018 2041 3147 2087 sunt
3183 2033 3293 2087 duo
3334 2046 3538 2104 patres,
3572 2046 3632 2092 ut

2020 2117 2129 2173 duo
2154 2118 2229 2173 dii
2256 2118 2527 2184 dicantur,
2552 2135 2653 2177 nec
2676 2121 2786 2177 duo
2814 2122 2939 2185 lilii;
2969 2125 3064 2178 sed
3096 2138 3234 2180 unus
3256 2125 3398 2182 filius
3423 2143 3490 2183 ex
3517 2144 3629 2185 uno

2019 2220 2194 2282 patre,
2222 2212 2371 2268 solus
2399 2229 2430 2268 a
2451 2215 2592 2280 solo,
2620 2215 2763 2270 Deus
2784 2231 2850 2270 ex
2881 2216 3013 2281 Deo,
3041 2219 3182 2272 sicut
3207 2219 3474 2289 scriptum
3505 2230 3628 2277 est:

2027 2302 2174 2358 Unus
2226 2304 2383 2359 Pater
2432 2305 2572 2360 Deus
2611 2323 2675 2362 ea:
2719 2324 2819 2377 quo
2864 2309 3057 2371 omnia,
3101 2320 3151 2363 et
3200 2327 3332 2365 unus
3377 2310 3633 2369 Dominus

2020 2394 2180 2451 Iesus
2200 2396 2436 2453 Christus
2455 2416 2545 2470 per
2563 2416 2716 2469 quem
2734 2401 2907 2454 omnia
2927 2400 2967 2472 (I
2992 2398 3114 2455 Cor.
3140 2418 3255 2465 vm,
3285 2402 3340 2473 6)
3369 2423 3381 2457 :
3411 2416 3632 2474 pr0ptcr

2021 2489 2168 2559 quod
2210 2500 2268 2546 et
2312 2507 2473 2547 unam
2521 2492 2780 2548 deitatem
2827 2494 3206 2563 prmdicamus.
3249 2497 3453 2553 Omnes
3498 2514 3630 2569 ergo

2025 2583 2283 2651 haereses,
2327 2600 2451 2655 qua:
2492 2585 2754 2639 adversus
2796 2585 3121 2640 catholicam
3172 2587 3331 2642 ﬁdem
3381 2588 3629 2657 veniunt,

2022 2691 2241 2745 semper
2280 2676 2499 2746 quidem
2544 2678 2855 2746 congregati
2906 2677 3147 2749 episcopi
3196 2679 3450 2736 catholici
3491 2697 3630 2737 con-

2020 2766 2420 2823 demnaverunt
2443 2776 2499 2823 et
2527 2769 3143 2835 anathematizaverunt,
3177 2772 3487 2840 specialiter
3524 2789 3626 2828 au-

2022 2868 2131 2916 tem
2160 2861 2550 2916 convenientes
2574 2861 2844 2927 Arimino,
2881 2872 2936 2917 et
2963 2862 3087 2919 inde
3115 2865 3623 2923 condetnnavimus.

2021 2954 2355 3010 Catholicam
2387 2962 2566 3009 autem
2604 2965 2659 3009 et
2706 2955 3154 3025 Evangeliorum,
3184 2974 3343 3028 quam
3387 2961 3629 3016 tradide-

2020 3057 2149 3102 runt
2175 3046 2442 3117 Apostoli,
2467 3047 2609 3102 hanc
2637 3046 2872 3103 fideliter
2900 3048 3317 3106 custodivimus.
3344 3051 3417 3108 Ut
3441 3064 3626 3110 autem

2023 3142 2193 3212 pietas
2223 3151 2402 3196 vestra
2430 3142 2611 3197 verius
2650 3153 3006 3212 cognosceret
3032 3158 3117 3207 ea,
3147 3160 3270 3215 qua:
3308 3158 3461 3215 gesta
3498 3157 3626 3204 sunt

2019 3236 2073 3291 in
2101 3235 2337 3290 concilio
2352 3233 2704 3302 Ariminensi,
2727 3235 3022 3303 transmisi,
3043 3245 3099 3293 et
3124 3244 3250 3307 peto
3281 3247 3339 3293 ut
3364 3255 3426 3294 ea
3452 3240 3626 3296 liben-

2017 3338 2100 3384 ter
2138 3329 2242 3400 legi
2283 3329 2610 3399 praecipiatis
2644 3346 2656 3383 :
2693 3328 2774 3384 sic
2817 3329 2964 3384 enim
3010 3340 3306 3401 cognoscet
3349 3332 3627 3390 Sercnitas

2014 3430 2217 3485 vestra,
2261 3422 2386 3491 quia
2424 3422 2514 3491 qui
2557 3423 2668 3490 jam
2710 3422 2912 3477 dudum
2946 3425 3022 3496 (j)
3053 3424 3285 3493 depositi
3327 3437 3476 3493 sunt,
3521 3426 3626 3484 hoc

2013 3524 2117 3577 est,
2153 3514 2391 3569 Hilarius
2420 3525 2475 3569 et
2504 3515 2808 3582 Eusebius,
2840 3517 3180 3573 contendunt
3215 3519 3417 3590 ubique
3449 3521 3628 3577 schis-

2015 3618 2158 3662 mata
2198 3606 2398 3663 facere.
2440 3607 2572 3676 Quae
2610 3608 2756 3663 enim
2804 3609 2944 3666 bene
2983 3608 3050 3665 de
3089 3611 3293 3665 sanctis
3329 3612 3627 3679 Scripturis

2014 3699 2296 3756 catholica:
2327 3699 2452 3755 ﬁdei
2481 3702 2724 3771 exposita
2754 3712 2880 3756 sunt
2904 3743 2918 3765 ,
2952 3703 3131 3772 pietas
3158 3712 3337 3759 vestra
3378 3704 3624 3774 pervidet

2018 3792 2134 3848 haec
2163 3792 2448 3849 retractari
2474 3808 2585 3848 non
2611 3805 2886 3863 oportere.
2926 3812 2945 3846 ι

2013 3976 2089 4050 sis
2120 3991 2176 4050 η.
2211 3974 2302 4041 14,
2330 3976 2472 4050 apud
2516 3977 2865 4050 Ambrosium
2908 3987 2949 4033 t.
2980 3995 3038 4044 ιι.
3071 3997 3123 4050 ρ.
3157 3981 3285 4045 790,
3314 3997 3470 4036 nova:
3500 3980 3619 4038 edi-

2015 4048 2210 4123 tionis,
2234 4049 2550 4123 rogantibus
2576 4059 2636 4123 ut
2654 4047 2769 4103 Arii
2797 4047 3106 4107 doctrinam
3125 4051 3366 4121 damnet,
3396 4069 3621 4123 respon-

2013 4118 2156 4193 detur
2177 4116 2360 4193 41"!th
2382 4120 2625 4193 necvidi,
2650 4136 2741 4193 nec
2764 4123 2869 4175 scio
2895 4124 2985 4193 qui
3004 4124 3086 4177 sit.

2085 4186 2164 4260 (It)
2192 4189 2270 4243 Ex
2300 4191 2672 4246 vetustissimo
2696 4186 2967 4247 Vaticana:
2986 4194 3221 4250 basilicae
3242 4194 3431 4251 codice
3475 4211 3618 4252 nunc
3687 4198 3697 4205 ’

2015 4261 2248 4333 primum
2277 4264 2638 4333 restituuntur
2664 4263 2850 4324 verba,
2883 4279 3055 4319 verum
3084 4266 3266 4333 ﬁtﬁtm,
3299 4283 3526 4331 quorum
3561 4269 3617 4325 in

2011 4331 2265 4404 ambiguo
2289 4332 2587 4388 Auxentius
2610 4333 2828 4389 ludebat
2851 4346 2907 4391 et
2928 4331 3190 4391 illudebat
3212 4351 3359 4393 tanto
3382 4340 3613 4404 facilius,

2011 4401 2155 4469 quod
2213 4403 2707 4473 interpunctionnm
2761 4405 3038 4461 distinctio
3082 4420 3191 4462 tum
3247 4401 3609 4467 nchiclia‘tur.

2009 4473 2344 4548 Quamquam
2375 4476 2420 4530 si
2450 4491 2609 4548 verus
2632 4487 2716 4548 est
2748 4476 2889 4531 Deus
2917 4480 3007 4548 qui
3031 4495 3192 4535 verus
3219 4490 3297 4535 est
3328 4481 3419 4536 Dei
3446 4482 3610 4547 filius,

2011 4546 2086 4621 uti
2116 4544 2456 4621 demonstrat
2484 4547 2718 4603 Hilarius
2747 4548 2839 4603 lib.
2871 4544 2952 4604 vii
2986 4550 3052 4605 de
3078 4550 3229 4607 Trin.
3260 4569 3313 4605 n.
3340 4553 3427 4611 14.
3460 4544 3611 4621 parvi

301 4592 789 4691 abj-ectis,propter
824 4628 1255 4691 consequen‘tem
1289 4592 1528 4691 ejusdem
1570 4620 1686 4691 soni
1720 4592 1902 4686 ’sylla-
1929 4592 1982 4652 D
2011 4615 2277 4691 interesse
2304 4617 2608 4691 videbatur,
2639 4592 2817 4673 utrum
2849 4592 3429 4687 ue?.t.2‘=..i't'iélli§{,'§.i
3454 4592 3612 4676 ald-li:-

302 4687 426 4745 bam
461 4687 678 4743 facilius
717 4688 968 4744 excidere
1018 4687 1210 4757 potuit,
1241 4705 1397 4758 quam
1448 4689 1681 4756 decretis,
1734 4703 1905 4753 eaque

303 4763 554 4816 restituta
586 4769 691 4813 tam
724 4758 970 4814 efficitur
1012 4773 1204 4814 sensus
1233 4760 1445 4815 veritati
1485 4771 1903 4827 consentaneus,

300 4847 465 4900 quam
495 4831 833 4885 efﬁciebatur
882 4830 1048 4885 falsus
1096 4831 1404 4899 adjectione
1457 4831 1608 4887 verbi
1663 4830 1900 4885 decretis.

302 4902 497 4957 Hilarii
541 4917 686 4955 enim
715 4911 878 4972 atque
917 4902 1137 4956 Eusebii
1164 4902 1353 4957 exsilia
1389 4901 1474 4957 hic
1522 4902 1747 4956 indicari
1788 4901 1903 4972 jam

305 4975 751 5041 praemonuimus.
795 4971 848 5027 et
887 4988 955 5028 ex
993 4973 1141 5027 calce
1175 4972 1329 5041 hujus
1362 4973 1708 5043 blasphemia:
1734 4971 1908 5026 inani-

307 5043 505 5099 fcstnm
536 5053 638 5111 est,
671 5044 758 5099 ubi
784 5043 1015 5112 idipsum
1044 5053 1283 5113 apertms
1308 5044 1633 5098 declaratur.

402 5115 453 5186 ε)
486 5115 577 5172 Sic
603 5129 734 5169 mss.
764 5114 912 5169 Editi
938 5129 1093 5178 vero,
1127 5115 1264 5185 falsa
1288 5115 1605 5170 docentibus.

405 5190 458 5257 Ῑ)
512 5188 665 5241 Hunc
708 5200 947 5252 versum,
997 5187 1215 5257 exposui
1254 5186 1433 5241 amicis
1476 5186 1677 5257 pietatis
1722 5194 1904 5241 vestris

310 5255 475 5312 meum
503 5257 875 5322 confessionem
892 5297 908 5322 ,
938 5272 1044 5311 non
1066 5255 1277 5312 habent
1303 5273 1433 5312 mss.

379 5325 455 5403 (g)
486 5328 562 5384 Ita
593 5325 709 5385 fere
745 5328 1021 5384 Palladius
1050 5328 1103 5383 in
1134 5330 1304 5400 gestis
1341 5328 1558 5386 concilii
1584 5328 1900 5401 Aquileien-

2010 4686 2143 4741 lium
2173 4690 2420 4743 referret.
2455 4684 2528 4743 Ea
2562 4699 2741 4743 tamen
2773 4699 2890 4744 arte
2918 4709 2979 4744 ac
3008 4693 3221 4746 dicendi
3260 4684 3468 4746 ratione
3501 4707 3609 4747 non

2008 4758 2102 4830 ille
2131 4760 2300 4818 solus,
2335 4759 2430 4812 sed
2462 4758 2555 4813 alii
2581 4762 2745 4814 etiam
2778 4762 2857 4813 usi
2891 4770 3015 4816 sunt
3049 4761 3270 4825 Ariani,
3304 4764 3371 4817 de
3414 4763 3611 4830 quibus

2003 4827 2342 4898 Augustinus
2386 4830 2477 4883 lib.
2523 4845 2540 4883 ι
2597 4847 2698 4884 con
2732 4845 2789 4885 ra
2830 4831 3107 4887 Maximin.
3149 4849 3199 4887 c.
3241 4834 3317 4887 6:
3353 4827 3609 4896 Eiusdem

2007 4910 2231 4974 naturas,
2277 4902 2425 4971 cujus
2455 4910 2528 4955 est
2576 4900 2757 4962 Pater,
2807 4904 3003 4974 negatis
3044 4919 3155 4959 esse
3196 4903 3362 4957 Deum
3407 4905 3605 4971 (illum,

2010 4972 2241 5043 quamvis
2284 4987 2454 5024 verum
2497 4988 2604 5025 esse
2650 4974 2815 5041 ﬁlium
2856 4972 2957 5027 non
3004 4975 3217 5043 negetis.
3262 4975 3460 5031 Verum
3503 4974 3610 5032 hoc

2011 5042 2132 5113 loco
2180 5042 2259 5096 sic
2300 5052 2627 5108 reSIaurato,
2674 5046 2851 5099 Omnis
2888 5044 2997 5113 jam
3038 5042 3245 5101 tollitur
3271 5046 3497 5102 eruditis
3537 5047 3608 5104 de

2012 5112 2175 5182 hujus
2203 5114 2449 5182 epistola:
2476 5117 2706 5169 veritate
2730 5112 3011 5171 dubitandi
3042 5117 3200 5172 ratio.

2108 5186 2156 5244 i)
2191 5183 2503 5240 Subtexitur
2522 5186 2685 5241 Amen
2710 5187 2763 5240 in
2792 5202 2893 5242 ms.
2922 5187 3088 5244 Mieh.

2108 5187 2123 5238 i
2191 5187 2503 5240 Subtexitur
2522 5187 2685 5241 Amen
2710 5187 2763 5240 in
2792 5202 2893 5242 ms.
2922 5187 3088 5244 Mieh.

2102 5187 2156 5328 ji
2193 5256 2355 5323 Editi,
2387 5256 2509 5328 quia
2543 5258 2659 5327 jam
2690 5258 2884 5312 dudum
2924 5258 3178 5329 damnati,
3224 5260 3467 5332 depositi,
3510 5260 3607 5316 hoc

2007 5336 2107 5396 est,
2129 5336 2263 5394 etc.;
2291 5333 2625 5400 castigantur
2655 5344 2723 5385 ex
2749 5343 2882 5386 mss.

1821 5530 2089 5643 EN

1926 5643 1983 5699 ﬁ

829 5828 1101 5891 Ριτιιοι.
1135 5827 1219 5890 Χ.
