4106 6192
471 270 579 331 619

1380 256 1447 318 ΙΝ
1487 252 1734 317 SANCTI
1773 242 2028 308 lllLARll
2066 236 2374 306 EPISCOPI
2409 238 2840 303 FRAGMENTA

3677 226 3783 288 6%

486 368 3739 426 Μ

757 515 1113 599 603m
1160 528 1283 613 IN
1357 517 2091 610 FRAGMENTA
2162 518 2253 603 S.
2330 509 2789 599 HILARII
2865 503 3511 593 PREFATIO.

548 842 603 897 1..
623 838 704 895 An
746 837 843 891 hoc
884 848 1014 904 opus
1045 828 1245 887 Hilarii
1281 828 1367 882 sit.
1404 823 1660 894 Quadam
1693 816 1963 877 dubitandi
1997 831 2076 870 ra-
2108 810 2165 877 Α
2190 813 2372 873 siense
2411 821 2645 884 pervetus
2673 819 2865 881 vocat;
2896 811 2953 871 in
2976 808 3274 904 quo__idem
3311 822 3498 871 rerum
3540 805 3797 904 ordo,_et

473 935 660 992 tiones.
692 960 766 974 —-
790 929 1119 986 Praelarum
1166 925 1270 978 hoc
1307 919 1646 991 antiquitatis
1690 915 2084 971 monimentum

473 1028 687 1088 Nicolai
729 1024 890 1082 Fabri
933 1036 1101 1093 opera
1130 1002 1211 1074 εί
1240 1014 1570 1072 bibliotheca
1608 1012 1672 1068 P.
1712 1007 1909 1066 ΡΜιωί
1941 1019 2085 1061 anno

478 1122 619 1178 l598
660 1120 1121 1189 Fragmentorum
1161 1109 1382 1165 nomine
1434 1105 1668 1169 editum,
1706 1115 1920 1157 summo
1961 1112 2083 1153 om-

475 1217 628 1273 nium
650 1213 845 1284 plausu
867 1217 1155 1276 exceptum
1190 1202 1309 1258 fuit.
1343 1200 1486 1257 Nulli
1518 1199 1695 1268 palam
1715 1236 1730 1261 ,
1757 1191 1903 1266 quod
1938 1191 2083 1284 scia-

484 1324 626 1373 mus.
654 1282 836 1363 totum
884 1307 1213 1373 reapuernnt
1250 1298 1406 1367 quasi
1451 1291 1654 1347 Hilario
1692 1289 1833 1344 male
1876 1282 2086 1341 adscri-

479 1413 663 1476 ptum:
695 1400 766 1456 de
815 1397 961 1454 illius
1009 1403 1193 1449 tamen
1241 1388 1564 1453 auctoritate
1599 1380 1950 1439 subdubitare
1974 1392 2085 1476 non

476 1470 617 1553 nulli
655 1492 907 1548 videntur
944 1495 1106 1556 atque
1145 1489 1337 1539 contra
1387 1477 1694 1534 mussitare.
1770 1472 1871 1543 Ipsi
1920 1470 2084 1526 etiam

477 1588 638 1646 initio
709 1581 961 1640 nonnihil
1043 1576 1396 1634 movebantur
1462 1572 1640 1643 primo
1671 1608 1690 1636 ,
1762 1565 1907 1638 quod
1970 1564 2087 1634 epi-

477 1681 621 1738 stola
690 1677 884 1749 synodi
964 1668 1304 1729 Sardicensis
1362 1666 1431 1722 ad
1482 1664 1763 1719 universas
1828 1657 2085 1716 ecclesias

479 1775 813 1845 Fragmenta
848 1784 885 1824 ιι
925 1774 1214 1831 contenta,
1258 1768 1314 1817 et
1355 1756 1718 1815 Ariminensis
1758 1752 1977 1810 concilii
2014 1749 2084 1805 ad

477 1844 856 1923 Conatantium
910 1858 1136 1922 litterae,
1182 1868 1303 1924 quae
1337 1851 1567 1923 primam
1622 1844 1933 1917 Fragmenti
1987 1857 2083 1897 vnt

473 1967 683 2031 partem
730 1952 1047 2014 coniiciunt,
1094 1962 1218 2004 cum
1263 1945 1427 1999 latine
1469 1941 1688 2025 scripta:
1732 1938 1872 2003 sint,
1922 1934 2084 2031 longe

471 2027 656 2108 tamen
686 2045 1095 2118 castigatiorcs,
1140 2039 1417 2110 pleniores
1455 2042 1747 2091 aemulae
1785 2027 2084 2085 sententia-

470 2161 593 2202 rum
618 2156 760 2199 nexo
782 2137 1144 2209 elegantiores
1168 2133 1219 2187 in
1245 2129 1439 2201 grarcis
1460 2122 1893 2195 exemplaribus,
1918 2133 2083 2190 quam

2189 905 2396 960 eaedem
2445 912 2601 961 erant
2638 904 3040 975 inscriptiones.
3089 902 3205 958 Hoc
3248 901 3469 973 quidem
3509 898 3797 968 exemplar

2188 997 2387 1052 frustra
2418 996 2764 1068 quaesivimus
2795 1014 2807 1050 :
2835 994 2930 1052 sed
2968 994 3283 1065 Stephanus
3308 992 3562 1051 Haluzius
3592 989 3799 1045 litteris

2183 1088 2435 1159 juvandis
2475 1096 2656 1155 natus,
2708 1087 2881 1142 varias
2920 1085 3196 1142 Sirmendi
3242 1082 3504 1141 lectiones
3531 1081 3799 1153 suppedi-

2191 1180 2386 1248 tando,
2424 1181 2691 1252 jacturam
2737 1190 2977 1235 nostram
3021 1187 3310 1250 utcumque
3354 1177 3654 1234 resarcivit.
3698 1176 3799 1231 His

2187 1273 2423 1334 accedit,
2453 1272 2598 1343 quod
2620 1288 2745 1328 cum
2774 1272 3041 1329 Baronius
3074 1272 3144 1327 ad
3186 1286 3276 1327 an.
3303 1270 3433 1338 357,
3467 1286 3535 1327 ex
3563 1269 3801 1326 Cresco-

2188 1366 2351 1422 niana
2397 1363 2732 1422 Collectione
2771 1379 2837 1420 ac
2863 1364 3077 1421 duobus
3104 1377 3241 1419 mss.
3268 1402 3284 1429 ,
3326 1361 3530 1419 Libet-ii
3579 1360 3801 1417 litteras

2189 1458 2512 1529 Fragmento
2550 1474 2603 1515 νι
2649 1459 2885 1515 insertas
2911 1456 3213 1521 describat,
3252 1455 3306 1511 in
3346 1454 3644 1513 novissima
3672 1453 3799 1509 edi-

2187 1554 2337 1609 tione
2373 1553 2575 1609 fatetur
2612 1566 2673 1608 se
2712 1553 2766 1608 in
2816 1552 2931 1608 suis
2974 1567 3108 1608 mss.
3155 1548 3380 1607 easdem
3421 1562 3559 1619 quas
3601 1548 3656 1603 in
3708 1547 3800 1604 bis

2186 1646 2529 1717 Fragmentis
2564 1646 2838 1717 reperisse
2869 1643 3320 1715 interpolationes
3354 1642 3561 1699 Hilario
3590 1642 3799 1712 pariter

2189 1741 2512 1811 adscriptas.

2261 1852 2346 1907 ΙΙΙ.
2377 1851 2683 1923 Hieronymi
2711 1851 3018 1907 testimonio.
3044 1879 3117 1892 —
3142 1850 3273 1906 Mss.
3306 1848 3637 1919 suffragatur
3668 1847 3800 1904 Hie-

2184 1961 2460 2018 ronymus.
2482 1946 2586 2015 Qui
2606 1946 2752 2002 enim
2780 1945 2961 2001 abillo
2994 1944 3063 2001 de
3100 1943 3365 2014 Scriptor.
3408 1943 3603 1999 eccles.
3657 1942 3801 1998 inter

2183 2038 2538 2112 605-006
2557 2052 2724 2109 opera
2764 2037 2948 2093 Hilarii
2988 2046 3323 2103 recensetur,
3350 2033 3507 2091 Liber
3553 2034 3801 2089 adversus

2196 2130 2457 2186 Valentem
2486 2142 2534 2186 et
2567 2129 2860 2198 Ursacittm,
2885 2131 3151 2185 historiam
3181 2128 3521 2183 Ariminmis
3543 2136 3589 2182 et
3618 2126 3801 2182 Selene

470 2198 537 2293 ἰιῖ
548 2198 649 2289 bis
676 2198 1011 2303 Fragmentis
1038 2198 1377 2295 reperiantur
1407 2237 1421 2273 :
1451 2216 1651 2274 deinde
1674 2214 1820 2286 quod
1858 2211 1964 2267 alia
1994 2210 2078 2303 sit
2110 2198 2161 2259 B
2184 2226 2369 2279 σεεκώ
2384 2225 2567 2296 ,νηοάί
2581 2224 2869 2289 com-nm,
2891 2224 3035 2280 haud
3049 2224 3279 2279 obsum
3294 2211 3627 2293 promum
3639 2219 3800 2276 ωσι,

474 2327 617 2384 libro
645 2325 719 2381 de
742 2300 965 2395 syriodis
994 2334 1142 2372 num.
1171 2313 1263 2381 δι,
1297 2312 1397 2367 alia
1428 2310 1758 2379 Fragmenta
1784 2320 1867 2373 ιιι,
1899 2318 1957 2359 ιι.
1981 2300 2077 2365 29,

471 2411 1052 2493 pseudo:Sardieensis
1095 2407 1219 2462 ﬁdei
1279 2402 1585 2459 translatio.
1617 2398 1803 2493 Tertio
1851 2409 1976 2451 cum
2012 2406 2085 2449 ea

479 2489 749 2582 tempore,
773 2522 882 2580 qtto
912 2505 1015 2561 sibi
1047 2502 1330 2559 restitutus
1354 2496 1603 2553 Liberius
1633 2492 1895 2550 Ecclesiae
1917 2489 2083 2545 [idem

480 2604 703 2677 egregie
738 2609 1003 2665 tueretur,
1042 2595 1147 2649 hoc
1174 2606 1311 2663 opus
1349 2589 1609 2659 scriptum
1650 2584 1818 2643 fuisse
1856 2594 2083 2677 necesse

475 2676 583 2768 sit;
616 2695 939 2756 incredibile
969 2690 1276 2753 videbatur,
1311 2695 1370 2740 lli.
1412 2684 1462 2740 ei
1506 2683 1617 2754 jam
1645 2688 1925 2740 eorreCto,
1971 2676 2084 2731 imo

476 2795 643 2852 etiam
661 2788 931 2847 acerrimo
953 2784 1077 2840 ﬁdei
1096 2792 1348 2854 patrono.
1369 2786 1447 2833 tot
1463 2774 1811 2829 anathemata
1826 2768 1988 2839 Frag.
2004 2782 2083 2834 vr,

479 2899 629 2942 num.
670 2883 726 2951 6,
769 2880 978 2935 diceret
1015 2873 1274 2938 Hilarius,
1317 2870 1406 2940 qui
1446 2863 1812 2922 Orientalibus
1852 2859 2087 2918 necdum

475 2988 628 3036 recte
652 2972 1036 3036 sentientibus,
1063 2967 1190 3039 quia
1220 2977 1401 3021 tamen
1438 2960 1505 3016 ad
1549 2961 1831 3015 veritatem
1865 2953 2086 3027 pronius

478 3066 827 3129 accederent,
882 3063 1022 3118 libro
1059 3058 1128 3114 de
1172 3053 1408 3126 Synodis
1448 3052 1521 3107 ita
1566 3048 1825 3120 pepercit,
1875 3054 1937 3103 ut
1984 3057 2089 3100 nee

479 3161 672 3219 laudes
694 3156 923 3230 negarit.
953 3149 1272 3208 Deterrebat
1293 3152 1559 3218 praeterea
1580 3149 1927 3197 monstruosa
1947 3151 2086 3207 quae-

485 3255 611 3311 dam
641 3265 827 3307 rerum
870 3247 1062 3309 facies,
1105 3250 1160 3299 et
1200 3238 1508 3296 inordinata
1537 3233 1869 3302 confusaque
1906 3230 2087 3285 varia-

482 3360 605 3404 rum
634 3339 991 3413 epistularum
1016 3331 1328 3404 congeries,
1365 3328 1574 3387 Hilario
1611 3325 1748 3381 alias
1778 3329 1927 3379 tanto
1948 3335 2091 3413 eum

485 3412 679 3495 ordine
704 3432 913 3504 singula
948 3433 1243 3486 enarrante
1272 3422 1511 3492 indigna.
1553 3416 1899 3489 Augebantur
1927 3412 2086 3470 deni-

483 3544 612 3601 que,
658 3523 805 3597 quod
843 3522 1029 3580 omnia
1077 3519 1195 3577 haec
1235 3515 1559 3586 Fragmenta
1597 3524 1704 3566 non
1753 3522 1820 3565 eo
1857 3507 1913 3562 in
1953 3519 2087 3561 mss.

708 3632 817 3689 quo
843 3615 940 3672 illa
964 3611 1219 3669 Nicolaus
1246 3580 1427 3666 Faber
1449 3603 1642 3669 edidit,
1662 3600 1765 3661 sub
1793 3615 1904 3656 uno
1932 3598 2091 3654 titulo
2116 3580 2164 3643 Ο

488 3723 654 3783 atque
694 3708 887 3765 Hilarii
917 3704 1140 3763 nomine
1175 3707 1501 3762 occurrant;
1529 3695 1625 3755 sed
1665 3694 1717 3751 in
1748 3692 1885 3755 duas
1928 3689 2100 3747 veluti

488 3815 675 3880 partes
703 3801 1038 3866 dividantur,
1078 3811 1309 3868 quarum
1355 3792 1554 3865 prima.
1596 3804 1716 3857 quae
1753 3784 2096 3858 Fragmentis

494 3879 577 3961 ιιι,
609 3912 727 3957 χιιι,
763 3911 843 3961 ιιι,
869 3907 985 3958 vni,
1011 3906 1087 3957 ιι,
1116 3904 1148 3943 v
1183 3895 1238 3941 et
1264 3901 1359 3950 vn,
1390 3891 1624 3947 constat,
1658 3895 1758 3936 nec
1786 3879 1973 3934 Hilarii
1998 3892 2098 3932 nec

496 3990 739 4061 cujusvis
784 3984 1009 4045 alterius
1057 3980 1279 4039 nomine
1319 3974 1678 4041 inscribatttr;
1719 3973 1973 4045 quamvis
2020 3968 2101 4025 illi

496 4099 621 4139 cum
646 4082 702 4136 in
726 4080 907 4135 fronte
934 4085 1047 4129 tum
1076 4073 1142 4126 ad
1169 4072 1374 4127 calcem
1398 4067 1740 4123 adscribatur
1762 4066 1953 4129 altera,
1976 4076 2101 4133 quae

498 4172 827 4243 Fragmenta
857 4183 897 4235 ι,
921 4182 980 4231 ιι,
1016 4181 1091 4230 tv,
1119 4178 1213 4229 χιι,
1246 4178 1358 4228 xw,
1392 4176 1480 4228 xv,
1509 4173 1562 4213 vr
1590 4167 1643 4213 et
1663 4174 1718 4225 χ,
1744 4157 2103 4227 comprehen-

502 4265 602 4323 dit.
638 4264 718 4325 Ex
743 4276 850 4332 quo
880 4256 1177 4317 auctoritas
1207 4254 1393 4325 primis
1434 4252 1626 4308 saltem
1670 4252 1862 4320 partis,
1888 4260 2012 4319 qua:
2048 4248 2103 4309 in

501 4355 651 4429 prius
669 4353 899 4424 vulgatis
918 4362 1189 4421 postrema
1204 4356 1308 4414 est,
1323 4347 1561 4401 sublesta
1576 4343 1856 4423 videbatur
1870 4357 1933 4397 ac
1947 4343 2102 4396 levis.

577 4470 641 4526 ll.
675 4465 885 4522 Hilario
915 4462 1165 4517 asseritur
1194 4476 1315 4514 mss.
1342 4456 1670 4523 auctoritate.
1704 4485 1776 4495 —
1802 4454 1895 4510 llis
1928 4455 2108 4511 cumi-

504 4563 607 4619 bus
630 4555 885 4631 pertnoti,
917 4553 984 4609 ad
1017 4552 1097 4607 rei
1125 4551 1407 4606 veritatem
1436 4547 1749 4616 diligentius
1781 4548 2108 4617 investigari.

503 4657 626 4712 dam
659 4653 897 4708 animum
938 4644 1259 4716 adjecimus.
1293 4643 1370 4698 Ac
1413 4641 1587 4711 primo
1625 4639 1840 4715 quidem
1884 4640 2109 4695 minime

503 4741 958 4809 contemnendam
1019 4752 1141 4793 esse
1194 4720 1465 4790 duximus
1500 4749 1631 4788 mss.
1689 4731 2105 4797 auctoritatem,

507 4842 613 4899 huc
641 4852 778 4908 opus
811 4849 917 4889 non
940 4830 1131 4892 semel,
1160 4827 1261 4886 sui
1289 4829 1483 4882 iterum
1520 4843 1583 4880 ac
1624 4825 1786 4880 tertio
1813 4824 1871 4880 S.
1904 4823 2109 4881 Hilnio

509 4930 959 4999 adscribendum,
987 4924 1241 4979 nimirum
1266 4921 1423 4975 initio
1455 4918 1612 4990 primi
1642 4918 1949 4988 Fragmenti
1968 4957 1981 4979 ,
2010 4916 2108 4970 In-

510 5030 633 5101 cipit
681 5024 805 5081 liber
850 5021 912 5076 S.
964 5016 1157 5071 Hilarii
1211 5014 1526 5068 Pictuvcnsis
1571 5012 1849 5083 provincia:
1895 5011 2110 5081 Aquita-

510 5124 648 5184 πίω.
707 5128 846 5182 etc.,
904 5123 1227 5178 rursumque
1284 5108 1337 5162 in
1396 5106 1577 5167 medio,
1626 5103 1951 5176 Fragmenta
2008 5120 2059 5163 vt
2093 5146 2109 5171 ,

510 5214 734 5270 Sanctus
765 5205 1005 5261 Hilarius
1032 5201 1306 5254 anathema
1330 5199 1413 5251 illi
1430 5198 1572 5259 dicit,
1597 5212 1663 5251 ac
1680 5197 1897 5250 demum
1925 5198 1981 5250 in
2002 5196 2109 5253 line

511 5301 818 5374 Fragmenti
838 5314 869 5352 ι
900 5339 913 5363 ,
947 5293 1177 5363 Explitit
1206 5292 1331 5345 liber
1358 5289 1420 5345 S.
1460 5288 1648 5343 Hilarii
1670 5306 1734 5344 ea:
1762 5289 1929 5361 Opere
1949 5290 2110 5344 histo-

507 5399 640 5452 rico.
671 5392 912 5461 Namque
950 5388 993 5442 si
1020 5385 1141 5455 quis
1169 5384 1379 5438 Pitltmo
1406 5381 1578 5436 codici
1611 5382 1898 5438 cltnrtaceo
1920 5424 1934 5446 ,
1963 5383 2107 5450 quod

509 5488 785 5546 recentior
820 5482 893 5539 sit
925 5489 981 5537 et
1008 5479 1077 5534 ab
1117 5478 1273 5532 annis
1323 5476 1601 5531 dumtaxat
1645 5477 1750 5532 300
1779 5478 2105 5546 descriptus,

507 5600 614 5637 non
641 5582 771 5636 satis
803 5569 919 5633 tuto
949 5573 1095 5630 credi
1128 5580 1315 5642 putet;
1344 5570 1503 5625 [idem
1526 5587 1634 5626 non
1663 5572 1879 5643 negabit
1908 5572 2115 5629 habens

510 5679 632 5732 tlam
662 5677 719 5729 ὃ.
746 5668 978 5739 Remigii
1000 5665 1287 5721 Bernensis
1317 5664 1616 5734 exetnplari
1638 5705 1651 5729 ,
1682 5665 1825 5735 quod
1864 5667 2107 5723 Sirmon-

504 5768 625 5836 dus,
660 5766 811 5833 cujus
841 5762 891 5816 in
920 5766 1183 5830 potestate
1211 5754 1334 5822 fuit,
1372 5755 1512 5812 notis
1537 5755 1591 5812 in
1616 5756 1917 5816 Concilium
1948 5757 2099 5815 Pari-

2188 2318 2243 2374 in
2274 2319 2449 2375 fronte
2488 2319 2703 2390 Fragm.
2736 2336 2753 2374 ι
2782 2326 3119 2389 praenotata:
3146 2317 3342 2388 Incipit
3358 2316 3483 2371 liber
3511 2315 3573 2371 S.
3599 2314 3802 2369 Hilarii

2182 2412 2508 2469 Pictavensis
2532 2414 2821 2484 'prooinciar
2867 2413 3178 2485 Aquitania,
3221 2414 3277 2467 in
3313 2428 3417 2484 quo
3451 2420 3573 2466 sunt
3599 2411 3795 2477 omnia,

2181 2521 2298 2575 qua:
2317 2504 2594 2561 ostendunt
2626 2505 2704 2560 vel
2740 2505 3019 2575 quomodo,
3050 2505 3354 2576 quibusnam
3382 2502 3585 2567 causis,
3613 2502 3799 2572 quibus

2180 2596 2491 2651 instantibus
2521 2596 2615 2651 sub
2654 2598 2783 2668 imp.
2815 2596 3120 2653 Constantio
3156 2600 3351 2668 factum
3375 2606 3447 2651 est
3477 2594 3799 2649 hostium

2183 2690 2483 2754 concilium,
2511 2699 2618 2745 etc.
2651 2689 2974 2760 Expressius
3012 2699 3219 2744 tantum
3245 2688 3384 2743 dixit
3422 2686 3793 2757 Hieronymus

2185 2782 2426 2837 adversus
2459 2780 2731 2837 Ursacitmt
2760 2769 2809 2836 et
2846 2779 3139 2848 Valentem,
3175 2780 3323 2847 quod
3364 2780 3451 2834 hic
3479 2778 3793 2848 generalins

2189 2877 2529 2932 enuntiatum
2571 2884 2656 2931 est
2697 2875 2991 2947 quomodo,
3025 2875 3341 2945 quibusnam
3383 2872 3572 2940 causis,
3610 2869 3797 2943 quibus

2186 2968 2518 3024 inrtmrtibus.
2561 2967 2696 3023 Nam
2735 2968 2879 3040 quod
2918 2969 3036 3024 haec
3086 2969 3412 3039 Fragmenta
3454 2967 3565 3021 sint
3613 2966 3798 3034 operis

2188 3060 2451 3117 adversus
2485 3060 2766 3118 Valentem
2791 3070 2848 3118 et
2871 3060 3159 3121 Ursacium
3181 3060 3391 3130 scripti,
3414 3073 3538 3115 eum
3559 3072 3626 3115 ea
3651 3058 3793 3123 aliis,

2192 3162 2305 3208 tum
2338 3155 2572 3210 maxime
2597 3170 2662 3209 ex
2693 3154 2958 3220 secundo,
2988 3153 3223 3220 decimo,
3252 3167 3317 3209 ac
3342 3152 3559 3209 duabus
3587 3159 3802 3221 postre—

2193 3246 2296 3300 mis
2321 3253 2404 3301 est
2431 3247 2795 3302 manufestum.
2826 3246 3039 3302 Titulus
3062 3247 3283 3319 quidem
3309 3254 3496 3302 noster
3517 3246 3585 3302 de
3607 3244 3809 3301 Soleo.

2192 3332 2363 3395 cieiisi
2386 3340 2619 3395 concilio
2645 3340 2782 3395 nihil
2813 3341 3068 3411 spondet,
3099 3343 3258 3411 cujus
3283 3349 3463 3397 tamen
3496 3338 3799 3402 historiam.

2192 3432 2490 3488 secundum
2539 3432 2954 3505 Hieronymum,
2999 3434 3189 3489 Hilarii
3237 3434 3378 3490 liber
3423 3432 3590 3488 debet
3638 3431 3807 3487 conti-

2195 3539 2344 3581 nere.
2378 3524 2450 3580 At
2469 3524 2854 3598 Hieronymus,
2887 3527 2977 3597 qui
2997 3568 3011 3589 ,
3039 3533 3099 3581 ut
3123 3527 3192 3583 ad
3233 3526 3405 3582 libros
3431 3525 3503 3581 de
3537 3524 3808 3580 Trinitate

2198 3635 2263 3678 ae
2286 3622 2358 3678 de
2384 3622 2620 3695 Synodis
2657 3623 3011 3679 obsonatum
3040 3632 3144 3691 est,
3178 3624 3437 3695 operibus
3462 3621 3696 3676 aliorum
3724 3623 3808 3674 in-

2201 3718 2403 3789 spectis
2434 3717 2615 3773 titulos
2652 3716 2722 3773 de
2762 3732 2863 3773 suo
2908 3718 3193 3788 imponere
3234 3715 3465 3781 solebat,
3508 3715 3575 3768 ad
3615 3713 3806 3770 Scien-

2203 3810 2389 3865 ciense
2440 3809 2730 3865 concilium
2781 3808 2992 3866 reierre
3049 3809 3223 3878 potuit
3270 3807 3634 3874 monimenta,
3686 3819 3809 3877 quae

2201 3903 2532 3973 Fragmento
2558 3920 2591 3959 χ
2613 3903 2902 3970 habentur,
2927 3911 2985 3959 et
3013 3903 3319 3957 indicantur
3345 3909 3618 3956 secutura.
3645 3898 3810 3954 Nam-

2204 4013 2310 4070 que
2340 4013 2463 4069 quae
2502 3998 2555 4053 in
2595 4012 2661 4053 eo
2683 4005 2972 4055 narrantur
2986 3999 3125 4053 inter
3150 3996 3513 4053 Seleuciensis
3546 3994 3811 4053 etArimi-

2206 4093 2392 4149 nensis
2436 4092 2651 4149 concilii
2700 4092 2907 4164 legatos
2936 4091 3409 4161 Constantinopoli
3444 4098 3630 4163 gesta,
3658 4099 3713 4146 et
3739 4088 3809 4145 ad

2205 4184 2549 4241 Seleucicnse
2570 4193 2625 4240 et
2645 4183 2712 4239 ad
2737 4183 3080 4239 Ariminense
3100 4181 3476 4238 it’tdil’ferenter
3499 4180 3805 4252 pertinent:

2209 4275 2276 4331 ad
2306 4275 2655 4332 Seleuciense
2684 4276 2921 4345 quidem,
2956 4275 3115 4347 cujus
3143 4275 3482 4333 continuatio
3516 4288 3640 4331 esse
3668 4274 3809 4331 Con-

2209 4366 2688 4438 stantinopolitana
2730 4366 2971 4438 synodus
2999 4365 3316 4432 videbatur;
3354 4365 3423 4422 ad
3465 4348 3811 4423 Ariminense

2210 4474 2363 4526 vero,
2394 4459 2453 4517 in
2479 4458 2631 4529 cujus
2653 4460 2981 4523 sentemiam
3011 4459 3247 4530 quodam
3274 4458 3441 4514 modo
3465 4458 3603 4515 abiit
3622 4457 3813 4514 Seleu-

2214 4553 2420 4610 ciensis
2472 4554 2735 4625 synodus,
2781 4555 2912 4609 dum
2962 4555 3132 4623 ipsius
3182 4553 3341 4623 legati
3401 4552 3564 4608 [idem
3611 4552 3666 4606 in
3720 4551 3814 4607 illo

2213 4648 2448 4704 concilio
2465 4647 2665 4703 editam
2687 4649 2965 4718 suscipere
2984 4646 3456 4715 Constantinopoli
3474 4643 3649 4701 coacti
3665 4653 3809 4699 sunt.

2280 4739 2370 4797 ιν.
2396 4739 2662 4795 Hilarium
2686 4756 2796 4810 ora:
2825 4756 2879 4796 se
2905 4742 3005 4811 fert
3034 4755 3052 4794 ι
3090 4742 3459 4812 fragmentum.
3499 4737 3814 4811 Fragmenta

2212 4833 2321 4888 alia
2347 4850 2463 4888 cum
2486 4833 2657 4902 primo
2681 4833 2853 4903 afﬁnia
2876 4842 3015 4887 sunt.
3044 4860 3117 4873 -—
3135 4830 3299 4885 Tituli
3329 4841 3509 4885 autem
3534 4830 3813 4885 veritatem

2216 4941 2324 4981 non
2349 4926 2694 4983 mediocriter
2716 4926 3003 4981 conﬁrmat
3023 4925 3420 4996 fragmentumt
3449 4940 3463 4976 :
3491 4924 3811 4995 Episcopum

2214 5021 2410 5091 quippe
2440 5036 2549 5089 prie
2579 5036 2637 5075 se
2671 5019 2778 5076 fert
2799 5017 3163 5086 Gallicanum,
3192 5018 3284 5088 qui
3316 5032 3345 5075 a
3373 5016 3537 5073 rebus
3560 5016 3614 5071 in
3645 5014 3813 5073 Gallia

2211 5114 2378 5186 gestis
2407 5113 2571 5187 (num.
2601 5113 2689 5185 6.).
2705 5111 2995 5173 exordium
3032 5112 3272 5168 factum
3301 5111 3370 5166 siit
3395 5128 3408 5177 ;
3436 5109 3528 5179 qui
3567 5107 3811 5167 exsilium

2214 5208 2465 5261 maluerit
2494 5206 2698 5269 subire,
2731 5219 2889 5275 quam
2917 5204 3127 5274 prodita
3157 5203 3416 5259 Ecclesiae
3442 5201 3551 5258 tlde
3575 5201 3815 5257 domesti-

2214 5315 2275 5353 co
2297 5300 2399 5353 otio
2430 5299 2535 5370 frui
2565 5300 2743 5370 (nam,
2768 5294 2868 5369 4);
2893 5297 2981 5366 qui
3016 5304 3073 5359 ut
3103 5310 3285 5355 ueram
3317 5294 3637 5365 imperatori
3657 5292 3813 5353 [idem

2219 5390 2609 5461 persuaderet,
2635 5390 2965 5460 impensiore
2992 5404 3120 5444 cnra
3147 5388 3474 5444 audientiam
3507 5386 3813 5458 poposcerit

2216 5484 2400 5555 (num.
2429 5482 2516 5553 5),
2549 5499 2649 5538 nec
2677 5483 2917 5553 potuerit
2960 5483 3286 5551 impetrare;
3331 5482 3422 5551 qui
3455 5480 3579 5535 lidei
3629 5479 3811 5549 depra-

2216 5575 2512 5639 vationem,
2543 5584 2598 5630 et
2616 5577 3017 5643 corruptionem
3050 5574 3472 5645 Evangeliorum
3492 5573 3603 5641 jam
3626 5573 3813 5642 raptim

2218 5668 2526 5737 ingesserit,
2547 5668 2634 5734 qui
2656 5665 2888 5735 denique
2912 5682 3019 5736 quo
3040 5667 3225 5721 animo
3251 5664 3378 5720 velit
3409 5664 3510 5735 legi
3533 5666 3703 5733 (nam.
3735 5662 3804 5730 7),

2219 5760 2477 5818 lectorem
2518 5769 2871 5832 prtemoneat.
2918 5759 2993 5815 ita
3020 5774 3081 5817 se
3103 5757 3341 5817 Hilarius
3363 5759 3416 5815 in
3443 5757 3563 5828 ipso
3589 5755 3805 5815 exordio
