4106 6192
318 249 424 311 611
1781 244 2166 308 ΡΒΑΞΫΑΤΙΟ.
3541 264 3575 317 6
3586 305 3601 313 -
3615 262 3650 321 Ξ

310 365 561 436 propriis
588 363 861 420 coloribus
883 362 1079 435 pinxit,
1104 374 1164 420 ut
1186 365 1381 437 quibus
1410 368 1544 423 aliis
1573 368 1787 439 ignotus
1819 382 1925 422 non
1955 366 2007 429 Α
2032 379 2152 437 quae
2184 364 2298 437 ipse
2331 365 2562 434 primum
2604 367 2671 422 ad
2716 382 2854 439 opus
2893 368 3194 429 absolutius
3235 373 3635 433 conﬁciendum

308 466 443 523 est,
478 456 790 513 nullatenus
828 458 1005 511 valeat
1030 457 1222 514 latere.
1253 457 1388 514 Cum
1420 467 1603 515 autem
1633 460 1806 531 primo
1837 458 1931 514 illo
2031 457 2132 512 sibi
2159 470 2552 528 comparasset.
2579 458 2730 515 Tunc
2754 477 2881 516 vero
2912 462 2964 516 in
2991 473 3225 520 mentem
3257 466 3307 522 ei
3328 469 3516 523 venire
3543 485 3639 540 po-

307 547 632 621 fragmento
658 548 922 605 indicetur
949 551 1363 609 subsccuturum
1394 568 1560 623 opus,
1594 554 1738 624 quod
1768 553 1931 609 variis

304 652 536 700 constet
585 654 697 698 tmn
737 642 985 715 epistolis
1028 655 1137 700 tum
1184 647 1426 717 synodis,
1475 657 1530 703 et
1570 646 1929 703 Arimineusis

305 735 543 793 concilii
568 736 848 793 historiam
873 754 939 793 ex
963 738 1300 797 Arelatensis
1321 740 1657 813 aliorumque
1679 741 1925 809 superio-

301 844 440 885 rum
479 831 833 885 conciliorum
877 832 1047 902 gestis
1080 832 1241 888 altius
1278 841 1531 904 repetat;
1580 833 1739 905 hujus
1783 833 1927 905 frag-

303 922 492 977 menti
536 930 756 978 auctore
791 924 1007 995 agnito,
1041 925 1271 979 maxima
1314 926 1607 982 auctoritas
1644 924 1930 982 acceditet

300 1013 557 1069 caeteris.

386 1104 457 1161 V.
496 1103 669 1159 Partis
692 1106 953 1173 utrimque
982 1107 1518 1163 consertum—Nulla
1544 1118 1692 1165 certe
1715 1106 1928 1165 videtur

299 1200 489 1267 ratio,
522 1213 620 1255 cur
648 1215 755 1254 non
790 1201 966 1267 prima
996 1199 1221 1272 hujusce
1249 1201 1588 1258 collectionis
1614 1218 1741 1273 pars
1769 1217 1923 1271 teque

297 1309 375 1354 ac
428 1292 673 1352 secunda
724 1278 930 1348 Hilario
969 1292 1323 1351 adscribenda
1365 1295 1457 1350 sit.
1505 1293 1741 1367 Utraque
1778 1293 1924 1351 enim

296 1385 486 1443 variis
512 1385 758 1455 epistolis
785 1398 848 1441 ac
871 1386 1094 1460 synodis
1115 1397 1347 1443 constat.
1370 1387 1628 1458 Utraque,
1655 1398 1706 1442 ut
1733 1388 1923 1443 ohser-

294 1481 463 1536 vavit
508 1478 626 1536 Nic.
662 1476 839 1535 Faber
862 1521 877 1546 ,
919 1480 1125 1552 aliquot
1156 1479 1292 1537 locis
1322 1480 1486 1537 verba
1529 1482 1762 1553 auctoris
1792 1481 1926 1553 ipsis

294 1557 453 1628 actis
505 1572 671 1628 habet
722 1548 1171 1643 imniixta,-qute
1220 1548 1924 1629 δτιιιοιὶεςὶιιιΓεοιιΓεεςοτίε

292 1665 561 1739 phrasim
608 1664 926 1721 exhibeant.
978 1664 1272 1738 Utriusque
1323 1665 1672 1722 monimentis
1720 1667 1925 1737 pariter

2032 550 2131 604 luit
2152 549 2288 606 illud
2317 552 2564 621 Apostoli
2593 552 2715 609 Gal.
2742 571 2781 623 ι,
2814 554 2882 610 8:
2913 554 3053 610 Licet
3079 575 3172 612 nos
3198 571 3288 613 aut
3322 561 3545 633 Angelus
3576 564 3640 617 de

2027 645 2154 699 calo
2177 646 2482 717 evangelizet
2506 648 2646 703 nobis
2671 659 2856 720 printer
2892 668 3045 721 quam
3067 655 3205 724 quod
3232 658 3639 728 euangelizamus

2028 737 2190 804 vobis,
2215 737 2489 792 anathema
2514 740 2581 794 sit
2604 755 2623 794 :
2644 738 2714 796 Ut
2742 742 2794 795 in
2818 741 3086 798 Liberium
3111 745 3308 802 Christi
3338 760 3514 804 causa:
3538 750 3637 807 de-

2027 836 2292 884 sertorem
2333 828 2385 885 id
2423 830 2525 885 sibi
2562 832 2767 887 licitum
2798 832 3138 892 existimaret
3167 838 3307 908 quod
3339 838 3634 910 Apostolus

2028 920 2081 975 in
2110 935 2169 976 se
2198 925 2332 977 etin
2366 922 2627 995 Augelntn
2660 925 2755 981 Dei
2784 943 2888 981 non
2922 931 3162 998 permisit
3188 938 3417 999 tantum,
3451 934 3545 989 sed
3578 942 3634 992 et

2029 1014 2304 1083 prteccpit.
2337 1013 2524 1086 Neque
2548 1015 2837 1087 quidquam
2866 1021 3154 1088 proclivius
3180 1029 3263 1078 est
3288 1023 3640 1081 vehementer

2026 1105 2334 1162 amantibus
2359 1147 2374 1171 ,
2403 1122 2564 1178 quam
2598 1117 2655 1163 nt
2685 1108 2860 1181 aliqua
2890 1112 2940 1166 in
2974 1127 3095 1167 eum
3118 1155 3133 1179 ,
3161 1130 3320 1184 quem
3364 1116 3431 1171 ab
3458 1119 3636 1171 amico

2028 1198 2260 1269 turpiter
2278 1198 2514 1257 deﬁcere
2535 1202 2781 1266 audiunt,
2812 1203 3203 1278 indignationis
3231 1217 3354 1265 nota
3379 1225 3639 1280 compen-

2025 1305 2149 1345 sare
2176 1300 2445 1347 conentur
2468 1334 2483 1360 ,
2513 1293 2657 1364 quod
2689 1294 2763 1349 illi
2789 1296 2856 1350 de
2883 1306 3183 1353 amatorum
3217 1316 3442 1357 numero
3472 1299 3638 1359 dece-

2025 1383 2123 1439 dit.
2155 1383 2265 1441 Sed
2295 1385 2340 1440 si
2369 1384 2575 1441 dissuta
2597 1393 2777 1458 operis
2800 1404 3097 1460 numquam
3125 1391 3354 1448 absoluti
3382 1394 3639 1450 adversa-

2024 1477 2104 1533 ria
2132 1477 2197 1532 ad
2225 1494 2324 1533 nos
2356 1483 2674 1550 pervenisse
2701 1482 3040 1540 concesseris
3065 1501 3079 1550 ;
3132 1485 3237 1544 erit
3277 1486 3481 1556 pariter
3506 1502 3638 1541 con-

2024 1568 2347 1638 cedendum,
2372 1573 2703 1628 monimenta
2724 1570 2838 1642 illa,
2865 1591 2984 1645 qua:
3007 1576 3300 1633 identidem
3329 1579 3638 1634 indicantur

2026 1670 2302 1740 secutura,
2337 1679 2435 1718 nec
2467 1672 2645 1720 tamen
2688 1675 2986 1735 sequuntur
3008 1709 3023 1734 ,
3075 1667 3140 1722 iis
3177 1666 3310 1723 locis
3336 1670 3405 1724 ab
3434 1670 3638 1725 Hilario

291 1758 723 1823 demonstratur
765 1756 974 1813 Ursacii
1012 1773 1076 1814 ac
1104 1758 1349 1815 Valentis
1398 1760 1632 1828 nequitia
1678 1760 1839 1837 simul
1870 1771 1925 1817 et
1952 1750 2003 1812 Β
2030 1761 2235 1810 lanium
2265 1754 2533 1811 deSlinala
2564 1770 2713 1821 csse.
2750 1757 2841 1813 ubi
2874 1774 2935 1813 (‘a
2968 1774 3081 1830 pm
3110 1760 3360 1815 manibus
3392 1758 3636 1818 haberet.

290 1851 699 1908 inconstantia.
748 1850 805 1906 In
864 1862 1092 1922 utraque
1140 1852 1356 1908 demum
1403 1854 1711 1909 continetur
1752 1855 1919 1920 nihil,

290 1945 457 2018 quod
487 1959 593 2001 non
628 1942 866 2000 redoleat
897 1944 1306 2015 antiquitatem,
1339 1945 1484 2017 quod
1519 1945 1757 2001 historia:
1787 1955 1923 2002 tem-

290 2055 508 2111 porum
539 2054 647 2094 non
678 2039 980 2093 consentiat
1009 2079 1024 2105 ,
1067 2048 1158 2093 aut
1189 2038 1333 2109 quod
1366 2054 1472 2094 non
1504 2039 1679 2109 aliqua
1710 2040 1921 2096 ratione

288 2140 526 2203 spectet
556 2130 623 2185 ad
651 2129 1016 2186 Ariminensis
1042 2130 1258 2188 cont-iiii
1289 2130 1598 2187 historiam.
1638 2129 1757 2188 lino
1795 2133 1841 2189 si
1892 2149 1919 2188 a

288 2224 483 2297 prima
509 2222 852 2293 disjungatur
876 2224 1044 2278 altera
1069 2265 1083 2288 ,
1129 2238 1235 2279 non
1269 2231 1352 2279 est
1375 2223 1517 2279 unde
1542 2224 1657 2279 haec
1685 2224 1751 2279 ad
1780 2240 1921 2295 prte-

288 2316 472 2373 dicta:
499 2316 692 2388 synodi
726 2315 1002 2370 historiam
1037 2315 1310 2385 pertinuere
1333 2314 1631 2384 iudicetur;
1660 2328 1783 2370 cum
1805 2315 1920 2370 sola

290 2423 438 2482 pars
467 2406 644 2478 prima
674 2406 820 2461 illius
848 2414 1000 2476 gesta
1028 2406 1283 2463 exhibeat
1310 2423 1323 2460 :
1349 2422 1469 2478 quae
1493 2407 1546 2461 in
1579 2405 1681 2462 hoc
1705 2422 1923 2478 quoque

291 2514 435 2558 cum
464 2501 634 2555 altera
659 2500 937 2565 convenit,
966 2499 1108 2570 quod
1138 2499 1358 2569 perinde
1387 2512 1546 2571 atque
1576 2500 1685 2562 illa.
1720 2510 1773 2556 et
1802 2515 1923 2570 qua:

291 2593 715 2651 Ariminensem
747 2591 1013 2663 synodum
1041 2591 1418 2661 prtecesserint
1443 2633 1457 2656 ,
1492 2603 1543 2647 et
1580 2606 1702 2663 qua:
1732 2592 1925 2647 subse-

290 2694 433 2742 cuta
461 2682 594 2753 sint,
620 2682 1034 2752 complectatur.

375 2776 477 2832 Vl.
505 2774 592 2831 E1:
616 2776 946 2848 corruptione
975 2785 1092 2830 orta
1123 2783 1199 2830 est
1235 2775 1329 2830 illa
1354 2776 1409 2829 in
1434 2777 1564 2830 duas
1593 2786 1761 2848 partes
1791 2777 1924 2832 divi-

291 2872 405 2927 sio.
440 2897 518 2909 —-
541 2867 651 2925 Sed
679 2884 857 2938 neque
871 2867 1156 2938 quisquam
1183 2866 1391 2923 inﬁcias
1417 2867 1560 2931 ierit,
1585 2877 1746 2922 tutam
1774 2867 1920 2922 illam

291 2962 692 3020 collectionem
715 2962 769 3015 in
799 2974 933 3015 mss.
967 2958 1251 3017 Pithteano
1277 2973 1340 3015 ac
1368 2959 1686 3028 Remigiano
1709 2958 1841 3014 duas
1868 2960 1920 3013 in

292 3063 503 3126 prietes
530 3054 672 3107 tmte
710 3049 963 3122 distingui
992 3091 1007 3116 ,
1048 3052 1203 3121 pejus
1235 3065 1364 3106 vero
1392 3051 1643 3121 postponi
1685 3051 1919 3121 priorem

2029 1847 2237 1914 Quibus
2255 1856 2435 1905 autem
2456 1849 2710 1920 placebit,
2739 1850 2856 1907 haec
2875 1853 3103 1909 absoluti
3128 1854 3311 1927 operis
3337 1852 3635 1927 fragmenta

2029 1953 2150 1995 esse
2174 1980 2188 2005 ,
2243 1941 2591 1997 nihilominus
2640 1958 2707 1998 cx
2746 1942 2811 1998 iis
2841 1959 2962 2015 quae
2989 1943 3184 2000 desunt
3212 1949 3482 2004 constabit
3507 1991 3521 2013 ,
3573 1967 3635 2005 ea

2022 2030 2184 2087 aliter
2211 2047 2370 2101 quam
2400 2034 2563 2089 modo
2592 2034 2857 2091 habentur
2886 2036 2956 2091 ab
2985 2037 3189 2095 Hilario
3216 2054 3339 2096 esse
3362 2042 3632 2099 ordinata.

2022 2122 2214 2180 Utram
2242 2140 2367 2181 vero
2400 2127 2702 2196 prretuleris
2732 2130 3043 2198 Opinionem
3071 2174 3085 2197 ,
3128 2132 3317 2188 horum
3352 2134 3622 2205 fragmen-

2024 2222 2203 2269 torum
2231 2216 2479 2272 confusio
2503 2218 2633 2273 nihil
2664 2234 2850 2275 eorum
2884 2222 3087 2278 ofﬁciet
3113 2225 3349 2280 veritati.

2096 2303 2235 2360 Vill.
2268 2305 2421 2362 Unde
2448 2318 2562 2363 ortu
2592 2308 2711 2365 libri
2737 2310 2894 2377 huius
2922 2316 3185 2386 confusio.
3219 2345 3290 2359 -—
3318 2315 3496 2374 Ruﬁni
3526 2325 3634 2375 tes-

2023 2398 2253 2455 timonio
2274 2411 2328 2457 et
2357 2403 2577 2474 antiqua
2596 2404 2865 2460 censenda
2890 2415 2974 2462 est
2998 2408 3116 2462 libri
3145 2409 3305 2478 hujus
3326 2413 3626 2479 corruptio.

2023 2500 2077 2547 et
2108 2490 2379 2548 haereticis
2404 2493 2756 2551 adscribeuda
2781 2515 2794 2550 :
2819 2499 2862 2551 si
2893 2506 3073 2553 tamen
3101 2500 3167 2554 ad
3194 2500 3299 2556 hoc
3334 2518 3470 2572 opus
3498 2503 3636 2559 refe-

2023 2584 2252 2638 rendum
2283 2593 2385 2648 est,
2419 2585 2564 2655 quod
2594 2586 2688 2642 ille
2711 2586 2893 2642 Tract.
2930 2590 2998 2643 de
3037 2588 3435 2648 adulteratioiie
3465 2594 3631 2651 libro-

2023 2688 2143 2728 rum
2173 2672 2422 2744 Origenis
2450 2676 2522 2730 ait
2553 2676 2717 2749 (apud
2745 2677 2961 2735 Hieron.
2990 2690 3112 2734 tom.
3143 2683 3218 2752 rx)
3245 2705 3256 2736 :
3284 2683 3541 2740 llilarinm
3569 2686 3637 2738 ad

2023 2768 2426 2823 emendationem
2452 2787 2647 2838 eorum,
2689 2773 2776 2839 qui
2798 2771 3112 2829 Ariminensi
3140 2776 3371 2845 perﬁdia:
3398 2778 3627 2835 subscri-

2024 2868 2253 2928 pserunt,
2295 2859 2481 2914 librum
2513 2862 2871 2918 instructioni:
2904 2864 3220 2934 plenissima:
3244 2870 3631 2941 conscripsisse,

2022 2952 2114 3022 qui
2140 2951 2369 3007 subinde
2396 2954 2463 3009 ab
2499 2954 2768 3018 haereticis
2812 2958 2880 3011 ita
2914 2956 3151 3014 foedatus
3179 2960 3286 3025 sit,
3327 2969 3385 3017 ut
3415 2978 3482 3018 ne
3511 2978 3634 3020 eum

2024 3043 2242 3113 quidem
2275 3044 2509 3101 Hilarius
2538 3049 2653 3117 ipse
2677 3057 3016 3119 agnosceret.
3062 3050 3172 3109 Sed
3200 3067 3322 3107 cum
3349 3054 3431 3109 his
3455 3055 3635 3112 verbis

290 3145 650 3220 posteriori;
681 3160 803 3201 cum
833 3147 1021 3217 prima:
1046 3145 1214 3215 partis
1239 3145 1452 3200 initium
1477 3146 1770 3202 manifeste
1791 3161 1921 3201 con.
1945 3130 1995 3193 Ο
2026 3138 2191 3192 multa
2219 3136 2444 3194 Ruﬁnus
2471 3140 2775 3196 immiserat
2804 3152 2992 3212 aperte
3018 3142 3150 3200 falsa
3182 3152 3238 3200 et
3258 3162 3375 3215 ('01P.
3400 3146 3632 3203 fabulam

294 3241 547 3297 tinuatio
573 3238 643 3294 sit
666 3239 1004 3310 posterioris.
1039 3237 1249 3310 Synodi
1283 3238 1430 3293 enim
1464 3237 1785 3293 Parisiensis
1811 3238 1925 3308 epi-

294 3332 482 3397 stola,
506 3346 537 3387 a
564 3346 665 3403 qua
694 3332 746 3385 in
775 3345 905 3387 mss.
928 3330 1115 3400 primae
1142 3330 1313 3400 partis
1338 3329 1544 3384 inititnn
1563 3330 1801 3399 ducitur,
1834 3345 1923 3385 re-

295 3425 582 3495 scriptum
611 3432 696 3478 est
721 3422 917 3479 litteris
939 3422 1296 3477 Orientalium
1324 3436 1445 3492 quae
1472 3421 1524 3475 in
1565 3420 1756 3477 iisdem
1787 3437 1920 3477 mss.

296 3526 534 3590 partem
564 3521 893 3586 postremam
919 3513 1197 3569 claudunt.
1252 3514 1324 3568 Ex
1353 3529 1459 3583 quo
1500 3514 1591 3577 lit,
1644 3522 1701 3568 ut
1740 3514 1925 3569 titulus

296 3628 423 3670 non
473 3612 530 3665 in
567 3623 729 3665 unam
766 3616 974 3664 tantum
1005 3616 1211 3679 partem
1236 3650 1251 3671 ,
1294 3608 1390 3663 sed
1435 3607 1486 3661 in
1517 3621 1732 3660 omnem
1762 3607 1927 3663 colle-

296 3706 559 3763 ctionem
580 3703 757 3758 cadat.
783 3701 1047 3768 Quocirca
1073 3699 1328 3756 Nicolaus
1350 3699 1527 3754 Faber
1550 3701 1778 3769 partium
1810 3700 1927 3754 illa-

298 3817 439 3859 rum
474 3798 719 3855 ordinem
742 3799 1031 3865 invertere,
1058 3806 1115 3855 et
1137 3799 1325 3869 primm
1356 3805 1685 3865 postremam
1717 3809 1926 3865 praepo-

301 3907 454 3951 nere
479 3906 590 3946 non
620 3889 901 3946 dubitavit.

383 3983 509 4040 VH.
549 3982 801 4053 δωρειιὶ
830 3982 925 4037 alii
953 3982 1205 4037 levantur.
1235 4010 1306 4022 --
1346 3979 1457 4035 Hac
1482 3977 1805 4033 difﬁcultate
1833 3991 1926 4032 ex-

303 4079 531 4159 pedita,
556 4091 674 4148 qua:
694 4077 911 4147 gravior
935 4076 1237 4143 videbatur,
1265 4076 1425 4131 facile
1444 4075 1553 4142 jam
1577 4072 1928 4127 excutiuntur

302 4168 953 4247 “ﬁs-“scrupuli,
969 4169 1060 4239 qui
1083 4168 1235 4224 nobis
1248 4166 1686 4236 initionegotinni
1708 4167 1930 4221 facesse-

304 4265 475 4323 lraut.
519 4263 761 4334 Namque
791 4266 964 4316 virum
1004 4262 1057 4316 in
1100 4260 1387 4332 Phrygiam
1420 4262 1711 4330 relegatum
1743 4272 1846 4312 non
1876 4257 1927 4311 in

304 4354 558 4431 germina
581 4366 634 4410 et
661 4356 868 4425 integra
891 4353 1242 4427 epistularum
1270 4354 1553 4408 latinarmn
1577 4351 1927 4421 exemplaria,

308 4449 417 4507 sed
442 4450 501 4504 iu
520 4446 778 4504 mendosa
792 4447 1178 4518 incidissequis
1201 4447 1438 4516 stupent?
1458 4447 1589 4514 Quis
1604 4460 1734 4501 vero
1752 4456 1929 4516 neget,

2028 3229 2250 3285 omnino
2275 3229 2515 3303 sapiant;
2556 3232 2643 3287 vix
2686 3232 2980 3305 quidquam
3021 3251 3086 3290 ex
3115 3235 3187 3311 iis
3209 3236 3503 3295 conﬁt-ite:
3534 3240 3635 3295 nisi

2029 3322 2168 3379 forte
2192 3322 2424 3390 dixeris,
2472 3326 2590 3382 libri
2624 3328 2782 3396 hujus
2807 3326 3249 3396 depravationem
3282 3331 3346 3385 iis
3370 3332 3638 3402 ﬁngendis

2028 3415 2367 3471 occasionem
2399 3417 2719 3488 pratbnisse.
2762 3418 2828 3473 Et
2868 3435 2997 3475 vero
3041 3421 3363 3477 Arianorum
3398 3423 3636 3495 nequitia

2029 3505 2251 3576 dignum
2278 3517 2427 3574 erat,
2474 3516 2534 3563 ut
2574 3510 2695 3565 libri
2731 3510 2891 3581 hujus
2920 3512 3282 3583 integritatem
3315 3514 3470 3571 nobis
3503 3516 3633 3573 invi—

2029 3600 2242 3657 derent.
2275 3601 2416 3659 Casu
2446 3603 2609 3658 etiam
2639 3603 2858 3659 evenire
2885 3606 3062 3674 potuit
3086 3606 3234 3662 illius
3264 3606 3532 3664 confusio.

2103 3693 2194 3750 lx.
2227 3697 2328 3764 Qui
2366 3713 2501 3751 nunc
2538 3713 2669 3752 novo
2701 3698 2882 3753 ordine
2915 3709 3173 3771 reparata.
3198 3729 3268 3739 —
3302 3701 3497 3756 Verum
3520 3702 3633 3773 jam

2032 3803 2139 3843 non
2174 3791 2308 3843 tanti
2344 3791 2508 3845 refert
2543 3792 2683 3846 scire
2715 3791 2855 3846 unde
2896 3803 3012 3846 orta
3044 3794 3143 3858 sit,
3186 3794 3373 3863 quanti
3408 3794 3636 3851 interest

2033 3891 2088 3936 ut
2119 3880 2619 3954 quomodocumque
2643 3894 2941 3955 reparetur.
2966 3886 3061 3941 Vix
3082 3887 3224 3942 enim
3252 3903 3313 3944 ea
3342 3890 3506 3955 serie,
3531 3903 3638 3961 qua

2032 3973 2085 4029 in
2119 3987 2248 4029 mss.
2288 3983 2487 4043 exstat,
2520 3976 2638 4031 sine
2662 3976 2878 4032 fastidio
2909 3977 3013 4048 legi
3047 3980 3237 4050 possit,
3271 3990 3325 4036 et
3353 3982 3471 4038 sine
3495 3998 3634 4054 quo-

2032 4064 2156 4122 dam
2183 4082 2210 4120 a
2243 4082 2374 4123 vero
2420 4069 2705 4124 aberrandi
2752 4070 3087 4128 discrimine.
3131 4072 3202 4129 At
3248 4075 3367 4145 quis
3396 4077 3532 4133 ordo
3561 4087 3634 4133 le-

2035 4159 2243 4215 nendus
2263 4160 2287 4214 ?
2307 4159 2426 4216 Jam
2444 4146 2823 4218 desiderarunt
2845 4164 3111 4233 nonnulli,
3137 4168 3282 4221 varia
3303 4169 3635 4225 monimenta

2033 4249 2087 4305 in
2111 4265 2179 4306 eo
2202 4261 2455 4307 contenta
2489 4254 2786 4308 sectmdum
2824 4261 3130 4326 temporum
3161 4258 3405 4314 ordinem
3447 4261 3636 4316 distri-

2037 4342 2153 4396 bui.
2191 4343 2325 4398 Huic
2358 4353 2535 4399 tamen
2565 4360 2626 4401 se
2656 4360 2761 4401 non
2791 4362 3007 4417 semper
3036 4349 3345 4406 'adlta‘sisse
3371 4352 3641 4422 signiﬁcat

2026 4420 2272 4491 Hilarius
2293 4434 2532 4507 (Fragm.
2564 4452 2603 4504 1,
2637 4455 2690 4492 η.
2736 4437 2816 4508 6),
2850 4454 2970 4494 cum
2998 4454 3059 4496 se
3088 4456 3117 4495 a
3158 4445 3327 4514 gesds
3358 4420 3641 4501 Arelaten-

311 4558 387 4599 α
416 4543 669 4597 meum",
693 4540 986 4596 mulatione
1010 4539 1260 4596 accidere
1286 4542 1548 4611 ροιιιίεεε,
1574 4549 1633 4595 ιη
1652 4542 1754 4594 ana
1782 4548 1927 4596 esset
1953 4529 2008 4590 Ι)
2031 4527 2180 4583 sibus
2205 4569 2222 4594 ,
2263 4529 2506 4599 quamvis
2536 4530 2679 4584 aliud
2713 4532 2949 4600 postulet
2991 4548 3171 4587 rerum
3199 4534 3335 4589 ordo
3362 4577 3374 4597 ,
3416 4534 3628 4589 initium

296 4636 373 4691 1n
417 4635 511 4689 his
541 4631 857 4704 ingruentis
876 4674 892 4701 ,
922 4632 1025 4687 alia
1071 4633 1126 4687 in
1155 4630 1292 4688 libro
1336 4633 1404 4689 de
1435 4632 1667 4704 Synodis
1697 4630 1930 4702 pseudo-

208 4763 219 4767 -
312 4726 670 4785 Sardicensis
686 4724 810 4781 ﬁdei
832 4723 1152 4780 translatio?
1174 4725 1337 4782 Certe
1360 4723 1662 4779 mirandum
1690 4739 1796 4777 non
1821 4730 1923 4789 est,

308 4830 450 4879 eum
484 4822 537 4874 in
565 4818 782 4873 diverso
806 4830 994 4888 apere,
1037 4824 1284 4887 tempore
1308 4832 1371 4872 ac
1413 4817 1533 4872 loco
1558 4831 1662 4871 non
1689 4817 1780 4870 uni
1805 4830 1919 4869 ver-

308 4912 467 4971 sioni
516 4911 736 4966 stetisse
766 4952 782 4978 ,
857 4910 950 4981 qui
1003 4911 1317 4980 praedictum
1375 4908 1927 4980 pseudo-Sardicense

312 5002 639 5080 symbolum
680 5016 744 5058 ac
772 5000 1073 5057 Sirmieuse
1102 5013 1291 5057 contra
1322 5001 1640 5067 Photinum,
1683 4998 1929 5070 quamvis

314 5103 623 5167 utrunque
651 5109 824 5166 graece
855 5093 1043 5149 ﬁdem
1076 5095 1253 5149 verbis
1278 5095 1613 5150 enuntiatum
1636 5094 1723 5161 sit,
1752 5092 1930 5146 inuno

310 5191 525 5252 eodem
550 5188 866 5260 debynodis
888 5189 1023 5243 libro
1050 5202 1159 5242 non
1181 5203 1282 5242 una
1304 5187 1515 5243 ratione
1540 5188 1778 5242 verterit.
1811 5183 1927 5240 .lam

314 5290 461 5340 ναι)
488 5279 561 5334 ad
586 5258 923 5335 anathemata
951 5278 1166 5334 Liberio
1185 5278 1349 5344 dicta,
1373 5279 1441 5335 ab
1466 5279 1586 5334 aliis
1611 5292 1928 5347 resupnsum

317 5381 417 5434 est
440 5388 509 5429 ea
540 5373 677 5427 forte
707 5371 775 5428 ab
803 5371 978 5428 aliena
1008 5386 1170 5427 manu
1195 5372 1262 5426 ad
1294 5370 1591 5441 marginem
1622 5369 1891 5439 adscripta
1915 5410 1929 5434 ,

318 5466 531 5525 uiride
559 5466 611 5519 iu
642 5471 859 5520 testth
889 5465 1216 5535 irrepsisse;
1260 5464 1329 5519 ab
1358 5463 1480 5518 aliis
1520 5470 1699 5518 autem
1724 5477 1788 5516 ea
1819 5468 1931 5515 tum

321 5561 399 5616 ab
426 5557 637 5613 Hilario
665 5556 868 5627 prolata
899 5570 1021 5611 esse
1041 5596 1058 5622 ,
1104 5570 1224 5610 cum
1252 5554 1495 5625 ejusdem
1534 5551 1802 5624 pontiﬁcis
1824 5552 1939 5622 ple—

320 5666 460 5707 nam
487 5650 712 5719 ignavis:
740 5649 1025 5718 epistolam
1058 5649 1290 5717 primum
1320 5647 1547 5716 accepit.
1580 5646 1773 5700 Putant
1793 5634 1935 5700 enim

326 5743 425 5800 hic
445 5740 694 5797 exhiberi
730 5740 917 5797 Hilarii
943 5738 1253 5796 adversaria
1285 5738 1404 5795 sine
1429 5738 1620 5795 ordine
1647 5738 1934 5810 descripta,

2029 4619 2291 4676 iacturum
2322 4637 2441 4677 esse
2471 4631 2789 4690 pm:thch
2820 4623 3155 4695 Quamquam
3189 4641 3312 4681 cum
3347 4626 3419 4682 ibi
3463 4627 3629 4682 ratio-

2029 4729 2154 4768 nem
2192 4712 2367 4767 reddit
2391 4728 2487 4766 cur
2516 4714 2679 4767 alium
2709 4714 2954 4769 ordinem
2987 4726 3248 4785 sequatur
3272 4756 3287 4782 ,
3322 4716 3374 4770 iit
3415 4719 3628 4776 eteteris

2030 4803 2348 4859 ordinandis
2374 4815 2617 4871 tempora
2654 4820 2713 4858 se
2745 4821 2853 4859 non
2884 4806 3187 4875 neglexisse
3228 4807 3369 4862 haud
3398 4810 3633 4866 obscure

2031 4899 2254 4953 indicat.
2295 4896 2450 4954 Unde
2484 4907 2539 4953 et
2587 4899 2769 4952 statim
2817 4901 3125 4954 subnectit:
3172 4900 3287 4956 Hoc
3335 4905 3489 4959 etiam
3530 4922 3633 4962 non

2028 4992 2280 5047 inutiliter
2307 4990 2622 5058 admonebo,
2654 5002 2705 5044 ut
2733 4991 2800 5045 nd
2828 5008 2976 5046 omne
3011 4993 3108 5047 hoc
3146 4997 3380 5052 volumen
3410 4998 3630 5071 diligens

2031 5086 2243 5141 intentio
2285 5084 2607 5140 adhibeatur.
2661 5083 2850 5139 Omnia
2894 5087 3029 5140 enim
3079 5100 3197 5143 sunt
3244 5101 3293 5145 et
3345 5093 3638 5162 separanda

2035 5178 2364 5249 temporibus,
2393 5188 2438 5232 et
2467 5179 2832 5249 distinguenda
2862 5180 3099 5249 iudiciis,
3143 5192 3248 5238 etc.
3286 5183 3438 5241 "nnc
3473 5186 3635 5257 igitur

2032 5269 2279 5339 dispositi
2302 5283 2440 5324 mem
2476 5271 2788 5325 censuimus
2813 5272 3071 5341 optimam
3110 5271 3259 5340 tow,
3307 5291 3425 5344 qua:
3451 5277 3629 5335 omnia

2028 5360 2109 5417 sit:
2131 5372 2476 5431 temperaret,
2505 5373 2560 5417 ut
2580 5374 2631 5418 ct
2661 5372 2964 5433 temporum
2996 5377 3307 5423 servaretur
3331 5370 3487 5439 ordo,
3524 5387 3627 5429 nec

2039 5471 2218 5511 rerum
2268 5454 2336 5508 ab
2383 5455 2588 5510 Hilario
2630 5458 3002 5513 ordinaturum
3050 5460 3187 5513 ratio
3234 5466 3632 5520 innnutaretur.

2040 5548 2171 5606 Eam
2197 5548 2267 5604 ob
2295 5563 2407 5603 rem
2439 5550 2854 5607 observavimus
2878 5555 3092 5623 quoties
3115 5554 3167 5609 in
3198 5565 3311 5609 toto
3338 5556 3441 5613 hoc
3469 5576 3636 5631 opere

2044 5641 2445 5700 desideraretur
2490 5642 2695 5712 aliquid
2722 5685 2737 5711 ,
2779 5644 2920 5714 quod
2964 5655 3153 5701 auctor
3188 5662 3248 5703 se
3286 5650 3644 5712 SHbﬂCXllieso

2049 5735 2295 5808 signiﬁca
2309 5740 2393 5791 ret
2413 5749 2428 5801 ;
2452 5744 2543 5789 aut
2570 5742 2720 5793 certe
2744 5745 3092 5809 sequeretur,
3121 5738 3267 5809 quod
3288 5754 3410 5817 cum
3443 5757 3647 5813 praece-
