4106 6192
434 243 540 302 625
1363 228 1431 285 IN
1467 224 1713 283 SANCTI
1752 218 2008 278 HILARII
2046 212 2353 273 EPISCOPI
2392 207 2819 269 FRAGMENTA
3635 194 3742 253 62$

437 355 690 412 dentibus
718 368 827 408 non
855 349 1188 406 cohaereret:
1236 354 1345 400 tum
1375 341 1508 396 illud
1541 345 1594 395 in
1623 346 1703 395 tot
1730 337 2033 408 fragmenta
2060 349 2115 411 Α
2136 346 2357 404 gressus
2385 327 2727 399 explicando,
2756 340 2874 380 eam
2901 337 3007 379 non
3032 319 3191 376 unius
3216 314 3475 382 hominis,
3521 312 3615 368 sed
3655 328 3741 366 ro-

440 449 645 522 partiti,
671 456 806 517 quot
830 446 881 498 in
905 442 1036 497 locis
1062 437 1203 494 nacti
1229 449 1417 491 sumus
1446 433 1714 488 dissntum
1738 438 1835 485 aut
1853 430 2036 499 aliqua

442 542 526 598 sui
555 549 708 613 parte
734 534 1036 599 mutilatus,
1069 532 1364 601 fragmenta
1386 524 1597 596 singula
1628 521 1921 579 secundum
1949 534 2039 574 or-

442 637 624 691 dinem
652 643 952 699 temporum
977 624 1383 683 collocavimus.

515 724 876 799 609-610
893 720 961 776 Χ.
1002 718 1140 776 Novi
1169 717 1324 788 hujus
1354 713 1550 769 ordinis
1576 710 1868 765 utilitas.—
1888 704 2040 760 Novo

445 825 538 879 illo
553 822 747 877 ordine
769 820 1000 891 primum
1025 814 1162 872 tituli
1180 828 1209 867 a
1231 811 1451 869 Nicolao
1472 807 1650 863 Fabro
1672 803 1825 860 inditi
1844 800 2042 858 veritas

443 916 856 989 comprobatur;
882 927 1070 968 eorum
1097 907 1293 966 deinde
1312 904 1613 962 consulitur
1646 894 2041 964 commoditati,

444 1001 537 1079 qui
565 988 703 1077 opus
744 1004 875 1060 illud
913 1004 999 1059 vel
1042 1000 1283 1056 iudicare
1320 996 1558 1068 cupient,
1607 992 1692 1048 vel
1748 988 2040 1044 indicatum

446 1112 870 1170 recognoscere;
893 1110 955 1151 ac
972 1094 1187 1149 demum
1215 1087 1407 1145 lectori
1424 1092 1734 1157 praestatur,
1750 1078 1893 1135 unde
1913 1074 2044 1131 illud

443 1190 733 1262 jucundius
760 1188 870 1259 jam
922 1186 1065 1255 legat
1103 1190 1264 1252 atque
1304 1178 1513 1234 utilius.
1563 1177 1620 1232 Si
1661 1178 1803 1229 enim
1836 1171 2046 1239 ingrata

448 1293 535 1340 est
581 1292 638 1339 et
692 1280 759 1334 ad
812 1292 1053 1335 errorem
1094 1273 1245 1330 ducit
1288 1286 1468 1328 rerum
1519 1275 1791 1339 gestarum
1821 1259 2043 1318 confusa

450 1375 729 1439 narratio;
755 1370 990 1443 jucunda
1023 1383 1146 1425 esse
1171 1366 1334 1422 debet
1363 1372 1419 1420 et
1455 1361 1524 1417 ad
1559 1359 1842 1416 veritatem
1884 1353 2047 1410 redu-

451 1487 578 1528 cere
598 1467 848 1525 distincta
877 1474 932 1522 et
955 1464 1219 1521 ordinata.
1247 1460 1469 1530 Experti
1500 1470 1689 1513 smnus
1730 1453 1856 1522 ipsi,
1885 1466 2045 1522 quam

450 1566 556 1624 sibi
587 1574 773 1619 mutuo
801 1560 1007 1630 singula
1034 1557 1356 1627 Fragmenta
1380 1567 1480 1608 suo
1510 1551 1630 1605 loco
1657 1545 1832 1618 posita
1866 1544 2046 1600 lucem

453 1657 699 1717 aderant.
751 1653 911 1708 Certe
948 1650 1076 1721 quid
1102 1649 1158 1704 in
1184 1647 1288 1702 hoc
1312 1644 1450 1699 libro
1477 1643 1635 1708 desit,
1684 1637 1731 1693 si
1755 1652 1862 1691 non
1888 1632 2043 1690 exhi-

2146 425 2251 482 lius
2282 423 2404 479 ﬁdei
2432 421 2803 491 expulsionem
2844 414 3145 484 suscepisse
3177 428 3240 467 ex
3285 410 3401 479 ipso
3444 407 3593 464 exitu
3646 406 3746 459 de-

2145 527 2432 575 monstrat.
2496 515 2616 583 Quo
2664 514 2805 569 circa
2856 506 3114 581 quidquid
3159 521 3224 561 ex
3280 502 3445 558 variis
3499 498 3746 556 conciliis

2150 610 2396 681 exponit,
2449 607 2517 663 ad
2556 621 2722 662 unum
2763 604 3109 660 Ariminense
3139 610 3412 668 tamquam
3462 592 3531 649 ad
3585 592 3746 647 linem

2147 702 2335 770 refert,
2357 702 2409 757 in
2441 715 2549 771 quo
2576 690 2765 769 aperte
2829 692 3080 766 patefecit
3130 688 3377 753 haeresis,
3428 683 3559 756 quid
3589 697 3752 753 supe-

2147 797 2385 852 rioribus
2416 792 2719 849 moliretur.
2769 788 2905 845 Hinc
2957 786 3003 841 si
3057 798 3146 840 res
3195 788 3409 852 spectes
3458 776 3563 833 hoc
3609 775 3751 831 libro

2149 894 2456 950 contentas,
2502 883 2737 955 plurium
2786 878 3154 952 synodorum;
3204 872 3250 928 si
3293 885 3541 940 secpum,
3594 867 3753 922 unius

2149 979 2508 1038 Ariminensis
2552 976 2831 1032 historiam
2869 970 3157 1042 complecti
3194 964 3456 1023 dicendus
3482 971 3588 1019 est.
3613 960 3751 1017 Cum

2150 1086 2330 1132 autem
2387 1072 2544 1143 hujus
2581 1068 2795 1126 concilii
2853 1065 3088 1121 maxime
3142 1060 3365 1118 Ursacio
3416 1065 3472 1113 et
3528 1053 3755 1111 Valente

2152 1167 2477 1226 instantibus
2505 1174 2612 1221 tam
2660 1162 2846 1217 infelix
2874 1158 3052 1215 exitus
3102 1154 3298 1220 fuerit;
3350 1167 3456 1207 non
3502 1149 3644 1203 male
3672 1147 3754 1201 in-

2155 1261 2421 1320 scribatur
2449 1269 2638 1315 contra
2666 1256 2803 1312 duos
2832 1253 2954 1309 illos
2986 1252 3196 1305 Arianae
3222 1255 3386 1303 sectae
3403 1244 3589 1308 duces,
3620 1255 3757 1313 quo—

2155 1370 2273 1411 rum
2307 1351 2525 1423 perﬁdia
2556 1364 2668 1406 non
2713 1347 2873 1404 exiis
2922 1343 3103 1400 solum
3150 1356 3271 1413 quas
3322 1335 3649 1395 Arimineusi
3700 1332 3755 1388 in

2155 1446 2363 1520 synodo
2388 1460 2453 1501 ac
2493 1450 2615 1514 post
2636 1441 2804 1497 moliti
2828 1446 2976 1504 sunt,
3005 1434 3102 1492 sed
3130 1444 3184 1491 et
3202 1449 3268 1488 ex
3299 1430 3539 1503 pristinis
3566 1441 3757 1484 eorum

2154 1540 2291 1595 actis
2317 1536 2718 1607 comprobatur.
2771 1532 2852 1588 Ex
2897 1528 3093 1600 quibus
3146 1540 3361 1582 rursum
3412 1538 3535 1578 cum
3567 1521 3760 1576 Hiero-

2157 1646 2320 1705 nymo
2347 1629 2662 1687 conciliatur
2695 1624 2818 1681 libri
2866 1622 3029 1694 hujus
3057 1623 3110 1677 in
3145 1618 3349 1677 nostris
3393 1632 3525 1673 mss.
3576 1613 3763 1671 consi-

450 1750 602 1817 bent,
635 1747 955 1818 plerumque
998 1740 1193 1796 saltem
1231 1735 1541 1792 ostendunt.
1587 1727 2049 1805 Interdum‘etiam
2080 1751 2129 1810 Β
2157 1735 2320 1798 gnata
2350 1721 2654 1792 inscriptio.

455 1843 583 1899 dum
635 1837 1002 1896 continuatam
1067 1846 1246 1887 rerum
1296 1830 1491 1886 seriem
1534 1842 1601 1883 ex
1648 1824 1838 1881 ordine
1880 1820 2054 1890 expli-

454 1946 600 2004 cant,
631 1948 848 2005 sensum
890 1929 1266 1986 demonstrant
1305 1925 1407 1980 sub
1436 1921 1708 1979 mendosis
1752 1917 1933 1974 verbis
1969 1914 2053 1969 la-

456 2040 681 2089 tentem.
705 2028 914 2084 Clarius
937 2024 1169 2090 denique
1196 2022 1379 2076 animo
1405 2015 1723 2073 intuendum
1746 2018 2058 2085 proponunt

459 2132 629 2181 totum
661 2123 714 2177 in
747 2120 853 2176 hoc
879 2132 1045 2188 opere
1069 2113 1308 2171 auctoris
1333 2111 1643 2168 consilium.

528 2214 621 2271 XI.
673 2212 819 2266 Libri
871 2209 1026 2279 huius
1070 2222 1271 2263 summa
1320 2213 1369 2259 et
1412 2218 1619 2272 scapus.
1660 2231 1731 2240 —-
1760 2199 1951 2256 Statim
1990 2212 2060 2254 ex

457 2311 760 2381 fragmento
787 2321 804 2358 ι
831 2310 1078 2373 apparet,
1109 2298 1369 2354 Hilarium
1392 2296 1460 2351 ab
1478 2292 1786 2349 Arelatensi
1828 2288 2056 2362 synodo,

458 2378 613 2472 cujus
638 2407 755 2453 acta
776 2395 1174 2453 desiderantur.
1204 2389 1348 2443 hunc
1372 2387 1570 2442 librum
1617 2382 1923 2438 inchoasse.
1979 2378 2060 2434 Ex

460 2511 568 2568 quo
593 2508 701 2548 non
732 2487 967 2546 absurde
993 2485 1233 2554 cogitare
1262 2491 1367 2549 est,
1397 2495 1460 2536 ea
1484 2477 1550 2533 ad
1578 2475 1885 2547 prmdictam
1929 2476 2063 2529 Are-

459 2562 724 2643 latensem
764 2580 1029 2655 synodum
1063 2572 1434 2631 illustrandam
1484 2570 1779 2641 pertinere,
1832 2580 1952 2635 quae
1994 2562 2065 2619 de

463 2674 771 2737 Sardicensi
811 2689 874 2729 ac
901 2670 1131 2733 solemni
1160 2667 1404 2722 Valentis
1455 2671 1522 2720 et.
1562 2661 1769 2719 Ursacii
1801 2666 2066 2714 retracta-

461 2774 613 2857 tione
659 2770 963 2841 fragmento
1005 2781 1041 2819 ιι
1087 2760 1469 2831 subjiciuntur.
1520 2755 1603 2810 Ex
1648 2754 1715 2809 iis
1742 2753 1887 2809 enim
1930 2749 2067 2805 actis

464 2844 653 2940 apeite
682 2864 1087 2920 demonstratur
1127 2855 1383 2924 iniquitas
1428 2851 1713 2909 sententia:
1751 2862 1856 2919 qua
1900 2844 2070 2900 Atha-

468 2937 676 3025 nasius,
708 2954 925 3013 Arelate
962 2966 1028 3007 ac
1056 2957 1239 3021 postea
1273 2944 1586 3021 Mediolani,
1632 2941 1875 3004 Valente,
1904 2937 2071 2994 Ursa-

467 3056 556 3113 cio
594 3061 650 3112 et
685 3047 981 3106 Saturnino
1008 3041 1322 3100 auctoribus
1362 3037 1755 3093 condemnatus
1785 3041 1886 3089 est.
1916 3029 2071 3088 Unde

469 3106 740 3202 inﬁeovdem
765 3139 1067 3210 fragmento
1088 3152 1143 3190 ιι.
1168 3135 1259 3198 18,
1286 3145 1498 3196 eorum,
1528 3126 1618 3198 qui
1641 3123 1882 3181 Serdica:
1905 3121 2074 3177 Atha—
2102 3136 2148 3199 ρ
2179 3121 2426 3179 conciliis
2472 3119 2733 3174 damnare
2772 3124 2826 3171 et
2853 3115 3137 3185 abrogare.
3167 3108 3274 3165 Sed
3323 3116 3379 3163 et
3403 3108 3545 3162 hunc
3591 3106 3793 3160 librum

472 3236 609 3294 nasii
636 3231 1038 3290 absolutionem
1082 3229 1462 3296 procurarunt,
1502 3216 1963 3287 comparationem
1996 3212 2076 3267 fa-

474 3331 627 3387 ciens
659 3324 893 3381 Hilarius
937 3335 1059 3377 cum
1092 3318 1158 3372 iis
1183 3316 1275 3387 qui
1321 3313 1538 3369 Arelate
1582 3310 1635 3365 in
1677 3306 1918 3378 ejusdem
1947 3318 2078 3360 cou-

478 3422 753 3492 spirarunt
782 3411 1205 3474 damnationem,
1238 3406 1312 3461 ait
1342 3424 1354 3458 :
1398 3403 1677 3476 Ignorasse
1715 3414 1801 3453 vos
1833 3394 2079 3469 negabitis

480 3487 783 3577 Athanasio,
812 3507 961 3579 cujus
1002 3501 1379 3558 damnationem
1427 3514 1459 3550 a
1506 3494 1645 3551 vobis
1676 3490 1886 3555 Valens,
1920 3487 2082 3544 Ursa-

479 3610 611 3672 cius,
639 3602 956 3663 Saturninus
1002 3597 1235 3668 exigunt,
1282 3592 1345 3646 ab
1387 3589 1535 3656 Osio,
1588 3584 1898 3648 Maximino,
1937 3579 2082 3634 Julia

482 3701 735 3758 redditam
760 3688 1208 3752 communionem?
1233 3685 1369 3741 Hinc
1395 3697 1515 3754 qua:
1543 3680 1659 3736 sive
1687 3675 1943 3739 Luciferi,
1971 3673 2082 3728 Eu-

484 3791 644 3858 sebii,
691 3787 1029 3855 aliorumque
1058 3777 1431 3837 confessornm
1460 3770 1671 3835 exsilia,
1704 3766 1823 3823 sive
1849 3764 2087 3820 Vincen-

487 3887 546 3942 tii
573 3855 638 3939 ac
662 3874 1041 3938 Fortunatiani
1069 3872 1282 3942 lapsum
1302 3872 1573 3937 Spectant,
1601 3871 1657 3917 et
1687 3860 1828 3914 inter
1853 3858 1968 3912 haec
2008 3855 2085 3909 in-

488 3986 632 4034 serta
663 3971 867 4030 Liberii
890 3968 1120 4040 primum
1146 3961 1358 4018 fortiter
1387 3957 1530 4013 dicta
1567 3963 1849 4026 gestaque,
1881 3964 1945 4005 ac
1973 3957 2090 4003 tan-

490 4070 613 4126 dem
660 4064 830 4134 turpis
875 4075 997 4117 cum
1052 4055 1265 4112 Arianis
1311 4064 1632 4115 consensus,
1682 4041 1869 4100 haberi
1897 4040 2091 4096 merito

492 4169 718 4229 possunt
739 4154 890 4210 velut
930 4146 1264 4205 Arelatensis
1302 4142 1498 4217 synodi
1526 4138 1964 4199 consecutiones,
1998 4140 2095 4188 aut

495 4257 644 4305 certe
668 4244 1042 4301 inchoationes
1071 4235 1452 4295 Ariminensis.
1479 4231 1644 4302 Cujus
1668 4237 1785 4284 acta
1815 4236 1937 4297 post
1980 4225 2096 4279 haec

499 4355 598 4397 suo
623 4337 814 4395 ordine
843 4334 1085 4397 veniunt,
1117 4340 1171 4386 et
1200 4344 1320 4400 quae
1349 4342 1471 4383 cum
1499 4323 1567 4379 ad
1609 4321 1741 4377 illud
1783 4317 2098 4376 rescinden-

499 4433 627 4490 dnm
659 4429 819 4485 variis
848 4424 904 4481 in
936 4423 1067 4479 locis
1086 4437 1117 4476 ιι
1138 4418 1420 4477 catholicis
1446 4424 1667 4476 statuta,
1689 4423 1799 4468 tum
1822 4410 1889 4467 ad
1919 4412 2098 4480 ipsum

2227 1817 2368 1873 XIII.
2402 1815 2623 1883 Quando
2652 1812 2871 1883 scriptus
2891 1810 2955 1866 sit
2978 1808 3062 1863 hic
3094 1804 3500 1876 liber.-—ltaque
3522 1801 3761 1859 Hilarius

2159 1911 2419 1968 Ecclesia:
2442 1908 2600 1964 saluti
2620 1919 2913 1975 numquam
2929 1917 3035 1956 non
3057 1899 3416 1972 prospiciens,
3433 1896 3571 1953 sicut
3599 1894 3770 1949 libros

2158 2006 2228 2062 de
2249 2003 2511 2060 Trinitate
2537 2002 2724 2067 edidit,
2756 2015 2823 2065 ne
2862 1995 3235 2054 exsulantibus
3264 2007 3409 2049 vera:
3456 1989 3578 2044 ﬁdei
3620 2003 3768 2059 prte-

2161 2098 2489 2156 dicatoribus
2541 2110 2671 2152 sana
2726 2092 2975 2148 doctrina
3028 2087 3369 2143 coexsularet
3421 2082 3576 2156 (Lib.
3628 2098 3658 2135 x
3709 2080 3776 2135 de

2165 2195 2380 2260 Trinif.,
2407 2210 2461 2246 η.
2500 2190 2590 2261 ι);
2642 2188 2715 2244 ita
2747 2196 2799 2243 et
2831 2185 3068 2254 suscepit
3111 2183 3213 2237 hoc
3242 2193 3399 2252 opus,
3460 2193 3527 2233 ne
3576 2176 3779 2232 absen-

2164 2291 2306 2347 tibus
2356 2286 2631 2358 plerisqne
2675 2280 2989 2338 Pastoribus
3037 2283 3261 2333 noceret
3309 2287 3559 2345 perversa
3594 2288 3607 2323 :
3640 2276 3780 2325 etut

2165 2380 2534 2452 unusquisque
2558 2375 2767 2431 Iudicio
2781 2373 3015 2444 deinceps
3030 2368 3240 2441 proprio
3258 2365 3539 2420 consistens
3564 2360 3780 2417 falsita-

2166 2487 2273 2532 tem
2301 2474 2446 2529 illins
2475 2487 2570 2542 per
2595 2485 2655 2525 se
2680 2469 3035 2529 discerneret,
3076 2474 3122 2518 et
3155 2460 3448 2532 opinionem
3473 2474 3575 2513 non
3592 2471 3774 2527 seque-

2172 2583 2314 2627 retur
2356 2568 2577 2622 alienant
2625 2560 2816 2633 (Frag.
2870 2577 2929 2627 ι,
2979 2576 3030 2612 n.
3082 2557 3158 2627 7).
3215 2551 3369 2623 Quod
3420 2567 3487 2607 co
3536 2559 3785 2619 tempore

2170 2655 2741 2718 convenientissimum
2772 2662 2919 2717 erat,
2957 2648 3100 2721 quod
3138 2646 3204 2703 ad
3249 2645 3650 2702 Ariminensem
3691 2654 3787 2697 ec-

2172 2754 2365 2808 thesim
2412 2746 2793 2818 excipiendam
2844 2740 3146 2799 Constantii
3211 2734 3557 2809 imperatoris
3602 2732 3788 2788 edicto

2171 2847 2501 2918 cogebantur
2529 2855 2742 2905 omnes,
2767 2848 2822 2894 et
2846 2851 2955 2908 quo
2987 2834 3240 2899 Hilarius,
3277 2830 3446 2886 illmso
3485 2830 3777 2898 imperato-

2172 2940 2248 2995 ris
2287 2936 2526 3001 nomine,
2562 2949 2681 2989 eam
2713 2929 2964 2986 omnibus
3002 2923 3363 2983 damnandam
3404 2921 3783 2976 demonstrare

2171 3030 2486 3090 conabatur,
2500 3026 2675 3082 donec
2689 3024 2872 3079 liceret
2884 3019 3126 3076 eamdem
3144 3014 3420 3089 publicein
3432 3010 3791 3087 611-612

2180 3212 2498 3273 Constantio
2518 3211 2692 3267 adhuc
2723 3210 2864 3273 vivo,
2891 3216 2945 3262 et
2965 3206 3032 3260 ab
3048 3202 3270 3260 Oriente
3298 3199 3534 3256 nondum
3565 3210 3789 3253 reverso

2180 3308 2384 3364 Hilario
2423 3304 2735 3360 inchoatum
2758 3315 2900 3365 esse,
2922 3314 2985 3355 es
3010 3296 3340 3367 Fragmento
3358 3309 3376 3347 ι
3397 3294 3558 3362 longe
3582 3289 3789 3346 certius

2180 3399 2485 3456 coniicitur.
2512 3395 2596 3452 Ad
2625 3393 2768 3464 quod
2821 3391 2968 3447 enim
3011 3386 3176 3455 aliud,
3227 3387 3329 3443 nisi
3372 3386 3439 3440 ad
3484 3379 3793 3439 Constantii

2186 3501 2420 3561 tempus,
2439 3485 2722 3545 commode
2745 3482 2997 3540 retuleris
3019 3482 3206 3537 isthmc
3226 3494 3376 3534 num.
3400 3476 3553 3533 4:11:
3573 3476 3802 3532 Romani

2184 3584 2386 3654 imperii
2433 3581 2649 3654 negotiis
2679 3579 2818 3649 quies
2862 3577 3115 3650 carpitur,
3146 3590 3238 3630 rea:
3265 3573 3500 3643 angitur,
3534 3572 3795 3642 palatium

2190 3685 2377 3754 fervet,
2405 3677 2629 3750 episwpi
2667 3674 3094 3735 circuutcursant,
3149 3679 3254 3725 etc.
3287 3666 3427 3736 Quid
3476 3679 3639 3736 porro
3689 3661 3800 3719 sibi

2190 3777 2324 3842 vult,
2370 3770 2511 3844 quod
2544 3769 2703 3840 paulo
2730 3776 2858 3822 ante
2884 3765 3181 3836 praemittit,
3218 3762 3367 3833 Opus
3392 3772 3529 3816 tento
3568 3774 3797 3834 graue...

2193 3870 2421 3924 locorum
2440 3866 2494 3920 in
2524 3862 2709 3936 quibus
2730 3871 2872 3935 gesta
2896 3876 2977 3915 res
3004 3869 3098 3928 est,
3138 3872 3331 3928 nosque
3358 3858 3582 3928 agimus,
3620 3855 3808 3927 despc-

2194 3963 2395 4017 ratione
2421 3957 2786 4032 peregrinum?
2814 3956 2946 4025 Quis
2995 3955 3086 4010 ille
3112 3955 3285 4019 locus,
3321 3952 3374 4007 in
3401 3966 3510 4022 quo
3542 3949 3806 4007 Ursacius

2196 4071 2259 4112 ac
2286 4056 2485 4111 Valens
2514 4063 2574 4109 ut
2625 4052 2750 4108 fidei
2790 4050 3018 4123 perﬁdia
3071 4047 3430 4105 Ariminensis
3461 4044 3808 4117 praepolleret

2198 4146 2500 4211 ell‘ecerint,
2531 4144 2634 4200 nisi
2664 4143 2792 4198 urbs
2821 4141 2968 4213 regia
3004 4151 3061 4196 et
3097 4139 3442 4211 imperatoris
3469 4135 3806 4195 comitatus?

2196 4238 2329 4305 Quze
2357 4238 2485 4293 item
2517 4235 2632 4290 loca
2659 4232 2968 4304 desperata,
3012 4232 3118 4287 nisi
3156 4230 3374 4297 Oriens,
3411 4228 3568 4300 cujus
3609 4228 3805 4283 decem

2200 4331 2429 4386 Asianas
2453 4326 2783 4399 provincias,
2841 4323 3025 4395 paucis
3080 4338 3201 4380 cum
3257 4319 3481 4378 Eleusio
3537 4320 3808 4389 exceptis,

2202 4435 2329 4477 vere
2351 4420 2518 4476 Deum
2548 4417 2760 4474 nescire
2780 4417 2891 4489 jam
2920 4417 3015 4471 lib.
3060 4416 3129 4472 de
3168 4414 3376 4488 Synod.
3409 4430 3563 4469 num.
3593 4413 3684 4478 65,
3707 4427 3809 4467 au-

504 4517 947 4598 propugnandum
988 4515 1057 4570 ab
1100 4511 1324 4569 Ursacio
1376 4518 1431 4564 et
1471 4506 1697 4562 Valente
1748 4513 1971 4585 tentata.
2016 4502 2075 4556 E:

2202 4511 2468 4568 divinius?
2491 4510 2783 4580 Propterea
2827 4509 3157 4581 peregrinum
3194 4516 3278 4564 est
3320 4522 3478 4578 opus,
3526 4505 3650 4577 quia
3678 4518 3810 4560 cum

503 4592 620 4689 quo
642 4592 886 4685 apparet,
934 4604 1198 4663 Hilarium
1244 4602 1348 4659 hoc
1389 4614 1498 4655 uno
1547 4598 1708 4665 libro,
1736 4593 1997 4667 quidquid
2045 4592 2100 4648 in

504 4684 799 4765 Occidente
850 4698 1076 4757 haeresis
1120 4695 1321 4753 Ariana
1360 4691 1611 4765 gesserit,
1640 4684 2102 4760 comprehendere

503 4801 760 4859 voluisse.

581 4892 695 4948 XII.
740 4889 906 4945 Plura
932 4885 1156 4940 continet
1184 4890 1321 4947 acta,
1351 4879 1440 4935 sed
1466 4893 1579 4949 qum
1604 4876 1673 4931 ad
1714 4875 1865 4929 unius
1914 4872 2105 4927 Arimi-

508 4989 680 5044 nensis
708 4983 892 5057 synodi
919 4979 1185 5034 historiam
1214 4980 1524 5049 referuntur.
1584 4971 1826 5041 Namque
1874 4983 1996 5023 cum
2050 4967 2106 5022 in

514 5082 596 5137 bis
624 5079 867 5151 partibus
894 5074 1015 5129 ﬁdei
1059 5071 1375 5128 defensores
1405 5065 1710 5122 Arelatensi
1765 5062 1972 5134 synodo
2016 5077 2111 5118 ex-
2150 5116 2153 5119 ,

512 5175 720 5247 pellere
758 5169 1015 5239 cmpisset
1039 5207 1052 5228 ,
1086 5179 1181 5220 eos
1222 5176 1328 5217 non
1358 5158 1479 5215 ﬁdei
1511 5157 1605 5213 sed
1647 5157 1806 5212 unius
1831 5153 2111 5212 Athanasii

513 5246 687 5340 gratia
713 5264 766 5319 in
794 5260 1043 5318 exsilium
1071 5255 1280 5325 ejectos
1308 5268 1430 5309 esse
1458 5252 1615 5322 vulgo
1640 5248 1943 5321 persuasit;
1973 5246 2113 5301 adeo

518 5372 576 5417 nt
618 5359 705 5414 hic
753 5370 910 5413 error
960 5365 1129 5422 prope
1167 5349 1405 5405 omnium
1451 5346 1729 5417 occuparit
1775 5354 2004 5408 mentes,
2034 5348 2116 5396 tot

517 5450 830 5509 sacerdotes
850 5446 1073 5508 idcirco,
1106 5442 1319 5514 quodin
1350 5440 1499 5494 illum
1525 5438 1847 5493 sententiam
1879 5450 1983 5491 non
2011 5432 2113 5488 fer-

2212 4602 2443 4657 IIilarius
2472 4598 2964 4668 Constantinopoli,
2989 4600 3041 4654 in
3070 4614 3175 4670 qua
3209 4608 3477 4665 versatur,
3506 4608 3667 4668 atque
3694 4595 3814 4652 cir-

2210 4692 2639 4763 cumjacentibus
2689 4692 3000 4763 regionibus
3038 4692 3305 4759 prolicere
3332 4704 3391 4745 se
3421 4703 3579 4760 posse
3614 4688 3815 4759 despe-

2211 4797 2315 4854 ret,
2348 4788 2415 4842 ad
2438 4786 2784 4842 Occidentem
2832 4785 2960 4842 illud
3000 4785 3236 4841 destinat
3278 4784 3423 4840 unde
3468 4784 3641 4841 abest.
3674 4783 3815 4839 Eam

2213 4882 2356 4936 enim
2387 4879 2533 4935 verbi
2563 4879 2888 4949 peregrinum
2910 4879 3016 4931 vim
3047 4892 3167 4932 esse
3194 4877 3364 4947 liquet
3396 4892 3461 4932 ex
3489 4876 3575 4931 his
3612 4874 3710 4931 lib.
3742 4874 3818 4931 de

2213 4972 2420 5045 Synod.
2457 4986 2603 5027 num.
2628 4971 2699 5027 65
2733 4989 2746 5023 :
2783 4969 2903 5025 Non
2932 4971 3204 5042 peregrina
3233 4969 3437 5040 loquor,
3480 4986 3641 5042 neque
3666 4969 3818 5040 igno-

2216 5079 2329 5123 rata
2356 5066 2558 5133 scribo;
2586 5065 2761 5119 audivi
2779 5082 2840 5119 ac
2868 5063 2970 5120 vidi
3006 5064 3130 5119 vitia
3153 5065 3481 5136 prwseittium
3528 5078 3549 5118 :
3585 5078 3709 5119 cum
3736 5061 3815 5118 ibi

2216 5161 2486 5232 peregrina
2536 5158 2818 5213 manifeste
2872 5164 3216 5228 opponantur
3263 5155 3646 5228 praesentibus.
3697 5154 3819 5211 Iloc

2214 5254 2381 5324 igitur
2401 5252 2628 5309 adorsus
2651 5266 2793 5306 anno
2819 5250 2945 5316 560,
2977 5266 3099 5307 cum
3139 5249 3318 5306 adhuc
3343 5246 3821 5318 Constantinopoli

2217 5356 2548 5411 versaretur,
2578 5361 2644 5402 ac
2671 5348 2982 5417 priusquam
3021 5357 3211 5402 contra
3253 5343 3629 5400 Constantium
3679 5342 3824 5398 scri-

2218 5440 2407 5506 beret,
2465 5446 2655 5511 postea
2709 5442 2762 5495 in
2807 5440 2925 5496 dies
2971 5440 3213 5508 adauxit,
3269 5438 3348 5495 uti
3404 5437 3564 5495 ﬁdem
3614 5436 3826 5495 faciunt

519 5554 661 5610 rent,
695 5540 967 5606 exsulare,
998 5550 1228 5606 eamque
1257 5548 1364 5588 non
1394 5537 1525 5587 satis
1547 5530 1762 5602 dignam
1793 5543 1915 5584 eSse
1936 5540 2123 5583 susce-
2219 5532 2514 5604 fragmenta
2545 5548 2604 5598 η⁹
2637 5549 2732 5597 χιι,
2759 5541 2865 5588 εις,

522 5637 600 5706 pti
631 5634 805 5691 exsilii
832 5646 1073 5688 causam.
1099 5628 1355 5684 Errorem
1384 5622 1751 5680 illum°sanare
1776 5630 1931 5678 curat
1972 5619 2118 5674 Ililao

504 5730 634 5785 Vius
686 5725 879 5798 (Frag.
931 5741 969 5791 ι,
1015 5740 1071 5778 n.
1123 5720 1202 5793 s),
1248 5736 1369 5777 cum
1401 5717 1678 5776 mendacis
1722 5715 1947 5775 haeresis
1998 5728 2120 5785 pro-

2294 5626 2432 5682 XIV.
2474 5626 2629 5694 Quod
2682 5627 2734 5682 in
2775 5626 2987 5698 singula
3009 5625 3170 5682 docte
3209 5636 3266 5682 et
3303 5625 3526 5691 copiose
3562 5624 3827 5696 pra‘fatus

2225 5728 2309 5778 est
2335 5717 2583 5776 Nieolaus
2616 5718 2810 5789 Faber,
2844 5734 2952 5777 non
2979 5719 3423 5791 supprimendum
3449 5717 3725 5788 duximus,
3751 5731 3825 5776 ne
