4106 6192
401 308 513 364 625
1838 300 2223 361 PR/EFATIO.
3602 306 3706 362 626

398 422 603 495 periret
630 420 846 477 laudata
877 434 904 473 a
936 417 1120 475 multis
1162 417 1495 485 lucubratio;
1521 417 1613 474 sed
1640 433 1707 473 ne
1732 416 2005 473 Hilariana
2035 421 2088 482 Λ
2111 419 2178 475 ab
2204 417 2392 475 eodem
2426 419 2637 489 vulgata
2666 429 2814 487 sunt,
2860 420 3021 493 hujus
3060 421 3292 478 indicem
3347 422 3701 485 subteximus.

394 516 603 585 scripta
645 515 888 586 longiore
915 530 944 568 a
975 530 1034 569 se
1063 513 1347 569 intervallo
1376 521 1669 583 separaret,
1705 521 1911 568 tantum
1949 512 2002 568 in
2109 530 2273 585 quem
2298 528 2423 570 cum
2466 528 2612 571 novo
2640 514 2889 573 conferre
2938 530 3047 572 uno
3092 515 3287 573 intuitu
3325 515 3557 591 quisque
3611 532 3705 571 va-

396 606 714 679 Appendice
740 606 1135 677 reponendum.
1170 606 1247 661 Ita
1268 605 1429 662 etiam
1456 620 1522 660 ne
1539 606 1787 671 cuiquam
1817 615 2005 675 pereat
2109 608 2239 664 leat.

396 700 651 772 antiquus
676 698 832 766 ordo,
861 715 968 772 quo
994 699 1203 771 singula
1245 698 1405 772 hujus
1450 697 1632 769 operis
1672 698 2002 754 monimenta

394 1068 752 1149 6m"
792 1079 2287 1217 FRAGMENTORUM
2353 1078 2938 1210 VETUS
3005 1079 3518 1212 ORDO

1253 1368 1517 1455 CUM
1589 1367 1927 1455 NOVO
2003 1365 2833 1454 COMPARATUS.

1789 1598 2267 1657 Μῦθ-

678 1774 865 1833 0RDO
895 1773 1147 1832 VETUS.
1736 1765 1987 1826 NOVUS.
2458 1765 2650 1824 ORDO
2686 1765 2940 1823 VETUS.
3456 1768 3691 1830 NOVUS

615 1906 773 1947 Linea
809 1904 993 1945 SANCTI
1023 1903 1248 1945 BILABII.
1717 1882 1987 1939 FaaoIJ.
2173 1876 2304 1934 Item
2329 1879 2571 1949 ejusdem
2603 1879 2672 1936 de
2699 1878 3178 1948 exsilio,Ursacio,
3198 1879 3307 1938 Va-

385 2005 725 2062 Pictavensis
751 2002 1042 2075 provincia:
1073 1999 1400 2071 Aquitaniae,
1430 2007 1538 2055 etc.
2102 1971 2236 2075 ¹θ¹ξίί
2273 1980 2329 2027 ⁸⁸
2362 1971 2663 2075 gemui?-

462 2098 664 2155 δεποιο
690 2064 915 2167 sp'imu,
951 2102 1058 2150 etc.
1143 2064 1153 2071 ’
1388 2064 1393 2066 ⁷
2173 2064 2307 2167 Item
2329 2065 2555 2135 epistola
2571 2065 2772 2124 Liberii
2795 2067 2863 2124 de
2883 2068 3074 2127 exsilio
3096 2070 3165 2127 ad
3182 2070 3314 2128 Vin-

463 2191 704 2262 Epistola
734 2160 936 2262 synodi
982 2185 1323 2243 Sardicensis
1359 2184 1427 2240 ad
1473 2183 1599 2240 uni-
1673 2181 1882 2240 Fuscus.
1924 2180 1991 2239 ll.
2024 2180 2073 2240 B
2105 2160 2362 2262 θθξξίίξιτηο

385 2251 577 2340 versas
597 2251 892 2338 Ecclesias.
2171 2251 2410 2323 Epistola

2171 2251 2410 2323 Epistola
2469 2254 2830 2312 Orientalium
2885 2258 3262 2330 episcoporum
3294 2301 3315 2329 ,
3382 2260 3592 2320 FBAGI.
3631 2262 3704 2320 Χ.

462 2373 704 2446 Epistola
732 2371 873 2428 facta
902 2370 968 2426 ad
994 2370 1195 2428 Julium
1225 2369 1377 2426 urbis
1415 2368 1604 2425 Romae
2098 2360 2259 2417 quam
2283 2361 2417 2403 "vel

2105 2360 2259 2417 quam
2283 2349 2514 2405 reversis
2552 2349 2623 2406 ab
2652 2349 2898 2407 Arimino
2926 2351 3117 2423 legatis
3145 2352 3311 2410 dede-

388 2469 729 2539 episcopum,
758 2464 901 2521 Julio
923 2466 1183 2536 episcopo
1225 2478 1255 2519 a
1286 2462 1493 2536 synodo
1514 2461 1598 2518 di-
2100 2451 2249 2499 "Im-

388 2570 730 2701 reﬁgisnola.
771 2643 931 2701 quam
974 2636 1095 2699 post
1145 2626 1600 2684 renuntiationem

388 2724 786 2790 Orientalium,
858 2720 1215 2777 Athanasium
1278 2734 1430 2776 reum
1494 2734 1601 2775 non

385 2830 534 2882 esse,
560 2815 615 2871 in
653 2814 786 2869 urbe
824 2811 998 2868 Roma
1050 2811 1386 2881 holographa
1431 2826 1595 2865 manu

391 2907 594 2964 Valens
622 2904 959 2978 perscripsit,
977 2911 1034 2959 et
1053 2901 1311 2959 Ursacius
1327 2902 1603 2973 subscrip-

2105 2586 2365 2641 Haclenus
2395 2583 2715 2657 Fragmenta
2733 2601 2850 2655 qua:
2877 2585 2931 2639 in
2955 2586 3101 2657 prius
3127 2586 3348 2659 vulgatis
3373 2588 3595 2659 primunt
3619 2588 3701 2642 lo-

2172 2695 2309 2747 cum,
2338 2688 2385 2733 et
2412 2679 2464 2733 in
2490 2695 2612 2733 mss.
2665 2678 3001 2749 posteriorem
3051 2677 3277 2734 obtinent
3309 2695 3328 2734 :
3357 2679 3594 2753 deinceps
3623 2698 3703 2736 se-

2170 2778 2414 2839 quuntur,
2464 2785 2578 2841 qua:
2626 2769 2976 2842 superioribus
3021 2768 3250 2825 subnexa
3290 2781 3409 2825 sunt
3459 2771 3512 2825 in
3558 2773 3703 2844 prius

2171 2862 2410 2934 vulgatis,
2436 2862 2666 2934 quamvis
2691 2877 2750 2916 ea
2775 2861 3067 2932 prwcedant
3092 2862 3143 2915 in
3165 2878 3287 2918 mss.

388 3002 484 3058 sit.
2172 3015 2332 3072 Fides
2360 3016 2626 3074 catholica
2655 3017 2901 3088 exposita
2932 3017 3073 3089 apud
3118 3017 3309 3074 Pbari—
3358 3019 3564 3078 FRAGI.
3605 3021 3699 3080 XI.

460 3091 598 3148 Item
615 3093 926 3163 exemplum
947 3093 1169 3150 alterius
1197 3090 1443 3163 epistolae
1492 3089 1601 3145 Va-
2100 3126 2248 3167 senm
2274 3111 2417 3166 om“

2105 3126 2248 3167 seam
2274 3111 2551 3167 civitatem
2600 3111 2667 3167 ab
2706 3111 2973 3184 episcopis
3011 3110 3305 3170 Gallicanis

386 3184 553 3243 lentis
597 3197 650 3243 et
695 3185 931 3253 Ursacii,
974 3201 1136 3259 quam
1188 3195 1309 3257 post
1353 3184 1600 3255 aliquan-
2100 3204 2167 3260 ad
2196 3204 2500 3261 Orientales
2529 3204 2836 3275 episcopos.
3076 3200 3083 3204 ’

392 3287 505 3373 lum
534 3278 799 3373 ιθηιροιέίε
829 3279 900 3334 ³1)
923 3277 1198 3348 Aquileia,
1229 3284 1420 3373 Ροεῑθθ
1447 3290 1608 3373 Wa")
2172 3302 2408 3373 Epistola
2441 3300 2657 3357 Eusebii
2690 3300 2756 3356 ad
2799 3299 3119 3372 Gregorium
3164 3299 3303 3373 Spa-

392 3371 535 3425 hanc
572 3372 910 3437 superiorem
965 3372 1153 3427 Romae
1198 3372 1481 3435 miserant,
1531 3368 1602 3425 ad

2102 3411 2349 3452 nensem.

389 3460 752 3569 Atbanasium
778 3464 1049 3569 miserunt
1080 3463 1424 3569 episcopum.
1496 3555 1601 3569 -.Δ
1967 3464 1971 3467 Α
2173 3493 2415 3565 Epistula

2173 3493 2415 3565 Epistola
2458 3492 2720 3549 Germiuii
2760 3490 3002 3564 episcopi
3050 3488 3312 3548 adversus
3349 3489 3696 3548 FBAGI.X".

462 3557 631 3614 Fides
672 3558 811 3629 apud
833 3557 1068 3614 Nicaeam
1098 3559 1403 3627 conscripta
1435 3571 1462 3611 a
1496 3555 1602 3612 518
2024 3569 2070 3633 C
2102 3555 2355 3642 Aria'nos,

391 3651 669 3722 episcopis
695 3660 882 3707 contra
910 3666 1103 3707 omnes
1127 3651 1384 3707 Ιιωηθθεο
2172 3680 2461 3736 Decretum
2498 3677 2850 3734 Orientalium
2894 3675 3304 3747 episcoporum,
3344 3673 3550 3730 FRAGII.
3610 3672 3728 3728 ΙΙΙ.Δ

466 3762 707 3834 Epistola
729 3762 928 3819 Liberii
955 3764 1193 3834 episc0pi
1241 3762 1389 3818 urbis
1420 3762 1609 3818 Romae
1647 3761 1857 3820 Fnacu.
1901 3762 1993 3818 IV.
2101 3773 2243 3845 quod
2275 3774 2539 3828 miserunt
2564 3770 2631 3826 ad
2661 3771 2916 3826 Africam.

393 3855 461 3911 ad
491 3855 795 3912 Orientales
821 3855 1128 3927 episcopos.
2175 3867 2412 3937 Epistola
2439 3863 2796 3920 Ariminensis
2818 3860 3042 3917 Concilii
3067 3859 3136 3914 ad
3163 3858 3304 3914 Cou-
3338 3856 3701 3916 FascuNlll.

460 3948 594 4003 Item
642 3949 870 4019 epistola
909 3947 1104 4005 Liberii
1155 3948 1391 4018 episcopi
1443 3947 1591 4004 urbis
1654 3947 1860 4005 Fnacu.
1904 3948 1999 4004 XII
2103 3960 2357 4015 stantium
2409 3959 2813 4029 imperatorem,
2846 3953 2937 4010 ubi
2967 3952 3304 4024 prtevaricati

392 4039 581 4095 Roma:
626 4039 693 4095 ad
747 4040 1046 4095 catholicos
1082 4039 1251 4096 Italiae
1292 4038 1594 4109 cpiSCOpOS.
2103 4064 2230 4108 sum
2258 4068 2287 4107 ει
2311 4051 2416 4108 ﬁde
2444 4066 2594 4107 vera.

460 4130 701 4201 Epistula
731 4133 1106 4203 episcoporum
1140 4131 1305 4187 Ιιίιιῑεε
1348 4131 1415 4185 ad
1467 4130 1580 4203 epi-
2174 4144 2337 4200 Gesta
2366 4142 2455 4199 ubi
2480 4141 2815 4214 praevaricati
2855 4149 2981 4197 sunt
3010 4137 3169 4213 legati
3199 4126 3307 4209 epi.‘

389 4242 592 4298 scopos
618 4228 879 4300 Illyricos.
2102 4238 2251 4309 scopi
2291 4252 2321 4291 a
2350 4235 2456 4293 ﬁde
2478 4250 2627 4292 vera.

465 4322 706 4391 Epistula
741 4321 978 4377 Valentis
1015 4332 1069 4377 et
1118 4322 1328 4379 Ursacii
1378 4332 1432 4379 et
1459 4323 1586 4379 alio-
1626 4320 1996 4379 Faacu.XlV.
2175 4328 2417 4403 Epistula

2175 4328 2419 4403 Epistula
2446 4331 2611 4386 missa
2634 4330 2701 4386 ad
2722 4327 3094 4385 Constantium
3124 4323 3299 4397 lmpe-
3350 4323 3560 4380 Faacu.
3607 4323 3701 4380 IX.

394 4432 515 4472 rum
545 4415 613 4469 ad
646 4415 1005 4471 Germiuium.
1918 4482 1921 4483 ν
2104 4432 2340 4480 ratorem
2371 4439 2401 4478 a
2432 4422 2656 4494 perﬁdis
2680 4422 2969 4493 episcopis.

466 4508 810 4587 Rescriptum
866 4506 1130 4563 Germinii
1174 4508 1241 4564 ad
1293 4508 1599 4578 Ruﬂanum,
1645 4508 1996 4566 Fnacu.XV.
2177 4518 2419 4589 Ερίειοιει
2471 4517 2539 4573 ad
2594 4517 2969 4573 Constantium
3030 4517 3322 4587 imperato.
3374 4512 3584 4570 FRAGM.
3637 4511 3703 4566 V.

392 4600 694 4656 Palladium
727 4612 781 4655 et
814 4611 1064 4655 cmleros.
2104 4624 2217 4664 rem
2269 4624 2298 4662 a
2340 4608 2556 4664 Liberio
2594 4609 2851 4686 episcopo
2896 4607 3046 4661 urbis
3091 4607 3315 4674 Romae,

463 4692 821 4767 διε-616
853 4695 1085 4765 Epistula
1121 4693 1317 4750 Lilicrii
1340 4695 1600 4765 rescripta
1644 4694 1846 4751 Fuscu.
1912 4693 1997 4750 Vl.
2106 4703 2268 4757 missa
2304 4717 2396 4771 per
2423 4700 2729 4757 Luciferum
2755 4702 3090 4772 episc0pum.

392 4788 458 4842 ad
506 4788 819 4853 Eusebium,
855 4787 1166 4860 Dionysium
1203 4797 1258 4844 et
1293 4788 1599 4844 Luciferum
2179 4795 2419 4863 Epistula
2473 4793 2779 4848 Constantii
2849 4792 3187 4861 imperatoris
3240 4788 3306 4843 ad
3348 4787 3551 4844 FRAGM.
3582 4783 3695 4841 VII.

388 4882 767 4944 Confessores,
799 4891 924 4936 ante
950 4897 1111 4950 quam
1125 4881 1190 4935 ad
1210 4883 1455 4936 exsilium
1477 4882 1598 4937 iret.
2105 4889 2387 4958 episcopos
2413 4885 2596 4950 Italiae,
2626 4887 2715 4957 qui
2748 4885 3073 4941 Arimiueusi
3104 4896 3312 4956 synoao

466 4974 600 5028 Item
640 4972 881 5043 ejusdem
904 4972 971 5028 ad
992 4972 1268 5030 Czccilium
1300 4975 1611 5047 episcopum
2035 4969 2083 5028 Ι)
2108 4981 2496 5028 convenerant.

391 5066 759 5137 Spoletinum.
2178 5064 2431 5121 Deﬁnitio
2476 5064 2659 5120 habita
2702 5063 2772 5119 ab
2812 5063 3062 5120 omnibus
3089 5060 3315 5117 catholi-

465 5158 748 5225 Quomodo
787 5157 1034 5215 Liberius
1083 5160 1199 5216 haec
1245 5163 1426 5217 omnia
1480 5176 1602 5232 quae
2104 5162 2185 5218 cis
2210 5162 2499 5232 episcopis,
2544 5163 2853 5233 priusquam
2898 5174 2998 5232 per
3039 5168 3310 5216 terrenam

390 5262 638 5323 gesserat
665 5255 752 5310 vel
776 5257 1117 5327 promiserat,
1152 5259 1348 5314 missus
1379 5258 1432 5313 in
1458 5258 1597 5314 exsi~
1974 5253 1980 5261 ’
2108 5263 2428 5327 potestatem
2459 5257 2635 5311 territi
2663 5254 3042 5311 haereticorum
3083 5264 3310 5308 consor-

393 5347 528 5403 lium
559 5348 806 5406 universa
838 5350 891 5408 iu
925 5352 1139 5411 irritum
1180 5353 1421 5410 deduxit.
2108 5351 2185 5407 tio
2202 5350 2538 5407 sociarentur
2566 5350 2622 5408 in
2642 5348 2888 5407 Concilio
2918 5347 3269 5405 Ariminensi.
