  <div class='ocr_page' id='page_1' title='image "/cluster/home/n/w/nwhite01/storage/ocr_20150623/10/hvd.32044096580394/319.png"; bbox 0 0 4100 6196; ppageno 0'>
   <div class='ocr_carea' id='block_1_1' title="bbox 433 259 538 316">
    <p class='ocr_par' dir='ltr' id='par_1_1' title="bbox 433 259 538 316">
     <span class='ocr_line' id='line_1_1' title="bbox 433 259 538 316; baseline -0.019 -1"><span class='ocrx_word' id='word_1_1' title='bbox 433 259 538 316; x_wconf 67' lang='grc' dir='ltr'><strong>6ῖῖ</strong></span> 
     </span>
    </p>
   </div>
   <div class='ocr_carea' id='block_1_2' title="bbox 1653 248 2538 314">
    <p class='ocr_par' dir='ltr' id='par_1_2' title="bbox 1653 248 2538 314">
     <span class='ocr_line' id='line_1_2' title="bbox 1653 248 2538 314; baseline 0.003 -7"><span class='ocrx_word' id='word_1_2' title='bbox 1653 248 1895 310; x_wconf 74' lang='lat' dir='ltr'><strong>SANCTI</strong></span> <span class='ocrx_word' id='word_1_3' title='bbox 1936 249 2194 314; x_wconf 56' lang='lat' dir='ltr'><strong>HliiARll</strong></span> <span class='ocrx_word' id='word_1_4' title='bbox 2233 249 2538 314; x_wconf 74' lang='lat' dir='ltr'><strong>EPISCOP]</strong></span> 
     </span>
    </p>
   </div>
   <div class='ocr_carea' id='block_1_3' title="bbox 3635 253 3744 310">
    <p class='ocr_par' dir='ltr' id='par_1_3' title="bbox 3635 253 3744 310">
     <span class='ocr_line' id='line_1_3' title="bbox 3635 253 3744 310; baseline 0.018 -2"><span class='ocrx_word' id='word_1_5' title='bbox 3635 253 3744 310; x_wconf 76' lang='lat'><strong>638</strong></span> 
     </span>
    </p>
   </div>
   <div class='ocr_carea' id='block_1_4' title="bbox 460 382 3728 412">
    <p class='ocr_par' dir='ltr' id='par_1_4' title="bbox 460 382 3728 412">
     <span class='ocr_line' id='line_1_4' title="bbox 460 382 3728 412; baseline 0.003 -14"><span class='ocrx_word' id='word_1_6' title='bbox 460 382 3728 412; x_wconf 55' lang='lat' dir='ltr'>MM</span> 
     </span>
    </p>
   </div>
   <div class='ocr_carea' id='block_1_5' title="bbox 1119 452 1478 528">
    <p class='ocr_par' dir='ltr' id='par_1_5' title="bbox 1119 452 1478 528">
     <span class='ocr_line' id='line_1_5' title="bbox 1119 452 1478 528; baseline 0 0"><span class='ocrx_word' id='word_1_7' title='bbox 1119 452 1478 528; x_wconf 70' lang='grc' dir='ltr'><strong>σιτ-618</strong></span> 
     </span>
    </p>
   </div>
   <div class='ocr_carea' id='block_1_6' title="bbox 1519 517 2614 635">
    <p class='ocr_par' dir='ltr' id='par_1_6' title="bbox 1519 517 2614 635">
     <span class='ocr_line' id='line_1_6' title="bbox 1519 517 2614 635; baseline 0.001 -7"><span class='ocrx_word' id='word_1_8' title='bbox 1519 517 2614 635; x_wconf 81' lang='lat' dir='ltr'><strong>FRAGMENTA</strong></span> 
     </span>
    </p>
   </div>
   <div class='ocr_carea' id='block_1_7' title="bbox 693 733 3493 891">
    <p class='ocr_par' dir='ltr' id='par_1_7' title="bbox 693 733 3493 891">
     <span class='ocr_line' id='line_1_7' title="bbox 693 733 3493 891; baseline 0.003 -7"><span class='ocrx_word' id='word_1_9' title='bbox 693 741 963 884; x_wconf 89' lang='lat' dir='ltr'><strong>EX</strong></span> <span class='ocrx_word' id='word_1_10' title='bbox 1102 733 1728 884; x_wconf 81' lang='lat' dir='ltr'>LIBRO</span> <span class='ocrx_word' id='word_1_11' title='bbox 1864 733 2586 886; x_wconf 81' lang='lat' dir='ltr'><strong>SANCTI</strong></span> <span class='ocrx_word' id='word_1_12' title='bbox 2715 741 3493 891; x_wconf 80' lang='lat' dir='ltr'><strong>HILARII</strong></span> 
     </span>
    </p>
   </div>
   <div class='ocr_carea' id='block_1_8' title="bbox 958 971 3232 1088">
    <p class='ocr_par' dir='ltr' id='par_1_8' title="bbox 958 971 3232 1088">
     <span class='ocr_line' id='line_1_8' title="bbox 958 971 3232 1088; baseline 0.003 -30"><span class='ocrx_word' id='word_1_13' title='bbox 958 973 1724 1060; x_wconf 83' lang='lat' dir='ltr'><strong>PICTAVENSIS</strong></span> <span class='ocrx_word' id='word_1_14' title='bbox 1783 971 2467 1056; x_wconf 75' lang='lat' dir='ltr'><strong>PROVINCI/E</strong></span> <span class='ocrx_word' id='word_1_15' title='bbox 2519 975 3232 1088; x_wconf 79' lang='lat' dir='ltr'><strong>AQUITANI/E,</strong></span> 
     </span>
    </p>
   </div>
   <div class='ocr_carea' id='block_1_9' title="bbox 433 1152 3749 1236">
    <p class='ocr_par' dir='ltr' id='par_1_9' title="bbox 433 1152 3749 1236">
     <span class='ocr_line' id='line_1_9' title="bbox 433 1152 3749 1236; baseline 0.003 -22"><span class='ocrx_word' id='word_1_16' title='bbox 433 1158 501 1216; x_wconf 81' lang='grc' dir='ltr'><strong>ΙΝ</strong></span> <span class='ocrx_word' id='word_1_17' title='bbox 555 1159 695 1229; x_wconf 85' lang='lat' dir='ltr'><strong>QUO</strong></span> <span class='ocrx_word' id='word_1_18' title='bbox 759 1159 939 1215; x_wconf 75' lang='lat' dir='ltr'><strong>SUNT</strong></span> <span class='ocrx_word' id='word_1_19' title='bbox 979 1157 1214 1224; x_wconf 77' lang='lat' dir='ltr'><strong>OMNIA,</strong></span> <span class='ocrx_word' id='word_1_20' title='bbox 1256 1155 1424 1225; x_wconf 69' lang='lat' dir='ltr'><strong>QUAS</strong></span> <span class='ocrx_word' id='word_1_21' title='bbox 1487 1153 1902 1211; x_wconf 76' lang='lat' dir='ltr'><strong>OSTENDUNT</strong></span> <span class='ocrx_word' id='word_1_22' title='bbox 1969 1152 2105 1208; x_wconf 86' lang='lat' dir='ltr'><strong>VEL</strong></span> <span class='ocrx_word' id='word_1_23' title='bbox 2143 1153 2513 1223; x_wconf 81' lang='lat' dir='ltr'><strong>QUOMODO,</strong></span> <span class='ocrx_word' id='word_1_24' title='bbox 2555 1157 2958 1225; x_wconf 81' lang='lat' dir='ltr'><strong>QUIBUSNAM</strong></span> <span class='ocrx_word' id='word_1_25' title='bbox 2999 1162 3284 1232; x_wconf 80' lang='lat' dir='ltr'><strong>CAUSIS,</strong></span> <span class='ocrx_word' id='word_1_26' title='bbox 3341 1167 3590 1236; x_wconf 84' lang='lat' dir='ltr'><strong>QUIBUS</strong></span> <span class='ocrx_word' id='word_1_27' title='bbox 3651 1169 3749 1224; x_wconf 84' lang='lat' dir='ltr'><strong>IN-</strong></span> 
     </span>
    </p>
   </div>
   <div class='ocr_carea' id='block_1_10' title="bbox 657 1244 3533 1319">
    <p class='ocr_par' dir='ltr' id='par_1_10' title="bbox 657 1244 3533 1319">
     <span class='ocr_line' id='line_1_10' title="bbox 657 1244 3533 1319; baseline 0.004 -11"><span class='ocrx_word' id='word_1_28' title='bbox 657 1251 1045 1308; x_wconf 82' lang='lat' dir='ltr'><strong>STANTIBUS</strong></span> <span class='ocrx_word' id='word_1_29' title='bbox 1086 1249 1215 1306; x_wconf 92' lang='lat' dir='ltr'><strong>SUB</strong></span> <span class='ocrx_word' id='word_1_30' title='bbox 1254 1246 1704 1305; x_wconf 75' lang='lat' dir='ltr'><strong>IMPERATORE</strong></span> <span class='ocrx_word' id='word_1_31' title='bbox 1744 1244 2176 1303; x_wconf 82' lang='lat' dir='ltr'><strong>CONSTANTIU</strong></span> <span class='ocrx_word' id='word_1_32' title='bbox 2215 1247 2497 1305; x_wconf 79' lang='lat' dir='ltr'><strong>FACTUM</strong></span> <span class='ocrx_word' id='word_1_33' title='bbox 2537 1252 2662 1306; x_wconf 82' lang='lat' dir='ltr'>EST</span> <span class='ocrx_word' id='word_1_34' title='bbox 2703 1252 3126 1313; x_wconf 77' lang='lat' dir='ltr'><strong>ARIMINENSE</strong></span> <span class='ocrx_word' id='word_1_35' title='bbox 3163 1258 3533 1319; x_wconf 79' lang='lat' dir='ltr'><strong>CONCILIUM</strong></span> 
     </span>
    </p>
   </div>
   <div class='ocr_carea' id='block_1_11' title="bbox 828 1338 3358 1412">
    <p class='ocr_par' dir='ltr' id='par_1_11' title="bbox 828 1338 3358 1412">
     <span class='ocr_line' id='line_1_11' title="bbox 828 1338 3358 1412; baseline 0.005 -14"><span class='ocrx_word' id='word_1_36' title='bbox 828 1342 1105 1398; x_wconf 70' lang='lat' dir='ltr'><strong>CONTRA</strong></span> <span class='ocrx_word' id='word_1_37' title='bbox 1148 1341 1575 1398; x_wconf 76' lang='lat' dir='ltr'><strong>FORMELLAM</strong></span> <span class='ocrx_word' id='word_1_38' title='bbox 1614 1339 1868 1396; x_wconf 66' lang='grc' dir='ltr'><strong>ΝΙΟιΕΝΙ</strong></span> <span class='ocrx_word' id='word_1_39' title='bbox 1912 1338 2331 1402; x_wconf 73' lang='lat' dir='ltr'><strong>TBACTATL’S</strong></span> <span class='ocrx_word' id='word_1_40' title='bbox 2357 1384 2372 1407; x_wconf 89' lang='lat'><strong>,</strong></span> <span class='ocrx_word' id='word_1_41' title='bbox 2416 1342 2558 1412; x_wconf 79' lang='lat' dir='ltr'><strong>QUA</strong></span> <span class='ocrx_word' id='word_1_42' title='bbox 2605 1344 2972 1406; x_wconf 61' lang='lat' dir='ltr'><strong>UNIVERSE</strong></span> <span class='ocrx_word' id='word_1_43' title='bbox 3013 1350 3358 1411; x_wconf 72' lang='lat' dir='ltr'><strong>[IIERESES</strong></span> 
     </span>
    </p>
   </div>
   <div class='ocr_carea' id='block_1_12' title="bbox 1626 1431 2574 1503">
    <p class='ocr_par' dir='ltr' id='par_1_12' title="bbox 1626 1431 2574 1503">
     <span class='ocr_line' id='line_1_12' title="bbox 1626 1431 2574 1503; baseline 0.007 -19"><span class='ocrx_word' id='word_1_44' title='bbox 1626 1433 1704 1503; x_wconf 79' lang='grc' dir='ltr'><strong>(α)</strong></span> <span class='ocrx_word' id='word_1_45' title='bbox 1745 1431 2278 1490; x_wconf 70' lang='grc' dir='ltr'><strong>αοΜΡιιΕιιΕΝδΑε</strong></span> <span class='ocrx_word' id='word_1_46' title='bbox 2321 1433 2574 1491; x_wconf 84' lang='lat' dir='ltr'><strong>ERANT.</strong></span> 
     </span>
    </p>
   </div>
   <div class='ocr_carea' id='block_1_13' title="bbox 710 1570 1729 1645">
    <p class='ocr_par' dir='ltr' id='par_1_13' title="bbox 710 1570 1729 1645">
     <span class='ocr_line' id='line_1_13' title="bbox 710 1570 1729 1645; baseline -0.008 -12"><span class='ocrx_word' id='word_1_47' title='bbox 710 1575 1196 1634; x_wconf 72' lang='lat' dir='ltr'><strong>FRAGMENTUM</strong></span> <span class='ocrx_word' id='word_1_48' title='bbox 1233 1575 1254 1630; x_wconf 85' lang='grc' dir='ltr'><strong>Ῑ</strong></span> <span class='ocrx_word' id='word_1_49' title='bbox 1292 1575 1496 1645; x_wconf 81' lang='lat' dir='ltr'><strong>(Aliost</strong></span> <span class='ocrx_word' id='word_1_50' title='bbox 1524 1570 1729 1644; x_wconf 85' lang='lat' dir='ltr'><strong>partis).</strong></span> 
     </span>
    </p>
   </div>
   <div class='ocr_carea' id='block_1_14' title="bbox 511 1665 2046 1739">
    <p class='ocr_par' dir='ltr' id='par_1_14' title="bbox 511 1665 2046 1739">
     <span class='ocr_line' id='line_1_14' title="bbox 511 1665 2046 1739; baseline -0.004 -13"><span class='ocrx_word' id='word_1_51' title='bbox 511 1675 560 1726; x_wconf 79' lang='lat' dir='ltr'><strong>i.</strong></span> <span class='ocrx_word' id='word_1_52' title='bbox 590 1671 760 1737; x_wconf 81' lang='lat' dir='ltr'><strong>Fidei,</strong></span> <span class='ocrx_word' id='word_1_53' title='bbox 791 1671 899 1739; x_wconf 89' lang='lat' dir='ltr'><strong>spei</strong></span> <span class='ocrx_word' id='word_1_54' title='bbox 926 1679 972 1723; x_wconf 91' lang='lat' dir='ltr'><strong>et</strong></span> <span class='ocrx_word' id='word_1_55' title='bbox 990 1668 1256 1722; x_wconf 85' lang='lat' dir='ltr'><strong>charitatis</strong></span> <span class='ocrx_word' id='word_1_56' title='bbox 1275 1667 1591 1738; x_wconf 71' lang='lat' dir='ltr'><strong>praestantia.</strong></span> <span class='ocrx_word' id='word_1_57' title='bbox 1615 1695 1683 1706; x_wconf 88' lang='lat'><strong>—-</strong></span> <span class='ocrx_word' id='word_1_58' title='bbox 1702 1666 1900 1721; x_wconf 89' lang='lat' dir='ltr'><strong>Sancto</strong></span> <span class='ocrx_word' id='word_1_59' title='bbox 1925 1665 2046 1737; x_wconf 87' lang='lat' dir='ltr'><strong>Spi-</strong></span> 
     </span>
    </p>
   </div>
   <div class='ocr_carea' id='block_1_15' title="bbox 439 1758 2045 1834">
    <p class='ocr_par' dir='ltr' id='par_1_15' title="bbox 439 1758 2045 1834">
     <span class='ocr_line' id='line_1_15' title="bbox 439 1758 2045 1834; baseline -0.005 -15"><span class='ocrx_word' id='word_1_60' title='bbox 439 1767 545 1819; x_wconf 89' lang='lat' dir='ltr'><strong>ritu</strong></span> <span class='ocrx_word' id='word_1_61' title='bbox 572 1765 764 1834; x_wconf 88' lang='lat' dir='ltr'><strong>p!enus</strong></span> <span class='ocrx_word' id='word_1_62' title='bbox 794 1762 989 1816; x_wconf 82' lang='lat' dir='ltr'><strong>Paulus</strong></span> <span class='ocrx_word' id='word_1_63' title='bbox 1021 1759 1300 1829; x_wconf 75' lang='lat' dir='ltr'><strong>apostolus</strong></span> <span class='ocrx_word' id='word_1_64' title='bbox 1330 1759 1396 1813; x_wconf 83' lang='lat' dir='ltr'><strong>ad</strong></span> <span class='ocrx_word' id='word_1_65' title='bbox 1428 1758 1743 1812; x_wconf 82' lang='lat' dir='ltr'><strong>Corinthios</strong></span> <span class='ocrx_word' id='word_1_66' title='bbox 1775 1759 1844 1811; x_wconf 85' lang='lat' dir='ltr'><strong>ita</strong></span> <span class='ocrx_word' id='word_1_67' title='bbox 1870 1758 2045 1828; x_wconf 91' lang='lat' dir='ltr'><strong>loqui-</strong></span> 
     </span>
    </p>
   </div>
   <div class='ocr_carea' id='block_1_16' title="bbox 437 1849 2039 1924">
    <p class='ocr_par' dir='ltr' id='par_1_16' title="bbox 437 1849 2039 1924">
     <span class='ocr_line' id='line_1_16' title="bbox 437 1849 2039 1924; baseline -0.003 -12"><span class='ocrx_word' id='word_1_68' title='bbox 437 1870 557 1913; x_wconf 91' lang='lat' dir='ltr'><strong>tur:</strong></span> <span class='ocrx_word' id='word_1_69' title='bbox 581 1857 753 1910; x_wconf 86' lang='lat' dir='ltr'><strong>Manet</strong></span> <span class='ocrx_word' id='word_1_70' title='bbox 779 1866 945 1908; x_wconf 86' lang='lat' dir='ltr'><strong>autem</strong></span> <span class='ocrx_word' id='word_1_71' title='bbox 967 1855 1115 1922; x_wconf 80' lang='lat' dir='ltr'><strong>ﬁdes,</strong></span> <span class='ocrx_word' id='word_1_72' title='bbox 1141 1870 1276 1924; x_wconf 81' lang='lat' dir='ltr'><strong>spes,</strong></span> <span class='ocrx_word' id='word_1_73' title='bbox 1304 1853 1527 1907; x_wconf 81' lang='lat' dir='ltr'><strong>choritas</strong></span> <span class='ocrx_word' id='word_1_74' title='bbox 1558 1850 1601 1924; x_wconf 87' lang='grc' dir='ltr'><strong>(Ι</strong></span> <span class='ocrx_word' id='word_1_75' title='bbox 1623 1849 1742 1907; x_wconf 85' lang='lat' dir='ltr'><strong>Cor.</strong></span> <span class='ocrx_word' id='word_1_76' title='bbox 1777 1866 1894 1916; x_wconf 79' lang='lat' dir='ltr'><strong>xm,</strong></span> <span class='ocrx_word' id='word_1_77' title='bbox 1927 1850 2039 1922; x_wconf 81' lang='grc'><strong>15).</strong></span> 
     </span>
    </p>
   </div>
   <div class='ocr_carea' id='block_1_17' title="bbox 437 1950 2049 2021">
    <p class='ocr_par' dir='ltr' id='par_1_17' title="bbox 437 1950 2049 2021">
     <span class='ocr_line' id='line_1_17' title="bbox 437 1950 2049 2021; baseline -0.001 -16"><span class='ocrx_word' id='word_1_78' title='bbox 437 1951 684 2021; x_wconf 85' lang='lat' dir='ltr'><strong>Magnum</strong></span> <span class='ocrx_word' id='word_1_79' title='bbox 707 1950 1150 2005; x_wconf 83' lang='lat' dir='ltr'><strong>consummandae</strong></span> <span class='ocrx_word' id='word_1_80' title='bbox 1165 1951 1408 2005; x_wconf 89' lang='lat' dir='ltr'><strong>veritatis</strong></span> <span class='ocrx_word' id='word_1_81' title='bbox 1428 1958 1833 2005; x_wconf 76' lang='lat' dir='ltr'><strong>sacramentum</strong></span> <span class='ocrx_word' id='word_1_82' title='bbox 1856 1952 1928 2005; x_wconf 90' lang='lat' dir='ltr'><strong>ita</strong></span> <span class='ocrx_word' id='word_1_83' title='bbox 1951 1950 2049 2004; x_wconf 75' lang='lat' dir='ltr'><strong>tri~</strong></span> 
     </span>
    </p>
   </div>
   <div class='ocr_carea' id='block_1_18' title="bbox 436 2042 2042 2116">
    <p class='ocr_par' dir='ltr' id='par_1_18' title="bbox 436 2042 2042 2116">
     <span class='ocr_line' id='line_1_18' title="bbox 436 2042 2042 2116; baseline -0.001 -17"><span class='ocrx_word' id='word_1_84' title='bbox 436 2046 563 2116; x_wconf 89' lang='lat' dir='ltr'><strong>plici</strong></span> <span class='ocrx_word' id='word_1_85' title='bbox 587 2043 663 2116; x_wconf 90' lang='lat' dir='ltr'><strong>(b)</strong></span> <span class='ocrx_word' id='word_1_86' title='bbox 690 2044 909 2099; x_wconf 81' lang='lat' dir='ltr'><strong>humani</strong></span> <span class='ocrx_word' id='word_1_87' title='bbox 945 2055 1140 2099; x_wconf 85' lang='lat' dir='ltr'><strong>sensus</strong></span> <span class='ocrx_word' id='word_1_88' title='bbox 1179 2042 1469 2099; x_wconf 70' lang='lat' dir='ltr'><strong>affectione</strong></span> <span class='ocrx_word' id='word_1_89' title='bbox 1497 2043 1878 2114; x_wconf 76' lang='lat' dir='ltr'><strong>complectitur</strong></span> <span class='ocrx_word' id='word_1_90' title='bbox 1908 2061 1921 2098; x_wconf 89' lang='lat'><strong>:</strong></span> <span class='ocrx_word' id='word_1_91' title='bbox 1953 2058 2042 2098; x_wconf 84' lang='lat' dir='ltr'><strong>re-</strong></span> 
     </span>
    </p>
   </div>
   <div class='ocr_carea' id='block_1_19' title="bbox 438 2135 2046 2208">
    <p class='ocr_par' dir='ltr' id='par_1_19' title="bbox 438 2135 2046 2208">
     <span class='ocr_line' id='line_1_19' title="bbox 438 2135 2046 2208; baseline -0.001 -16"><span class='ocrx_word' id='word_1_92' title='bbox 438 2138 708 2208; x_wconf 89' lang='lat' dir='ltr'><strong>liquarum</strong></span> <span class='ocrx_word' id='word_1_93' title='bbox 739 2147 918 2192; x_wconf 91' lang='lat' dir='ltr'><strong>autem</strong></span> <span class='ocrx_word' id='word_1_94' title='bbox 952 2151 1132 2192; x_wconf 90' lang='lat' dir='ltr'><strong>rerum</strong></span> <span class='ocrx_word' id='word_1_95' title='bbox 1156 2137 1269 2190; x_wconf 90' lang='lat' dir='ltr'><strong>sive</strong></span> <span class='ocrx_word' id='word_1_96' title='bbox 1298 2135 1478 2190; x_wconf 92' lang='lat' dir='ltr'><strong>ofﬁcia</strong></span> <span class='ocrx_word' id='word_1_97' title='bbox 1507 2136 1620 2191; x_wconf 86' lang='lat' dir='ltr'><strong>sive</strong></span> <span class='ocrx_word' id='word_1_98' title='bbox 1648 2136 1814 2203; x_wconf 91' lang='lat' dir='ltr'><strong>dona,</strong></span> <span class='ocrx_word' id='word_1_99' title='bbox 1843 2137 1894 2191; x_wconf 92' lang='lat' dir='ltr'><strong>in</strong></span> <span class='ocrx_word' id='word_1_100' title='bbox 1926 2136 2046 2207; x_wconf 82' lang='lat' dir='ltr'><strong>qui-</strong></span> 
     </span>
    </p>
   </div>
   <div class='ocr_carea' id='block_1_20' title="bbox 442 2227 2050 2298">
    <p class='ocr_par' dir='ltr' id='par_1_20' title="bbox 442 2227 2050 2298">
     <span class='ocr_line' id='line_1_20' title="bbox 442 2227 2050 2298; baseline -0.002 -13"><span class='ocrx_word' id='word_1_101' title='bbox 442 2230 545 2291; x_wconf 90' lang='lat' dir='ltr'><strong>bus</strong></span> <span class='ocrx_word' id='word_1_102' title='bbox 593 2245 737 2288; x_wconf 87' lang='lat' dir='ltr'><strong>nunc</strong></span> <span class='ocrx_word' id='word_1_103' title='bbox 777 2244 874 2298; x_wconf 84' lang='lat' dir='ltr'><strong>pro</strong></span> <span class='ocrx_word' id='word_1_104' title='bbox 915 2238 1069 2298; x_wconf 85' lang='lat' dir='ltr'><strong>parte</strong></span> <span class='ocrx_word' id='word_1_105' title='bbox 1094 2243 1415 2294; x_wconf 83' lang='lat' dir='ltr'><strong>versamur,</strong></span> <span class='ocrx_word' id='word_1_106' title='bbox 1462 2227 1727 2282; x_wconf 86' lang='lat' dir='ltr'><strong>abolenda</strong></span> <span class='ocrx_word' id='word_1_107' title='bbox 1778 2228 2050 2298; x_wconf 85' lang='lat' dir='ltr'><strong>signiﬁcat</strong></span> 
     </span>
    </p>
   </div>
   <div class='ocr_carea' id='block_1_21' title="bbox 445 2319 2046 2394">
    <p class='ocr_par' dir='ltr' id='par_1_21' title="bbox 445 2319 2046 2394">
     <span class='ocr_line' id='line_1_21' title="bbox 445 2319 2046 2394; baseline -0.002 -17"><span class='ocrx_word' id='word_1_108' title='bbox 445 2323 611 2394; x_wconf 86' lang='lat' dir='ltr'><strong>(Ibid.</strong></span> <span class='ocrx_word' id='word_1_109' title='bbox 643 2324 676 2378; x_wconf 91' lang='lat'>8</span> <span class='ocrx_word' id='word_1_110' title='bbox 705 2333 753 2377; x_wconf 88' lang='lat' dir='ltr'><strong>et</strong></span> <span class='ocrx_word' id='word_1_111' title='bbox 800 2324 962 2391; x_wconf 84' lang='lat' dir='ltr'><strong>seqq.)</strong></span> <span class='ocrx_word' id='word_1_112' title='bbox 986 2363 1000 2387; x_wconf 92' lang='lat'><strong>,</strong></span> <span class='ocrx_word' id='word_1_113' title='bbox 1033 2337 1155 2378; x_wconf 90' lang='lat' dir='ltr'><strong>cum</strong></span> <span class='ocrx_word' id='word_1_114' title='bbox 1183 2320 1420 2376; x_wconf 78' lang='lat' dir='ltr'><strong>adventu</strong></span> <span class='ocrx_word' id='word_1_115' title='bbox 1453 2320 1663 2375; x_wconf 90' lang='lat' dir='ltr'><strong>Domini</strong></span> <span class='ocrx_word' id='word_1_116' title='bbox 1707 2319 1877 2375; x_wconf 90' lang='lat' dir='ltr'><strong>nostri</strong></span> <span class='ocrx_word' id='word_1_117' title='bbox 1916 2320 2046 2374; x_wconf 83' lang='lat' dir='ltr'><strong>Jesu</strong></span> 
     </span>
    </p>
   </div>
   <div class='ocr_carea' id='block_1_22' title="bbox 445 2410 2050 2481">
    <p class='ocr_par' dir='ltr' id='par_1_22' title="bbox 445 2410 2050 2481">
     <span class='ocr_line' id='line_1_22' title="bbox 445 2410 2050 2481; baseline -0.002 -12"><span class='ocrx_word' id='word_1_118' title='bbox 445 2414 648 2469; x_wconf 85' lang='lat' dir='ltr'><strong>Christi</strong></span> <span class='ocrx_word' id='word_1_119' title='bbox 686 2414 926 2469; x_wconf 64' lang='lat' dir='ltr'><strong>caelestis</strong></span> <span class='ocrx_word' id='word_1_120' title='bbox 965 2413 1184 2468; x_wconf 89' lang='lat' dir='ltr'><strong>concilii</strong></span> <span class='ocrx_word' id='word_1_121' title='bbox 1237 2411 1498 2481; x_wconf 82' lang='lat' dir='ltr'><strong>perfectio</strong></span> <span class='ocrx_word' id='word_1_122' title='bbox 1539 2411 1869 2466; x_wconf 83' lang='lat' dir='ltr'><strong>inveniatur.</strong></span> <span class='ocrx_word' id='word_1_123' title='bbox 1917 2410 2050 2466; x_wconf 82' lang='lat' dir='ltr'><strong>Cor-</strong></span> 
     </span>
    </p>
   </div>
   <div class='ocr_carea' id='block_1_23' title="bbox 445 2503 2050 2580">
    <p class='ocr_par' dir='ltr' id='par_1_23' title="bbox 445 2503 2050 2580">
     <span class='ocr_line' id='line_1_23' title="bbox 445 2503 2050 2580; baseline -0.004 -17"><span class='ocrx_word' id='word_1_124' title='bbox 445 2511 699 2580; x_wconf 89' lang='lat' dir='ltr'><strong>ruptione</strong></span> <span class='ocrx_word' id='word_1_125' title='bbox 742 2508 886 2562; x_wconf 88' lang='lat' dir='ltr'><strong>enim</strong></span> <span class='ocrx_word' id='word_1_126' title='bbox 920 2515 1103 2572; x_wconf 84' lang='lat' dir='ltr'><strong>nostra</strong></span> <span class='ocrx_word' id='word_1_127' title='bbox 1151 2506 1204 2560; x_wconf 91' lang='lat' dir='ltr'><strong>in</strong></span> <span class='ocrx_word' id='word_1_128' title='bbox 1247 2503 1573 2560; x_wconf 79' lang='lat' dir='ltr'><strong>aeternitatis</strong></span> <span class='ocrx_word' id='word_1_129' title='bbox 1604 2503 1833 2574; x_wconf 89' lang='lat' dir='ltr'><strong>gloriam</strong></span> <span class='ocrx_word' id='word_1_130' title='bbox 1869 2511 2050 2557; x_wconf 86' lang='lat' dir='ltr'><strong>trans-</strong></span> 
     </span>
    </p>
   </div>
   <div class='ocr_carea' id='block_1_24' title="bbox 439 2595 2044 2669">
    <p class='ocr_par' dir='ltr' id='par_1_24' title="bbox 439 2595 2044 2669">
     <span class='ocr_line' id='line_1_24' title="bbox 439 2595 2044 2669; baseline -0.006 -12"><span class='ocrx_word' id='word_1_131' title='bbox 439 2602 669 2658; x_wconf 79' lang='lat' dir='ltr'><strong>formata</strong></span> <span class='ocrx_word' id='word_1_132' title='bbox 695 2643 708 2666; x_wconf 89' lang='lat'><strong>,</strong></span> <span class='ocrx_word' id='word_1_133' title='bbox 749 2600 872 2667; x_wconf 85' lang='lat' dir='ltr'><strong>hoc,</strong></span> <span class='ocrx_word' id='word_1_134' title='bbox 924 2595 1069 2669; x_wconf 83' lang='lat' dir='ltr'><strong>quud</strong></span> <span class='ocrx_word' id='word_1_135' title='bbox 1093 2612 1234 2652; x_wconf 90' lang='lat' dir='ltr'><strong>nunc</strong></span> <span class='ocrx_word' id='word_1_136' title='bbox 1263 2595 1464 2668; x_wconf 89' lang='lat' dir='ltr'><strong>aliquid</strong></span> <span class='ocrx_word' id='word_1_137' title='bbox 1493 2610 1616 2651; x_wconf 89' lang='lat' dir='ltr'><strong>esse</strong></span> <span class='ocrx_word' id='word_1_138' title='bbox 1644 2595 1906 2660; x_wconf 86' lang='lat' dir='ltr'><strong>creditur,</strong></span> <span class='ocrx_word' id='word_1_139' title='bbox 1939 2610 2044 2648; x_wconf 92' lang='lat' dir='ltr'><strong>non</strong></span> 
     </span>
    </p>
   </div>
   <div class='ocr_carea' id='block_1_25' title="bbox 439 2689 2049 2765">
    <p class='ocr_par' dir='ltr' id='par_1_25' title="bbox 439 2689 2049 2765">
     <span class='ocr_line' id='line_1_25' title="bbox 439 2689 2049 2765; baseline -0.004 -15"><span class='ocrx_word' id='word_1_140' title='bbox 439 2695 574 2760; x_wconf 87' lang='lat' dir='ltr'><strong>erit;</strong></span> <span class='ocrx_word' id='word_1_141' title='bbox 610 2693 824 2765; x_wconf 85' lang='lat' dir='ltr'><strong>quando</strong></span> <span class='ocrx_word' id='word_1_142' title='bbox 861 2693 1020 2747; x_wconf 78' lang='lat' dir='ltr'><strong>tribui</strong></span> <span class='ocrx_word' id='word_1_143' title='bbox 1056 2691 1315 2761; x_wconf 67' lang='lat' dir='ltr'><strong>coeperit,</strong></span> <span class='ocrx_word' id='word_1_144' title='bbox 1359 2689 1502 2757; x_wconf 86' lang='lat' dir='ltr'><strong>quod</strong></span> <span class='ocrx_word' id='word_1_145' title='bbox 1533 2705 1655 2745; x_wconf 91' lang='lat' dir='ltr'><strong>cum</strong></span> <span class='ocrx_word' id='word_1_146' title='bbox 1684 2699 1798 2753; x_wconf 88' lang='lat' dir='ltr'><strong>est,</strong></span> <span class='ocrx_word' id='word_1_147' title='bbox 1832 2703 2049 2757; x_wconf 84' lang='lat' dir='ltr'><strong>semper</strong></span> 
     </span>
    </p>
   </div>
   <div class='ocr_carea' id='block_1_26' title="bbox 443 2780 2053 2854">
    <p class='ocr_par' dir='ltr' id='par_1_26' title="bbox 443 2780 2053 2854">
     <span class='ocr_line' id='line_1_26' title="bbox 443 2780 2053 2854; baseline -0.005 -12"><span class='ocrx_word' id='word_1_148' title='bbox 443 2796 709 2842; x_wconf 82' lang='lat' dir='ltr'><strong>aeternum</strong></span> <span class='ocrx_word' id='word_1_149' title='bbox 742 2797 844 2840; x_wconf 89' lang='lat' dir='ltr'><strong>est.</strong></span> <span class='ocrx_word' id='word_1_150' title='bbox 881 2785 1078 2840; x_wconf 85' lang='lat' dir='ltr'><strong>Verum</strong></span> <span class='ocrx_word' id='word_1_151' title='bbox 1106 2783 1250 2846; x_wconf 79' lang='lat' dir='ltr'><strong>ﬁdei,</strong></span> <span class='ocrx_word' id='word_1_152' title='bbox 1283 2784 1422 2854; x_wconf 88' lang='lat' dir='ltr'><strong>spei,</strong></span> <span class='ocrx_word' id='word_1_153' title='bbox 1451 2783 1734 2837; x_wconf 78' lang='lat' dir='ltr'><strong>charitatis</strong></span> <span class='ocrx_word' id='word_1_154' title='bbox 1753 2780 1858 2837; x_wconf 85' lang='lat' dir='ltr'><strong>hoc</strong></span> <span class='ocrx_word' id='word_1_155' title='bbox 1886 2780 2053 2836; x_wconf 88' lang='lat' dir='ltr'><strong>nteri-</strong></span> 
     </span>
    </p>
   </div>
   <div class='ocr_carea' id='block_1_27' title="bbox 439 2875 2049 2948">
    <p class='ocr_par' dir='ltr' id='par_1_27' title="bbox 439 2875 2049 2948">
     <span class='ocr_line' id='line_1_27' title="bbox 439 2875 2049 2948; baseline -0.004 -13"><span class='ocrx_word' id='word_1_156' title='bbox 439 2891 554 2935; x_wconf 90' lang='lat' dir='ltr'><strong>tutn</strong></span> <span class='ocrx_word' id='word_1_157' title='bbox 582 2891 684 2945; x_wconf 88' lang='lat' dir='ltr'><strong>est,</strong></span> <span class='ocrx_word' id='word_1_158' title='bbox 715 2891 773 2934; x_wconf 89' lang='lat' dir='ltr'><strong>ut</strong></span> <span class='ocrx_word' id='word_1_159' title='bbox 799 2880 990 2934; x_wconf 89' lang='lat' dir='ltr'><strong>mortis</strong></span> <span class='ocrx_word' id='word_1_160' title='bbox 1014 2878 1196 2934; x_wconf 68' lang='lat' dir='ltr'><strong>debito</strong></span> <span class='ocrx_word' id='word_1_161' title='bbox 1219 2877 1540 2948; x_wconf 87' lang='lat' dir='ltr'><strong>corporibus</strong></span> <span class='ocrx_word' id='word_1_162' title='bbox 1567 2875 1870 2940; x_wconf 87' lang='lat' dir='ltr'><strong>dissolutis,</strong></span> <span class='ocrx_word' id='word_1_163' title='bbox 1900 2890 2049 2930; x_wconf 88' lang='lat' dir='ltr'><strong>sem—</strong></span> 
     </span>
    </p>
   </div>
   <div class='ocr_carea' id='block_1_28' title="bbox 2079 1573 3752 1657">
    <p class='ocr_par' dir='ltr' id='par_1_28' title="bbox 2079 1573 3752 1657">
     <span class='ocr_line' id='line_1_28' title="bbox 2079 1573 3752 1657; baseline 0.011 -29"><span class='ocrx_word' id='word_1_164' title='bbox 2079 1575 2134 1635; x_wconf 80' lang='grc' dir='ltr'>Λ</span> <span class='ocrx_word' id='word_1_165' title='bbox 2228 1573 2284 1630; x_wconf 68' lang='grc' dir='ltr'><strong>Β.</strong></span> <span class='ocrx_word' id='word_1_166' title='bbox 2341 1574 2496 1630; x_wconf 84' lang='lat' dir='ltr'><strong>Fidei</strong></span> <span class='ocrx_word' id='word_1_167' title='bbox 2547 1578 2802 1633; x_wconf 84' lang='lat' dir='ltr'><strong>meritum.</strong></span> <span class='ocrx_word' id='word_1_168' title='bbox 2846 1578 2972 1653; x_wconf 88' lang='lat' dir='ltr'><strong>Spei</strong></span> <span class='ocrx_word' id='word_1_169' title='bbox 3000 1592 3209 1638; x_wconf 85' lang='lat' dir='ltr'><strong>natura.</strong></span> <span class='ocrx_word' id='word_1_170' title='bbox 3261 1583 3543 1643; x_wconf 80' lang='lat' dir='ltr'><strong>Charitatis</strong></span> <span class='ocrx_word' id='word_1_171' title='bbox 3587 1589 3752 1657; x_wconf 69' lang='lat' dir='ltr'><strong>affec-</strong></span> 
     </span>
    </p>
   </div>
   <div class='ocr_carea' id='block_1_29' title="bbox 2150 1669 3755 1751">
    <p class='ocr_par' dir='ltr' id='par_1_29' title="bbox 2150 1669 3755 1751">
     <span class='ocr_line' id='line_1_29' title="bbox 2150 1669 3755 1751; baseline 0.014 -32"><span class='ocrx_word' id='word_1_172' title='bbox 2150 1676 2254 1721; x_wconf 85' lang='lat' dir='ltr'><strong>tus.</strong></span> <span class='ocrx_word' id='word_1_173' title='bbox 2293 1697 2365 1708; x_wconf 90' lang='lat'><strong>—</strong></span> <span class='ocrx_word' id='word_1_174' title='bbox 2407 1669 2570 1740; x_wconf 87' lang='lat' dir='ltr'><strong>Igitur</strong></span> <span class='ocrx_word' id='word_1_175' title='bbox 2622 1672 2763 1728; x_wconf 86' lang='lat' dir='ltr'><strong>Deus</strong></span> <span class='ocrx_word' id='word_1_176' title='bbox 2807 1674 3034 1743; x_wconf 78' lang='lat' dir='ltr'><strong>justitiae</strong></span> <span class='ocrx_word' id='word_1_177' title='bbox 3088 1679 3320 1747; x_wconf 81' lang='lat' dir='ltr'><strong>praevius</strong></span> <span class='ocrx_word' id='word_1_178' title='bbox 3367 1681 3439 1751; x_wconf 79' lang='grc' dir='ltr'><strong>(ε)</strong></span> <span class='ocrx_word' id='word_1_179' title='bbox 3497 1699 3755 1740; x_wconf 89' lang='lat' dir='ltr'><strong>numera-</strong></span> 
     </span>
    </p>
   </div>
   <div class='ocr_carea' id='block_1_30' title="bbox 2153 1761 3755 1840">
    <p class='ocr_par' dir='ltr' id='par_1_30' title="bbox 2153 1761 3755 1840">
     <span class='ocr_line' id='line_1_30' title="bbox 2153 1761 3755 1840; baseline 0.012 -28"><span class='ocrx_word' id='word_1_180' title='bbox 2153 1769 2274 1824; x_wconf 90' lang='lat' dir='ltr'><strong>tttr,</strong></span> <span class='ocrx_word' id='word_1_181' title='bbox 2342 1761 2589 1818; x_wconf 90' lang='lat' dir='ltr'><strong>creditus</strong></span> <span class='ocrx_word' id='word_1_182' title='bbox 2648 1763 2717 1818; x_wconf 92' lang='lat' dir='ltr'><strong>ab</strong></span> <span class='ocrx_word' id='word_1_183' title='bbox 2776 1766 3058 1836; x_wconf 86' lang='lat' dir='ltr'><strong>ignorante</strong></span> <span class='ocrx_word' id='word_1_184' title='bbox 3110 1770 3254 1840; x_wconf 89' lang='lat' dir='ltr'><strong>quod</strong></span> <span class='ocrx_word' id='word_1_185' title='bbox 3315 1770 3455 1828; x_wconf 78' lang='lat' dir='ltr'><strong>Deus</strong></span> <span class='ocrx_word' id='word_1_186' title='bbox 3505 1776 3592 1829; x_wconf 90' lang='lat' dir='ltr'><strong>sit.</strong></span> <span class='ocrx_word' id='word_1_187' title='bbox 3651 1779 3755 1831; x_wconf 81' lang='lat' dir='ltr'><strong>At-</strong></span> 
     </span>
    </p>
   </div>
   <div class='ocr_carea' id='block_1_31' title="bbox 2149 1852 3752 1938">
    <p class='ocr_par' dir='ltr' id='par_1_31' title="bbox 2149 1852 3752 1938">
     <span class='ocr_line' id='line_1_31' title="bbox 2149 1852 3752 1938; baseline 0.012 -35"><span class='ocrx_word' id='word_1_188' title='bbox 2149 1865 2257 1919; x_wconf 86' lang='lat' dir='ltr'><strong>que</strong></span> <span class='ocrx_word' id='word_1_189' title='bbox 2284 1852 2354 1908; x_wconf 88' lang='lat' dir='ltr'><strong>ob</strong></span> <span class='ocrx_word' id='word_1_190' title='bbox 2398 1853 2448 1908; x_wconf 90' lang='lat' dir='ltr'><strong>id</strong></span> <span class='ocrx_word' id='word_1_191' title='bbox 2481 1853 2753 1910; x_wconf 85' lang='lat' dir='ltr'><strong>Abraham</strong></span> <span class='ocrx_word' id='word_1_192' title='bbox 2799 1857 2933 1913; x_wconf 88' lang='lat' dir='ltr'><strong>ﬁdes</strong></span> <span class='ocrx_word' id='word_1_193' title='bbox 2975 1861 3147 1929; x_wconf 85' lang='lat' dir='ltr'><strong>prima</strong></span> <span class='ocrx_word' id='word_1_194' title='bbox 3183 1862 3445 1932; x_wconf 79' lang='lat' dir='ltr'><strong>justiﬁrat</strong></span> <span class='ocrx_word' id='word_1_195' title='bbox 3473 1865 3656 1938; x_wconf 73' lang='lat' dir='ltr'><strong>(Hebr.</strong></span> <span class='ocrx_word' id='word_1_196' title='bbox 3694 1885 3752 1933; x_wconf 89' lang='lat' dir='ltr'><strong>tt,</strong></span> 
     </span>
    </p>
   </div>
   <div class='ocr_carea' id='block_1_32' title="bbox 2151 1943 3757 2034">
    <p class='ocr_par' dir='ltr' id='par_1_32' title="bbox 2151 1943 3757 2034">
     <span class='ocr_line' id='line_1_32' title="bbox 2151 1943 3757 2034; baseline 0.015 -38"><span class='ocrx_word' id='word_1_197' title='bbox 2151 1943 2184 1997; x_wconf 88' lang='grc'>6</span> <span class='ocrx_word' id='word_1_198' title='bbox 2219 1954 2267 1998; x_wconf 92' lang='lat' dir='ltr'><strong>et</strong></span> <span class='ocrx_word' id='word_1_199' title='bbox 2309 1945 2459 2001; x_wconf 72' lang='lat' dir='ltr'><strong>liam.</strong></span> <span class='ocrx_word' id='word_1_200' title='bbox 2492 1964 2582 2013; x_wconf 87' lang='lat' dir='ltr'><strong>tv,</strong></span> <span class='ocrx_word' id='word_1_201' title='bbox 2629 1949 2713 2022; x_wconf 88' lang='lat'><strong>9),</strong></span> <span class='ocrx_word' id='word_1_202' title='bbox 2765 1963 2817 2007; x_wconf 91' lang='lat' dir='ltr'><strong>et</strong></span> <span class='ocrx_word' id='word_1_203' title='bbox 2861 1950 3185 2012; x_wconf 81' lang='lat' dir='ltr'><strong>Cltananaeae</strong></span> <span class='ocrx_word' id='word_1_204' title='bbox 3225 1957 3391 2014; x_wconf 90' lang='lat' dir='ltr'><strong>ﬁliam</strong></span> <span class='ocrx_word' id='word_1_205' title='bbox 3432 1961 3649 2018; x_wconf 89' lang='lat' dir='ltr'><strong>silentio</strong></span> <span class='ocrx_word' id='word_1_206' title='bbox 3682 1965 3757 2034; x_wconf 74' lang='grc' dir='ltr'><strong>(Γ)</strong></span> 
     </span>
    </p>
   </div>
   <div class='ocr_carea' id='block_1_33' title="bbox 2150 2037 3753 2121">
    <p class='ocr_par' dir='ltr' id='par_1_33' title="bbox 2150 2037 3753 2121">
     <span class='ocr_line' id='line_1_33' title="bbox 2150 2037 3753 2121; baseline 0.012 -30"><span class='ocrx_word' id='word_1_207' title='bbox 2150 2037 2437 2093; x_wconf 90' lang='lat' dir='ltr'><strong>Dominum</strong></span> <span class='ocrx_word' id='word_1_208' title='bbox 2477 2044 2736 2098; x_wconf 87' lang='lat' dir='ltr'><strong>tentautis</strong></span> <span class='ocrx_word' id='word_1_209' title='bbox 2777 2047 2966 2102; x_wconf 88' lang='lat' dir='ltr'><strong>matris</strong></span> <span class='ocrx_word' id='word_1_210' title='bbox 3013 2048 3147 2104; x_wconf 84' lang='lat' dir='ltr'><strong>fides</strong></span> <span class='ocrx_word' id='word_1_211' title='bbox 3175 2050 3349 2107; x_wconf 81' lang='lat' dir='ltr'><strong>salvat</strong></span> <span class='ocrx_word' id='word_1_212' title='bbox 3391 2051 3606 2116; x_wconf 71' lang='lat' dir='ltr'><strong>(Halm.</strong></span> <span class='ocrx_word' id='word_1_213' title='bbox 3656 2071 3753 2121; x_wconf 79' lang='lat' dir='ltr'><strong>xv,</strong></span> 
     </span>
    </p>
   </div>
   <div class='ocr_carea' id='block_1_34' title="bbox 2149 2129 3754 2220">
    <p class='ocr_par' dir='ltr' id='par_1_34' title="bbox 2149 2129 3754 2220">
     <span class='ocr_line' id='line_1_34' title="bbox 2149 2129 3754 2220; baseline 0.009 -32"><span class='ocrx_word' id='word_1_214' title='bbox 2149 2129 2246 2200; x_wconf 76' lang='lat'><strong>9.8)</strong></span> <span class='ocrx_word' id='word_1_215' title='bbox 2272 2171 2287 2196; x_wconf 92' lang='lat'><strong>,</strong></span> <span class='ocrx_word' id='word_1_216' title='bbox 2332 2140 2386 2194; x_wconf 87' lang='lat' dir='ltr'><strong>et</strong></span> <span class='ocrx_word' id='word_1_217' title='bbox 2415 2131 2766 2194; x_wconf 81' lang='lat' dir='ltr'><strong>credentibus</strong></span> <span class='ocrx_word' id='word_1_218' title='bbox 2809 2137 2863 2194; x_wconf 91' lang='lat' dir='ltr'><strong>in</strong></span> <span class='ocrx_word' id='word_1_219' title='bbox 2896 2139 3115 2198; x_wconf 86' lang='lat' dir='ltr'><strong>nomine</strong></span> <span class='ocrx_word' id='word_1_220' title='bbox 3161 2141 3279 2211; x_wconf 85' lang='lat' dir='ltr'><strong>ejus</strong></span> <span class='ocrx_word' id='word_1_221' title='bbox 3308 2151 3548 2213; x_wconf 81' lang='lat' dir='ltr'><strong>potestas</strong></span> <span class='ocrx_word' id='word_1_222' title='bbox 3579 2146 3659 2220; x_wconf 76' lang='grc' dir='ltr'><strong>(ο)</strong></span> <span class='ocrx_word' id='word_1_223' title='bbox 3701 2149 3754 2202; x_wconf 87' lang='lat' dir='ltr'><strong>in</strong></span> 
     </span>
    </p>
   </div>
   <div class='ocr_carea' id='block_1_35' title="bbox 2147 2221 3746 2310">
    <p class='ocr_par' dir='ltr' id='par_1_35' title="bbox 2147 2221 3746 2310">
     <span class='ocr_line' id='line_1_35' title="bbox 2147 2221 3746 2310; baseline 0.012 -33"><span class='ocrx_word' id='word_1_224' title='bbox 2147 2221 2355 2278; x_wconf 81' lang='lat' dir='ltr'><strong>Joanne</strong></span> <span class='ocrx_word' id='word_1_225' title='bbox 2386 2223 2658 2292; x_wconf 88' lang='lat' dir='ltr'><strong>tribuitur,</strong></span> <span class='ocrx_word' id='word_1_226' title='bbox 2704 2238 2761 2282; x_wconf 87' lang='grc' dir='ltr'><strong>ιιι</strong></span> <span class='ocrx_word' id='word_1_227' title='bbox 2789 2244 2856 2285; x_wconf 68' lang='lat' dir='ltr'><strong>ex</strong></span> <span class='ocrx_word' id='word_1_228' title='bbox 2889 2230 3000 2286; x_wconf 92' lang='lat' dir='ltr'><strong>Deo</strong></span> <span class='ocrx_word' id='word_1_229' title='bbox 3039 2234 3149 2288; x_wconf 88' lang='lat' dir='ltr'><strong>nati</strong></span> <span class='ocrx_word' id='word_1_230' title='bbox 3192 2235 3299 2290; x_wconf 87' lang='lat' dir='ltr'><strong>sint</strong></span> <span class='ocrx_word' id='word_1_231' title='bbox 3329 2233 3512 2307; x_wconf 80' lang='lat' dir='ltr'><strong>(Joan.</strong></span> <span class='ocrx_word' id='word_1_232' title='bbox 3545 2253 3586 2307; x_wconf 91' lang='lat' dir='ltr'><strong>t,</strong></span> <span class='ocrx_word' id='word_1_233' title='bbox 3630 2239 3746 2310; x_wconf 65' lang='grc' dir='ltr'><strong>ιε).</strong></span> 
     </span>
    </p>
   </div>
   <div class='ocr_carea' id='block_1_36' title="bbox 2149 2315 3756 2396">
    <p class='ocr_par' dir='ltr' id='par_1_36' title="bbox 2149 2315 3756 2396">
     <span class='ocr_line' id='line_1_36' title="bbox 2149 2315 3756 2396; baseline 0.011 -26"><span class='ocrx_word' id='word_1_234' title='bbox 2149 2315 2402 2386; x_wconf 84' lang='lat' dir='ltr'><strong>Magnum</strong></span> <span class='ocrx_word' id='word_1_235' title='bbox 2445 2326 2532 2374; x_wconf 87' lang='lat' dir='ltr'><strong>est</strong></span> <span class='ocrx_word' id='word_1_236' title='bbox 2567 2317 2693 2376; x_wconf 88' lang='lat' dir='ltr'><strong>ﬁdei</strong></span> <span class='ocrx_word' id='word_1_237' title='bbox 2725 2323 2980 2380; x_wconf 92' lang='lat' dir='ltr'><strong>meritum</strong></span> <span class='ocrx_word' id='word_1_238' title='bbox 3003 2367 3020 2391; x_wconf 92' lang='lat'><strong>,</strong></span> <span class='ocrx_word' id='word_1_239' title='bbox 3057 2335 3112 2382; x_wconf 86' lang='lat' dir='ltr'><strong>et</strong></span> <span class='ocrx_word' id='word_1_240' title='bbox 3145 2327 3380 2396; x_wconf 87' lang='lat' dir='ltr'><strong>perfecta</strong></span> <span class='ocrx_word' id='word_1_241' title='bbox 3402 2331 3756 2390; x_wconf 75' lang='lat' dir='ltr'><strong>credentibus</strong></span> 
     </span>
    </p>
   </div>
   <div class='ocr_carea' id='block_1_37' title="bbox 2154 2407 3759 2492">
    <p class='ocr_par' dir='ltr' id='par_1_37' title="bbox 2154 2407 3759 2492">
     <span class='ocr_line' id='line_1_37' title="bbox 2154 2407 3759 2492; baseline 0.012 -30"><span class='ocrx_word' id='word_1_242' title='bbox 2154 2407 2265 2464; x_wconf 92' lang='lat' dir='ltr'><strong>Deo</strong></span> <span class='ocrx_word' id='word_1_243' title='bbox 2303 2409 2611 2474; x_wconf 88' lang='lat' dir='ltr'><strong>beatitudo,</strong></span> <span class='ocrx_word' id='word_1_244' title='bbox 2644 2427 2740 2482; x_wconf 81' lang='lat' dir='ltr'><strong>per</strong></span> <span class='ocrx_word' id='word_1_245' title='bbox 2761 2429 2921 2484; x_wconf 90' lang='lat' dir='ltr'><strong>quam</strong></span> <span class='ocrx_word' id='word_1_246' title='bbox 2954 2417 3154 2486; x_wconf 80' lang='lat' dir='ltr'><strong>genitis</strong></span> <span class='ocrx_word' id='word_1_247' title='bbox 3187 2419 3238 2475; x_wconf 92' lang='lat' dir='ltr'><strong>in</strong></span> <span class='ocrx_word' id='word_1_248' title='bbox 3269 2435 3500 2492; x_wconf 89' lang='lat' dir='ltr'><strong>corpore</strong></span> <span class='ocrx_word' id='word_1_249' title='bbox 3521 2463 3538 2491; x_wconf 89' lang='lat'><strong>,</strong></span> <span class='ocrx_word' id='word_1_250' title='bbox 3568 2424 3621 2480; x_wconf 88' lang='lat' dir='ltr'><strong>in</strong></span> <span class='ocrx_word' id='word_1_251' title='bbox 3649 2423 3759 2480; x_wconf 78' lang='lat' dir='ltr'><strong>ini-</strong></span> 
     </span>
    </p>
   </div>
   <div class='ocr_carea' id='block_1_38' title="bbox 2151 2501 3756 2580">
    <p class='ocr_par' dir='ltr' id='par_1_38' title="bbox 2151 2501 3756 2580">
     <span class='ocr_line' id='line_1_38' title="bbox 2151 2501 3756 2580; baseline 0.013 -28"><span class='ocrx_word' id='word_1_252' title='bbox 2151 2501 2377 2569; x_wconf 88' lang='lat' dir='ltr'><strong>quitate,</strong></span> <span class='ocrx_word' id='word_1_253' title='bbox 2411 2501 2462 2554; x_wconf 92' lang='lat' dir='ltr'><strong>in</strong></span> <span class='ocrx_word' id='word_1_254' title='bbox 2494 2503 2846 2571; x_wconf 74' lang='lat' dir='ltr'><strong>aegritudine,</strong></span> <span class='ocrx_word' id='word_1_255' title='bbox 2888 2515 2943 2561; x_wconf 91' lang='lat' dir='ltr'><strong>et</strong></span> <span class='ocrx_word' id='word_1_256' title='bbox 2964 2507 3171 2579; x_wconf 87' lang='lat' dir='ltr'><strong>justitia</strong></span> <span class='ocrx_word' id='word_1_257' title='bbox 3195 2520 3250 2565; x_wconf 91' lang='lat' dir='ltr'><strong>et</strong></span> <span class='ocrx_word' id='word_1_258' title='bbox 3285 2513 3489 2568; x_wconf 90' lang='lat' dir='ltr'><strong>sanitas</strong></span> <span class='ocrx_word' id='word_1_259' title='bbox 3517 2523 3572 2568; x_wconf 92' lang='lat' dir='ltr'><strong>et</strong></span> <span class='ocrx_word' id='word_1_260' title='bbox 3598 2525 3756 2580; x_wconf 77' lang='lat' dir='ltr'><strong>ortus</strong></span> 
     </span>
    </p>
   </div>
   <div class='ocr_carea' id='block_1_39' title="bbox 2149 2592 3755 2664">
    <p class='ocr_par' dir='ltr' id='par_1_39' title="bbox 2149 2592 3755 2664">
     <span class='ocr_line' id='line_1_39' title="bbox 2149 2592 3755 2664; baseline 0.012 -19"><span class='ocrx_word' id='word_1_261' title='bbox 2149 2605 2216 2646; x_wconf 86' lang='lat' dir='ltr'><strong>ex</strong></span> <span class='ocrx_word' id='word_1_262' title='bbox 2247 2592 2356 2647; x_wconf 90' lang='lat' dir='ltr'><strong>Deo</strong></span> <span class='ocrx_word' id='word_1_263' title='bbox 2395 2601 2501 2648; x_wconf 92' lang='lat' dir='ltr'><strong>est.</strong></span> <span class='ocrx_word' id='word_1_264' title='bbox 2533 2593 2670 2664; x_wconf 82' lang='lat' dir='ltr'><strong>Spes</strong></span> <span class='ocrx_word' id='word_1_265' title='bbox 2713 2611 2840 2651; x_wconf 85' lang='lat' dir='ltr'><strong>vero</strong></span> <span class='ocrx_word' id='word_1_266' title='bbox 2877 2600 3249 2658; x_wconf 73' lang='lat' dir='ltr'><strong>annmnitatem</strong></span> <span class='ocrx_word' id='word_1_267' title='bbox 3299 2604 3425 2659; x_wconf 68' lang='lat' dir='ltr'><strong>vita:</strong></span> <span class='ocrx_word' id='word_1_268' title='bbox 3463 2607 3755 2664; x_wconf 84' lang='lat' dir='ltr'><strong>mundialis</strong></span> 
     </span>
    </p>
   </div>
   <div class='ocr_carea' id='block_1_40' title="bbox 2150 2685 3756 2770">
    <p class='ocr_par' dir='ltr' id='par_1_40' title="bbox 2150 2685 3756 2770">
     <span class='ocr_line' id='line_1_40' title="bbox 2150 2685 3756 2770; baseline 0.009 -30"><span class='ocrx_word' id='word_1_269' title='bbox 2150 2693 2205 2740; x_wconf 89' lang='lat' dir='ltr'><strong>et</strong></span> <span class='ocrx_word' id='word_1_270' title='bbox 2232 2685 2370 2739; x_wconf 89' lang='lat' dir='ltr'><strong>bona</strong></span> <span class='ocrx_word' id='word_1_271' title='bbox 2403 2687 2612 2752; x_wconf 85' lang='lat' dir='ltr'><strong>saeculi,</strong></span> <span class='ocrx_word' id='word_1_272' title='bbox 2641 2687 2975 2758; x_wconf 74' lang='lat' dir='ltr'><strong>quiescentis</strong></span> <span class='ocrx_word' id='word_1_273' title='bbox 3003 2691 3065 2763; x_wconf 71' lang='grc' dir='ltr'><strong>(ι’.</strong></span> <span class='ocrx_word' id='word_1_274' title='bbox 3094 2694 3409 2768; x_wconf 84' lang='lat' dir='ltr'><strong>quiescens)</strong></span> <span class='ocrx_word' id='word_1_275' title='bbox 3435 2698 3486 2751; x_wconf 92' lang='lat' dir='ltr'><strong>in</strong></span> <span class='ocrx_word' id='word_1_276' title='bbox 3519 2698 3603 2754; x_wconf 84' lang='lat' dir='ltr'><strong>his</strong></span> <span class='ocrx_word' id='word_1_277' title='bbox 3629 2716 3756 2770; x_wconf 62' lang='lat' dir='ltr'><strong>quas</strong></span> 
     </span>
    </p>
   </div>
   <div class='ocr_carea' id='block_1_41' title="bbox 2150 2777 3753 2860">
    <p class='ocr_par' dir='ltr' id='par_1_41' title="bbox 2150 2777 3753 2860">
     <span class='ocr_line' id='line_1_41' title="bbox 2150 2777 3753 2860; baseline 0.011 -30"><span class='ocrx_word' id='word_1_278' title='bbox 2150 2792 2178 2830; x_wconf 91' lang='lat' dir='ltr'><strong>a</strong></span> <span class='ocrx_word' id='word_1_279' title='bbox 2226 2777 2339 2832; x_wconf 82' lang='lat' dir='ltr'><strong>Deo</strong></span> <span class='ocrx_word' id='word_1_280' title='bbox 2403 2779 2661 2848; x_wconf 85' lang='lat' dir='ltr'><strong>disposita</strong></span> <span class='ocrx_word' id='word_1_281' title='bbox 2714 2782 2973 2850; x_wconf 88' lang='lat' dir='ltr'><strong>conﬁdit,</strong></span> <span class='ocrx_word' id='word_1_282' title='bbox 3024 2799 3353 2856; x_wconf 76' lang='lat' dir='ltr'><strong>exsuperat,</strong></span> <span class='ocrx_word' id='word_1_283' title='bbox 3403 2793 3753 2860; x_wconf 75' lang='lat' dir='ltr'><strong>pra-sentium</strong></span> 
     </span>
    </p>
   </div>
   <div class='ocr_carea' id='block_1_42' title="bbox 2148 2869 3751 2952">
    <p class='ocr_par' dir='ltr' id='par_1_42' title="bbox 2148 2869 3751 2952">
     <span class='ocr_line' id='line_1_42' title="bbox 2148 2869 3751 2952; baseline 0.012 -30"><span class='ocrx_word' id='word_1_284' title='bbox 2148 2869 2351 2925; x_wconf 91' lang='lat' dir='ltr'><strong>damno</strong></span> <span class='ocrx_word' id='word_1_285' title='bbox 2383 2871 2684 2930; x_wconf 86' lang='lat' dir='ltr'><strong>futurorum</strong></span> <span class='ocrx_word' id='word_1_286' title='bbox 2728 2876 2877 2930; x_wconf 79' lang='lat' dir='ltr'><strong>lucra</strong></span> <span class='ocrx_word' id='word_1_287' title='bbox 2915 2880 3172 2934; x_wconf 80' lang='lat' dir='ltr'><strong>meriture</strong></span> <span class='ocrx_word' id='word_1_288' title='bbox 3217 2897 3230 2933; x_wconf 75' lang='grc' dir='ltr'><strong>ι</strong></span> <span class='ocrx_word' id='word_1_289' title='bbox 3280 2897 3441 2952; x_wconf 83' lang='lat' dir='ltr'><strong>quam</strong></span> <span class='ocrx_word' id='word_1_290' title='bbox 3489 2883 3751 2942; x_wconf 79' lang='lat' dir='ltr'><strong>Dominus</strong></span> 
     </span>
    </p>
   </div>
   <div class='ocr_carea' id='block_1_43' title="bbox 440 2959 3740 3043">
    <p class='ocr_par' dir='ltr' id='par_1_43' title="bbox 440 2959 3740 3043">
     <span class='ocr_line' id='line_1_43' title="bbox 440 2959 3740 3043; baseline 0.001 -17"><span class='ocrx_word' id='word_1_291' title='bbox 440 2987 538 3042; x_wconf 86' lang='lat' dir='ltr'><strong>per</strong></span> <span class='ocrx_word' id='word_1_292' title='bbox 569 2982 819 3036; x_wconf 54' lang='lat' dir='ltr'><strong>maneant</strong></span> <span class='ocrx_word' id='word_1_293' title='bbox 843 3013 857 3036; x_wconf 91' lang='lat'><strong>,</strong></span> <span class='ocrx_word' id='word_1_294' title='bbox 894 2985 996 3026; x_wconf 86' lang='lat' dir='ltr'><strong>nec</strong></span> <span class='ocrx_word' id='word_1_295' title='bbox 1030 2985 1282 3040; x_wconf 85' lang='lat' dir='ltr'><strong>umquam</strong></span> <span class='ocrx_word' id='word_1_296' title='bbox 1311 2971 1591 3036; x_wconf 81' lang='lat' dir='ltr'><strong>desinant;</strong></span> <span class='ocrx_word' id='word_1_297' title='bbox 1635 2978 1690 3026; x_wconf 87' lang='lat' dir='ltr'><strong>et</strong></span> <span class='ocrx_word' id='word_1_298' title='bbox 1715 2984 1836 3024; x_wconf 90' lang='lat' dir='ltr'><strong>cum</strong></span> <span class='ocrx_word' id='word_1_299' title='bbox 1863 2969 2043 3024; x_wconf 87' lang='lat' dir='ltr'><strong>omnia</strong></span> <span class='ocrx_word' id='word_1_300' title='bbox 2072 2959 2121 3020; x_wconf 87' lang='lat' dir='ltr'><strong>B</strong></span> <span class='ocrx_word' id='word_1_301' title='bbox 2150 2963 2242 3016; x_wconf 89' lang='lat' dir='ltr'><strong>tali</strong></span> <span class='ocrx_word' id='word_1_302' title='bbox 2277 2965 2499 3033; x_wconf 84' lang='lat' dir='ltr'><strong>pra-mio</strong></span> <span class='ocrx_word' id='word_1_303' title='bbox 2529 2977 2862 3032; x_wconf 88' lang='lat' dir='ltr'><strong>muneratur,</strong></span> <span class='ocrx_word' id='word_1_304' title='bbox 2885 2968 3086 3033; x_wconf 82' lang='lat' dir='ltr'><strong>Omnis,</strong></span> <span class='ocrx_word' id='word_1_305' title='bbox 3117 2973 3205 3037; x_wconf 89' lang='lat' dir='ltr'><strong>qui</strong></span> <span class='ocrx_word' id='word_1_306' title='bbox 3220 2973 3478 3043; x_wconf 80' lang='lat' dir='ltr'><strong>reliquerit</strong></span> <span class='ocrx_word' id='word_1_307' title='bbox 3506 2976 3740 3043; x_wconf 82' lang='lat' dir='ltr'><strong>domum,</strong></span> 
     </span>
    </p>
   </div>
   <div class='ocr_carea' id='block_1_44' title="bbox 443 3062 2049 3136">
    <p class='ocr_par' dir='ltr' id='par_1_44' title="bbox 443 3062 2049 3136">
     <span class='ocr_line' id='line_1_44' title="bbox 443 3062 2049 3136; baseline -0.002 -16"><span class='ocrx_word' id='word_1_308' title='bbox 443 3067 494 3120; x_wconf 90' lang='lat' dir='ltr'><strong>in</strong></span> <span class='ocrx_word' id='word_1_309' title='bbox 545 3067 762 3120; x_wconf 83' lang='lat' dir='ltr'><strong>lt0utine</strong></span> <span class='ocrx_word' id='word_1_310' title='bbox 797 3081 892 3129; x_wconf 85' lang='lat' dir='ltr'><strong>pro</strong></span> <span class='ocrx_word' id='word_1_311' title='bbox 939 3076 1088 3136; x_wconf 86' lang='lat' dir='ltr'><strong>parte</strong></span> <span class='ocrx_word' id='word_1_312' title='bbox 1113 3066 1244 3131; x_wconf 80' lang='lat' dir='ltr'><strong>sint,</strong></span> <span class='ocrx_word' id='word_1_313' title='bbox 1287 3066 1400 3128; x_wconf 74' lang='lat' dir='ltr'><strong>haec</strong></span> <span class='ocrx_word' id='word_1_314' title='bbox 1432 3073 1608 3124; x_wconf 85' lang='lat' dir='ltr'><strong>tamen</strong></span> <span class='ocrx_word' id='word_1_315' title='bbox 1665 3063 1779 3117; x_wconf 86' lang='lat' dir='ltr'><strong>sola</strong></span> <span class='ocrx_word' id='word_1_316' title='bbox 1809 3062 2049 3132; x_wconf 78' lang='lat' dir='ltr'><strong>perfecta</strong></span> 
     </span>
    </p>
   </div>
   <div class='ocr_carea' id='block_1_45' title="bbox 439 3154 2048 3229">
    <p class='ocr_par' dir='ltr' id='par_1_45' title="bbox 439 3154 2048 3229">
     <span class='ocr_line' id='line_1_45' title="bbox 439 3154 2048 3229; baseline -0.004 -15"><span class='ocrx_word' id='word_1_317' title='bbox 439 3161 569 3215; x_wconf 90' lang='lat' dir='ltr'><strong>sint.</strong></span> <span class='ocrx_word' id='word_1_318' title='bbox 627 3160 758 3214; x_wconf 89' lang='lat' dir='ltr'><strong>Nam</strong></span> <span class='ocrx_word' id='word_1_319' title='bbox 815 3162 928 3215; x_wconf 88' lang='lat' dir='ltr'><strong>sive</strong></span> <span class='ocrx_word' id='word_1_320' title='bbox 981 3157 1282 3229; x_wconf 79' lang='lat' dir='ltr'><strong>pr0phetire</strong></span> <span class='ocrx_word' id='word_1_321' title='bbox 1335 3157 1731 3224; x_wconf 82' lang='lat' dir='ltr'><strong>abolebantur,</strong></span> <span class='ocrx_word' id='word_1_322' title='bbox 1785 3157 1899 3216; x_wconf 84' lang='lat' dir='ltr'><strong>sive</strong></span> <span class='ocrx_word' id='word_1_323' title='bbox 1947 3154 2048 3212; x_wconf 87' lang='lat' dir='ltr'><strong>lin-</strong></span> 
     </span>
    </p>
   </div>
   <div class='ocr_carea' id='block_1_46' title="bbox 443 3245 2050 3322">
    <p class='ocr_par' dir='ltr' id='par_1_46' title="bbox 443 3245 2050 3322">
     <span class='ocr_line' id='line_1_46' title="bbox 443 3245 2050 3322; baseline -0.003 -19"><span class='ocrx_word' id='word_1_324' title='bbox 443 3268 562 3322; x_wconf 72' lang='lat' dir='ltr'><strong>guae</strong></span> <span class='ocrx_word' id='word_1_325' title='bbox 613 3252 941 3320; x_wconf 81' lang='lat' dir='ltr'><strong>cessabunt,</strong></span> <span class='ocrx_word' id='word_1_326' title='bbox 994 3251 1109 3316; x_wconf 59' lang='lat' dir='ltr'><strong>sire</strong></span> <span class='ocrx_word' id='word_1_327' title='bbox 1155 3249 1380 3314; x_wconf 83' lang='lat' dir='ltr'><strong>scientia</strong></span> <span class='ocrx_word' id='word_1_328' title='bbox 1423 3247 1764 3311; x_wconf 78' lang='lat' dir='ltr'><strong>destruetur,</strong></span> <span class='ocrx_word' id='word_1_329' title='bbox 1816 3245 1914 3306; x_wconf 87' lang='lat' dir='ltr'><strong>tria</strong></span> <span class='ocrx_word' id='word_1_330' title='bbox 1963 3246 2050 3300; x_wconf 88' lang='lat' dir='ltr'><strong>illa</strong></span> 
     </span>
    </p>
   </div>
   <div class='ocr_carea' id='block_1_47' title="bbox 443 3340 2049 3415">
    <p class='ocr_par' dir='ltr' id='par_1_47' title="bbox 443 3340 2049 3415">
     <span class='ocr_line' id='line_1_47' title="bbox 443 3340 2049 3415; baseline -0.005 -15"><span class='ocrx_word' id='word_1_331' title='bbox 443 3347 722 3415; x_wconf 78' lang='lat' dir='ltr'><strong>Superiora</strong></span> <span class='ocrx_word' id='word_1_332' title='bbox 796 3346 1182 3413; x_wconf 83' lang='lat' dir='ltr'><strong>perfectionem</strong></span> <span class='ocrx_word' id='word_1_333' title='bbox 1249 3340 1637 3396; x_wconf 86' lang='lat' dir='ltr'><strong>immutabilem</strong></span> <span class='ocrx_word' id='word_1_334' title='bbox 1707 3355 2049 3415; x_wconf 86' lang='lat' dir='ltr'><strong>consequun-</strong></span> 
     </span>
    </p>
   </div>
   <div class='ocr_carea' id='block_1_48' title="bbox 444 3433 2050 3502">
    <p class='ocr_par' dir='ltr' id='par_1_48' title="bbox 444 3433 2050 3502">
     <span class='ocr_line' id='line_1_48' title="bbox 444 3433 2050 3502; baseline -0.006 -10"><span class='ocrx_word' id='word_1_335' title='bbox 444 3448 530 3492; x_wconf 78' lang='lat' dir='ltr'><strong>tur</strong></span> <span class='ocrx_word' id='word_1_336' title='bbox 584 3455 594 3488; x_wconf 92' lang='lat'>:</span> <span class='ocrx_word' id='word_1_337' title='bbox 645 3447 697 3490; x_wconf 88' lang='lat' dir='ltr'><strong>et</strong></span> <span class='ocrx_word' id='word_1_338' title='bbox 768 3436 899 3492; x_wconf 87' lang='lat' dir='ltr'><strong>nihil</strong></span> <span class='ocrx_word' id='word_1_339' title='bbox 962 3447 1054 3491; x_wconf 84' lang='lat' dir='ltr'><strong>aut</strong></span> <span class='ocrx_word' id='word_1_340' title='bbox 1109 3436 1451 3496; x_wconf 76' lang='lat' dir='ltr'><strong>extrinsecus</strong></span> <span class='ocrx_word' id='word_1_341' title='bbox 1508 3433 1889 3502; x_wconf 81' lang='lat' dir='ltr'><strong>mutabuntur,</strong></span> <span class='ocrx_word' id='word_1_342' title='bbox 1957 3439 2050 3484; x_wconf 87' lang='lat' dir='ltr'><strong>aut</strong></span> 
     </span>
    </p>
   </div>
   <div class='ocr_carea' id='block_1_49' title="bbox 441 3523 2044 3600">
    <p class='ocr_par' dir='ltr' id='par_1_49' title="bbox 441 3523 2044 3600">
     <span class='ocr_line' id='line_1_49' title="bbox 441 3523 2044 3600; baseline -0.005 -16"><span class='ocrx_word' id='word_1_343' title='bbox 441 3532 577 3584; x_wconf 87' lang='lat' dir='ltr'><strong>ultra</strong></span> <span class='ocrx_word' id='word_1_344' title='bbox 620 3545 778 3600; x_wconf 89' lang='lat' dir='ltr'><strong>quam</strong></span> <span class='ocrx_word' id='word_1_345' title='bbox 824 3530 893 3598; x_wconf 77' lang='grc' dir='ltr'><strong>(ι’)</strong></span> <span class='ocrx_word' id='word_1_346' title='bbox 945 3528 1231 3592; x_wconf 73' lang='lat' dir='ltr'><strong>obtinent,</strong></span> <span class='ocrx_word' id='word_1_347' title='bbox 1279 3527 1500 3580; x_wconf 88' lang='lat' dir='ltr'><strong>uberius</strong></span> <span class='ocrx_word' id='word_1_348' title='bbox 1555 3524 1854 3592; x_wconf 80' lang='lat' dir='ltr'><strong>nequirent.</strong></span> <span class='ocrx_word' id='word_1_349' title='bbox 1913 3523 2044 3577; x_wconf 78' lang='lat' dir='ltr'><strong>Cum</strong></span> 
     </span>
    </p>
   </div>
   <div class='ocr_carea' id='block_1_50' title="bbox 437 3616 2044 3702">
    <p class='ocr_par' dir='ltr' id='par_1_50' title="bbox 437 3616 2044 3702">
     <span class='ocr_line' id='line_1_50' title="bbox 437 3616 2044 3702; baseline -0.006 -24"><span class='ocrx_word' id='word_1_350' title='bbox 437 3623 583 3678; x_wconf 90' lang='lat' dir='ltr'><strong>enim</strong></span> <span class='ocrx_word' id='word_1_351' title='bbox 665 3623 977 3702; x_wconf 73' lang='lat' dir='ltr'><strong>prophetiae</strong></span> <span class='ocrx_word' id='word_1_352' title='bbox 1043 3630 1097 3676; x_wconf 86' lang='lat' dir='ltr'><strong>et</strong></span> <span class='ocrx_word' id='word_1_353' title='bbox 1157 3621 1368 3690; x_wconf 86' lang='lat' dir='ltr'><strong>linguas</strong></span> <span class='ocrx_word' id='word_1_354' title='bbox 1456 3628 1511 3672; x_wconf 91' lang='lat' dir='ltr'><strong>et</strong></span> <span class='ocrx_word' id='word_1_355' title='bbox 1561 3618 1843 3674; x_wconf 82' lang='lat' dir='ltr'><strong>scientiam</strong></span> <span class='ocrx_word' id='word_1_356' title='bbox 1899 3616 2044 3676; x_wconf 83' lang='lat' dir='ltr'><strong>veri-</strong></span> 
     </span>
    </p>
   </div>
   <div class='ocr_carea' id='block_1_51' title="bbox 441 3707 2046 3780">
    <p class='ocr_par' dir='ltr' id='par_1_51' title="bbox 441 3707 2046 3780">
     <span class='ocr_line' id='line_1_51' title="bbox 441 3707 2046 3780; baseline -0.004 -12"><span class='ocrx_word' id='word_1_357' title='bbox 441 3724 524 3768; x_wconf 90' lang='lat' dir='ltr'><strong>tas</strong></span> <span class='ocrx_word' id='word_1_358' title='bbox 578 3714 821 3769; x_wconf 87' lang='lat' dir='ltr'><strong>absoluta</strong></span> <span class='ocrx_word' id='word_1_359' title='bbox 875 3712 1126 3780; x_wconf 80' lang='lat' dir='ltr'><strong>depellit;</strong></span> <span class='ocrx_word' id='word_1_360' title='bbox 1193 3709 1353 3765; x_wconf 89' lang='lat' dir='ltr'><strong>ﬁdem</strong></span> <span class='ocrx_word' id='word_1_361' title='bbox 1387 3751 1402 3775; x_wconf 94' lang='lat'><strong>,</strong></span> <span class='ocrx_word' id='word_1_362' title='bbox 1459 3724 1610 3778; x_wconf 82' lang='lat' dir='ltr'><strong>spem</strong></span> <span class='ocrx_word' id='word_1_363' title='bbox 1653 3751 1666 3776; x_wconf 89' lang='lat'><strong>,</strong></span> <span class='ocrx_word' id='word_1_364' title='bbox 1727 3707 2046 3763; x_wconf 88' lang='lat' dir='ltr'><strong>charitatem</strong></span> 
     </span>
    </p>
   </div>
   <div class='ocr_carea' id='block_1_52' title="bbox 443 3800 2054 3877">
    <p class='ocr_par' dir='ltr' id='par_1_52' title="bbox 443 3800 2054 3877">
     <span class='ocr_line' id='line_1_52' title="bbox 443 3800 2054 3877; baseline -0.006 -15"><span class='ocrx_word' id='word_1_365' title='bbox 443 3808 792 3877; x_wconf 68' lang='lat' dir='ltr'><strong>capessendae</strong></span> <span class='ocrx_word' id='word_1_366' title='bbox 830 3805 1154 3860; x_wconf 86' lang='lat' dir='ltr'><strong>aeternitatis</strong></span> <span class='ocrx_word' id='word_1_367' title='bbox 1191 3802 1444 3858; x_wconf 89' lang='lat' dir='ltr'><strong>traduces</strong></span> <span class='ocrx_word' id='word_1_368' title='bbox 1485 3811 1540 3856; x_wconf 91' lang='lat' dir='ltr'><strong>et</strong></span> <span class='ocrx_word' id='word_1_369' title='bbox 1586 3811 1852 3874; x_wconf 87' lang='lat' dir='ltr'><strong>patronos</strong></span> <span class='ocrx_word' id='word_1_370' title='bbox 1895 3800 2054 3853; x_wconf 82' lang='lat' dir='ltr'><strong>sicuti</strong></span> 
     </span>
    </p>
   </div>
   <div class='ocr_carea' id='block_1_53' title="bbox 441 3891 2047 3968">
    <p class='ocr_par' dir='ltr' id='par_1_53' title="bbox 441 3891 2047 3968">
     <span class='ocr_line' id='line_1_53' title="bbox 441 3891 2047 3968; baseline -0.006 -14"><span class='ocrx_word' id='word_1_371' title='bbox 441 3900 559 3968; x_wconf 89' lang='lat' dir='ltr'><strong>ipsa</strong></span> <span class='ocrx_word' id='word_1_372' title='bbox 603 3909 763 3954; x_wconf 90' lang='lat' dir='ltr'><strong>erunt</strong></span> <span class='ocrx_word' id='word_1_373' title='bbox 814 3897 1094 3958; x_wconf 79' lang='lat' dir='ltr'><strong>aeternitas</strong></span> <span class='ocrx_word' id='word_1_374' title='bbox 1144 3895 1538 3968; x_wconf 82' lang='lat' dir='ltr'><strong>apprehendet.</strong></span> <span class='ocrx_word' id='word_1_375' title='bbox 1602 3893 1670 3948; x_wconf 85' lang='lat' dir='ltr'><strong>Et</strong></span> <span class='ocrx_word' id='word_1_376' title='bbox 1713 3891 2047 3962; x_wconf 81' lang='lat' dir='ltr'><strong>singularum</strong></span> 
     </span>
    </p>
   </div>
   <div class='ocr_carea' id='block_1_54' title="bbox 442 3985 2045 4061">
    <p class='ocr_par' dir='ltr' id='par_1_54' title="bbox 442 3985 2045 4061">
     <span class='ocr_line' id='line_1_54' title="bbox 442 3985 2045 4061; baseline -0.004 -16"><span class='ocrx_word' id='word_1_377' title='bbox 442 3991 660 4061; x_wconf 85' lang='lat' dir='ltr'><strong>quidem</strong></span> <span class='ocrx_word' id='word_1_378' title='bbox 688 4006 868 4046; x_wconf 89' lang='lat' dir='ltr'><strong>rerutn</strong></span> <span class='ocrx_word' id='word_1_379' title='bbox 898 3989 1040 4045; x_wconf 91' lang='lat' dir='ltr'><strong>idem</strong></span> <span class='ocrx_word' id='word_1_380' title='bbox 1067 3988 1256 4044; x_wconf 86' lang='lat' dir='ltr'><strong>beatus</strong></span> <span class='ocrx_word' id='word_1_381' title='bbox 1274 3988 1570 4060; x_wconf 86' lang='lat' dir='ltr'><strong>Apostolus</strong></span> <span class='ocrx_word' id='word_1_382' title='bbox 1595 3986 1788 4041; x_wconf 89' lang='lat' dir='ltr'><strong>metita</strong></span> <span class='ocrx_word' id='word_1_383' title='bbox 1816 3985 2045 4059; x_wconf 80' lang='lat' dir='ltr'><strong>(supple,</strong></span> 
     </span>
    </p>
   </div>
   <div class='ocr_carea' id='block_1_55' title="bbox 444 4075 2043 4153">
    <p class='ocr_par' dir='ltr' id='par_1_55' title="bbox 444 4075 2043 4153">
     <span class='ocr_line' id='line_1_55' title="bbox 444 4075 2043 4153; baseline -0.004 -16"><span class='ocrx_word' id='word_1_384' title='bbox 444 4085 656 4138; x_wconf 89' lang='lat' dir='ltr'><strong>ratione</strong></span> <span class='ocrx_word' id='word_1_385' title='bbox 685 4093 772 4136; x_wconf 81' lang='lat' dir='ltr'><strong>aut</strong></span> <span class='ocrx_word' id='word_1_386' title='bbox 802 4081 926 4153; x_wconf 84' lang='lat' dir='ltr'><strong>quid</strong></span> <span class='ocrx_word' id='word_1_387' title='bbox 953 4079 1141 4150; x_wconf 86' lang='lat' dir='ltr'><strong>simile)</strong></span> <span class='ocrx_word' id='word_1_388' title='bbox 1167 4080 1346 4150; x_wconf 80' lang='lat' dir='ltr'><strong>exigui</strong></span> <span class='ocrx_word' id='word_1_389' title='bbox 1371 4079 1594 4134; x_wconf 88' lang='lat' dir='ltr'><strong>honoris</strong></span> <span class='ocrx_word' id='word_1_390' title='bbox 1631 4078 1714 4132; x_wconf 90' lang='lat' dir='ltr'><strong>sui</strong></span> <span class='ocrx_word' id='word_1_391' title='bbox 1754 4075 2000 4140; x_wconf 70' lang='lat' dir='ltr'><strong>distinxit</strong></span> <span class='ocrx_word' id='word_1_392' title='bbox 2031 4093 2043 4130; x_wconf 94' lang='lat'>:</span> 
     </span>
    </p>
   </div>
   <div class='ocr_carea' id='block_1_56' title="bbox 441 4171 2049 4252">
    <p class='ocr_par' dir='ltr' id='par_1_56' title="bbox 441 4171 2049 4252">
     <span class='ocr_line' id='line_1_56' title="bbox 441 4171 2049 4252; baseline -0.004 -23"><span class='ocrx_word' id='word_1_393' title='bbox 441 4174 742 4242; x_wconf 75' lang='lat' dir='ltr'><strong>utintelligi</strong></span> <span class='ocrx_word' id='word_1_394' title='bbox 772 4183 1076 4245; x_wconf 88' lang='lat' dir='ltr'><strong>promptum</strong></span> <span class='ocrx_word' id='word_1_395' title='bbox 1097 4182 1260 4243; x_wconf 86' lang='lat' dir='ltr'><strong>esset,</strong></span> <span class='ocrx_word' id='word_1_396' title='bbox 1286 4174 1502 4230; x_wconf 85' lang='lat' dir='ltr'><strong>caeteris</strong></span> <span class='ocrx_word' id='word_1_397' title='bbox 1533 4172 1612 4245; x_wconf 79' lang='grc' dir='ltr'><strong>(ἀ)</strong></span> <span class='ocrx_word' id='word_1_398' title='bbox 1644 4171 1884 4252; x_wconf 86' lang='lat' dir='ltr'><strong>profectu</strong></span> <span class='ocrx_word' id='word_1_399' title='bbox 1914 4186 2049 4242; x_wconf 81' lang='lat' dir='ltr'><strong>aug-</strong></span> 
     </span>
    </p>
   </div>
   <div class='ocr_carea' id='block_1_57' title="bbox 442 4265 2044 4336">
    <p class='ocr_par' dir='ltr' id='par_1_57' title="bbox 442 4265 2044 4336">
     <span class='ocr_line' id='line_1_57' title="bbox 442 4265 2044 4336; baseline -0.001 -16"><span class='ocrx_word' id='word_1_400' title='bbox 442 4267 610 4320; x_wconf 89' lang='lat' dir='ltr'><strong>menti</strong></span> <span class='ocrx_word' id='word_1_401' title='bbox 660 4268 902 4326; x_wconf 75' lang='lat' dir='ltr'><strong>ccelestis</strong></span> <span class='ocrx_word' id='word_1_402' title='bbox 946 4267 1263 4334; x_wconf 89' lang='lat' dir='ltr'><strong>abolendis,</strong></span> <span class='ocrx_word' id='word_1_403' title='bbox 1312 4282 1417 4322; x_wconf 89' lang='lat' dir='ltr'><strong>non</strong></span> <span class='ocrx_word' id='word_1_404' title='bbox 1458 4267 1655 4336; x_wconf 80' lang='lat' dir='ltr'><strong>exiguo</strong></span> <span class='ocrx_word' id='word_1_405' title='bbox 1699 4266 1924 4321; x_wconf 87' lang='lat' dir='ltr'><strong>honoris</strong></span> <span class='ocrx_word' id='word_1_406' title='bbox 1963 4265 2044 4330; x_wconf 88' lang='lat' dir='ltr'><strong>sui</strong></span> 
     </span>
    </p>
   </div>
   <div class='ocr_carea' id='block_1_58' title="bbox 439 4357 1898 4430">
    <p class='ocr_par' dir='ltr' id='par_1_58' title="bbox 439 4357 1898 4430">
     <span class='ocr_line' id='line_1_58' title="bbox 439 4357 1898 4430; baseline -0.002 -17"><span class='ocrx_word' id='word_1_407' title='bbox 439 4357 638 4426; x_wconf 87' lang='lat' dir='ltr'><strong>fructu,</strong></span> <span class='ocrx_word' id='word_1_408' title='bbox 667 4359 768 4413; x_wconf 86' lang='lat' dir='ltr'><strong>tria</strong></span> <span class='ocrx_word' id='word_1_409' title='bbox 800 4357 915 4413; x_wconf 81' lang='lat' dir='ltr'><strong>haec</strong></span> <span class='ocrx_word' id='word_1_410' title='bbox 937 4359 1051 4412; x_wconf 89' lang='lat' dir='ltr'><strong>sola</strong></span> <span class='ocrx_word' id='word_1_411' title='bbox 1079 4373 1203 4414; x_wconf 87' lang='lat' dir='ltr'><strong>esse</strong></span> <span class='ocrx_word' id='word_1_412' title='bbox 1233 4373 1352 4430; x_wconf 79' lang='lat' dir='ltr'><strong>quae</strong></span> <span class='ocrx_word' id='word_1_413' title='bbox 1381 4368 1630 4412; x_wconf 84' lang='lat' dir='ltr'><strong>maneant</strong></span> <span class='ocrx_word' id='word_1_414' title='bbox 1659 4357 1898 4430; x_wconf 88' lang='lat' dir='ltr'><strong>quidem.</strong></span> 
     </span>
    </p>
   </div>
   <div class='ocr_carea' id='block_1_59' title="bbox 2151 3055 3751 3135">
    <p class='ocr_par' dir='ltr' id='par_1_59' title="bbox 2151 3055 3751 3135">
     <span class='ocr_line' id='line_1_59' title="bbox 2151 3055 3751 3135; baseline 0.009 -25"><span class='ocrx_word' id='word_1_415' title='bbox 2151 3055 2232 3110; x_wconf 83' lang='lat' dir='ltr'><strong>vel</strong></span> <span class='ocrx_word' id='word_1_416' title='bbox 2272 3059 2488 3127; x_wconf 73' lang='lat' dir='ltr'><strong>fratres,</strong></span> <span class='ocrx_word' id='word_1_417' title='bbox 2536 3059 2614 3113; x_wconf 81' lang='lat' dir='ltr'><strong>vel</strong></span> <span class='ocrx_word' id='word_1_418' title='bbox 2660 3075 2880 3123; x_wconf 78' lang='lat' dir='ltr'><strong>sorores,</strong></span> <span class='ocrx_word' id='word_1_419' title='bbox 2926 3072 3011 3115; x_wconf 86' lang='lat' dir='ltr'><strong>aut</strong></span> <span class='ocrx_word' id='word_1_420' title='bbox 3042 3074 3290 3128; x_wconf 86' lang='lat' dir='ltr'><strong>matrem,</strong></span> <span class='ocrx_word' id='word_1_421' title='bbox 3335 3076 3423 3121; x_wconf 72' lang='lat' dir='ltr'><strong>aut</strong></span> <span class='ocrx_word' id='word_1_422' title='bbox 3454 3069 3612 3135; x_wconf 85' lang='lat' dir='ltr'><strong>ﬁlios,</strong></span> <span class='ocrx_word' id='word_1_423' title='bbox 3661 3084 3751 3124; x_wconf 85' lang='lat' dir='ltr'><strong>aut</strong></span> 
     </span>
    </p>
   </div>
   <div class='ocr_carea' id='block_1_60' title="bbox 2151 3157 3754 3228">
    <p class='ocr_par' dir='ltr' id='par_1_60' title="bbox 2151 3157 3754 3228">
     <span class='ocr_line' id='line_1_60' title="bbox 2151 3157 3754 3228; baseline 0.011 -25"><span class='ocrx_word' id='word_1_424' title='bbox 2151 3167 2330 3220; x_wconf 86' lang='lat' dir='ltr'><strong>agrum</strong></span> <span class='ocrx_word' id='word_1_425' title='bbox 2364 3163 2572 3220; x_wconf 82' lang='lat' dir='ltr'><strong>propter</strong></span> <span class='ocrx_word' id='word_1_426' title='bbox 2601 3169 2780 3208; x_wconf 87' lang='lat' dir='ltr'><strong>nomen</strong></span> <span class='ocrx_word' id='word_1_427' title='bbox 2825 3170 2988 3208; x_wconf 68' lang='lat' dir='ltr'><strong>metant</strong></span> <span class='ocrx_word' id='word_1_428' title='bbox 3014 3195 3027 3219; x_wconf 91' lang='lat'><strong>,</strong></span> <span class='ocrx_word' id='word_1_429' title='bbox 3059 3157 3356 3228; x_wconf 76' lang='lat' dir='ltr'><strong>centuplum</strong></span> <span class='ocrx_word' id='word_1_430' title='bbox 3391 3162 3605 3228; x_wconf 84' lang='lat' dir='ltr'><strong>accipiet</strong></span> <span class='ocrx_word' id='word_1_431' title='bbox 3631 3204 3644 3225; x_wconf 90' lang='lat'><strong>,</strong></span> <span class='ocrx_word' id='word_1_432' title='bbox 3701 3175 3754 3220; x_wconf 74' lang='lat' dir='ltr'><strong>ct</strong></span> 
     </span>
    </p>
   </div>
   <div class='ocr_carea' id='block_1_61' title="bbox 2152 3245 3752 3325">
    <p class='ocr_par' dir='ltr' id='par_1_61' title="bbox 2152 3245 3752 3325">
     <span class='ocr_line' id='line_1_61' title="bbox 2152 3245 3752 3325; baseline 0.011 -30"><span class='ocrx_word' id='word_1_433' title='bbox 2152 3245 2306 3296; x_wconf 82' lang='lat' dir='ltr'><strong>vitam</strong></span> <span class='ocrx_word' id='word_1_434' title='bbox 2343 3255 2588 3297; x_wconf 74' lang='lat' dir='ltr'><strong>aeternam</strong></span> <span class='ocrx_word' id='word_1_435' title='bbox 2627 3245 2907 3314; x_wconf 83' lang='lat' dir='ltr'><strong>possidebit</strong></span> <span class='ocrx_word' id='word_1_436' title='bbox 2935 3246 3150 3313; x_wconf 78' lang='lat' dir='ltr'><strong>(Matth.</strong></span> <span class='ocrx_word' id='word_1_437' title='bbox 3207 3265 3295 3306; x_wconf 79' lang='grc' dir='ltr'>ιη</span> <span class='ocrx_word' id='word_1_438' title='bbox 3318 3292 3334 3316; x_wconf 85' lang='grc'><em>,</em></span> <span class='ocrx_word' id='word_1_439' title='bbox 3366 3251 3484 3323; x_wconf 68' lang='grc'>29).</span> <span class='ocrx_word' id='word_1_440' title='bbox 3525 3254 3752 3325; x_wconf 59' lang='lat' dir='ltr'><strong>Egregia</strong></span> 
     </span>
    </p>
   </div>
   <div class='ocr_carea' id='block_1_62' title="bbox 2151 3337 3752 3416">
    <p class='ocr_par' dir='ltr' id='par_1_62' title="bbox 2151 3337 3752 3416">
     <span class='ocr_line' id='line_1_62' title="bbox 2151 3337 3752 3416; baseline 0.007 -28"><span class='ocrx_word' id='word_1_441' title='bbox 2151 3338 2410 3389; x_wconf 84' lang='lat' dir='ltr'><strong>virtutum</strong></span> <span class='ocrx_word' id='word_1_442' title='bbox 2441 3337 2530 3389; x_wconf 85' lang='lat' dir='ltr'><strong>Dei</strong></span> <span class='ocrx_word' id='word_1_443' title='bbox 2558 3338 2730 3401; x_wconf 86' lang='lat' dir='ltr'><strong>testis.</strong></span> <span class='ocrx_word' id='word_1_444' title='bbox 2757 3337 2950 3396; x_wconf 86' lang='lat' dir='ltr'><strong>ﬁducia</strong></span> <span class='ocrx_word' id='word_1_445' title='bbox 2978 3344 3398 3410; x_wconf 81' lang='lat' dir='ltr'><strong>exspectationis</strong></span> <span class='ocrx_word' id='word_1_446' title='bbox 3427 3360 3540 3400; x_wconf 74' lang='lat' dir='ltr'><strong>suae</strong></span> <span class='ocrx_word' id='word_1_447' title='bbox 3564 3387 3579 3412; x_wconf 94' lang='lat'><strong>,</strong></span> <span class='ocrx_word' id='word_1_448' title='bbox 3609 3363 3752 3416; x_wconf 80' lang='lat' dir='ltr'><strong>prm-</strong></span> 
     </span>
    </p>
   </div>
   <div class='ocr_carea' id='block_1_63' title="bbox 2151 3428 3753 3505">
    <p class='ocr_par' dir='ltr' id='par_1_63' title="bbox 2151 3428 3753 3505">
     <span class='ocr_line' id='line_1_63' title="bbox 2151 3428 3753 3505; baseline 0.009 -24"><span class='ocrx_word' id='word_1_449' title='bbox 2151 3428 2327 3482; x_wconf 81' lang='lat' dir='ltr'><strong>seutia</strong></span> <span class='ocrx_word' id='word_1_450' title='bbox 2367 3444 2596 3498; x_wconf 85' lang='lat' dir='ltr'><strong>quaeque</strong></span> <span class='ocrx_word' id='word_1_451' title='bbox 2625 3439 2682 3482; x_wconf 95' lang='grc' dir='ltr'><strong>ιιι</strong></span> <span class='ocrx_word' id='word_1_452' title='bbox 2709 3430 2853 3486; x_wconf 88' lang='lat' dir='ltr'><strong>nulla</strong></span> <span class='ocrx_word' id='word_1_453' title='bbox 2885 3439 2940 3486; x_wconf 84' lang='lat' dir='ltr'><strong>et</strong></span> <span class='ocrx_word' id='word_1_454' title='bbox 2963 3431 3169 3490; x_wconf 84' lang='lat' dir='ltr'><strong>incerta</strong></span> <span class='ocrx_word' id='word_1_455' title='bbox 3213 3434 3544 3505; x_wconf 83' lang='lat' dir='ltr'><strong>despiciens,</strong></span> <span class='ocrx_word' id='word_1_456' title='bbox 3574 3439 3753 3495; x_wconf 76' lang='lat' dir='ltr'><strong>future</strong></span> 
     </span>
    </p>
   </div>
   <div class='ocr_carea' id='block_1_64' title="bbox 2149 3524 3753 3599">
    <p class='ocr_par' dir='ltr' id='par_1_64' title="bbox 2149 3524 3753 3599">
     <span class='ocr_line' id='line_1_64' title="bbox 2149 3524 3753 3599; baseline 0.008 -26"><span class='ocrx_word' id='word_1_457' title='bbox 2149 3536 2280 3574; x_wconf 87' lang='lat' dir='ltr'><strong>vero</strong></span> <span class='ocrx_word' id='word_1_458' title='bbox 2296 3530 2355 3575; x_wconf 93' lang='lat' dir='ltr'><strong>ut</strong></span> <span class='ocrx_word' id='word_1_459' title='bbox 2369 3532 2571 3575; x_wconf 66' lang='lat' dir='ltr'><strong>mterna</strong></span> <span class='ocrx_word' id='word_1_460' title='bbox 2589 3532 2642 3578; x_wconf 89' lang='lat' dir='ltr'><strong>et</strong></span> <span class='ocrx_word' id='word_1_461' title='bbox 2665 3524 2949 3590; x_wconf 78' lang='lat' dir='ltr'><strong>praesentia</strong></span> <span class='ocrx_word' id='word_1_462' title='bbox 2971 3526 3414 3593; x_wconf 69' lang='lat' dir='ltr'><strong>apprehendens!</strong></span> <span class='ocrx_word' id='word_1_463' title='bbox 3441 3530 3547 3585; x_wconf 81' lang='lat' dir='ltr'><strong>Sed</strong></span> <span class='ocrx_word' id='word_1_464' title='bbox 3564 3547 3724 3599; x_wconf 84' lang='lat' dir='ltr'><strong>quant</strong></span> <span class='ocrx_word' id='word_1_465' title='bbox 3749 3569 3753 3571; x_wconf 92' lang='lat'><strong><em>-</em></strong></span> 
     </span>
    </p>
   </div>
   <div class='ocr_carea' id='block_1_65' title="bbox 2152 3613 3754 3703">
    <p class='ocr_par' dir='ltr' id='par_1_65' title="bbox 2152 3613 3754 3703">
     <span class='ocr_line' id='line_1_65' title="bbox 2152 3613 3754 3703; baseline 0.007 -36"><span class='ocrx_word' id='word_1_466' title='bbox 2152 3629 2310 3682; x_wconf 89' lang='lat' dir='ltr'><strong>quam</strong></span> <span class='ocrx_word' id='word_1_467' title='bbox 2323 3613 2490 3684; x_wconf 77' lang='lat'><strong>619</strong></span> <span class='ocrx_word' id='word_1_468' title='bbox 2504 3629 2770 3668; x_wconf 75' lang='lat' dir='ltr'><strong>mansurae</strong></span> <span class='ocrx_word' id='word_1_469' title='bbox 2789 3615 2932 3682; x_wconf 89' lang='lat' dir='ltr'><strong>ﬁdei,</strong></span> <span class='ocrx_word' id='word_1_470' title='bbox 2951 3618 3086 3687; x_wconf 68' lang='lat' dir='ltr'><strong>Spei.</strong></span> <span class='ocrx_word' id='word_1_471' title='bbox 3102 3617 3460 3703; x_wconf 61' lang='lat' dir='ltr'><strong>charitetisﬂ.</strong></span> <span class='ocrx_word' id='word_1_472' title='bbox 3478 3623 3754 3696; x_wconf 68' lang='lat' dir='ltr'><strong>charitati)</strong></span> 
     </span>
    </p>
   </div>
   <div class='ocr_carea' id='block_1_66' title="bbox 2152 3705 3754 3786">
    <p class='ocr_par' dir='ltr' id='par_1_66' title="bbox 2152 3705 3754 3786">
     <span class='ocr_line' id='line_1_66' title="bbox 2152 3705 3754 3786; baseline 0.007 -28"><span class='ocrx_word' id='word_1_473' title='bbox 2152 3720 2338 3775; x_wconf 88' lang='lat' dir='ltr'><strong>parem</strong></span> <span class='ocrx_word' id='word_1_474' title='bbox 2360 3708 2587 3775; x_wconf 80' lang='lat' dir='ltr'><strong>gloriam</strong></span> <span class='ocrx_word' id='word_1_475' title='bbox 2633 3705 2774 3761; x_wconf 90' lang='lat' dir='ltr'><strong>idem</strong></span> <span class='ocrx_word' id='word_1_476' title='bbox 2806 3709 3101 3778; x_wconf 81' lang='lat' dir='ltr'><strong>Apostolus</strong></span> <span class='ocrx_word' id='word_1_477' title='bbox 3131 3711 3345 3778; x_wconf 86' lang='lat' dir='ltr'><strong>tribuat,</strong></span> <span class='ocrx_word' id='word_1_478' title='bbox 3389 3725 3443 3770; x_wconf 81' lang='lat' dir='ltr'><strong>et</strong></span> <span class='ocrx_word' id='word_1_479' title='bbox 3471 3716 3754 3786; x_wconf 78' lang='lat' dir='ltr'><strong>aequaliter</strong></span> 
     </span>
    </p>
   </div>
   <div class='ocr_carea' id='block_1_67' title="bbox 2151 3797 3754 3878">
    <p class='ocr_par' dir='ltr' id='par_1_67' title="bbox 2151 3797 3754 3878">
     <span class='ocr_line' id='line_1_67' title="bbox 2151 3797 3754 3878; baseline 0.008 -28"><span class='ocrx_word' id='word_1_480' title='bbox 2151 3797 2487 3852; x_wconf 86' lang='lat' dir='ltr'><strong>inviolabiles</strong></span> <span class='ocrx_word' id='word_1_481' title='bbox 2504 3812 2596 3851; x_wconf 88' lang='lat' dir='ltr'><strong>cas</strong></span> <span class='ocrx_word' id='word_1_482' title='bbox 2608 3813 2729 3852; x_wconf 86' lang='lat' dir='ltr'><strong>esse</strong></span> <span class='ocrx_word' id='word_1_483' title='bbox 2747 3798 3035 3868; x_wconf 88' lang='lat' dir='ltr'><strong>signiﬁcet;</strong></span> <span class='ocrx_word' id='word_1_484' title='bbox 3064 3801 3381 3860; x_wconf 87' lang='lat' dir='ltr'><strong>cbaritatem</strong></span> <span class='ocrx_word' id='word_1_485' title='bbox 3406 3814 3582 3862; x_wconf 82' lang='lat' dir='ltr'><strong>tamen</strong></span> <span class='ocrx_word' id='word_1_486' title='bbox 3611 3824 3754 3878; x_wconf 75' lang='lat' dir='ltr'><strong>pra:-</strong></span> 
     </span>
    </p>
   </div>
   <div class='ocr_carea' id='block_1_68' title="bbox 2159 3889 3753 3970">
    <p class='ocr_par' dir='ltr' id='par_1_68' title="bbox 2159 3889 3753 3970">
     <span class='ocr_line' id='line_1_68' title="bbox 2159 3889 3753 3970; baseline 0.006 -24"><span class='ocrx_word' id='word_1_487' title='bbox 2159 3898 2304 3946; x_wconf 87' lang='lat' dir='ltr'><strong>stare</strong></span> <span class='ocrx_word' id='word_1_488' title='bbox 2321 3891 2536 3946; x_wconf 83' lang='lat' dir='ltr'><strong>caeteris</strong></span> <span class='ocrx_word' id='word_1_489' title='bbox 2557 3889 2930 3962; x_wconf 86' lang='lat' dir='ltr'><strong>superioribus</strong></span> <span class='ocrx_word' id='word_1_490' title='bbox 2945 3893 3163 3957; x_wconf 85' lang='lat' dir='ltr'><strong>indicat.</strong></span> <span class='ocrx_word' id='word_1_491' title='bbox 3178 3893 3282 3958; x_wconf 82' lang='lat' dir='ltr'><strong>Per</strong></span> <span class='ocrx_word' id='word_1_492' title='bbox 3306 3896 3444 3954; x_wconf 86' lang='lat' dir='ltr'><strong>hanc</strong></span> <span class='ocrx_word' id='word_1_493' title='bbox 3459 3898 3604 3958; x_wconf 86' lang='lat' dir='ltr'><strong>enim</strong></span> <span class='ocrx_word' id='word_1_494' title='bbox 3619 3917 3753 3970; x_wconf 86' lang='lat' dir='ltr'><strong>quo-</strong></span> 
     </span>
    </p>
   </div>
   <div class='ocr_carea' id='block_1_69' title="bbox 2153 3981 3755 4065">
    <p class='ocr_par' dir='ltr' id='par_1_69' title="bbox 2153 3981 3755 4065">
     <span class='ocr_line' id='line_1_69' title="bbox 2153 3981 3755 4065; baseline 0.009 -29"><span class='ocrx_word' id='word_1_495' title='bbox 2153 3981 2276 4036; x_wconf 90' lang='lat' dir='ltr'><strong>dam</strong></span> <span class='ocrx_word' id='word_1_496' title='bbox 2308 3983 2518 4037; x_wconf 89' lang='lat' dir='ltr'><strong>vinculo</strong></span> <span class='ocrx_word' id='word_1_497' title='bbox 2549 3983 2658 4039; x_wconf 92' lang='lat' dir='ltr'><strong>Deo</strong></span> <span class='ocrx_word' id='word_1_498' title='bbox 2686 3987 2921 4056; x_wconf 88' lang='lat' dir='ltr'><strong>suscepti</strong></span> <span class='ocrx_word' id='word_1_499' title='bbox 2945 3986 3144 4046; x_wconf 85' lang='lat' dir='ltr'><strong>amoris</strong></span> <span class='ocrx_word' id='word_1_500' title='bbox 3166 3993 3506 4055; x_wconf 87' lang='lat' dir='ltr'><strong>annectimur</strong></span> <span class='ocrx_word' id='word_1_501' title='bbox 3535 4011 3548 4047; x_wconf 89' lang='lat'><strong>:</strong></span> <span class='ocrx_word' id='word_1_502' title='bbox 3584 3993 3755 4065; x_wconf 86' lang='lat' dir='ltr'><strong>ﬁtque</strong></span> 
     </span>
    </p>
   </div>
   <div class='ocr_carea' id='block_1_70' title="bbox 2156 4074 3753 4156">
    <p class='ocr_par' dir='ltr' id='par_1_70' title="bbox 2156 4074 3753 4156">
     <span class='ocr_line' id='line_1_70' title="bbox 2156 4074 3753 4156; baseline 0.008 -27"><span class='ocrx_word' id='word_1_503' title='bbox 2156 4074 2429 4130; x_wconf 85' lang='lat' dir='ltr'><strong>individua</strong></span> <span class='ocrx_word' id='word_1_504' title='bbox 2477 4077 2546 4132; x_wconf 87' lang='lat' dir='ltr'><strong>ab</strong></span> <span class='ocrx_word' id='word_1_505' title='bbox 2579 4091 2646 4131; x_wconf 92' lang='lat' dir='ltr'><strong>eo</strong></span> <span class='ocrx_word' id='word_1_506' title='bbox 2675 4076 2926 4134; x_wconf 83' lang='lat' dir='ltr'><strong>voluntas</strong></span> <span class='ocrx_word' id='word_1_507' title='bbox 2969 4089 3150 4136; x_wconf 92' lang='lat' dir='ltr'><strong>nostra</strong></span> <span class='ocrx_word' id='word_1_508' title='bbox 3190 4084 3357 4138; x_wconf 88' lang='lat' dir='ltr'><strong>semel</strong></span> <span class='ocrx_word' id='word_1_509' title='bbox 3399 4087 3600 4142; x_wconf 90' lang='lat' dir='ltr'><strong>nomini</strong></span> <span class='ocrx_word' id='word_1_510' title='bbox 3633 4089 3753 4156; x_wconf 87' lang='lat' dir='ltr'><strong>ejus</strong></span> 
     </span>
    </p>
   </div>
   <div class='ocr_carea' id='block_1_71' title="bbox 2157 4165 3754 4244">
    <p class='ocr_par' dir='ltr' id='par_1_71' title="bbox 2157 4165 3754 4244">
     <span class='ocr_line' id='line_1_71' title="bbox 2157 4165 3754 4244; baseline 0.008 -23"><span class='ocrx_word' id='word_1_511' title='bbox 2157 4165 2423 4223; x_wconf 88' lang='lat' dir='ltr'><strong>cbaritate</strong></span> <span class='ocrx_word' id='word_1_512' title='bbox 2446 4169 2658 4238; x_wconf 88' lang='lat' dir='ltr'><strong>pietatis</strong></span> <span class='ocrx_word' id='word_1_513' title='bbox 2685 4168 2861 4224; x_wconf 90' lang='lat' dir='ltr'><strong>infusa</strong></span> <span class='ocrx_word' id='word_1_514' title='bbox 2884 4211 2899 4236; x_wconf 95' lang='lat'><strong>,</strong></span> <span class='ocrx_word' id='word_1_515' title='bbox 2937 4186 2965 4223; x_wconf 89' lang='lat' dir='ltr'><strong>a</strong></span> <span class='ocrx_word' id='word_1_516' title='bbox 2995 4187 3097 4241; x_wconf 90' lang='lat' dir='ltr'><strong>qua</strong></span> <span class='ocrx_word' id='word_1_517' title='bbox 3127 4189 3232 4228; x_wconf 88' lang='lat' dir='ltr'><strong>non</strong></span> <span class='ocrx_word' id='word_1_518' title='bbox 3275 4175 3504 4244; x_wconf 87' lang='lat' dir='ltr'><strong>gladius,</strong></span> <span class='ocrx_word' id='word_1_519' title='bbox 3535 4193 3639 4232; x_wconf 90' lang='lat' dir='ltr'><strong>non</strong></span> <span class='ocrx_word' id='word_1_520' title='bbox 3669 4182 3754 4233; x_wconf 81' lang='lat' dir='ltr'><strong>la-</strong></span> 
     </span>
    </p>
   </div>
   <div class='ocr_carea' id='block_1_72' title="bbox 2157 4261 3754 4340">
    <p class='ocr_par' dir='ltr' id='par_1_72' title="bbox 2157 4261 3754 4340">
     <span class='ocr_line' id='line_1_72' title="bbox 2157 4261 3754 4340; baseline 0.006 -25"><span class='ocrx_word' id='word_1_521' title='bbox 2157 4274 2305 4324; x_wconf 88' lang='lat' dir='ltr'><strong>mes,</strong></span> <span class='ocrx_word' id='word_1_522' title='bbox 2357 4275 2461 4322; x_wconf 86' lang='lat' dir='ltr'><strong>non</strong></span> <span class='ocrx_word' id='word_1_523' title='bbox 2513 4261 2727 4316; x_wconf 87' lang='lat' dir='ltr'><strong>nuditas</strong></span> <span class='ocrx_word' id='word_1_524' title='bbox 2776 4263 3050 4332; x_wconf 87' lang='lat' dir='ltr'><strong>separabit</strong></span> <span class='ocrx_word' id='word_1_525' title='bbox 3081 4263 3256 4338; x_wconf 85' lang='lat' dir='ltr'><strong>(Rom.</strong></span> <span class='ocrx_word' id='word_1_526' title='bbox 3304 4282 3435 4334; x_wconf 85' lang='lat' dir='ltr'><strong>vm,</strong></span> <span class='ocrx_word' id='word_1_527' title='bbox 3477 4269 3602 4339; x_wconf 79' lang='lat'><strong>55);</strong></span> <span class='ocrx_word' id='word_1_528' title='bbox 3656 4288 3754 4340; x_wconf 84' lang='lat' dir='ltr'><strong>per</strong></span> 
     </span>
    </p>
   </div>
   <div class='ocr_carea' id='block_1_73' title="bbox 2156 4352 3754 4429">
    <p class='ocr_par' dir='ltr' id='par_1_73' title="bbox 2156 4352 3754 4429">
     <span class='ocr_line' id='line_1_73' title="bbox 2156 4352 3754 4429; baseline 0.008 -23"><span class='ocrx_word' id='word_1_529' title='bbox 2156 4367 2317 4423; x_wconf 84' lang='lat' dir='ltr'><strong>quam</strong></span> <span class='ocrx_word' id='word_1_530' title='bbox 2349 4352 2425 4406; x_wconf 89' lang='lat' dir='ltr'><strong>ira</strong></span> <span class='ocrx_word' id='word_1_531' title='bbox 2447 4395 2462 4419; x_wconf 96' lang='lat'><strong>,</strong></span> <span class='ocrx_word' id='word_1_532' title='bbox 2491 4353 2796 4421; x_wconf 78' lang='lat' dir='ltr'><strong>aemulatio,</strong></span> <span class='ocrx_word' id='word_1_533' title='bbox 2819 4355 3072 4424; x_wconf 87' lang='lat' dir='ltr'><strong>ambitio,</strong></span> <span class='ocrx_word' id='word_1_534' title='bbox 3105 4357 3361 4429; x_wconf 88' lang='lat' dir='ltr'><strong>iniquitas</strong></span> <span class='ocrx_word' id='word_1_535' title='bbox 3386 4403 3400 4425; x_wconf 95' lang='lat'><strong>,</strong></span> <span class='ocrx_word' id='word_1_536' title='bbox 3428 4361 3615 4429; x_wconf 78' lang='lat' dir='ltr'><strong>luxus,</strong></span> <span class='ocrx_word' id='word_1_537' title='bbox 3656 4381 3754 4418; x_wconf 86' lang='lat' dir='ltr'><strong>cu-</strong></span> 
     </span>
    </p>
   </div>
   <div class='ocr_carea' id='block_1_74' title="bbox 519 4491 3750 4573">
    <p class='ocr_par' dir='ltr' id='par_1_74' title="bbox 519 4491 3750 4573">
     <span class='ocr_line' id='line_1_74' title="bbox 519 4491 3750 4573; baseline 0.009 -42"><span class='ocrx_word' id='word_1_538' title='bbox 519 4497 598 4569; x_wconf 78' lang='grc' dir='ltr'><strong>(η)</strong></span> <span class='ocrx_word' id='word_1_539' title='bbox 643 4496 1047 4573; x_wconf 55' lang='grc' dir='ltr'><strong>Ρπιωῖθιᾯηάηὲι</strong></span> <span class='ocrx_word' id='word_1_540' title='bbox 1090 4512 1212 4552; x_wconf 67' lang='lat' dir='ltr'><strong>esse</strong></span> <span class='ocrx_word' id='word_1_541' title='bbox 1232 4539 1245 4560; x_wconf 59' lang='lat'><strong>,</strong></span> <span class='ocrx_word' id='word_1_542' title='bbox 1281 4512 1588 4573; x_wconf 37' lang='lat' dir='ltr'><strong>eammeam</strong></span> <span class='ocrx_word' id='word_1_543' title='bbox 1605 4507 1785 4573; x_wconf 63' lang='grc' dir='ltr'><strong>ρναηε,</strong></span> <span class='ocrx_word' id='word_1_544' title='bbox 1827 4497 2034 4573; x_wconf 64' lang='lat' dir='ltr'><strong>perspi-</strong></span> <span class='ocrx_word' id='word_1_545' title='bbox 2065 4495 2111 4560; x_wconf 87' lang='lat' dir='ltr'>C</span> <span class='ocrx_word' id='word_1_546' title='bbox 2145 4492 2306 4573; x_wconf 68' lang='lat' dir='ltr'><strong>credit</strong></span> <span class='ocrx_word' id='word_1_547' title='bbox 2333 4491 2469 4563; x_wconf 78' lang='lat' dir='ltr'><strong>quod</strong></span> <span class='ocrx_word' id='word_1_548' title='bbox 2496 4508 2600 4546; x_wconf 87' lang='lat' dir='ltr'><strong>non</strong></span> <span class='ocrx_word' id='word_1_549' title='bbox 2619 4493 2771 4573; x_wconf 80' lang='lat' dir='ltr'><strong>videt.</strong></span> <span class='ocrx_word' id='word_1_550' title='bbox 2802 4509 2894 4573; x_wconf 75' lang='lat' dir='ltr'><strong>nec</strong></span> <span class='ocrx_word' id='word_1_551' title='bbox 2914 4497 3280 4573; x_wconf 83' lang='lat' dir='ltr'><strong>spedesiderat</strong></span> <span class='ocrx_word' id='word_1_552' title='bbox 3296 4503 3434 4571; x_wconf 85' lang='lat' dir='ltr'><strong>quod</strong></span> <span class='ocrx_word' id='word_1_553' title='bbox 3455 4519 3553 4556; x_wconf 85' lang='lat' dir='ltr'><strong>non</strong></span> <span class='ocrx_word' id='word_1_554' title='bbox 3576 4512 3750 4573; x_wconf 76' lang='lat' dir='ltr'><strong>tenet;</strong></span> 
     </span>
    </p>
   </div>
   <div class='ocr_carea' id='block_1_75' title="bbox 440 4566 2039 4638">
    <p class='ocr_par' dir='ltr' id='par_1_75' title="bbox 440 4566 2039 4638">
     <span class='ocr_line' id='line_1_75' title="bbox 440 4566 2039 4638; baseline -0.003 -12"><span class='ocrx_word' id='word_1_555' title='bbox 440 4566 600 4626; x_wconf 89' lang='lat' dir='ltr'><strong>cuum</strong></span> <span class='ocrx_word' id='word_1_556' title='bbox 633 4579 716 4624; x_wconf 89' lang='lat' dir='ltr'><strong>est</strong></span> <span class='ocrx_word' id='word_1_557' title='bbox 745 4584 810 4623; x_wconf 82' lang='lat' dir='ltr'><strong>ex</strong></span> <span class='ocrx_word' id='word_1_558' title='bbox 861 4570 944 4622; x_wconf 86' lang='lat' dir='ltr'><strong>his</strong></span> <span class='ocrx_word' id='word_1_559' title='bbox 985 4567 1198 4638; x_wconf 82' lang='lat' dir='ltr'><strong>Fragm.</strong></span> <span class='ocrx_word' id='word_1_560' title='bbox 1250 4585 1285 4622; x_wconf 92' lang='lat' dir='ltr'><strong>tt</strong></span> <span class='ocrx_word' id='word_1_561' title='bbox 1312 4609 1326 4632; x_wconf 93' lang='lat'><strong>,</strong></span> <span class='ocrx_word' id='word_1_562' title='bbox 1371 4566 1425 4622; x_wconf 67' lang='grc' dir='ltr'><strong>τι.</strong></span> <span class='ocrx_word' id='word_1_563' title='bbox 1457 4569 1525 4622; x_wconf 71' lang='lat'><strong>27</strong></span> <span class='ocrx_word' id='word_1_564' title='bbox 1553 4587 1564 4621; x_wconf 93' lang='lat'>:</span> <span class='ocrx_word' id='word_1_565' title='bbox 1595 4566 1778 4636; x_wconf 83' lang='lat' dir='ltr'><strong>Itaque</strong></span> <span class='ocrx_word' id='word_1_566' title='bbox 1818 4570 2039 4634; x_wconf 87' lang='lat' dir='ltr'><strong>campri-</strong></span> 
     </span>
    </p>
   </div>
   <div class='ocr_carea' id='block_1_76' title="bbox 447 4639 2041 4707">
    <p class='ocr_par' dir='ltr' id='par_1_76' title="bbox 447 4639 2041 4707">
     <span class='ocr_line' id='line_1_76' title="bbox 447 4639 2041 4707; baseline -0.001 -13"><span class='ocrx_word' id='word_1_567' title='bbox 447 4641 620 4694; x_wconf 74' lang='lat' dir='ltr'><strong>meridi</strong></span> <span class='ocrx_word' id='word_1_568' title='bbox 648 4641 771 4694; x_wconf 84' lang='lat' dir='ltr'><strong>ntali</strong></span> <span class='ocrx_word' id='word_1_569' title='bbox 810 4640 959 4694; x_wconf 84' lang='lat' dir='ltr'><strong>istius</strong></span> <span class='ocrx_word' id='word_1_570' title='bbox 983 4657 1140 4694; x_wconf 85' lang='lat' dir='ltr'><strong>causa</strong></span> <span class='ocrx_word' id='word_1_571' title='bbox 1161 4682 1173 4702; x_wconf 88' lang='lat'><strong>.</strong></span> <span class='ocrx_word' id='word_1_572' title='bbox 1223 4642 1432 4694; x_wconf 67' lang='lat' dir='ltr'><strong>trecenti</strong></span> <span class='ocrx_word' id='word_1_573' title='bbox 1461 4640 1538 4693; x_wconf 83' lang='lat' dir='ltr'><strong>vel</strong></span> <span class='ocrx_word' id='word_1_574' title='bbox 1567 4655 1624 4700; x_wconf 79' lang='lat' dir='ltr'><strong>eo</strong></span> <span class='ocrx_word' id='word_1_575' title='bbox 1652 4639 1878 4707; x_wconf 81' lang='lat' dir='ltr'><strong>amplius</strong></span> <span class='ocrx_word' id='word_1_576' title='bbox 1907 4640 2041 4703; x_wconf 86' lang='lat' dir='ltr'><strong>epis-</strong></span> 
     </span>
    </p>
   </div>
   <div class='ocr_carea' id='block_1_77' title="bbox 443 4710 2040 4783">
    <p class='ocr_par' dir='ltr' id='par_1_77' title="bbox 443 4710 2040 4783">
     <span class='ocr_line' id='line_1_77' title="bbox 443 4710 2040 4783; baseline -0.001 -18"><span class='ocrx_word' id='word_1_577' title='bbox 443 4714 559 4776; x_wconf 87' lang='lat' dir='ltr'><strong>c0pi</strong></span> <span class='ocrx_word' id='word_1_578' title='bbox 589 4713 732 4778; x_wconf 83' lang='lat' dir='ltr'><strong>apud</strong></span> <span class='ocrx_word' id='word_1_579' title='bbox 766 4711 997 4766; x_wconf 64' lang='lat' dir='ltr'><strong>Nicaeam</strong></span> <span class='ocrx_word' id='word_1_580' title='bbox 1025 4722 1417 4783; x_wconf 78' lang='lat' dir='ltr'><strong>congregantur.</strong></span> <span class='ocrx_word' id='word_1_581' title='bbox 1454 4711 1520 4765; x_wconf 87' lang='lat' dir='ltr'><strong>Et</strong></span> <span class='ocrx_word' id='word_1_582' title='bbox 1554 4713 1710 4783; x_wconf 84' lang='lat' dir='ltr'><strong>paulo</strong></span> <span class='ocrx_word' id='word_1_583' title='bbox 1757 4719 1878 4783; x_wconf 82' lang='lat' dir='ltr'><strong>post</strong></span> <span class='ocrx_word' id='word_1_584' title='bbox 1907 4710 2040 4783; x_wconf 84' lang='lat' dir='ltr'><strong>ﬁdes</strong></span> 
     </span>
    </p>
   </div>
   <div class='ocr_carea' id='block_1_78' title="bbox 440 4781 2039 4850">
    <p class='ocr_par' dir='ltr' id='par_1_78' title="bbox 440 4781 2039 4850">
     <span class='ocr_line' id='line_1_78' title="bbox 440 4781 2039 4850; baseline -0.001 -15"><span class='ocrx_word' id='word_1_585' title='bbox 440 4784 580 4850; x_wconf 85' lang='lat' dir='ltr'><strong>apud</strong></span> <span class='ocrx_word' id='word_1_586' title='bbox 609 4783 838 4838; x_wconf 70' lang='lat' dir='ltr'><strong>Nicaeam</strong></span> <span class='ocrx_word' id='word_1_587' title='bbox 872 4781 1176 4849; x_wconf 84' lang='lat' dir='ltr'><strong>conscripta</strong></span> <span class='ocrx_word' id='word_1_588' title='bbox 1206 4781 1380 4836; x_wconf 82' lang='lat' dir='ltr'><strong>contra</strong></span> <span class='ocrx_word' id='word_1_589' title='bbox 1403 4799 1576 4836; x_wconf 88' lang='lat' dir='ltr'><strong>omnes</strong></span> <span class='ocrx_word' id='word_1_590' title='bbox 1608 4781 1824 4836; x_wconf 79' lang='lat' dir='ltr'><strong>haereses</strong></span> <span class='ocrx_word' id='word_1_591' title='bbox 1851 4781 2039 4837; x_wconf 84' lang='lat' dir='ltr'><strong>iuscri-</strong></span> 
     </span>
    </p>
   </div>
   <div class='ocr_carea' id='block_1_79' title="bbox 439 4853 2036 4921">
    <p class='ocr_par' dir='ltr' id='par_1_79' title="bbox 439 4853 2036 4921">
     <span class='ocr_line' id='line_1_79' title="bbox 439 4853 2036 4921; baseline -0.002 -13"><span class='ocrx_word' id='word_1_592' title='bbox 439 4853 608 4908; x_wconf 88' lang='lat' dir='ltr'><strong>bitur.</strong></span> <span class='ocrx_word' id='word_1_593' title='bbox 645 4854 881 4909; x_wconf 85' lang='lat' dir='ltr'><strong>&#39;fitulum</strong></span> <span class='ocrx_word' id='word_1_594' title='bbox 907 4855 1049 4909; x_wconf 89' lang='lat' dir='ltr'><strong>hunc</strong></span> <span class='ocrx_word' id='word_1_595' title='bbox 1075 4867 1105 4907; x_wconf 93' lang='lat' dir='ltr'><strong>e</strong></span> <span class='ocrx_word' id='word_1_596' title='bbox 1137 4869 1267 4909; x_wconf 87' lang='lat' dir='ltr'><strong>mss.</strong></span> <span class='ocrx_word' id='word_1_597' title='bbox 1314 4863 1484 4909; x_wconf 89' lang='lat' dir='ltr'><strong>totum</strong></span> <span class='ocrx_word' id='word_1_598' title='bbox 1515 4855 1903 4921; x_wconf 84' lang='lat' dir='ltr'><strong>expressimus,</strong></span> <span class='ocrx_word' id='word_1_599' title='bbox 1935 4854 2036 4907; x_wconf 87' lang='lat' dir='ltr'><strong>nisi</strong></span> 
     </span>
    </p>
   </div>
   <div class='ocr_carea' id='block_1_80' title="bbox 439 4924 2040 4995">
    <p class='ocr_par' dir='ltr' id='par_1_80' title="bbox 439 4924 2040 4995">
     <span class='ocr_line' id='line_1_80' title="bbox 439 4924 2040 4995; baseline 0 -18"><span class='ocrx_word' id='word_1_600' title='bbox 439 4924 583 4994; x_wconf 89' lang='lat' dir='ltr'><strong>quod</strong></span> <span class='ocrx_word' id='word_1_601' title='bbox 616 4926 798 4995; x_wconf 65' lang='lat' dir='ltr'><strong>initio,</strong></span> <span class='ocrx_word' id='word_1_602' title='bbox 830 4925 916 4979; x_wconf 90' lang='lat' dir='ltr'><strong>ubi</strong></span> <span class='ocrx_word' id='word_1_603' title='bbox 947 4927 997 4978; x_wconf 93' lang='lat' dir='ltr'><strong>in</strong></span> <span class='ocrx_word' id='word_1_604' title='bbox 1027 4924 1132 4978; x_wconf 85' lang='lat' dir='ltr'><strong>illis</strong></span> <span class='ocrx_word' id='word_1_605' title='bbox 1163 4925 1389 4982; x_wconf 87' lang='lat' dir='ltr'><strong>habetur</strong></span> <span class='ocrx_word' id='word_1_606' title='bbox 1416 4925 1606 4995; x_wconf 86' lang='lat' dir='ltr'><strong>Incipit</strong></span> <span class='ocrx_word' id='word_1_607' title='bbox 1647 4925 1796 4989; x_wconf 85' lang='lat' dir='ltr'><strong>liber,</strong></span> <span class='ocrx_word' id='word_1_608' title='bbox 1839 4924 2040 4978; x_wconf 84' lang='lat' dir='ltr'><strong>substi-</strong></span> 
     </span>
    </p>
   </div>
   <div class='ocr_carea' id='block_1_81' title="bbox 443 4993 1259 5065">
    <p class='ocr_par' dir='ltr' id='par_1_81' title="bbox 443 4993 1259 5065">
     <span class='ocr_line' id='line_1_81' title="bbox 443 4993 1259 5065; baseline 0 -16"><span class='ocrx_word' id='word_1_609' title='bbox 443 4993 645 5049; x_wconf 79' lang='lat' dir='ltr'><strong>tuimus</strong></span> <span class='ocrx_word' id='word_1_610' title='bbox 675 4993 988 5065; x_wconf 83' lang='lat' dir='ltr'><strong>Fragmenta</strong></span> <span class='ocrx_word' id='word_1_611' title='bbox 1019 5011 1082 5049; x_wconf 77' lang='lat' dir='ltr'><strong>ex</strong></span> <span class='ocrx_word' id='word_1_612' title='bbox 1108 4996 1259 5050; x_wconf 85' lang='lat' dir='ltr'><strong>libro.</strong></span> 
     </span>
    </p>
   </div>
   <div class='ocr_carea' id='block_1_82' title="bbox 513 5063 2037 5138">
    <p class='ocr_par' dir='ltr' id='par_1_82' title="bbox 513 5063 2037 5138">
     <span class='ocr_line' id='line_1_82' title="bbox 513 5063 2037 5138; baseline 0 -18"><span class='ocrx_word' id='word_1_613' title='bbox 513 5067 588 5138; x_wconf 88' lang='lat' dir='ltr'><strong>(b)</strong></span> <span class='ocrx_word' id='word_1_614' title='bbox 632 5063 920 5133; x_wconf 70' lang='grc' dir='ltr'><strong>ΕκιτιιὶμΙιιτ</strong></span> <span class='ocrx_word' id='word_1_615' title='bbox 950 5081 1052 5138; x_wconf 15' lang='lat' dir='ltr'><strong>mis.</strong></span> <span class='ocrx_word' id='word_1_616' title='bbox 1075 5107 1089 5128; x_wconf 91' lang='lat'><strong>,</strong></span> <span class='ocrx_word' id='word_1_617' title='bbox 1132 5068 1322 5138; x_wconf 68' lang='lat' dir='ltr'><strong>triplici</strong></span> <span class='ocrx_word' id='word_1_618' title='bbox 1361 5067 1572 5120; x_wconf 83' lang='lat' dir='ltr'><strong>humani</strong></span> <span class='ocrx_word' id='word_1_619' title='bbox 1602 5082 1776 5138; x_wconf 75' lang='lat' dir='ltr'><strong>sensus</strong></span> <span class='ocrx_word' id='word_1_620' title='bbox 1803 5063 2037 5132; x_wconf 67' lang='lat' dir='ltr'><strong>affectio-</strong></span> 
     </span>
    </p>
   </div>
   <div class='ocr_carea' id='block_1_83' title="bbox 441 5137 2032 5209">
    <p class='ocr_par' dir='ltr' id='par_1_83' title="bbox 441 5137 2032 5209">
     <span class='ocr_line' id='line_1_83' title="bbox 441 5137 2032 5209; baseline -0.001 -18"><span class='ocrx_word' id='word_1_621' title='bbox 441 5137 557 5192; x_wconf 84' lang='lat' dir='ltr'><strong>nem</strong></span> <span class='ocrx_word' id='word_1_622' title='bbox 588 5153 606 5192; x_wconf 90' lang='lat'><em>:</em></span> <span class='ocrx_word' id='word_1_623' title='bbox 637 5153 699 5192; x_wconf 79' lang='lat' dir='ltr'><strong>ex</strong></span> <span class='ocrx_word' id='word_1_624' title='bbox 744 5153 851 5207; x_wconf 90' lang='lat' dir='ltr'><strong>quo</strong></span> <span class='ocrx_word' id='word_1_625' title='bbox 882 5137 1115 5209; x_wconf 80' lang='lat' dir='ltr'><strong>confecit</strong></span> <span class='ocrx_word' id='word_1_626' title='bbox 1146 5137 1320 5194; x_wconf 83' lang='lat' dir='ltr'><strong>Faber</strong></span> <span class='ocrx_word' id='word_1_627' title='bbox 1343 5180 1356 5204; x_wconf 91' lang='lat'><strong>,</strong></span> <span class='ocrx_word' id='word_1_628' title='bbox 1398 5138 1654 5209; x_wconf 80' lang='lat' dir='ltr'><strong>triplicem</strong></span> <span class='ocrx_word' id='word_1_629' title='bbox 1691 5137 2032 5204; x_wconf 76' lang='lat' dir='ltr'><strong>affectionem.</strong></span> 
     </span>
    </p>
   </div>
   <div class='ocr_carea' id='block_1_84' title="bbox 440 5207 2036 5279">
    <p class='ocr_par' dir='ltr' id='par_1_84' title="bbox 440 5207 2036 5279">
     <span class='ocr_line' id='line_1_84' title="bbox 440 5207 2036 5279; baseline 0.004 -22"><span class='ocrx_word' id='word_1_630' title='bbox 440 5209 706 5264; x_wconf 72' lang='lat' dir='ltr'><strong>Malumus</strong></span> <span class='ocrx_word' id='word_1_631' title='bbox 757 5209 993 5266; x_wconf 83' lang='lat' dir='ltr'><strong>retinere</strong></span> <span class='ocrx_word' id='word_1_632' title='bbox 1030 5207 1315 5270; x_wconf 85' lang='lat' dir='ltr'><strong>lectionem</strong></span> <span class='ocrx_word' id='word_1_633' title='bbox 1364 5207 1478 5279; x_wconf 53' lang='grc' dir='ltr'><strong>ηις(</strong></span> <span class='ocrx_word' id='word_1_634' title='bbox 1499 5209 1705 5268; x_wconf 85' lang='lat' dir='ltr'><strong>sublata</strong></span> <span class='ocrx_word' id='word_1_635' title='bbox 1767 5218 2036 5279; x_wconf 81' lang='lat' dir='ltr'><strong>postrema</strong></span> 
     </span>
    </p>
   </div>
   <div class='ocr_carea' id='block_1_85' title="bbox 439 5278 1940 5352">
    <p class='ocr_par' dir='ltr' id='par_1_85' title="bbox 439 5278 1940 5352">
     <span class='ocr_line' id='line_1_85' title="bbox 439 5278 1940 5352; baseline -0.001 -18"><span class='ocrx_word' id='word_1_636' title='bbox 439 5279 693 5352; x_wconf 72' lang='lat' dir='ltr'><strong>litteram</strong></span> <span class='ocrx_word' id='word_1_637' title='bbox 718 5322 732 5344; x_wconf 91' lang='lat'><strong>,</strong></span> <span class='ocrx_word' id='word_1_638' title='bbox 759 5296 880 5352; x_wconf 84' lang='lat' dir='ltr'><strong>quae</strong></span> <span class='ocrx_word' id='word_1_639' title='bbox 911 5281 960 5333; x_wconf 92' lang='lat' dir='ltr'><strong>iu</strong></span> <span class='ocrx_word' id='word_1_640' title='bbox 995 5279 1184 5352; x_wconf 80' lang='lat' dir='ltr'><strong>eodem</strong></span> <span class='ocrx_word' id='word_1_641' title='bbox 1221 5278 1653 5352; x_wconf 53' lang='lat' dir='ltr'><strong>ms._sa‘pissime</strong></span> <span class='ocrx_word' id='word_1_642' title='bbox 1683 5278 1940 5352; x_wconf 79' lang='lat' dir='ltr'><strong>abundat.</strong></span> 
     </span>
    </p>
   </div>
   <div class='ocr_carea' id='block_1_86' title="bbox 513 5348 2036 5421">
    <p class='ocr_par' dir='ltr' id='par_1_86' title="bbox 513 5348 2036 5421">
     <span class='ocr_line' id='line_1_86' title="bbox 513 5348 2036 5421; baseline 0.001 -19"><span class='ocrx_word' id='word_1_643' title='bbox 513 5349 583 5421; x_wconf 79' lang='grc' dir='ltr'><strong>(ε)</strong></span> <span class='ocrx_word' id='word_1_644' title='bbox 617 5349 672 5402; x_wconf 90' lang='lat' dir='ltr'><strong>lu</strong></span> <span class='ocrx_word' id='word_1_645' title='bbox 702 5348 1014 5421; x_wconf 70' lang='lat' dir='ltr'><strong>artihetypo,</strong></span> <span class='ocrx_word' id='word_1_646' title='bbox 1034 5348 1274 5421; x_wconf 31' lang='lat' dir='ltr'><strong>Loblt&#39;nm&#39;t.</strong></span> <span class='ocrx_word' id='word_1_647' title='bbox 1306 5348 1487 5414; x_wconf 59' lang='lat' dir='ltr'><strong>Fides,</strong></span> <span class='ocrx_word' id='word_1_648' title='bbox 1513 5365 1658 5418; x_wconf 74' lang='lat' dir='ltr'><strong>spes,</strong></span> <span class='ocrx_word' id='word_1_649' title='bbox 1691 5349 1929 5405; x_wconf 85' lang='lat' dir='ltr'><strong>charitas</strong></span> <span class='ocrx_word' id='word_1_650' title='bbox 1953 5349 2036 5404; x_wconf 82' lang='lat' dir='ltr'><strong>fe-</strong></span> 
     </span>
    </p>
   </div>
   <div class='ocr_carea' id='block_1_87' title="bbox 439 5419 2037 5491">
    <p class='ocr_par' dir='ltr' id='par_1_87' title="bbox 439 5419 2037 5491">
     <span class='ocr_line' id='line_1_87' title="bbox 439 5419 2037 5491; baseline 0.002 -19"><span class='ocrx_word' id='word_1_651' title='bbox 439 5419 632 5474; x_wconf 90' lang='lat' dir='ltr'><strong>runtur</strong></span> <span class='ocrx_word' id='word_1_652' title='bbox 663 5421 714 5491; x_wconf 86' lang='lat' dir='ltr'><strong>in</strong></span> <span class='ocrx_word' id='word_1_653' title='bbox 750 5419 915 5475; x_wconf 87' lang='lat' dir='ltr'><strong>Deum</strong></span> <span class='ocrx_word' id='word_1_654' title='bbox 946 5432 1001 5474; x_wconf 90' lang='lat' dir='ltr'><strong>ut</strong></span> <span class='ocrx_word' id='word_1_655' title='bbox 1032 5419 1084 5473; x_wconf 90' lang='lat' dir='ltr'><strong>in</strong></span> <span class='ocrx_word' id='word_1_656' title='bbox 1116 5421 1274 5475; x_wconf 89' lang='lat' dir='ltr'><strong>ﬁnem</strong></span> <span class='ocrx_word' id='word_1_657' title='bbox 1308 5440 1320 5474; x_wconf 89' lang='lat'><strong>:</strong></span> <span class='ocrx_word' id='word_1_658' title='bbox 1357 5435 1514 5490; x_wconf 90' lang='lat' dir='ltr'><strong>quem</strong></span> <span class='ocrx_word' id='word_1_659' title='bbox 1547 5438 1666 5475; x_wconf 88' lang='lat' dir='ltr'><strong>cum</strong></span> <span class='ocrx_word' id='word_1_660' title='bbox 1697 5436 2037 5491; x_wconf 89' lang='lat' dir='ltr'><strong>consequun-</strong></span> 
     </span>
    </p>
   </div>
   <div class='ocr_carea' id='block_1_88' title="bbox 363 5490 2038 5566">
    <p class='ocr_par' dir='ltr' id='par_1_88' title="bbox 363 5490 2038 5566">
     <span class='ocr_line' id='line_1_88' title="bbox 363 5490 2038 5566; baseline 0.004 -26"><span class='ocrx_word' id='word_1_661' title='bbox 363 5522 366 5524; x_wconf 88' lang='grc'><strong>-</strong></span> <span class='ocrx_word' id='word_1_662' title='bbox 441 5498 561 5566; x_wconf 66' lang='lat' dir='ltr'><strong>tur,</strong></span> <span class='ocrx_word' id='word_1_663' title='bbox 596 5490 984 5566; x_wconf 76' lang='lat' dir='ltr'><strong>perfectionem</strong></span> <span class='ocrx_word' id='word_1_664' title='bbox 1019 5492 1250 5566; x_wconf 70' lang='lat' dir='ltr'><strong>habent;</strong></span> <span class='ocrx_word' id='word_1_665' title='bbox 1280 5500 1345 5566; x_wconf 88' lang='lat' dir='ltr'><strong>et</strong></span> <span class='ocrx_word' id='word_1_666' title='bbox 1371 5507 1509 5566; x_wconf 59' lang='grc' dir='ltr'><strong>εξειιιιΔ</strong></span> <span class='ocrx_word' id='word_1_667' title='bbox 1537 5492 1752 5561; x_wconf 90' lang='lat' dir='ltr'><strong>quidem</strong></span> <span class='ocrx_word' id='word_1_668' title='bbox 1788 5490 2038 5566; x_wconf 79' lang='lat' dir='ltr'><strong>immutu-</strong></span> 
     </span>
    </p>
   </div>
   <div class='ocr_carea' id='block_1_89' title="bbox 481 5560 2036 5630">
    <p class='ocr_par' dir='ltr' id='par_1_89' title="bbox 481 5560 2036 5630">
     <span class='ocr_line' id='line_1_89' title="bbox 481 5560 2036 5630; baseline 0.002 -17"><span class='ocrx_word' id='word_1_669' title='bbox 481 5560 564 5613; x_wconf 54' lang='lat' dir='ltr'><strong>i&#39;is</strong></span> <span class='ocrx_word' id='word_1_670' title='bbox 594 5571 677 5614; x_wconf 86' lang='lat' dir='ltr'><strong>est</strong></span> <span class='ocrx_word' id='word_1_671' title='bbox 709 5565 798 5618; x_wconf 82' lang='lat' dir='ltr'><strong>Dei</strong></span> <span class='ocrx_word' id='word_1_672' title='bbox 846 5562 1048 5617; x_wconf 80' lang='lat' dir='ltr'><strong>iruitio.</strong></span> <span class='ocrx_word' id='word_1_673' title='bbox 1085 5561 1158 5615; x_wconf 85' lang='lat' dir='ltr'><strong>Ea</strong></span> <span class='ocrx_word' id='word_1_674' title='bbox 1190 5565 1400 5618; x_wconf 87' lang='lat' dir='ltr'><strong>ratione</strong></span> <span class='ocrx_word' id='word_1_675' title='bbox 1442 5560 1574 5617; x_wconf 82' lang='lat' dir='ltr'><strong>ﬁdes</strong></span> <span class='ocrx_word' id='word_1_676' title='bbox 1604 5579 1666 5618; x_wconf 92' lang='lat' dir='ltr'><strong>ac</strong></span> <span class='ocrx_word' id='word_1_677' title='bbox 1696 5577 1822 5630; x_wconf 90' lang='lat' dir='ltr'><strong>spes</strong></span> <span class='ocrx_word' id='word_1_678' title='bbox 1843 5565 2036 5618; x_wconf 77' lang='lat' dir='ltr'><strong>extrin-</strong></span> 
     </span>
    </p>
   </div>
   <div class='ocr_carea' id='block_1_90' title="bbox 637 5632 2034 5704">
    <p class='ocr_par' dir='ltr' id='par_1_90' title="bbox 637 5632 2034 5704">
     <span class='ocr_line' id='line_1_90' title="bbox 637 5632 2034 5704; baseline 0.002 -19"><span class='ocrx_word' id='word_1_679' title='bbox 637 5648 748 5704; x_wconf 61' lang='lat' dir='ltr'><strong>“rtn</strong></span> <span class='ocrx_word' id='word_1_680' title='bbox 792 5632 1257 5704; x_wconf 25' lang='lat' dir='ltr'><strong>mutanturaAlio</strong></span> <span class='ocrx_word' id='word_1_681' title='bbox 1304 5649 1466 5689; x_wconf 87' lang='lat' dir='ltr'><strong>sensu</strong></span> <span class='ocrx_word' id='word_1_682' title='bbox 1506 5634 1649 5688; x_wconf 84' lang='lat' dir='ltr'><strong>dixit</strong></span> <span class='ocrx_word' id='word_1_683' title='bbox 1703 5637 2034 5704; x_wconf 84' lang='lat' dir='ltr'><strong>Augustinus</strong></span> 
     </span>
    </p>
   </div>
   <div class='ocr_carea' id='block_1_91' title="bbox 745 5701 2037 5775">
    <p class='ocr_par' dir='ltr' id='par_1_91' title="bbox 745 5701 2037 5775">
     <span class='ocr_line' id='line_1_91' title="bbox 745 5701 2037 5775; baseline 0.002 -19"><span class='ocrx_word' id='word_1_684' title='bbox 745 5703 748 5706; x_wconf 83' lang='grc'><em>’</em></span> <span class='ocrx_word' id='word_1_685' title='bbox 787 5721 934 5760; x_wconf 93' lang='lat' dir='ltr'><strong>num.</strong></span> <span class='ocrx_word' id='word_1_686' title='bbox 970 5701 1159 5775; x_wconf 54' lang='lat'><strong>65:11:</strong></span> <span class='ocrx_word' id='word_1_687' title='bbox 1189 5706 1364 5775; x_wconf 76' lang='lat' dir='ltr'><strong>futuro</strong></span> <span class='ocrx_word' id='word_1_688' title='bbox 1396 5714 1566 5759; x_wconf 87' lang='lat' dir='ltr'><strong>autem</strong></span> <span class='ocrx_word' id='word_1_689' title='bbox 1595 5701 2037 5775; x_wconf 54' lang='lat' dir='ltr'><strong>smculo&#39;perfecta</strong></span> 
     </span>
    </p>
   </div>
   <div class='ocr_carea' id='block_1_92' title="bbox 749 5773 2033 5844">
    <p class='ocr_par' dir='ltr' id='par_1_92' title="bbox 749 5773 2033 5844">
     <span class='ocr_line' id='line_1_92' title="bbox 749 5773 2033 5844; baseline 0.007 -22"><span class='ocrx_word' id='word_1_690' title='bbox 749 5775 909 5827; x_wconf 81' lang='lat' dir='ltr'><strong>aritas</strong></span> <span class='ocrx_word' id='word_1_691' title='bbox 938 5776 1046 5829; x_wconf 77' lang='lat' dir='ltr'><strong>sine</strong></span> <span class='ocrx_word' id='word_1_692' title='bbox 1066 5773 1454 5837; x_wconf 60' lang='lat' dir='ltr'><strong>ulla&#39;ntalorum</strong></span> <span class='ocrx_word' id='word_1_693' title='bbox 1482 5775 1774 5839; x_wconf 78' lang='lat' dir='ltr'><strong>tolerantia,</strong></span> <span class='ocrx_word' id='word_1_694' title='bbox 1801 5773 1906 5830; x_wconf 83' lang='lat' dir='ltr'><strong>non</strong></span> <span class='ocrx_word' id='word_1_695' title='bbox 1929 5775 2033 5844; x_wconf 74' lang='lat' dir='ltr'><strong>ﬁde</strong></span> 
     </span>
    </p>
   </div>
   <div class='ocr_carea' id='block_1_93' title="bbox 900 5983 932 6007">
    <p class='ocr_par' dir='ltr' id='par_1_93' title="bbox 900 5983 932 6007">
     <span class='ocr_line' id='line_1_93' title="bbox 900 5983 932 6007; baseline 0 0"><span class='ocrx_word' id='word_1_696' title='bbox 900 5983 932 6007; x_wconf 52' lang='grc' dir='ltr'><strong><em>κ</em></strong></span> 
     </span>
    </p>
   </div>
   <div class='ocr_carea' id='block_1_94' title="bbox 2147 4565 3517 4645">
    <p class='ocr_par' dir='ltr' id='par_1_94' title="bbox 2147 4565 3517 4645">
     <span class='ocr_line' id='line_1_94' title="bbox 2147 4565 3517 4645; baseline 0.007 -27"><span class='ocrx_word' id='word_1_697' title='bbox 2147 4565 2240 4645; x_wconf 71' lang='lat' dir='ltr'><strong>sed</strong></span> <span class='ocrx_word' id='word_1_698' title='bbox 2337 4574 2591 4645; x_wconf 57' lang='lat' dir='ltr'><strong>genium</strong></span> <span class='ocrx_word' id='word_1_699' title='bbox 2622 4565 2864 4645; x_wconf 57' lang='lat' dir='ltr'><strong>veritatis</strong></span> <span class='ocrx_word' id='word_1_700' title='bbox 2879 4569 3095 4645; x_wconf 72' lang='lat' dir='ltr'><strong>speciem</strong></span> <span class='ocrx_word' id='word_1_701' title='bbox 3121 4565 3517 4645; x_wconf 78' lang='lat' dir='ltr'><strong>contemplatur.</strong></span> 
     </span>
    </p>
   </div>
   <div class='ocr_carea' id='block_1_95' title="bbox 2220 4634 3747 4714">
    <p class='ocr_par' dir='ltr' id='par_1_95' title="bbox 2220 4634 3747 4714">
     <span class='ocr_line' id='line_1_95' title="bbox 2220 4634 3747 4714; baseline 0.009 -26"><span class='ocrx_word' id='word_1_702' title='bbox 2220 4634 2301 4714; x_wconf 60' lang='lat' dir='ltr'><strong>(et)</strong></span> <span class='ocrx_word' id='word_1_703' title='bbox 2336 4635 2510 4714; x_wconf 59' lang='lat' dir='ltr'><strong>Faber</strong></span> <span class='ocrx_word' id='word_1_704' title='bbox 2534 4651 2620 4714; x_wconf 84' lang='lat' dir='ltr'><strong>ex_</strong></span> <span class='ocrx_word' id='word_1_705' title='bbox 2642 4650 2770 4690; x_wconf 91' lang='lat' dir='ltr'><strong>mss.</strong></span> <span class='ocrx_word' id='word_1_706' title='bbox 2809 4638 3091 4714; x_wconf 69' lang='lat' dir='ltr'><strong>Pithteano</strong></span> <span class='ocrx_word' id='word_1_707' title='bbox 3133 4654 3185 4696; x_wconf 91' lang='lat' dir='ltr'><strong>et</strong></span> <span class='ocrx_word' id='word_1_708' title='bbox 3212 4634 3406 4708; x_wconf 84' lang='lat' dir='ltr'><strong>Colh.,</strong></span> <span class='ocrx_word' id='word_1_709' title='bbox 3451 4647 3747 4714; x_wconf 76' lang='lat' dir='ltr'><strong>prophetia.</strong></span> 
     </span>
    </p>
   </div>
   <div class='ocr_carea' id='block_1_96' title="bbox 2149 4663 3751 4787">
    <p class='ocr_par' dir='ltr' id='par_1_96' title="bbox 2149 4663 3751 4787">
     <span class='ocr_line' id='line_1_96' title="bbox 2220 4663 3747 4714; baseline 0.009 -25"><span class='ocrx_word' id='word_1_710' title='bbox 2220 4663 2301 4708; x_wconf 53' lang='lat' dir='ltr'><strong>tu}</strong></span> <span class='ocrx_word' id='word_1_711' title='bbox 2336 4663 2508 4698; x_wconf 67' lang='lat' dir='ltr'><strong>rjducr</strong></span> <span class='ocrx_word' id='word_1_712' title='bbox 2534 4663 2599 4690; x_wconf 65' lang='lat' dir='ltr'><strong>cx</strong></span> <span class='ocrx_word' id='word_1_713' title='bbox 2643 4663 2770 4690; x_wconf 69' lang='lat' dir='ltr'><strong>Illas.</strong></span> <span class='ocrx_word' id='word_1_714' title='bbox 2809 4663 3091 4694; x_wconf 72' lang='lat' dir='ltr'><strong>rlulusztllu</strong></span> <span class='ocrx_word' id='word_1_715' title='bbox 3133 4663 3185 4696; x_wconf 73' lang='lat' dir='ltr'><strong>Cl</strong></span> <span class='ocrx_word' id='word_1_716' title='bbox 3212 4663 3406 4708; x_wconf 73' lang='lat' dir='ltr'><strong>h0ll).,</strong></span> <span class='ocrx_word' id='word_1_717' title='bbox 3489 4663 3747 4714; x_wconf 81' lang='lat' dir='ltr'><strong>rapueua.</strong></span> 
     </span>
     <span class='ocr_line' id='line_1_97' title="bbox 2149 4663 3751 4787; baseline 0.007 -25"><span class='ocrx_word' id='word_1_718' title='bbox 2149 4706 2340 4762; x_wconf 82' lang='lat' dir='ltr'><strong>Verius</strong></span> <span class='ocrx_word' id='word_1_719' title='bbox 2371 4706 2692 4787; x_wconf 68' lang='lat' dir='ltr'><strong>Sirmoutlus</strong></span> <span class='ocrx_word' id='word_1_720' title='bbox 2735 4723 2800 4762; x_wconf 83' lang='lat' dir='ltr'><strong>ex</strong></span> <span class='ocrx_word' id='word_1_721' title='bbox 2842 4707 3094 4787; x_wconf 57' lang='lat' dir='ltr'><strong>Remig,</strong></span> <span class='ocrx_word' id='word_1_722' title='bbox 3145 4717 3392 4786; x_wconf 78' lang='lat' dir='ltr'><strong>profectu.</strong></span> <span class='ocrx_word' id='word_1_723' title='bbox 3446 4663 3594 4783; x_wconf 54' lang='lat' dir='ltr'><strong>rios,</strong></span> <span class='ocrx_word' id='word_1_724' title='bbox 3649 4735 3751 4787; x_wconf 89' lang='lat' dir='ltr'><strong>pro</strong></span> 
     </span>
    </p>
   </div>
   <div class='ocr_carea' id='block_1_97' title="bbox 2147 4777 3616 4850">
    <p class='ocr_par' dir='ltr' id='par_1_97' title="bbox 2147 4777 3616 4850">
     <span class='ocr_line' id='line_1_98' title="bbox 2147 4777 3616 4850; baseline 0.009 -19"><span class='ocrx_word' id='word_1_725' title='bbox 2147 4777 2635 4850; x_wconf 65' lang='lat' dir='ltr'><strong>maneantguidem,</strong></span> <span class='ocrx_word' id='word_1_726' title='bbox 2672 4778 2808 4834; x_wconf 83' lang='lat' dir='ltr'><strong>forte</strong></span> <span class='ocrx_word' id='word_1_727' title='bbox 2842 4781 3120 4850; x_wconf 80' lang='lat' dir='ltr'><strong>legendum</strong></span> <span class='ocrx_word' id='word_1_728' title='bbox 3145 4777 3389 4839; x_wconf 75' lang='lat' dir='ltr'><strong>maneant</strong></span> <span class='ocrx_word' id='word_1_729' title='bbox 3419 4777 3616 4844; x_wconf 66' lang='lat' dir='ltr'><strong>cariem.</strong></span> 
     </span>
    </p>
   </div>
   <div class='ocr_carea' id='block_1_98' title="bbox 2219 4848 3751 4926">
    <p class='ocr_par' dir='ltr' id='par_1_98' title="bbox 2219 4848 3751 4926">
     <span class='ocr_line' id='line_1_99' title="bbox 2219 4848 3751 4926; baseline 0.008 -23"><span class='ocrx_word' id='word_1_730' title='bbox 2219 4848 2290 4922; x_wconf 79' lang='grc' dir='ltr'><strong>(ε)</strong></span> <span class='ocrx_word' id='word_1_731' title='bbox 2324 4849 2505 4926; x_wconf 77' lang='lat' dir='ltr'><strong>Edidit</strong></span> <span class='ocrx_word' id='word_1_732' title='bbox 2535 4848 2710 4904; x_wconf 86' lang='lat' dir='ltr'><strong>Faber</strong></span> <span class='ocrx_word' id='word_1_733' title='bbox 2735 4866 2798 4906; x_wconf 78' lang='lat' dir='ltr'><strong>el</strong></span> <span class='ocrx_word' id='word_1_734' title='bbox 2830 4848 2937 4926; x_wconf 73' lang='lat' dir='ltr'><strong>ﬁde</strong></span> <span class='ocrx_word' id='word_1_735' title='bbox 2967 4857 3243 4926; x_wconf 86' lang='lat' dir='ltr'><strong>archetypi</strong></span> <span class='ocrx_word' id='word_1_736' title='bbox 3274 4861 3384 4922; x_wconf 87' lang='lat' dir='ltr'><strong>sui,</strong></span> <span class='ocrx_word' id='word_1_737' title='bbox 3430 4863 3625 4926; x_wconf 84' lang='lat' dir='ltr'><strong>primus</strong></span> <span class='ocrx_word' id='word_1_738' title='bbox 3652 4879 3751 4914; x_wconf 86' lang='lat' dir='ltr'><strong>nn-</strong></span> 
     </span>
    </p>
   </div>
   <div class='ocr_carea' id='block_1_99' title="bbox 2146 4923 3742 4998">
    <p class='ocr_par' dir='ltr' id='par_1_99' title="bbox 2146 4923 3742 4998">
     <span class='ocr_line' id='line_1_100' title="bbox 2146 4923 3742 4998; baseline 0.007 -24"><span class='ocrx_word' id='word_1_739' title='bbox 2146 4933 2392 4986; x_wconf 86' lang='lat' dir='ltr'><strong>meratur;</strong></span> <span class='ocrx_word' id='word_1_740' title='bbox 2418 4923 2530 4988; x_wconf 89' lang='lat' dir='ltr'><strong>ipse</strong></span> <span class='ocrx_word' id='word_1_741' title='bbox 2543 4930 2738 4998; x_wconf 75' lang='lat' dir='ltr'><strong>putans</strong></span> <span class='ocrx_word' id='word_1_742' title='bbox 2761 4923 3396 4998; x_wconf 55' lang='lat' dir='ltr'><strong>praeferendutu&#39;pranniis</strong></span> <span class='ocrx_word' id='word_1_743' title='bbox 3420 4923 3742 4996; x_wconf 79' lang='lat' dir='ltr'><strong>muneratur,</strong></span> 
     </span>
    </p>
   </div>
   <div class='ocr_carea' id='block_1_100' title="bbox 2147 4991 3750 5061">
    <p class='ocr_par' dir='ltr' id='par_1_100' title="bbox 2147 4991 3750 5061">
     <span class='ocr_line' id='line_1_101' title="bbox 2147 4991 3750 5061; baseline 0.008 -15"><span class='ocrx_word' id='word_1_744' title='bbox 2147 5009 2254 5046; x_wconf 91' lang='lat' dir='ltr'><strong>non</strong></span> <span class='ocrx_word' id='word_1_745' title='bbox 2285 4991 2588 5058; x_wconf 84' lang='lat' dir='ltr'><strong>spernenda</strong></span> <span class='ocrx_word' id='word_1_746' title='bbox 2619 4991 2943 5061; x_wconf 74' lang='lat' dir='ltr'><strong>coiijectura.</strong></span> <span class='ocrx_word' id='word_1_747' title='bbox 2991 4991 3330 5053; x_wconf 67' lang='lat' dir='ltr'><strong>Revocemus</strong></span> <span class='ocrx_word' id='word_1_748' title='bbox 3358 5015 3422 5055; x_wconf 78' lang='lat' dir='ltr'><strong>ex</strong></span> <span class='ocrx_word' id='word_1_749' title='bbox 3455 4991 3750 5059; x_wconf 81' lang='lat' dir='ltr'><strong>Strmondo</strong></span> 
     </span>
    </p>
   </div>
   <div class='ocr_carea' id='block_1_101' title="bbox 2144 5063 3749 5142">
    <p class='ocr_par' dir='ltr' id='par_1_101' title="bbox 2144 5063 3749 5142">
     <span class='ocr_line' id='line_1_102' title="bbox 2144 5063 3749 5142; baseline 0.01 -29"><span class='ocrx_word' id='word_1_750' title='bbox 2144 5063 2363 5135; x_wconf 75' lang='lat' dir='ltr'><strong>prwvius</strong></span> <span class='ocrx_word' id='word_1_751' title='bbox 2394 5078 2412 5116; x_wconf 89' lang='lat'><strong><em>:</em></strong></span> <span class='ocrx_word' id='word_1_752' title='bbox 2442 5078 2602 5131; x_wconf 85' lang='lat' dir='ltr'><strong>quam</strong></span> <span class='ocrx_word' id='word_1_753' title='bbox 2646 5079 2831 5118; x_wconf 86' lang='lat' dir='ltr'><strong>vocem</strong></span> <span class='ocrx_word' id='word_1_754' title='bbox 2863 5069 3200 5142; x_wconf 67' lang='lat' dir='ltr'><strong>commodius</strong></span> <span class='ocrx_word' id='word_1_755' title='bbox 3229 5072 3503 5142; x_wconf 55' lang='lat' dir='ltr'><strong>esciperet</strong></span> <span class='ocrx_word' id='word_1_756' title='bbox 3553 5090 3749 5129; x_wconf 88' lang='lat' dir='ltr'><strong>memo-</strong></span> 
     </span>
    </p>
   </div>
   <div class='ocr_carea' id='block_1_102' title="bbox 2143 5137 3747 5210">
    <p class='ocr_par' dir='ltr' id='par_1_102' title="bbox 2143 5137 3747 5210">
     <span class='ocr_line' id='line_1_103' title="bbox 2143 5137 3747 5210; baseline 0.008 -23"><span class='ocrx_word' id='word_1_757' title='bbox 2143 5146 2310 5210; x_wconf 70' lang='lat' dir='ltr'><strong>ratur,</strong></span> <span class='ocrx_word' id='word_1_758' title='bbox 2340 5147 2850 5210; x_wconf 70' lang='lat' dir='ltr'><strong>qttam_ttttmeratur.</strong></span> <span class='ocrx_word' id='word_1_759' title='bbox 2883 5137 2980 5210; x_wconf 68' lang='lat' dir='ltr'><strong>Hic</strong></span> <span class='ocrx_word' id='word_1_760' title='bbox 3003 5149 3238 5210; x_wconf 73' lang='lat' dir='ltr'><strong>notatur,</strong></span> <span class='ocrx_word' id='word_1_761' title='bbox 3276 5137 3436 5196; x_wconf 82' lang='lat' dir='ltr'><strong>ﬁdem</strong></span> <span class='ocrx_word' id='word_1_762' title='bbox 3466 5145 3557 5200; x_wconf 83' lang='lat' dir='ltr'><strong>Dei</strong></span> <span class='ocrx_word' id='word_1_763' title='bbox 3582 5147 3747 5210; x_wconf 81' lang='lat' dir='ltr'><strong>justi-</strong></span> 
     </span>
    </p>
   </div>
   <div class='ocr_carea' id='block_1_103' title="bbox 2144 5203 3679 5282">
    <p class='ocr_par' dir='ltr' id='par_1_103' title="bbox 2144 5203 3679 5282">
     <span class='ocr_line' id='line_1_104' title="bbox 2144 5203 3679 5282; baseline 0.01 -27"><span class='ocrx_word' id='word_1_764' title='bbox 2144 5205 2239 5282; x_wconf 59' lang='grc' dir='ltr'><strong>ιίειθΔ</strong></span> <span class='ocrx_word' id='word_1_765' title='bbox 2267 5204 2457 5282; x_wconf 55' lang='grc' dir='ltr'><strong>ριέςίτε</strong></span> <span class='ocrx_word' id='word_1_766' title='bbox 2488 5203 2859 5282; x_wconf 29' lang='grc' dir='ltr'>ᾱθιιθνθηοιιηι</span> <span class='ocrx_word' id='word_1_767' title='bbox 2885 5207 3000 5282; x_wconf 74' lang='lat' dir='ltr'><strong>sine</strong></span> <span class='ocrx_word' id='word_1_768' title='bbox 3025 5208 3128 5282; x_wconf 79' lang='lat' dir='ltr'><strong>ﬁde</strong></span> <span class='ocrx_word' id='word_1_769' title='bbox 3151 5227 3310 5270; x_wconf 88' lang='lat' dir='ltr'><strong>nemo</strong></span> <span class='ocrx_word' id='word_1_770' title='bbox 3330 5203 3679 5282; x_wconf 52' lang='lat' dir='ltr'><strong>justiﬁoet&#39;ur.</strong></span> 
     </span>
    </p>
   </div>
   <div class='ocr_carea' id='block_1_104' title="bbox 2219 5275 3744 5346">
    <p class='ocr_par' dir='ltr' id='par_1_104' title="bbox 2219 5275 3744 5346">
     <span class='ocr_line' id='line_1_105' title="bbox 2219 5275 3744 5346; baseline 0.012 -20"><span class='ocrx_word' id='word_1_771' title='bbox 2219 5275 2288 5346; x_wconf 65' lang='grc' dir='ltr'><strong>(γ’)</strong></span> <span class='ocrx_word' id='word_1_772' title='bbox 2334 5275 2566 5346; x_wconf 91' lang='lat' dir='ltr'><strong>Duarum</strong></span> <span class='ocrx_word' id='word_1_773' title='bbox 2615 5277 2902 5334; x_wconf 89' lang='lat' dir='ltr'><strong>mulierum</strong></span> <span class='ocrx_word' id='word_1_774' title='bbox 2937 5278 3172 5336; x_wconf 90' lang='lat' dir='ltr'><strong>ﬁdelium</strong></span> <span class='ocrx_word' id='word_1_775' title='bbox 3216 5275 3352 5337; x_wconf 72' lang='lat' dir='ltr'><strong>facta</strong></span> <span class='ocrx_word' id='word_1_776' title='bbox 3380 5285 3465 5341; x_wconf 90' lang='lat' dir='ltr'><strong>hic</strong></span> <span class='ocrx_word' id='word_1_777' title='bbox 3489 5288 3539 5340; x_wconf 94' lang='lat' dir='ltr'><strong>in</strong></span> <span class='ocrx_word' id='word_1_778' title='bbox 3573 5303 3744 5344; x_wconf 90' lang='lat' dir='ltr'><strong>unum</strong></span> 
     </span>
    </p>
   </div>
   <div class='ocr_carea' id='block_1_105' title="bbox 2145 5345 3744 5422">
    <p class='ocr_par' dir='ltr' id='par_1_105' title="bbox 2145 5345 3744 5422">
     <span class='ocr_line' id='line_1_106' title="bbox 2145 5345 3744 5422; baseline 0.009 -24"><span class='ocrx_word' id='word_1_779' title='bbox 2145 5345 2546 5422; x_wconf 70' lang='lat' dir='ltr'><strong>confunduntur</strong></span> <span class='ocrx_word' id='word_1_780' title='bbox 2576 5365 2588 5399; x_wconf 86' lang='lat'><strong>:</strong></span> <span class='ocrx_word' id='word_1_781' title='bbox 2621 5363 2847 5422; x_wconf 80' lang='lat' dir='ltr'><strong>quarum</strong></span> <span class='ocrx_word' id='word_1_782' title='bbox 2888 5365 2991 5404; x_wconf 89' lang='lat' dir='ltr'><strong>una</strong></span> <span class='ocrx_word' id='word_1_783' title='bbox 3036 5351 3224 5408; x_wconf 84' lang='lat' dir='ltr'><strong>Matth.</strong></span> <span class='ocrx_word' id='word_1_784' title='bbox 3273 5370 3353 5420; x_wconf 70' lang='grc' dir='ltr'>ιι,</span> <span class='ocrx_word' id='word_1_785' title='bbox 3395 5356 3484 5422; x_wconf 65' lang='grc' dir='ltr'><strong>ει),</strong></span> <span class='ocrx_word' id='word_1_786' title='bbox 3517 5373 3639 5412; x_wconf 91' lang='lat' dir='ltr'><strong>cum</strong></span> <span class='ocrx_word' id='word_1_787' title='bbox 3668 5361 3744 5413; x_wconf 89' lang='lat' dir='ltr'><strong>si-</strong></span> 
     </span>
    </p>
   </div>
   <div class='ocr_carea' id='block_1_106' title="bbox 2143 5418 3744 5492">
    <p class='ocr_par' dir='ltr' id='par_1_106' title="bbox 2143 5418 3744 5492">
     <span class='ocr_line' id='line_1_107' title="bbox 2143 5418 3744 5492; baseline 0.008 -20"><span class='ocrx_word' id='word_1_788' title='bbox 2143 5418 2310 5473; x_wconf 89' lang='lat' dir='ltr'><strong>lentio</strong></span> <span class='ocrx_word' id='word_1_789' title='bbox 2330 5418 2626 5492; x_wconf 82' lang='lat' dir='ltr'><strong>Dominum</strong></span> <span class='ocrx_word' id='word_1_790' title='bbox 2657 5419 2831 5489; x_wconf 87' lang='lat' dir='ltr'><strong>tetigit</strong></span> <span class='ocrx_word' id='word_1_791' title='bbox 2880 5433 2937 5492; x_wconf 83' lang='lat' dir='ltr'><strong>ut</strong></span> <span class='ocrx_word' id='word_1_792' title='bbox 2968 5437 2997 5474; x_wconf 89' lang='lat' dir='ltr'><strong>a</strong></span> <span class='ocrx_word' id='word_1_793' title='bbox 3021 5425 3295 5492; x_wconf 85' lang='lat' dir='ltr'><strong>sanguinis</strong></span> <span class='ocrx_word' id='word_1_794' title='bbox 3333 5418 3481 5481; x_wconf 81' lang='lat' dir='ltr'><strong>fluxu</strong></span> <span class='ocrx_word' id='word_1_795' title='bbox 3527 5444 3744 5485; x_wconf 76' lang='lat' dir='ltr'><strong>sanare-</strong></span> 
     </span>
    </p>
   </div>
   <div class='ocr_carea' id='block_1_107' title="bbox 2141 5489 3742 5557">
    <p class='ocr_par' dir='ltr' id='par_1_107' title="bbox 2141 5489 3742 5557">
     <span class='ocr_line' id='line_1_108' title="bbox 2141 5489 3742 5557; baseline 0.009 -14"><span class='ocrx_word' id='word_1_796' title='bbox 2141 5499 2258 5554; x_wconf 90' lang='lat' dir='ltr'><strong>tur;</strong></span> <span class='ocrx_word' id='word_1_797' title='bbox 2293 5489 2460 5543; x_wconf 85' lang='lat' dir='ltr'><strong>altera</strong></span> <span class='ocrx_word' id='word_1_798' title='bbox 2489 5489 2669 5542; x_wconf 81' lang='lat' dir='ltr'><strong>Matth.</strong></span> <span class='ocrx_word' id='word_1_799' title='bbox 2701 5505 2791 5549; x_wconf 83' lang='lat' dir='ltr'><strong>xv.</strong></span> <span class='ocrx_word' id='word_1_800' title='bbox 2832 5491 2924 5557; x_wconf 73' lang='lat'><strong>28,</strong></span> <span class='ocrx_word' id='word_1_801' title='bbox 2953 5507 3074 5547; x_wconf 92' lang='lat' dir='ltr'><strong>cum</strong></span> <span class='ocrx_word' id='word_1_802' title='bbox 3121 5489 3288 5551; x_wconf 82' lang='lat' dir='ltr'><strong>multo</strong></span> <span class='ocrx_word' id='word_1_803' title='bbox 3333 5499 3571 5554; x_wconf 90' lang='lat' dir='ltr'><strong>clamore</strong></span> <span class='ocrx_word' id='word_1_804' title='bbox 3594 5503 3742 5556; x_wconf 86' lang='lat' dir='ltr'><strong>sani-</strong></span> 
     </span>
    </p>
   </div>
   <div class='ocr_carea' id='block_1_108' title="bbox 2139 5561 2905 5626">
    <p class='ocr_par' dir='ltr' id='par_1_108' title="bbox 2139 5561 2905 5626">
     <span class='ocr_line' id='line_1_109' title="bbox 2139 5561 2905 5626; baseline 0.004 -13"><span class='ocrx_word' id='word_1_805' title='bbox 2139 5569 2304 5613; x_wconf 80' lang='lat' dir='ltr'><strong>tatem</strong></span> <span class='ocrx_word' id='word_1_806' title='bbox 2337 5561 2458 5612; x_wconf 66' lang='lat' dir='ltr'><strong>ﬁliat</strong></span> <span class='ocrx_word' id='word_1_807' title='bbox 2488 5561 2774 5626; x_wconf 87' lang='lat' dir='ltr'><strong>deprecata</strong></span> <span class='ocrx_word' id='word_1_808' title='bbox 2803 5577 2905 5616; x_wconf 71' lang='grc' dir='ltr'><strong>εει.</strong></span> 
     </span>
    </p>
   </div>
   <div class='ocr_carea' id='block_1_109' title="bbox 2211 5630 3738 5712">
    <p class='ocr_par' dir='ltr' id='par_1_109' title="bbox 2211 5630 3738 5712">
     <span class='ocr_line' id='line_1_110' title="bbox 2211 5630 3738 5712; baseline 0.009 -28"><span class='ocrx_word' id='word_1_809' title='bbox 2211 5630 2288 5712; x_wconf 27' lang='lat' dir='ltr'><strong>(ig)</strong></span> <span class='ocrx_word' id='word_1_810' title='bbox 2319 5631 2372 5685; x_wconf 83' lang='lat' dir='ltr'><strong>Id</strong></span> <span class='ocrx_word' id='word_1_811' title='bbox 2399 5640 2525 5712; x_wconf 53' lang='lat' dir='ltr'><strong>est,</strong></span> <span class='ocrx_word' id='word_1_812' title='bbox 2576 5630 2628 5712; x_wconf 77' lang='lat' dir='ltr'><strong>itt</strong></span> <span class='ocrx_word' id='word_1_813' title='bbox 2667 5631 2892 5712; x_wconf 50' lang='lat' dir='ltr'><strong>Joannis</strong></span> <span class='ocrx_word' id='word_1_814' title='bbox 2923 5634 3237 5712; x_wconf 69' lang='lat' dir='ltr'><strong>Evangelio.</strong></span> <span class='ocrx_word' id='word_1_815' title='bbox 3264 5637 3443 5712; x_wconf 75' lang='lat' dir='ltr'><strong>Simili</strong></span> <span class='ocrx_word' id='word_1_816' title='bbox 3476 5639 3738 5712; x_wconf 61' lang='lat' dir='ltr'><strong>loqtleitdi</strong></span> 
     </span>
    </p>
   </div>
   <div class='ocr_carea' id='block_1_110' title="bbox 2137 5701 3737 5784">
    <p class='ocr_par' dir='ltr' id='par_1_110' title="bbox 2137 5701 3737 5784">
     <span class='ocr_line' id='line_1_111' title="bbox 2137 5701 3737 5784; baseline 0.008 -27"><span class='ocrx_word' id='word_1_817' title='bbox 2137 5701 2374 5784; x_wconf 82' lang='lat' dir='ltr'><strong>ratio_ne_</strong></span> <span class='ocrx_word' id='word_1_818' title='bbox 2398 5701 2492 5756; x_wconf 91' lang='lat' dir='ltr'><strong>lib.</strong></span> <span class='ocrx_word' id='word_1_819' title='bbox 2523 5719 2555 5756; x_wconf 72' lang='grc' dir='ltr'>χ</span> <span class='ocrx_word' id='word_1_820' title='bbox 2583 5704 2648 5757; x_wconf 90' lang='lat' dir='ltr'><strong>de</strong></span> <span class='ocrx_word' id='word_1_821' title='bbox 2692 5703 2888 5760; x_wconf 84' lang='lat' dir='ltr'><strong>Trinit.</strong></span> <span class='ocrx_word' id='word_1_822' title='bbox 2928 5701 3202 5776; x_wconf 43' lang='lat' dir='ltr'><strong>numfﬂ,</strong></span> <span class='ocrx_word' id='word_1_823' title='bbox 3245 5710 3460 5778; x_wconf 90' lang='lat' dir='ltr'><strong>dicitur,</strong></span> <span class='ocrx_word' id='word_1_824' title='bbox 3491 5701 3584 5784; x_wconf 69' lang='lat' dir='ltr'><strong>per</strong></span> <span class='ocrx_word' id='word_1_825' title='bbox 3613 5732 3737 5784; x_wconf 82' lang='lat' dir='ltr'><strong>pre-</strong></span> 
     </span>
    </p>
   </div>
   <div class='ocr_carea' id='block_1_111' title="bbox 2136 5771 3623 5834">
    <p class='ocr_par' dir='ltr' id='par_1_111' title="bbox 2136 5771 3623 5834">
     <span class='ocr_line' id='line_1_112' title="bbox 2136 5771 3623 5834; baseline 0.003 -8"><span class='ocrx_word' id='word_1_826' title='bbox 2136 5788 2245 5828; x_wconf 85' lang='lat' dir='ltr'><strong>cem</strong></span> <span class='ocrx_word' id='word_1_827' title='bbox 2264 5774 2318 5834; x_wconf 88' lang='lat' dir='ltr'><strong>in</strong></span> <span class='ocrx_word' id='word_1_828' title='bbox 2343 5771 2568 5832; x_wconf 78' lang='lat' dir='ltr'><strong>Joanne.</strong></span> <span class='ocrx_word' id='word_1_829' title='bbox 3192 5771 3199 5776; x_wconf 76' lang='grc'><em>’</em></span> <span class='ocrx_word' id='word_1_830' title='bbox 3450 5771 3459 5778; x_wconf 83' lang='grc'><em>’</em></span> <span class='ocrx_word' id='word_1_831' title='bbox 3491 5771 3502 5784; x_wconf 90' lang='grc'><em>’</em></span> <span class='ocrx_word' id='word_1_832' title='bbox 3615 5771 3623 5797; x_wconf 70' lang='grc'><strong>⁵</strong></span> 
     </span>
    </p>
   </div>
  </div>
