4100 6196
395 266 499 323 629

1360 261 1454 317 EX
1493 258 1725 319 OPERE
1766 256 2135 317 HISTORICO
2171 255 2651 319 FRAGMENTUM
2683 256 2725 315 Ι.

3593 263 3699 319 650

388 382 592 452 piditas
645 380 1098 451 comprimuntur.
1149 376 1326 451 Atque
1367 376 1572 437 idcirco
1610 393 1734 435 cum
1779 387 1998 435 maneat
2023 380 2073 442 Α
2172 379 2227 433 4.
2269 377 2435 444 Quale
2476 376 2623 449 Opus
2660 376 3014 449 aggrediatur.
3058 400 3131 418 -—
3158 375 3410 433 Proferra
3439 377 3600 449 igitur
3637 380 3694 437 in

388 471 551 540 ﬁdes,
571 485 715 543 spes,
738 461 995 538 cbaritas,
1021 470 1197 542 major
1219 470 1411 527 horum
1432 479 1518 526 est
1538 472 1774 527 charitas
1803 472 1846 541 (l
1864 471 1990 528 Cor.

386 580 507 632 xm,
538 561 631 637 ts)
660 582 674 619 :
720 578 819 635 per
854 579 1015 635 quam
1043 563 1313 621 admixtos
1347 564 1626 620 insecabili
1670 564 1727 621 in
1764 563 1859 620 Dei
1889 580 1987 621 no-

385 658 535 713 mine
562 656 785 723 aﬂ'ectu,
833 656 980 712 nulla
1007 656 1088 713 vis
1115 656 1459 714 secularium
1488 666 1734 714 motuum
1759 667 1851 713 aut
1872 657 1986 714 dis-

385 750 555 806 solvit
578 792 594 816 ,
617 757 712 804 aut
736 749 952 805 dividit.

455 844 511 899 '5.
546 840 786 897 Charitas
812 841 1079 896 Hilarium
1120 851 1269 915 urgrt
1290 885 1306 910 ,
1353 860 1416 899 ne
1438 844 1586 899 sileat
1627 844 1988 900 htercticorum

382 937 705 1009 prauitatem.
734 964 807 977 -—
852 936 923 992 Et
948 936 1076 993 huic
1111 945 1299 1003 tantae,
1342 946 1449 993 tam
1492 938 1643 1010 gravi
1671 939 1986 1007 apostolicae

382 1028 694 1083 auctoritati
736 1042 838 1099 ego
880 1044 1101 1099 quoque
1138 1028 1283 1085 inter
1311 1039 1573 1095 caeteros,
1604 1031 1647 1086 si
1692 1031 1821 1101 quid
1852 1031 1985 1087 mihi

380 1129 506 1189 post
523 1134 618 1174 eos
639 1118 740 1173 loci
763 1128 867 1181 est.
889 1120 1256 1176 testimonium
1276 1121 1442 1177 reddo
1464 1136 1561 1190 per
1584 1121 1721 1177 banc
1745 1121 1982 1177 cbarita-

383 1219 494 1266 tem
527 1211 820 1278 repositam
858 1211 1018 1266 nobis
1042 1219 1168 1267 ante
1198 1222 1441 1283 tempora
1468 1214 1747 1268 saecularia
1774 1215 1826 1268 in
1854 1214 1982 1270 caeli

378 1315 532 1372 spem
554 1303 870 1372 assumptis,
892 1313 948 1358 et
970 1303 1174 1358 nomini
1200 1304 1296 1359 Dei
1317 1319 1381 1359 ac
1405 1304 1612 1359 Domini
1634 1304 1763 1360 Jesu
1780 1303 1983 1361 Christi

379 1397 671 1463 adbazreo,
708 1397 1019 1469 iniquorum
1060 1399 1379 1455 societatem
1416 1407 1473 1455 et
1510 1399 1809 1456 inﬁdelium
1850 1414 1983 1456 con-

377 1488 607 1544 sortium
648 1503 956 1559 respuens:
988 1503 1111 1546 cum
1141 1505 1250 1561 quo
1293 1489 1492 1546 ﬂorere
1541 1491 1696 1545 nobis
1720 1531 1735 1555 ,
1773 1489 1849 1562 (a)
1876 1505 1982 1546 ste-

376 1581 487 1636 culi
524 1582 637 1636 otio
666 1581 968 1638 domestico
991 1581 1096 1637 frui
1117 1623 1133 1649 ,
1162 1582 1467 1639 commodis
1494 1583 1746 1640 omnibus
1774 1583 1980 1639 redun-

373 1672 508 1728 dare
530 1713 547 1739 ,
580 1670 949 1729 familiaritate
974 1672 1120 1744 regia
1158 1674 1380 1743 gloriari
1400 1716 1415 1737 ,
1442 1681 1499 1729 et
1544 1689 1668 1730 esse
1696 1674 1834 1730 falso
1860 1675 1978 1745 epi-

2094 471 2480 528 conscientiam
2504 470 2772 541 publicam
2799 483 2934 541 opus
2954 476 3107 527 teuto
3122 484 3289 542 grave
3306 479 3365 528 et
3382 471 3663 544 multiplex
3676 514 3691 538 ,

2092 564 2359 621 diabolica
2390 563 2582 620 fraude
2603 564 2916 635 perplexum
2937 600 2954 631 ,
2984 561 3364 620 haereticorum
3388 574 3543 636 parte
3563 568 3693 621 sub-

2093 657 2204 722 tile,
2231 656 2662 712 dissimulatione
2681 657 2977 712 multorum
2998 669 3062 712 ac
3083 666 3228 712 metu
3257 656 3692 729 praeiudicatum,

2092 750 2373 815 locorum,
2415 750 2468 805 in
2514 749 2710 820 quibus
2753 759 2901 821 gesta
2948 764 3034 805 res
3079 757 3164 803 est
3208 764 3414 820 nosque
3452 751 3692 822 agimus,

2092 843 2474 915 desperatione
2520 844 2862 914 peregrinum
2891 881 2909 909 ,
2958 850 3206 911 tempore
3245 840 3323 915 (ε)
3372 844 3690 915 antiquum,

2089 937 2309 992 silentio
2346 950 2565 1001 novum,
2599 936 2808 1007 pridem
2842 937 3092 991 simulata
3116 950 3299 990 rerum
3332 951 3461 1007 pace
3491 949 3690 1008 praue-

2092 1029 2276 1097 ritum,
2307 1031 2552 1100 proxime
2576 1030 2738 1101 impia
2772 1028 3239 1085 fallacissimorum
3272 1029 3550 1097 hominum
3581 1034 3693 1087 cal-

2084 1120 2297 1177 liditate
2340 1130 2699 1187 renovatum;
2744 1119 2954 1189 hocque
3002 1135 3110 1191 quo
3160 1120 3324 1176 etiam
3357 1122 3410 1177 in
3461 1122 3693 1180 Romani

2086 1215 2299 1285 imperii
2320 1215 2552 1286 negotiis
2572 1216 2727 1286 quies
2750 1215 3009 1284 carpitur,
3039 1230 3134 1270 rex
3158 1217 3396 1287 angitur,
3431 1218 3689 1287 palatium

2086 1305 2289 1367 fervet,
2339 1306 2578 1376 episcopi
2626 1305 3084 1373 circumcursant,
3136 1304 3397 1362 ofﬁciales
3440 1308 3683 1379 magistri

2085 1397 2349 1461 volitant,
2382 1397 2641 1453 adversus
2679 1397 3007 1467 apostolicos
3054 1396 3200 1453 viros
3229 1396 3531 1454 ofﬁciorum
3575 1416 3692 1455 om-

2086 1489 2233 1543 nium
2265 1488 2614 1545 festinatione
2646 1489 2913 1544 turbatur.
2956 1488 3032 1543 lta
3062 1489 3263 1560 ubique
3291 1491 3491 1562 agitur,
3526 1495 3693 1563 tropi-

2083 1585 2262 1651 datur,
2293 1584 2554 1653 instatur;
2585 1594 2644 1639 ut
2674 1584 2833 1653 plane
2862 1582 3199 1654 iniquitatem
3230 1585 3390 1655 hujus
3429 1587 3687 1642 assertio-

2086 1677 2198 1744 nis,
2241 1676 2521 1732 obtinendi
2566 1676 2718 1731 labor
2750 1684 2804 1731 et
2848 1690 2979 1730 cura
3025 1675 3345 1746 prodiderit.
3396 1677 3691 1733 Enimvero

373 1763 528 1834 scopi
554 1764 797 1829 nomine,
826 1764 1052 1835 singulis
1080 1766 1462 1836 universisque
1475 1775 1529 1823 et
1552 1767 1765 1835 publice
1785 1775 1843 1822 et
1865 1767 1977 1839 pri-
2006 1789 2053 1851 Β
2082 1772 2288 1827 versari
2322 1772 2375 1825 in
2407 1784 2661 1826 sermone
2686 1769 2966 1825 hominum
2985 1769 3095 1840 jam
3123 1769 3215 1825 diu
3247 1771 3494 1837 memini,
3525 1788 3690 1843 quos«

371 1856 539 1911 vatim
574 1856 628 1910 in
657 1855 924 1913 Ecclesiae
959 1856 1241 1913 dominatu
1269 1871 1488 1929 gravem
1524 1857 1704 1926 efﬁci,
1743 1874 1873 1930 par,
1916 1867 1979 1915 ut

372 1949 623 2015 caeteris,
654 1955 897 2018 potestas
941 1948 1203 2014 dabatur;
1233 1950 1280 2006 si
1305 1951 1469 2006 modo
1493 1952 1774 2008 veritatem
1813 1967 1980 2008 evan-

370 2040 600 2111 gelicum
628 2039 867 2097 falsitate
908 2056 1316 2113 corrumperem
1337 2084 1353 2110 ,
1386 2044 1736 2100 conscientia;
1764 2053 1976 2101 reatum

369 2133 750 2191 blandimento
776 2133 1102 2206 ignorantia:
1130 2136 1445 2191 consolarer
1466 2178 1481 2203 ,
1524 2135 1708 2206 judicii
1752 2152 1977 2209 corrup-

372 2226 537 2283 telam
567 2227 920 2284 cxcusatione
943 2226 1106 2283 alieni
1136 2227 1347 2286 arbitrii
1379 2228 1760 2299 defenderem,
1797 2230 1974 2288 haere-

368 2335 497 2378 seos
522 2322 739 2393 piaculo
776 2334 884 2377 non
914 2321 1022 2377 fide
1060 2337 1180 2378 mea
1200 2361 1218 2390 ,
1246 2338 1367 2393 qua:
1398 2323 1582 2394 utique
1608 2332 1758 2381 esset
1797 2325 1973 2381 obno-

371 2414 495 2479 xia,
526 2412 624 2469 sed
649 2413 995 2483 simplicitate
1027 2414 1388 2484 ignorantium
1416 2428 1523 2470 non
1552 2422 1802 2483 tenerer,
1846 2431 1973 2487 pro-

370 2506 594 2562 bitatem
643 2508 745 2563 sub
789 2506 1112 2563 difficultate
1153 2507 1380 2578 publica:
1409 2509 1774 2580 intelligentiae
1816 2524 1974 2566 men-

368 2601 523 2656 tirer.
553 2601 679 2657 Haec
707 2600 851 2657 enim
882 2602 1285 2670 simplicitatem
1315 2602 1489 2675 (forte,
1520 2604 1572 2658 in
1599 2604 1970 2677 simplicitate)

365 2699 549 2754 cordis
577 2713 671 2769 per
698 2698 856 2753 ﬁdem
879 2707 934 2755 et
960 2712 1111 2769 spem
1135 2698 1334 2754 Christi
1357 2698 1590 2755 cbaritas
1610 2715 1836 2755 manens
1857 2716 1963 2757 non

369 2792 512 2846 tulit.
544 2791 612 2846 Et
636 2805 757 2846 cum
785 2791 855 2845 ab
880 2790 1138 2860 Apostolo
1164 2790 1519 2859 accepissem,
1568 2789 1692 2844 Non
1716 2790 1849 2845 enim
1874 2807 1968 2843 ac-

367 2884 598 2954 cepimus
640 2884 879 2953 spiritum
918 2882 1211 2953 formidinis
1241 2880 1308 2951 (ll
1354 2879 1490 2936 Tim.
1540 2898 1582 2948 1,
1624 2882 1701 2950 7),
1743 2890 1799 2937 et
1841 2896 1965 2937 cum

364 2973 598 3030 Domino
628 2974 843 3031 dicente
881 2974 1285 3040 didicissemus,
1314 2973 1496 3027 Omnis
1535 2974 1621 3044 qui
1642 2973 1967 3042 conﬁtebitur

362 3083 450 3123 me
472 3082 648 3123 eorum
673 3067 983 3134 hominibus,
1012 3078 1059 3123 et
1084 3083 1178 3137 ego
1206 3064 1485 3135 conﬁtebor
1510 3082 1630 3121 eum
1648 3081 1820 3120 coram
1852 3065 1962 3120 Pa-

2085 1865 2207 1920 dam
2235 1864 2576 1921 sacerdotum
2610 1864 2705 1920 Dei
2732 1863 2935 1923 idcirco
2963 1864 3239 1930 exsulare,
3260 1864 3405 1935 quod
3432 1866 3485 1919 in
3513 1867 3682 1920 Atha-

2083 1958 2293 2014 nasium
2330 1956 2656 2013 sententiam
2702 1970 2809 2011 non
2856 1956 3071 2012 ferunt:
3102 1964 3159 2012 et
3186 1955 3276 2012 hic
3312 1971 3468 2013 error
3506 1972 3675 2028 prope

2079 2050 2318 2106 omnium
2355 2060 2565 2106 mentes
2591 2049 2907 2119 occupavit,
2954 2057 3012 2104 ut
3038 2048 3139 2105 sub
3168 2048 3388 2104 nomine
3418 2049 3537 2121 ejus
3568 2064 3678 2106 non

2077 2141 2207 2197 satis
2235 2142 2525 2212 unicuique
2553 2155 2743 2197 eorum
2770 2140 2985 2211 dignam
3007 2153 3227 2196 causam
3258 2141 3501 2213 suscepti
3531 2144 3674 2200 exsi-

2078 2233 2135 2288 lii
2159 2232 2510 2288 arbitrentur.

2148 2326 2204 2381 5.
2247 2325 2379 2393 ραω
2396 2327 2453 2380 in
2487 2339 2547 2380 eo
2570 2325 2949 2395 prem-uittas.
2987 2352 3062 2367 --
3082 2325 3453 2383 Praetermitto
3475 2338 3680 2395 autem,

2076 2416 2205 2473 licet
2246 2417 2523 2487 potissima
2564 2418 2678 2487 regi
2715 2418 2787 2472 sit
2815 2415 3096 2474 referenda
3128 2418 3196 2490 (ί.
3225 2417 3553 2491 deserenda)
3586 2434 3677 2474 rc-

2074 2510 2310 2565 verentia
2339 2508 2489 2580 (quia
2513 2509 2656 2564 enim
2691 2509 2877 2581 (omne
2906 2507 3078 2580 enim)
3098 2524 3132 2565 a
3160 2509 3275 2565 Deo
3290 2526 3515 2581 regnum
3546 2511 3678 2583 est),

2074 2616 2182 2657 non
2214 2611 2394 2657 tamen
2439 2600 2821 2669 aequanimiter
2840 2601 3101 2670 judicium
3132 2602 3248 2671 ejus
3276 2604 3678 2673 episcopalibus

2071 2695 2311 2751 arbitriis
2347 2695 2559 2750 admitti
2592 2712 2606 2748 :
2639 2694 2765 2764 quia
2812 2694 3043 2750 Caesaris
3086 2694 3320 2758 Caesari,
3354 2695 3469 2750 Deo
3494 2707 3677 2752 autem

2072 2785 2347 2843 reddenda
2375 2802 2496 2856 qua:
2526 2785 2621 2841 Dei
2649 2794 2774 2840 sunt
2805 2783 2987 2858 (Lacte
3010 2801 3100 2852 xx,
3135 2784 3253 2856 25).
3295 2784 3472 2840 Taceo
3506 2785 3678 2855 impe-

2070 2879 2268 2935 ratoris
2292 2879 2502 2934 sublata
2529 2893 2708 2935 causa:
2734 2879 3045 2949 cognitione
3064 2876 3350 2949 judicium.
3394 2877 3510 2934 Non
3538 2894 3672 2950 que-

2068 2986 2162 3026 ror
2183 2972 2491 3042 extorqueri
2525 2971 2593 3027 de
2634 2971 2860 3026 absente
2889 2969 2969 3043 (ά)
2999 2971 3320 3027 sententiam
3346 2988 3362 3039 ;
3390 2973 3657 3044 quamvis,

2068 3065 2327 3139 Apostolo
2356 3066 2592 3132 dicente,
2629 3065 2729 3123 Ubi
2753 3066 2885 3136 ﬁdes
2923 3077 3017 3131 est,
3048 3066 3121 3120 ibi
3152 3078 3199 3122 et
3225 3068 3433 3123 libertas
3469 3078 3543 3124 est
3569 3068 3589 3140 (
3616 3068 3664 3125 ll

353 3172 443 3217 tre
479 3178 592 3216 meo
630 3162 718 3232 qui
746 3172 820 3218 est
859 3162 914 3215 in
943 3161 1083 3216 stetis
1117 3159 1330 3232 (Matth.
1362 3175 1416 3224 x,
1449 3156 1575 3229 32);
1607 3167 1664 3214 et
1694 3175 1787 3229 per
1811 3174 1965 3214 eum-
1993 3178 2038 3243 ρ
2072 3157 2191 3213 Cor.
2226 3174 2306 3223 ιιι,
2350 3159 2463 3227 l7),
2496 3159 2602 3228 pati
2635 3159 2774 3213 istud
2814 3158 3132 3230 simplicitas
3169 3160 3524 3217 sacerdotalis
3558 3176 3666 3218 non

352 3255 487 3310 dem
513 3254 714 3309 dictum
744 3265 910 3323 esset,
944 3254 1088 3308 Beati
1113 3255 1199 3322 qui
1242 3255 1666 3326 persecutionem,
1698 3255 1962 3326 patiuntur

352 3355 573 3418 propter
590 3347 851 3420 justitiam
869 3387 886 3413 ,
921 3347 1434 3418 quoniam-ipsorum
1467 3354 1545 3401 'est
1572 3362 1789 3417 regnum
1809 3347 1964 3400 caelo-

350 3456 481 3495 rum
508 3456 528 3495 :
557 3440 691 3496 beati
712 3441 832 3495 estis
853 3455 971 3494 cum
1003 3455 1091 3495 uos
1113 3440 1419 3495 maledicent
1436 3482 1453 3507 ,
1490 3449 1539 3494 et
1570 3450 1961 3512 persequentur,

348 3544 406 3589 et
440 3533 615 3590 dicent
636 3549 785 3589 omne
809 3533 1005 3587 malum
1032 3533 1301 3588 aduersum
1325 3548 1415 3587 uos
1436 3543 1646 3603 propter
1660 3534 1961 3607 justitiam;

349 3626 529 3698 σεο
555 3625 776 3697 gaudete
801 3634 847 3679 et
872 3626 1124 3681 exsultute
1145 3667 1160 3692 ,
1190 3626 1433 3695 quoniam
1461 3641 1652 3680 merces
1676 3634 1840 3680 uestra
1869 3642 1961 3679 co-

350 3720 509 3788 piosa
536 3727 608 3772 est
642 3718 693 3772 in
735 3717 860 3771 caelo
887 3715 1108 3789 (Matth.
1159 3732 1214 3782 v,
1241 3717 1308 3773 l0
1335 3725 1383 3771 el
1408 3714 1573 3789 seqq.)
1607 3734 1622 3772 :
1664 3732 1769 3772 non
1812 3719 1960 3788 potui

348 3810 439 3881 (b)
470 3810 723 3880 praeferre
750 3809 1088 3865 ambitiosam
1117 3810 1171 3864 in
1214 3819 1397 3865 reatus
1426 3810 1642 3865 silentio
1681 3810 1962 3866 conscieno

349 3902 486 3958 tiam
518 3902 792 3973 iujuriosa:
817 3915 915 3973 pro
936 3902 1030 3958 Dei
1056 3900 1395 3957 confessione
1417 3901 1740 3958 tolerantiae.

430 4064 512 4138 (a)
555 4064 670 4121 Vox
702 4066 880 4138 steculi
903 4066 1165 4136 aptiorem
1195 4066 1373 4122 locum
1396 4064 1476 4122 sic
1504 4065 1772 4138 obtineret
1802 4084 1815 4121 :
1843 4067 1948 4123 otio

349 4136 640 4192 domestico
670 4137 776 4208 frui
798 4180 811 4201 ,
843 4138 1017 4192 swculi
1057 4139 1336 4192 commodis
1372 4138 1607 4192 omnibus
1637 4136 1946 4193 redundare.

350 4209 673 4281 Antpotius
703 4209 1008 4281 legendum,
1034 4210 1219 4280 ﬂorere
1241 4210 1384 4263 bonis
1411 4208 1627 4274 swculi;
1656 4210 1701 4264 si
1731 4208 1949 4281 quidem

349 4280 507 4345 mihi,
541 4295 647 4334 non
671 4279 836 4343 nobis,
867 4279 1146 4349 sequentia
1174 4282 1475 4349 requirnnt.

426 4350 583 4423 (b)|n
614 4364 743 4405 mss.
788 4354 1014 4423 preferre
1037 4352 1345 4423 ambitiosa:
1376 4366 1442 4405 ex
1470 4351 1664 4420 quibus
1699 4351 1952 4407 confece-

344 4422 445 4480 rat
474 4422 650 4478 Faber
672 4461 687 4486 ,
731 4422 957 4493 perferre
984 4422 1252 4478 arribitioso
1280 4423 1333 4487 in
1370 4435 1517 4477 reatu
1544 4424 1767 4477 silentio.
1814 4423 1956 4478 lute-

344 4495 590 4565 griorem
637 4507 701 4547 ac
738 4508 1002 4565 veriorem
1033 4495 1308 4547 reddimus
1337 4504 1659 4549 sententiam
1684 4512 1697 4557 ;
1723 4495 1955 4549 maxime

2069 3253 2285 3308 debeat.
2314 3250 2419 3308 Sed
2445 3253 2581 3321 haec,
2609 3267 2715 3308 non
2739 3252 2860 3323 quia
2886 3253 3280 3309 contemnenda
3307 3264 3453 3321 sunt,
3480 3268 3667 3310 verum

2067 3345 2193 3415 quia
2239 3344 2322 3398 his
2368 3344 2615 3415 graviora
2658 3344 2767 3398 sint
2814 3343 3091 3414 subjecta,
3141 3353 3421 3413 praetereo.
3472 3343 3671 3413 Quam-

2068 3452 2227 3508 quam
2260 3437 2403 3492 enim
2434 3452 2499 3492 ex
2537 3436 2622 3491 his
2651 3436 2956 3507 quibusque
2983 3435 3049 3509 (f.
3079 3451 3199 3507 quae
3239 3437 3563 3512 quibusque)
3608 3440 3664 3495 in

2070 3530 2227 3585 terris
2256 3541 2407 3600 gesta
2450 3529 2595 3595 sint,
2638 3530 2889 3599 cognosci
2926 3531 3161 3600 potuerit
3189 3529 3349 3601 longe
3378 3532 3524 3587 aliud
3555 3534 3663 3604 agi,

2064 3637 2222 3692 quam
2270 3620 2712 3685 existimabatur;
2759 3632 2936 3676 tamen
2984 3619 3335 3691 propensiore
3377 3636 3503 3677 cura
3545 3639 3661 3679 rem

2062 3731 2280 3772 omnem
2304 3715 2407 3771 boc
2429 3715 2701 3771 volumine
2730 3716 2933 3785 placuit
2957 3731 3248 3786 exponere.
3274 3715 3488 3786 Raptim
3516 3720 3661 3776 enim

2066 3818 2194 3864 tunc
2224 3809 2298 3880 (c)
2327 3809 2441 3862 lucc
2466 3823 2564 3878 per
2599 3822 2697 3862 nos
2726 3808 3130 3878 ingerebantur,
3167 3810 3445 3878 corruptio
3473 3811 3661 3868 Evan-

2063 3904 2352 3974 geliorum,
2368 3900 2683 3972 depravatio
2704 3900 3067 3973 ﬁdei,621et
3085 3899 3333 3956 simulata
3354 3902 3553 3959 Cbrisﬁ
3569 3920 3667 3959 no-

2054 4067 2140 4123 bis
2192 4064 2657 4149 subsequentibus.
2692 4065 2872 4149 verbis
2902 4067 3145 4149 :pridem
3198 4067 3436 4124 simulata
3482 4085 3655 4149 rerum

2093 4155 2182 4193 ace
2230 4136 2574 4210 printer-itum;
2606 4136 2722 4210 nisi,
2754 4138 2892 4210 forte
2930 4136 3117 4193 iisdem
3178 4149 3394 4194 notetur
3431 4139 3662 4197 celebris

2115 4207 2311 4265 rsac’.et
2330 4208 2665 4278 Valent.post
2690 4207 2756 4265 Sa
2766 4207 3012 4265 rdicense
3025 4210 3309 4264 concilium
3326 4212 3654 4267 retractatio.

2133 4280 2214 4355 (Δ)
2238 4280 2336 4336 Hic
2355 4280 2539 4355 obiter
2550 4279 2795 4355 tangitur
2812 4295 2978 4355 quam
3003 4282 3165 4335 variis
3187 4281 3383 4355 modis,
3408 4280 3460 4337 in
3488 4282 3660 4355 Atha-

2063 4350 2203 4409 nasii
2239 4367 2424 4417 causa,
2446 4350 2775 4420 judiciorum
2805 4351 2972 4407 forma
3005 4360 3268 4408 temerata
3299 4354 3392 4419 sit,
3423 4354 3657 4410 maxime

2062 4435 2242 4479 autem
2277 4422 2420 4492 quod
2451 4423 2650 4477 absens
2673 4423 3066 4478 condemnatus
3100 4422 3188 4479 sit.
3235 4423 3304 4479 Ut
3345 4424 3487 4479 enim
3536 4439 3660 4480 cum

2063 4495 2410 4551 Tlieodoreto
2450 4493 2545 4550 lib.
2578 4510 2613 4551 ιι
2659 4494 2795 4548 llist.
2830 4493 2978 4550 Eccl.
3028 4508 3078 4550 c.
3117 4494 3204 4558 16,
3235 4496 3388 4552 testis
3419 4504 3503 4549 est
3540 4497 3659 4563 ipse

344 4554 476 4621 ξιιιιι
510 4578 578 4620 ex
605 4579 708 4619 ms.
760 4564 969 4634 Remig.
1017 4565 1204 4635 legerit
1233 4565 1398 4620 Sirm.
1431 4566 1483 4618 in
1527 4554 1702 4619 reatus
1726 4566 1951 4630 silentio,
1983 4554 2037 4614 Ῑ)
2062 4568 2380 4623 Ammianus
2407 4565 2751 4620 Marcellinus
2783 4566 2874 4620 lib.
2905 4581 2995 4632 xv,
3019 4581 3071 4620 c.
3103 4568 3156 4631 7,
3192 4554 3437 4622 Liberius
3465 4582 3491 4619 τι
3518 4554 3662 4635 Con-

388 4635 497 4690 nod
529 4644 635 4701 est,
666 4636 718 4691 in
741 4636 959 4690 silentio
990 4639 1160 4691 reatni
1193 4635 1454 4703 obnoxio,
1480 4652 1639 4706 quem
1669 4647 1872 4692 reatum
1900 4649 1957 4691 ut.

388 4654 497 4690 1100
529 4654 635 4701 εει,
666 4654 718 4691 ΙΙΙ
741 4654 959 4690 suenuo
990 4654 1160 4691 reattu
1193 4654 1454 4703 ODIIOXIO,
1480 4654 1639 4706 quem
1669 4654 1872 4692 reatum
1900 4654 1953 4691 ιιι

342 4654 635 4779 defugeret
659 4705 912 4770 Hilarius,
946 4707 1017 4762 ait
1048 4722 1109 4761 se
1138 4707 1355 4777 indigna
1392 4723 1496 4779 pro
1514 4704 1713 4763 Christi
1736 4707 1953 4779 confes-

343 4776 508 4837 sione
550 4779 657 4845 pati
686 4779 945 4835 maluisse
965 4819 979 4841 .
1022 4793 1182 4848 quam
1214 4776 1280 4835 ex
1312 4778 1600 4835 ambitiosa
1624 4776 1952 4835 conscientia

342 4850 672 4905 connivere.

425 4918 499 4992 (c)
532 4920 658 4992 ideo
686 4930 909 4992 tempore
947 4921 1212 4990 antiquum
1233 4920 1398 4992 :_quia
1425 4918 1569 4989 quod
1607 4920 1792 4976 Ariani
1837 4929 1957 4992 tan-

338 4990 487 5047 dem
529 4990 759 5047 Arimini
786 5033 800 5053 ,
855 4990 1116 5048 Seleucitc
1147 5001 1204 5046 et
1227 4990 1697 5061 Constantinopoli
1727 4992 1794 5046 ad
1835 4990 1951 5047 exi-

342 5074 466 5117 tum
493 5061 877 5130 perduxerunt,
913 5063 963 5117 id
995 5063 1151 5132 longe
1176 5074 1334 5117 antea
1378 5064 1621 5117 conciliis
1652 5063 1951 5119 innumeris

339 5133 528 5191 moliti
570 5141 747 5189 eratut.
792 5133 925 5203 Quia
970 5149 1100 5190 vero
1129 5138 1234 5189 hoc
1259 5133 1548 5190 consilium
1577 5149 1757 5200 suum,
1806 5133 1950 5201 quod

337 5203 569 5261 silentio
597 5215 755 5259 antea
800 5214 980 5274 tegere
1016 5204 1234 5260 solliciti
1283 5213 1475 5270 erant,
1524 5220 1668 5260 nunc
1720 5208 1952 5274 primum

340 5276 530 5347 palam
586 5275 969 5347 prodiderunt;
1030 5276 1171 5347 idem
1223 5275 1425 5331 silentio
1464 5291 1648 5347 novum
1700 5277 1958 5345 praedica-

336 5345 458 5403 tur.
493 5345 611 5417 Iam
643 5345 883 5415 quidem,
914 5346 988 5400 uti
1041 5345 1134 5402 lib.
1165 5348 1234 5403 de
1278 5347 1411 5417 Syn.
1443 5363 1495 5403 ιι.
1554 5346 1621 5402 78
1670 5354 1941 5413 narratur,

340 5435 442 5474 an.
484 5415 588 5474 357
619 5416 830 5473 Itazresis
876 5417 1075 5474 Sirmio
1113 5415 1583 5490 prorumpenspid
1618 5418 1757 5489 quod
1802 5427 1952 5490 antea

342 5489 536 5561 furtim
570 5490 888 5561 mussitabat,
925 5506 1031 5543 non
1062 5488 1215 5555 clam,
1258 5488 1353 5545 sed
1382 5488 1605 5561 publica:
1632 5488 1959 5542 auctoritatis

343 5559 674 5632 professione
726 5560 909 5615 victria:
953 5561 1290 5630 gloriabatur.
1339 5562 1407 5615 At
1445 5559 1802 5615 Orientalium
1849 5563 1962 5632 t_\_n-

342 5629 500 5703 cyras
540 5629 993 5703 congregatoruni
1028 5647 1192 5701 opera
1234 5634 1412 5685 statim
1445 5646 1690 5703 repressa
1721 5640 1823 5693 est,
1863 5629 1964 5703 Vll-

346 5701 526 5765 leutc,
555 5701 785 5760 UrSucio
818 5718 879 5759 ac
919 5702 1084 5758 sociis
1118 5718 1304 5759 eorum
1331 5714 1537 5757 coactis
1578 5711 1635 5756 nt
1661 5702 1965 5765 Ancyranis

343 5772 762 5833 deﬁnitionibus
780 5772 1201 5835 subscriberent.
1217 5773 1347 5848 Qua:
1360 5773 1685 5846 subscriptio
1702 5772 1969 5831 indicatur

2061 4638 2262 4692 stantio
2287 4637 2472 4706 jussus
2514 4646 2571 4689 ut
2602 4638 2653 4690 in
2697 4636 2842 4691 illum
2884 4637 3270 4699 subscriberet,
3301 4634 3661 4704 respondebat

2061 4723 2350 4775 numquam
2382 4707 2623 4761 auditum
2653 4720 2811 4769 esse,
2869 4708 3053 4763 dereo
3097 4707 3323 4763 absente
3349 4706 3509 4761 latam
3537 4720 3659 4763 csse

2060 4777 2404 4833 sententiam.
2437 4776 2581 4831 idem
2618 4786 2701 4829 est
2725 4775 2953 4831 Luciferi
2996 4791 3058 4831 ac
3097 4776 3365 4831 sociorum
3411 4777 3663 4844 ejusm-

2063 4862 2325 4919 sponsum
2349 4848 2497 4919 apud
2520 4844 2873 4901 Athanasium
2906 4847 2969 4899 ad
2996 4847 3153 4901 Solit.
3184 4862 3302 4919 pag.
3329 4843 3475 4919 862’:
3504 4843 3657 4913 Esto,

2061 4915 2307 4989 inquiunt
2336 4915 2675 4989 Constantio,
2712 4925 2767 4970 ut
2806 4928 3073 4989 accusator
3098 4915 3196 4981 sis,
3223 4916 3451 4973 absentia
3487 4928 3659 4989 tamen

2058 4987 2146 5045 rei
2163 4989 2287 5061 facit
2314 4999 2366 5042 ut
2385 4987 2614 5061 judicari
2638 5003 2739 5041 non
2771 4990 2950 5061 possit.
2979 4987 3183 5061 Iudicat
3221 5000 3484 5061 prmterca
3510 4987 3657 5044 Hilu-

2061 5058 2175 5117 rius
2219 5058 2517 5125 extortam,
2568 5073 2740 5127 eoque
2785 5060 3002 5112 nomine
3045 5058 3243 5113 nullam
3294 5058 3459 5115 fuisse
3503 5060 3652 5116 illam

2062 5132 2391 5212 sententiam
2437 5149 2449 5182 :
2496 5144 2654 5212 quam
2704 5131 2972 5212 rationem
3024 5143 3195 5212 tneque
3235 5130 3359 5189 silet
3403 5129 3653 5187 Liberius

2067 5206 2187 5259 loco
2209 5199 2533 5258 Theodoreti
2568 5199 2809 5270 proxime
2836 5210 3155 5256 memorato.

2140 5274 2210 5347 (ε)
2238 5274 2329 5347 V_el
2363 5273 2607 5347 Biterris,
2652 5271 2791 5347 unde
2819 5273 2867 5326 in
2897 5272 3145 5347 exsilium
3171 5271 3375 5347 eiectus
3403 5282 3525 5347 est;
3563 5271 3656 5347 γει

2055 5341 2217 5403 etiam
2248 5342 2740 5416 Constantinopoli,
2771 5351 2890 5416 post
2932 5341 3291 5416 Seleuciensis
3324 5342 3515 5416 synodi
3545 5341 3659 5399 dis—

2060 5417 2407 5473 solutionem.
2441 5415 2774 5483 Quamquam
2818 5415 2962 5479 huic,
3003 5415 3090 5469 ubi
3120 5430 3240 5471 sese
3269 5415 3463 5470 obtulit
3495 5429 3659 5469 occa-

2064 5489 2165 5555 sio,
2198 5496 2456 5558 prmstare
2484 5501 2590 5539 non
2638 5485 2861 5558 destitit.
2888 5484 3025 5558 Nam
3054 5485 3146 5541 lib.
3192 5501 3209 5541 ι
3257 5486 3322 5542 ad
3373 5485 3655 5545 Constant.

2069 5578 2123 5614 ιι.
2166 5556 2222 5621 5,
2255 5556 2689 5629 ιιιιριίιιιιλιιιιοό
2717 5556 2897 5629 Ariani
2941 5571 3041 5629 non
3067 5568 3266 5629 cessant
3308 5573 3397 5611 ore
3424 5557 3585 5629 impio
3610 5565 3659 5612 et

2072 5630 2317 5700 sacrilego
2332 5628 2503 5681 animo
2525 5626 2919 5700 Euangeliorum
2945 5627 3283 5700 sinceritatem
3311 5626 3659 5698 corrumpere,

2071 5713 2118 5758 et
2169 5696 2359 5757 rectam
2410 5696 2760 5771 apostolorum
2810 5696 3034 5771 regulam
3079 5698 3392 5771 depravare;
3443 5696 3664 5770 etpost

2077 5788 2265 5845 pauca,
2296 5769 2451 5842 quod
2469 5769 2724 5839 simplices
2757 5776 2804 5823 et
2832 5769 3121 5825 innocentes
3158 5770 3250 5827 sub
3282 5769 3550 5840 praetextu
3570 5785 3664 5827 no-

3550 6038 3592 6064 Α
