4100 6196
428 263 524 319 651

428 375 594 432 minis
620 374 934 446 blasphema
956 351 1245 430 co'nfessio.
1278 370 1346 426 Et
1366 382 1588 425 necesse
1615 367 1717 423 fuit
1743 367 1797 422 in
1818 381 1885 422 eo
1910 381 2020 423 ser-
2052 373 2103 432 Α

429 483 593 525 moue
622 468 801 524 omnia
829 482 949 524 esse
976 479 1340 539 praepropera,
1362 464 1740 533 incompOsita,
1760 461 1981 518 confusa
2010 481 2022 516 :

431 563 556 632 quia
578 570 780 631 quanto
807 575 909 615 nos
937 558 1274 629 impensiore
1300 572 1429 613 cura
1457 556 1785 612 audientiam
1817 570 2026 626 quaere-

429 668 630 717 remus,
659 660 807 707 tanto
845 650 924 706 illi
966 650 1329 721 pertinaciore
1355 648 1535 704 studio
1571 646 1860 704 audientiae
1881 661 2027 702 cou-

429 746 676 801 trairent.

504 840 556 892 6.
592 835 741 892 Unde
773 837 1024 891 ordiatur.
1065 867 1135 875 ——
1173 836 1430 907 Incipiam
1472 835 1634 907 igitur
1658 834 1739 891 .ab
1786 832 1871 889 his
1908 847 2029 905 qua:

430 934 677 1003 proxime
715 937 867 1002 gesta
897 940 1042 996 sunt,
1074 930 1127 985 id
1154 940 1257 991 est,
1282 945 1347 985 eo
1396 940 1639 999 tempore
1661 944 1768 999 quo
1794 929 2026 998 primum

431 1026 485 1080 in
512 1026 812 1080 Arelatensi
841 1023 1041 1093 oppido
1074 1022 1185 1095 (an.
1218 1022 1350 1093 555)
1380 1025 1543 1078 l‘rater
1569 1033 1625 1078 et
1653 1023 2030 1077 comminister

430 1132 586 1172 meus
630 1117 886 1171 Paulinus
932 1117 1175 1170 ecclesia:
1226 1113 1572 1169 Trevirorum
1612 1114 1899 1185 episcopus
1945 1128 2033 1168 eo-

429 1226 550 1264 rum
609 1225 669 1263 se
716 1206 1006 1276 perditioni
1051 1206 1492 1276 simulatiouique
1534 1222 1640 1260 non
1684 1205 1945 1259 miscuit:
1977 1214 2031 1259 et

433 1304 608 1374 qualis
637 1303 832 1377 iuit(a)
876 1303 962 1356 illa
1010 1302 1283 1356 sententia
1312 1316 1602 1370 exponam,
1658 1316 1685 1353 a
1730 1316 1834 1370 qua
1890 1299 2033 1356 rele-

432 1413 560 1452 rens
606 1398 977 1461 voluntatem,
1039 1397 1293 1467 indiguus
1334 1395 1562 1450 ecclesia
1606 1395 1672 1449 ab
1716 1394 1987 1463 episcopis
2015 1437 2029 1460 ,

433 1490 628 1561 dignus
643 1489 837 1546 exsilio
864 1506 892 1542 a
923 1504 1052 1559 rege
1071 1502 1156 1544 est
1176 1488 1468 1557 judicatus.
1490 1488 1665 1555 Atque
1681 1486 1785 1540 hoc
1813 1487 1885 1542 ita
1915 1486 2032 1541 ﬁeri

433 1599 541 1638 non
570 1598 749 1637 rerum
780 1582 938 1645 ordo,
969 1582 1064 1635 sed
1097 1582 1235 1635 ratio
1263 1596 1326 1635 ex
1354 1580 1715 1650 praesentibus
1747 1579 1912 1649 petita
1934 1579 2033 1634 de-

432 1685 702 1731 monstrat
730 1692 741 1729 :
776 1684 836 1730 ut
864 1691 928 1730 ex
960 1674 1045 1728 his
1078 1674 1309 1744 primum
1349 1674 1623 1729 confessio
1660 1674 1841 1742 potius
1884 1670 2032 1733 ﬁdei,

1622 252 1867 312 SANCTI
1907 252 2161 310 HILABII
2203 251 2512 310 EPISCOPI

2388 365 2871 423 FRAGMENTUM
2918 365 2963 422 Il
3002 365 3168 439 (Alias
3195 383 3211 422 ι
3239 366 3453 442 partis).

2520 497 2716 536 INCIPIT
2744 497 3030 537 EXEIII‘LUI
3060 496 3334 538 EPISTOLE

2246 572 2448 645 Synodi
2477 573 2806 629 Sardicensis
2835 572 2909 647 (ο)
2935 575 3004 628 ad
3034 577 3297 630 universas
3323 574 3605 632 Ecclesias.

2671 668 2920 739 (Scripta:
2947 683 3041 723 au.
3070 667 3225 738 5W.)

2204 762 2255 816 1.
2292 761 2496 832 Synodi
2524 777 2703 816 causa.
2735 791 2805 800 —
2846 760 3006 815 Multa
3052 761 3367 832 quidemet
3417 762 3735 834 frequenter

2131 852 2246 906 ausi
2289 860 2416 906 sunt
2445 853 2627 906 Ariani
2662 851 2903 907 lucretici
2934 855 3198 908 adversus
3225 869 3414 909 servos
3434 856 3729 928 6221M,

2130 945 2223 1016 qui
2256 945 2415 1000 ﬁdem
2443 955 2645 1000 rectam
2678 956 2732 1000 et
2756 945 3077 1001 catholicam
3099 948 3429 1003 custodiunt.
3461 952 3737 1005 Adulteri-

2132 1051 2257 1092 nam
2293 1036 2860 1107 namque’doctrinam
2895 1040 3218 1106 inserentes,
3243 1039 3577 1097 orthodoxos
3608 1056 3737 1112 per-

2131 1131 2282 1200 Sequi
2316 1138 2676 1186 tentaverunt.
2708 1130 2766 1184 In
2798 1138 3004 1186 tantum
3031 1141 3212 1186 autem
3236 1148 3378 1187 nunc
3405 1148 3740 1188 exsurrexe-

2132 1233 2257 1277 runt
2300 1232 2487 1278 contra
2521 1222 2681 1278 tidem
2714 1265 2728 1289 ,
2777 1233 2834 1278 ut
2878 1239 2984 1279 non
3025 1224 3106 1295 (ό)
3141 1225 3443 1295 religiosam
3477 1227 3732 1293 pietatem

2132 1314 2682 1370 clementissimorum
2728 1324 3117 1386 imperatorum
3168 1318 3379 1373 lateret.
3444 1318 3730 1389 Denique,

2133 1411 2305 1479 gratia
2352 1409 2443 1463 Dei
2475 1407 2789 1478 adjuvante,
2823 1409 2984 1464 etiam
3036 1411 3138 1479 ipsi
3183 1410 3592 1467 clementissimi
3642 1412 3740 1466 im-

2136 1513 2418 1571 peratores
2461 1505 3024 1575 congregaverunt(e)
3055 1520 3119 1559 ex
3160 1505 3393 1561 diversis
3440 1507 3740 1575 provinciis

2135 1601 2192 1648 et
2216 1594 2528 1649 civitatibus
2558 1595 2730 1665 ipsam
2762 1598 3030 1668 synodum
3062 1608 3301 1653 sanctam
3330 1640 3348 1667 ,
3375 1608 3431 1653 et
3460 1599 3512 1653 in
3549 1600 3742 1656 Sardi-

2136 1690 2379 1745 censium
2412 1692 2629 1747 civitate
2656 1692 2770 1747 lieri
2797 1693 3166 1762 permiserunt
3191 1711 3204 1748 :
3233 1704 3291 1748 ut
3313 1696 3493 1750 omnis
3516 1695 3738 1765 quidem

431 1783 592 1836 quam
623 1783 789 1836 pavor
817 1768 871 1820 in
915 1766 1132 1822 homine
1161 1764 1511 1835 intelligatur,
1545 1764 1620 1836 (b)
1642 1780 1708 1819 ex
1756 1764 1952 1834 quibus
1982 1764 2032 1818 iu

2140 1782 2410 1839 dissensio
2439 1793 2851 1854 amputaretur,
2884 1785 3064 1856 iniqua
3088 1796 3265 1841 autem
3310 1764 3554 1842 doctrina
3588 1788 3745 1857 peni-

435 1877 559 1916 eum
585 1860 676 1931 qui
717 1859 982 1915 adsensus
1009 1859 1092 1914 his
1121 1874 1228 1913 non
1259 1868 1365 1925 est,
1396 1858 1535 1929 cepit
1564 1857 1840 1927 injuriam.

506 1962 558 2014 7.
591 1960 703 2027 Quo
736 1969 885 2029 pacto
902 1958 1175 2030 legendum
1197 1958 1283 2012 sit.
1304 1984 1375 1998 —-
1413 1956 1589 2026 Atque
1620 1954 1722 2009 hoc
1745 1953 1908 2008 etiam
1927 1966 2034 2007 non

434 2054 700 2109 inutiliter
729 2051 1064 2113 admonebo,
1098 2059 1155 2104 ut
1178 2050 1244 2104 ad
1276 2064 1438 2103 omne
1477 2049 1581 2104 hoc
1624 2048 1877 2102 volumen
1911 2047 2033 2103 dili-

432 2162 570 2216 gens
598 2145 828 2200 intentio
876 2144 1215 2199 adhibeatur.
1249 2142 1444 2197 Omnia
1492 2143 1642 2197 enim
1698 2151 1907 2197 suntet
1949 2157 2039 2196 se-

434 2237 673 2308 paranda
700 2236 1037 2305 temporibus
1059 2277 1072 2301 ,
1112 2242 1169 2289 et
1194 2234 1572 2303 distinguenda
1598 2233 1841 2303 iudiciis,
1872 2244 1926 2289 et
1945 2249 2034 2290 se-

434 2329 706 2384 cernenda
734 2328 1012 2397 personis,
1043 2334 1099 2381 et
1121 2326 1411 2380 verborum
1442 2324 1783 2395 diiudicanda
1823 2326 2038 2380 virtuti-

433 2423 537 2477 bus
561 2440 575 2475 :
602 2436 669 2475 ne
692 2420 830 2475 forte
856 2427 936 2473 tot
961 2418 1232 2488 epistolis,
1264 2427 1343 2475 tot
1374 2419 1598 2488 synodis
1629 2426 1755 2473 tunc
1780 2418 2037 2488 frequen-

435 2523 518 2569 ter
548 2514 783 2583 injectis,
817 2512 1125 2583 pernicioso
1159 2521 1286 2567 ante
1312 2511 1473 2566 ﬁnem
1495 2512 1706 2568 fastidio
1730 2513 2033 2583 expleatur.

436 2607 630 2677 Agitur
672 2613 851 2659 autem
902 2604 956 2659 in
997 2604 1120 2670 his,
1169 2618 1290 2675 qua:
1319 2604 1561 2674 cognitio
1602 2605 1694 2659 Dei
1728 2605 2036 2676 expetenda

437 2700 532 2765 sit,
557 2712 680 2769 qua:
719 2710 847 2767 spes
889 2696 1215 2751 aeternitatis
1239 2736 1254 2761 ,
1314 2696 1367 2751 in
1410 2711 1518 2767 quo
1554 2696 1789 2767 perlecta
1839 2698 2039 2753 veritas

435 2800 581 2849 statu
608 2791 831 2846 haereat.
867 2789 1080 2844 Etcum
1116 2798 1224 2843 tam
1260 2791 1443 2860 gravis
1473 2790 1551 2846 rei
1582 2792 1856 2862 negotium
1890 2801 2034 2848 trac-

440 2894 585 2943 tetur
610 2927 625 2952 ,
676 2893 900 2954 oportet
932 2892 989 2937 et
1044 2898 1487 2953 unumquemque
1533 2884 1618 2938 his
1652 2884 1817 2940 modo
1852 2901 2037 2941 curam

434 2975 834 3048 cognoscendis
857 2974 1023 3030 rebus
1064 2973 1381 3043 impendere
1404 3016 1420 3040 ,
1463 2984 1520 3030 ut
1541 2974 1747 3045 judicio
1777 2977 2039 3048 deinceps

436 3068 658 3140 proprio
683 3066 1011 3133 consistens,
1031 3065 1346 3135 opinionem
1375 3080 1481 3121 non
1504 3076 1761 3138 sequatur
1780 3066 2033 3125 alienam.

440 3161 694 3232 Explicit.

440 3807 594 3864 minis
621 3804 904 3862 Christiani
930 3806 1211 3861 involvunt.
1241 3806 1475 3861 Rursum
1504 3804 1597 3861 lib.
1626 3803 1692 3859 ad
1721 3802 1968 3858 eumdem
1996 3819 2032 3859 ιι

439 3888 752 3936 constanter
790 3878 858 3932 ab
884 3880 1003 3946 ipso
1031 3880 1321 3948 exponitur
1344 3875 1470 3932 lidoi
1495 3876 1829 3948 depravatio,
1857 3884 1910 3929 et
1938 3890 2034 3930 au-

438 3951 638 4006 dientia
662 3951 825 4004 enixe
857 3950 1178 4018 postulatur.

511 4021 591 4090 (a)
624 4022 677 4075 lu
708 4022 954 4088 vulgatis.
987 4021 1067 4073 illi
1104 4022 1375 4075 sententia.
1427 4019 1623 4090 Verius
1644 4018 1697 4071 in
1740 4033 1898 4090 mss.,
1938 4018 2032 4073 illa

434 4089 707 4157 sententia,
738 4093 857 4146 scil.
885 4090 999 4145 Arii
1028 4092 1297 4146 lautorum
1319 4135 1333 4160 ,
1374 4091 1567 4162 quibus
1610 4089 1866 4143 Paulinus
1894 4104 2028 4144 ceu-

435 4166 638 4219 sentire
665 4164 853 4216 noluit.

508 4232 583 4304 (b)
616 4231 790 4286 Faber
813 4248 935 4286 cum
958 4248 1056 4286 suo
1083 4252 1208 4300 ms.,
1242 4243 1286 4288 et
1307 4234 1490 4304 quibus
1524 4235 1576 4285 in
1604 4248 1717 4285 eum
1740 4234 1827 4303 qui
1851 4233 2039 4287 adsen-

435 4303 525 4361 sus
553 4305 669 4375 quis
696 4320 812 4385 non_
841 4305 974 4374 cepit
1002 4305 1272 4387 injuriam.
1308 4303 1570 4387 Beppsita
1601 4306 1789 4387 Vocula
1834 4321 1900 4357 ea:
1939 4320 2035 4387 pro

436 4386 503 4441 et,
534 4390 658 4429 cum
711 4374 991 4444 utriusque
1042 4374 1096 4428 in
1129 4377 1367 4442 antiquis
1395 4374 1547 4427 libris
1596 4389 1701 4427 tina
1729 4374 1897 4444 ligura
1939 4375 2029 4439 sit,

434 4457 634 4502 cattera
660 4443 985 4507 corrigimus
1010 4458 1078 4498 ex
1107 4445 1382 4502 Sirmondi
1414 4444 1759 4497 lectionibus.
1778 4446 1833 4498 Si
1866 4445 2027 4498 etiam

2142 1886 2227 1932 tus
2257 1878 2506 1946 emulsa,
2544 1877 2718 1948 pietas
2745 1879 2882 1944 sola,
2920 1893 3041 1949 quae
3065 1888 3149 1934 est
3176 1880 3227 1934 iu
3258 1878 3497 1946 Christo,
3521 1881 3590 1935 ab
3621 1895 3745 1936 om-

2138 1969 2297 2024 nibus
2326 1969 2710 2025 custodiretur.
2753 1970 3035 2025 Venerunt
3061 1972 3204 2026 enim
3247 1971 3318 2026 ab
3350 1970 3573 2027 Oriente
3621 1973 3745 2043 epi-

2138 2062 2286 2132 scopi
2305 2061 2681 2117 cohortatione
2704 2062 2922 2118 excitati
2944 2061 3306 2132 piissimorom
3330 2067 3742 2134 imperatorum,

2140 2156 2377 2209 maxime
2408 2165 2629 2225 propter
2657 2153 2708 2209 id
2726 2153 2868 2224 quod
2893 2154 3207 2225 frequenter
3237 2155 3288 2209 in
3314 2157 3746 2211 murmuratione

2137 2246 2266 2311 fuit,
2307 2247 2359 2301 id
2384 2257 2491 2312 est,
2515 2247 2584 2302 de
2604 2246 2976 2302 dilectissimis
3002 2245 3258 2301 fratribus
3296 2247 3504 2303 nostris
3531 2260 3587 2302 et
3616 2262 3748 2302 coe-

2138 2341 2404 2412 piscopis.
2435 2339 2731 2395 Athanasio
2751 2339 3011 2409 episc0po
3033 2339 3379 2395 Alexandria:
3400 2349 3456 2393 et
3486 2338 3748 2394 Marcello

2137 2432 2393 2502 episcopo
2410 2430 2896 2503 Ancyro-Galatiaa.
2927 2430 2994 2504 (ι’)
3018 2431 3360 2507 Arbitramur
3374 2440 3553 2487 autem
3577 2433 3744 2487 etiam

2139 2523 2208 2578 ad
2236 2538 2333 2579 vos
2363 2525 2511 2595 ipsos
2542 2526 2862 2595 pervenisse
2902 2538 3093 2579 eorum
3132 2524 3455 2592 calumnias,
3497 2532 3553 2578 et
3581 2539 3746 2578 aures

2138 2631 2348 2675 vestras
2392 2628 2633 2675 tentasse
2676 2634 2771 2674 eos
2801 2633 3147 2674 commovere
3185 2633 3291 2672 non
3323 2616 3695 2672 dubitavimus
3728 2636 3743 2671 ε

2141 2721 2198 2767 ut
2222 2714 2509 2769 adversum
2562 2713 2883 2768 innocentes
2931 2710 3146 2780 quidem
3182 2725 3306 2781 qua:
3334 2710 3521 2765 dicunt
3547 2710 3747 2766 ereda-

2141 2806 2229 2869 tis,
2265 2805 2543 2861 sceleratae
2572 2815 2750 2860 autem
2782 2803 3055 2859 haereseos
3093 2818 3207 2859 suae
3255 2804 3620 2874 suspicionem
3662 2815 3748 2859 te—

2138 2910 2287 2971 gant.
2318 2900 2425 2955 Sed
2451 2915 2555 2954 non
2593 2897 2929 2954 diutiushaec
2954 2897 3059 2952 illis
3084 2895 3267 2952 facere
3291 2897 3613 2966 permissum
3631 2908 3741 2954 est.

2140 2996 2238 3051 Est
2267 2994 2412 3051 enim
2440 2994 2768 3066 gubernator
2801 2990 3166 3047 Eeclesiarum
3203 2990 3484 3056 Dominus,
3527 2991 3607 3061 (g)
3645 2991 3743 3062 qui

2143 3104 2239 3160 pro
2264 3088 2519 3143 Ecclesiis
2547 3096 2601 3142 et
2628 3102 2725 3155 pro
2750 3082 3003 3141 omnibus
3030 3084 3186 3139 nobis
3207 3093 3437 3140 mortem
3463 3083 3743 3152 sustinuit,

2065 3151 2110 3213 Ο
2144 3151 2200 3238 et
2223 3180 2303 3255 (Ir)
2332 3191 2552 3252 propter
2579 3151 2671 3237 eas
2696 3180 2967 3236 Ecclesias
3005 3177 3328 3235 adscensum
3356 3180 3407 3235 in
3435 3180 3604 3236 celos
3625 3193 3746 3235 om-

2145 3274 2304 3330 nibus
2331 3274 2486 3329 nobis
2524 3273 2731 3329 tribuit.
3601 3338 3606 3344 θ

2215 3366 2271 3420 2.
2303 3365 2573 3437 Synodum
2592 3367 2738 3420 adire
2759 3366 3016 3438 trepidant
3049 3365 3346 3423 Eusebiani.
3366 3395 3438 3407 —-
3459 3365 3598 3422 Olim
3621 3367 3746 3438 qui-

2144 3458 2267 3514 dem
2297 3458 2660 3513 scribentibus
2701 3458 2974 3526 Eusebio,
3005 3458 3173 3515 Mario
3197 3500 3211 3523 ,
3267 3457 3578 3526 Theodoro,
3612 3458 3747 3516 Dio-

2141 3554 2308 3623 gnito,
2333 3550 2557 3607 Ursacio
2582 3560 2636 3606 et
2662 3550 2906 3618 Valente,
2933 3550 2995 3625 (ἰ)
3021 3552 3187 3619 Julio,
3217 3552 3591 3609 consacerdoti
3613 3569 3750 3610 nos—

2145 3654 2249 3711 tro,
2274 3645 2534 3702 Romanae
2561 3646 2818 3703 Ecclesia:
2839 3646 3117 3716 episeopo,
3146 3644 3430 3702 adversum
3453 3647 3746 3717 praedictos

2145 3819 2435 3875 perpessos
2461 3820 2605 3871 esse,
2636 3820 2795 3874 quam
2822 3804 2964 3872 quod
3014 3806 3229 3861 Arianae
3278 3804 3473 3862 haeresi
3503 3821 3745 3864 censen-

2141 3878 2275 3943 tire,
2310 3886 2365 3932 et
2393 3878 2540 3932 falsis
2589 3884 2776 3931 contra
2824 3876 3000 3946 ipsum
3053 3877 3339 3930 calumniis
3393 3878 3744 3937 subscribere

2144 3948 2469 4002 noluissent.
2507 3949 2600 4002 llis
2627 3946 2903 4015 praemittit
2936 3946 3331 4005 Theodoretus.
3365 3947 3743 4006 Mediolanen-

2136 4018 2215 4072 sis
2243 4019 2438 4091 synodi
2465 4034 2687 4089 scepinn
2732 4019 2928 4091 luisse,
2961 4029 3015 4091 ut
3043 4017 3399 4073 Constantius
3453 4020 3743 4091 episcopos

2135 4090 2359 4166 cogeret,
2391 4093 2601 4166 expulso
2626 4091 2688 4144 ab
2715 4090 2939 4144 ecclesiis
2967 4090 3271 4157 Athanasio,
3304 4090 3459 4144 aliam
3489 4090 3612 4160 ﬁdei
3632 4097 3745 4166 [or-

2136 4162 2327 4215 mulam
2350 4162 2682 4215 conscribere.
2824 4212 2825 4215 η

2222 4231 2293 4303 (ε)
2330 4232 2583 4303 Epistola-
2608 4233 2765 4300 hujus
2796 4231 3097 4300 inscriptio,
3121 4247 3241 4302 qum
3268 4231 3356 4287 hic
3374 4231 3738 4303 desideratur,

2143 4311 2197 4355 et
2228 4302 2367 4375 apud
2398 4302 2753 4375 Athanasium
2796 4303 2937 4374 apol.
2968 4318 3005 4375 ll
3033 4343 3047 4366 ,
3103 4320 3152 4370 p.
3181 4304 3286 4358 760
3306 4344 3319 4365 ,
3352 4304 3580 4358 habetur
3605 4302 3741 4375 sup?

2146 4372 2347 4440 pressis
2390 4373 2696 4426 nominibus
2729 4372 3332 4447 Aprovinririru_m_unde
3377 4377 3615 4447 synodus
3648 4372 3739 4433 est

2139 4452 2483 4515 congregata,
2515 4452 2695 4498 exstat
2727 4445 2935 4515 integra
2965 4443 3104 4514 apud
3136 4443 3556 4513 Theodorétum,
3592 4450 3684 4505 lib.
3705 4466 3743 4506 II

434 4526 592 4592 antea
626 4532 722 4592 pro
748 4531 903 4585 quam
929 4530 1091 4592 pavor
1117 4518 1171 4570 in
1193 4517 1415 4592 homine.
1464 4512 1658 4583 legeris
1688 4530 1839 4592 quam
1882 4518 2030 4592 [arar
2059 4533 2108 4592 ι)
2143 4512 2359 4592 Ecl-les.
2385 4514 2591 4592 "istc.
2618 4518 2671 4592 8ἶ

433 4590 491 4644 in
520 4583 815 4653 hominem;
848 4586 1138 4658 etinteger
1167 4586 1273 4641 erit
1296 4593 1601 4658 sensus,_et
1626 4583 1863 4658 evidens
1882 4583 2024 4658 Hila-

433 4660 503 4715 rii
534 4660 694 4724 ratio,
752 4673 848 4714 cur
873 4657 943 4712 ab
975 4653 1304 4714 Arelatensis
1341 4655 1535 4729 synodi
1564 4655 1731 4726 gestis
1760 4653 1983 4729 incipiat
2008 4674 2021 4708 :

434 4743 492 4788 ut
530 4732 788 4787 videlicet
816 4730 1040 4798 primum
1071 4745 1136 4785 ea:
1160 4729 1240 4785 his
1261 4773 1276 4796 ,
1309 4726 1383 4783 ρξε’
1399 4726 1581 4797 quibus
1607 4731 1661 4781 in
1688 4744 1807 4782 eum
1834 4727 2028 4799 (Atha—

434 4803 670 4873 nasium)
702 4803 790 4873 qui
815 4800 1064 4856 adsensus
1087 4803 1166 4855 his
1188 4799 1453 4873 (Arionis)
1484 4815 1583 4853 non
1614 4811 1709 4866 est,
1734 4800 1865 4868 cepit
1891 4800 2029 4868 inju-

432 4876 567 4928 riam
588 4865 853 4946 '(exsilii);
887 4874 1139 4946 confessio
1163 4865 1286 4943 ﬁdei
1314 4865 1500 4934 potius,
1520 4887 1672 4941 quam
1697 4865 1840 4946 favor
1859 4872 1913 4924 in
1938 4865 2031 4925 ho-

433 4943 644 5006 minem,
674 4943 1013 5013 intelligatur,
1042 4944 1095 4998 in
1123 4959 1284 4999 causa
1311 4957 1455 5007 esse,
1488 4957 1583 4995 cur
1600 4943 1911 4996 sacerdotes
1931 4959 2030 4997 ex-

433 5015 616 5071 silium
673 5015 990 5085 suscipiaut.
1047 5015 1257 5082 Quibus
1309 5022 1672 5085 consentanea
1732 5022 1855 5067 sunt
1916 5013 2032 5069 hare

432 5085 655 5156 Sulpicii
684 5083 892 5147 Severi,
927 5087 1019 5140 lib.
1054 5102 1111 5145 ιι,
1148 5100 1267 5156 pag.
1297 5085 1407 5140 246
1436 5102 1448 5138 :
1486 5083 1778 5149 Petebatur,
1806 5094 1860 5156 nt
1884 5086 2030 5156 prius

432 5103 655 5156 δυιριωι
684 5103 892 5147 aevert,
927 5103 1019 5140 nu.
1054 5103 1111 5145 ιι.
1148 5103 1267 5156 pag.
1297 5103 1407 5140 zso
1436 5103 1448 5138 :
1486 5103 1778 5149 rereaarur,
1806 5103 2027 5208 utdprms

431 5173 585 5226 quam
612 5159 665 5211 in
686 5155 1027 5210 Athanasium
1051 5156 1363 5210 subscribere
1383 5166 1701 5217 canerentur,
1732 5156 1795 5207 de
1814 5155 1852 5225 ﬁ
1892 5172 1917 5208 ε
1937 5172 2027 5223 po-

434 5230 538 5282 tius
559 5228 933 5299 disceptarent;
957 5244 1047 5299 nec
1076 5236 1183 5281 tum
1204 5228 1402 5299 demum
1427 5226 1489 5279 dc
1521 5242 1577 5278 re
1598 5229 2024 5299 cognoscendum,

431 5314 550 5371 cum
579 5299 642 5351 (le
672 5295 889 5371 persona
930 5298 1191 5371 judicium
1220 5298 1543 5352 constitisset.
1580 5295 1685 5351 Sed
1737 5295 1921 5350 Valens
1945 5315 2028 5351 s0-

431 5370 594 5438 ciique
643 5370 756 5439 ejus
807 5370 948 5435 prius
989 5370 1259 5423 Athanasii
1300 5371 1678 5439 damnationem
1727 5378 2028 5439 extorquere

166 5420 736 5638 War,
787 5420 850 5493 a’.’
874 5420 1361 5507 ﬂammans;
1383 5420 1521 5493 ass;
1545 5420 1639 5491 Ἀθ
1671 5420 1779 5492 to;
1797 5420 2021 5509 ράἕιὶἱιηὶ

494 5511 672 5579 nﬂicm
698 5512 1184 5580 agiturtnersilinm
1213 5511 1468 5565 Paulinus
1488 5527 1506 5564 :
1535 5526 1641 5563 non
1662 5522 1865 5565 tantum
1892 5510 2018 5578 quia

615 5586 807 5638 asiuur.
850 5583 944 5636 sed
994 5583 1114 5638 uuia
1178 5584 1335 5637 Iidem
1386 5582 1657 5636 luebatur.
1694 5584 2020 5636 Athanasius

494 5510 672 5580 ῥιπίσαι
698 5512 1184 5580 agiturtnersilinm
1213 5511 1468 5565 Paulinus
1488 5527 1506 5564 :
1535 5526 1641 5563 non
1662 5522 1865 5565 tantum
1892 5510 2018 5578 quia

615 5586 807 5652 assium,
850 5583 944 5636 sed
994 5583 1114 5652 quia
1178 5584 1335 5637 Iidem
1386 5582 1657 5652 luebatur.
1694 5584 2020 5636 Athanasius

640 5644 1023 5709 “‘"Wendrreto
1069 5655 1313 5707 laudatus
1369 5653 1459 5706 lib.
1496 5668 1533 5706 ιι
1596 5651 1729 5705 Hist.
1776 5652 2015 5718 Eecles.,

798 5740 882 5787 ur,
913 5738 1008 5776 eos
1027 5724 1117 5791 qui
1139 5742 1167 5776 ει
1192 5722 1575 5779 .llediolaueusi
1605 5722 1812 5792 synodo
1839 5722 1892 5774 in
1922 5740 2017 5778 ex-

757 5792 904 5845 ;rtati
944 5801 1099 5858 sunt,
1152 5794 1205 5847 id
1256 5795 1457 5848 nullam
1508 5791 1666 5844 aliam
1698 5793 1766 5845 ob
1797 5806 2012 5847 causam

1765 6008 1857 6063 ‘1

2208 4584 2288 4655 (ά)
2314 4585 2841 4666 A‘plld‘TIlchO‘reL,
2858 4590 2930 4666 ᾡς
2944 4586 3341 4666 μηᾷέτήν-ἀκοὴν
3361 4599 3462 4666 τῶν
3482 4593 3741 4666 θεοφιλεσ-

2130 4657 2295 4733 rater
2335 4657 2589 4733 βᾳσιλέῳν
2631 4659 2820 4733 λοεθεῖν.
2851 4657 2986 4712 Ctltn
3019 4658 3219 4733 ililario
3252 4664 3421 4731 magis
3465 4657 3742 4719 consentit

2130 4728 2478 4803 Athanasius,
2508 4732 2576 4803 ὡς
2603 4729 2730 4803 μηδὲ
2760 4735 2851 4790 τὴν
2877 4731 3146 4787 εὐσέϐειαν
3170 4738 3271 4787 τῶν
3294 4728 3701 4791 εὗλαϐεστάτων.

2207 4797 2279 4871 (e)
2312 4800 2392 4863 Ex
2419 4797 2611 4878 graecis
2632 4803 3036 4878 exemplaribus
3052 4803 3362 4878 legendum,
3394 4822 3740 4878 congregave-

2134 4882 2251 4925 rant
2281 4888 2373 4925 nos
2415 4888 2479 4925 ea:
2525 4872 2740 4926 diversis
2784 4873 3063 4942 provinciis
3092 4882 3137 4927 et
3167 4872 3559 4940 civitatibusfet
3583 4872 3739 4933 'hanc

2134 4951 2365 4997 sanctam
2391 4943 2645 5012 synodum
2673 4944 2747 4999 in.

2209 5012 2282 5091 (ἢ
2315 5013 2639 5091 étltanasius
2668 5013 2868 5091 pariter
2886 5015 2974 5070 hic
2997 5019 3219 5082 omittit,
3244 5027 3291 5072 et
3319 5018 3539 5091 Asclepa
3552 5018 3733 5089 (iam,

2141 5083 2285 5152 quod
2315 5083 2690 5140 Theodoretus
2720 5086 2899 5140 habet.

2206 5157 2282 5237 (9)
2307 5155 2361 5209 In
2390 5170 2567 5237 graeco
2584 5156 2794 5237 textui:
2817 5159 2949 5233 ὑπὲρ
2973 5159 3171 5237 τούὶων
3209 5166 3294 5237 reti
3316 5164 3519 5219 πάντων
3556 5166 3697 5237 ἡμῶν
3716 5206 3731 5230 ,

2132 5229 2215 5296 qui
2260 5242 2352 5295 pro
2382 5226 2494 5289 his,
2523 5227 2638 5281 scil.
2669 5226 2964 5283 Athanasio
2987 5241 3041 5285 et
3061 5232 3333 5287 Marcello.

2206 5297 2288 5367 (ἡ)
2318 5298 2407 5351 llis
2437 5299 2855 5365 concinitgrme.
2897 5301 3244 5363 Theodoreti.
3277 5305 3302 5359 ὁ
3328 5303 3393 5360 δι’
3423 5307 3597 5367 αὐτάς.
3624 5306 3735 5363 Ve-

2131 5370 2244 5449 rior
2261 5380 2436 5422 tamen
2456 5369 2670 5449 videtur
2685 5370 2851 5449 lectio
2864 5373 3163 5449 Athanasii,
3187 5379 3275 5429 καὶ
3289 5375 3352 5431 δι’
3377 5378 3585 5443 ἑαυτοῦ,
3603 5382 3730 5449 quia

2127 5440 2277 5515 illius
2306 5449 2481 5494 aetatis
2509 5440 2757 5515 Patrihus
2804 5443 2933 5515 nihil
2967 5447 3213 5498 usitatius
3242 5456 3355 5510 est,
3390 5464 3549 5515 quam
3575 5440 3639 5504 ui
3673 5453 3727 5506 in

2122 5509 2564 5585 Cultu-istoﬂccelos
2593 5513 2953 5585 adscendente
3006 5530 3103 5570 nos
3150 5509 3351 5585 pariter
3374 5509 3730 5577 adscendisse

2122 5581 2327 5665 ἀίειςιὶηεζ
2344 5582 2459 5665 Viti:
2482 5596 2519 5639 t.
2535 5600 2579 5665 t,_
2593 5601 2642 5651 p.
2658 5583 2720 5639 2|
2739 5588 2787 5665 7ἶ
2804 5595 2914 5665 not.
2933 5581 3245 5665 [φοι-4⁷46,
3282 5599 3385 5665 not.
3401 5590 3421 5660 j
3439 5600 3571 5665 nost.
3589 5593 3724 5665 at).

2196 5652 2269 5727 (ι)
2292 5654 2364 5706 Ex
2398 5655 2738 5727 'l'hendorr-to
2776 5656 2860 5709 hic
2902 5652 3234 5720 addendum,
3290 5652 3644 5727 Meriophanto
3672 5652 3722 5719 el

2121 5723 2406 5812 Stiphano.
2432 5725 2760 5812 Athanasius
2791 5740 2968 5812 autem
3003 5739 3206 5784 tantum
3234 5732 3397 5812 habet
3421 5723 3470 5787 oi
3487 5739 3607 5812 περὶ
3627 5740 3724 5791 Εὐ-

2121 5796 2314 5864 σέϐιον,
2343 5796 2520 5851 tacitis
2545 5798 2773 5852 aliorum
2804 5800 3182 5870 episcoporum
3206 5803 3535 5860 nominibus.
