4100 6196
293 286 414 345 833

1240 285 1332 341 EX
1372 284 1601 341 OPERE
1644 282 2006 342 illSTORlCO
2043 282 2522 343 FRAGMENTUM
2562 286 2626 342 ll.

3499 287 3603 346 654

289 407 655 479 coepiscopos
682 416 900 464 nostros
931 405 1185 477 (dicimus
1226 418 1406 464 autem
1454 407 1805 463 Athanasium
1853 415 1907 461 et
1934 409 1981 468 Α
2013 414 2096 462 ter
2121 405 2223 461 hos
2250 421 2391 478 quos
2416 405 2555 463 falso
2599 407 2976 479 adpetiverunt
3002 450 3017 475 ,
3049 422 3238 465 verum
3267 405 3430 463 etiam
3460 406 3603 478 (sup-

288 499 612 557 Marcellum
630 499 752 573 (u));
774 509 830 556 ut
858 501 1191 571 scripserunt
1212 515 1281 557 ex
1308 501 1430 555 aliis
1457 501 1591 556 locis
1613 510 1670 556 ut
1700 498 1904 573 (b)epi-

288 594 451 661 scepi
485 592 695 656 nostri;
727 607 847 662 quae
877 601 1054 648 autem
1082 594 1151 646 ab
1181 592 1416 648 Eusebio
1438 592 1578 647 facta
1598 601 1746 655 sunt.
1771 592 1904 648 nihil

286 684 449 740 aliud
493 700 656 756 quam
686 682 935 740 falsitatis
974 693 1030 740 et
1068 684 1328 740 mendacii
1363 685 1531 740 fuisse
1556 686 1734 755 plena.
1770 685 1904 743 Nam

289 779 411 836 etsi
457 794 523 833 ex
557 794 623 834 eo
651 779 726 849 (r)
748 819 764 843 ,
811 792 920 849 quo
950 778 1124 833 vocati
1152 784 1277 833 sunt
1307 776 1388 848 (ά)
1412 793 1441 831 a
1470 777 1615 833 Julio
1651 777 1907 848 episcopo

286 872 585 929 carissimo
603 872 769 944 ωε
800 871 968 927 fratre
986 880 1195 936 nostro,
1217 870 1411 927 claruit
1438 871 1682 927 noluisse
1702 885 1798 927 eos
1815 887 1907 926 ve-

286 965 448 1019 nisse
468 979 535 1019 ex
558 963 692 1033 ipsis
715 962 915 1018 litteris
945 963 1140 1034 quibus
1164 977 1351 1019 eorum
1382 962 1661 1019 mendacia
1693 963 1906 1019 detecta

293 1068 428 1115 sunt
468 1059 773 1126 (venissent
794 1059 940 1113 enim
969 1098 984 1123 ,
1010 1058 1053 1113 si
1092 1056 1410 1113 habuissent
1438 1056 1688 1113 ﬁduciam
1714 1072 1904 1113 eorum

295 1166 423 1221 quae
470 1158 754 1221 gesserunt
797 1149 1063 1205 adversus
1103 1149 1453 1220 coepisc0pos
1480 1146 1749 1219 nostros);
1781 1148 1909 1204 licet

293 1240 427 1313 (leg.
463 1249 640 1296 tamen
697 1257 791 1310 pro
823 1241 972 1310 licet)
1006 1241 1167 1297 etiam
1216 1257 1281 1298 ex
1332 1240 1484 1312 ipsis,
1512 1256 1632 1312 qum
1664 1240 1907 1297 fecerunt

290 1336 358 1390 in
387 1336 492 1390 isto
523 1345 713 1390 sancto
750 1346 804 1391 et
843 1349 1041 1406 magno
1076 1335 1342 1400 concilio,
1376 1334 1709 1390 manifestior
1758 1332 1907 1388 falsi-

286 1428 428 1482 tatis
468 1442 581 1482 suae
610 1437 919 1483 commenta
953 1426 1329 1495 prodiderunt.
1363 1426 1641 1482 Venerunt
1672 1428 1818 1482 enim
1851 1435 1903 1483 et

286 1520 368 1576 ad
401 1521 808 1577 Sardicettsium
849 1521 1146 1586 civitatem,
1182 1531 1238 1576 et
1268 1521 1512 1576 videntes
1544 1520 1901 1576 Athanasium

291 1622 361 1669 et
381 1612 691 1668 Marcellum
712 1655 728 1678 ,
752 1612 1039 1684 Asclepam
1069 1622 1121 1668 et
1137 1614 1292 1679 alios,
1323 1614 1617 1669 timuerunt
1640 1613 1822 1668 venire
1839 1613 1907 1668 ad

285 1705 557 1774 judicium
594 1723 607 1760 :
641 1714 695 1761 et
721 1722 828 1761 non
860 1707 1028 1761 semel
1058 1722 1235 1777 neque
1263 1707 1490 1772 iterum,
1515 1706 1609 1763 sed
1649 1706 1905 1777 frequen-

2008 502 2092 574 ple
2132 502 2376 574 propter)
2412 502 2512 558 hos
2541 503 2633 573 qui
2670 516 2738 558 ex
2764 500 2998 558 diversis
3025 502 3157 558 locis
3198 508 3600 567 convenerunt,

2008 603 2065 649 ut
2121 593 2345 650 eosdem
2402 594 2587 650 multis
2637 594 2959 650 criminibus
3003 602 3316 665 arguerent.
3378 592 3605 649 Ferrum

2007 686 2150 742 enim
2183 695 2239 740 et
2284 685 2497 742 vincula
2549 685 2896 755 proferebant
2941 684 3011 741 de
3039 683 3235 741 exsilio
3270 692 3608 740 revertentes

2008 781 2130 836 viri.
2171 780 2242 835 Et
2289 795 2499 835 rursum
2539 779 2609 834 ab
2646 779 2755 846 his,
2786 781 2879 850 qui
2921 778 3102 834 adhuc
3131 780 3183 833 in
3234 778 3429 835 exsilio
3467 777 3635 833 detir

2009 880 2229 938 nentur,
2257 871 2325 946 (Γ)
2368 872 2519 928 missi
2542 872 2737 928 afﬁnes
2757 881 2811 927 et
2839 870 3093 942 proximi,
3122 870 3283 927 amici
3307 880 3362 927 et
3385 871 3605 937 fratres,

2008 969 2257 1038 querelas
2300 968 2385 1023 vel
2433 982 2621 1021 eorum
2654 966 2743 1036 qui
2799 974 3093 1035 supersunt
3137 963 3470 1025 detulerunt.
3518 964 3604 1018 vel

2008 1075 2200 1116 eorum
2222 1060 2310 1129 qui
2332 1059 2386 1113 in
2417 1059 2550 1131 ipsis
2575 1058 2782 1114 exsiliis
2804 1057 3178 1120 decesserunt,
3228 1056 3497 1127 indignam
3525 1055 3609 1111 in-

2004 1154 2203 1225 juriam
2248 1152 2515 1222 prosecuti
2549 1160 2694 1206 sunt.
2722 1151 2806 1215 Et,
2835 1148 2978 1221 quod
3012 1160 3095 1205 est
3125 1148 3441 1215 maximum,
3491 1146 3607 1215 epi—

2008 1246 2156 1315 scopi
2186 1245 2433 1311 aderant,
2448 1259 2679 1315 quorum
2702 1243 2841 1298 alter
2864 1242 3061 1298 ferrum
3091 1251 3144 1295 et
3165 1251 3383 1295 catenas
3412 1236 3607 1310 praefe-

2009 1340 2182 1402 rebat,
2213 1336 2380 1410 624
2406 1352 2539 1407 quas
2560 1352 2659 1407 per
2686 1350 2781 1392 eos
2812 1334 2887 1407 (g)
2925 1335 3228 1391 cervicibus
3270 1335 3384 1390 suis
3425 1340 3607 1405 porta-

2009 1443 2190 1498 verat;
2219 1432 2311 1486 alii
2353 1447 2417 1486 ex
2458 1445 2644 1486 eorum
2693 1430 3099 1502 insimulatione
3130 1438 3356 1485 mortem
3392 1428 3471 1502 (Ii)
3502 1428 3604 1484 sibi

2010 1527 2328 1582 intentatam
2359 1524 2805 1581 testiﬁcabautur.
2841 1523 2895 1577 In
2925 1532 3132 1579 tantum
3163 1524 3306 1579 enim
3336 1523 3596 1593 despera-

2009 1619 2174 1675 tionis
2202 1626 2501 1689 eruperunt
2521 1628 2579 1673 ttt
2605 1619 2766 1672 etiam
2791 1619 3078 1687 episcopos
3106 1615 3169 1688 (i)
3206 1614 3610 1671 interfecissent

2009 1712 2265 1784 quidem,
2318 1711 2421 1766 nisi
2482 1709 2746 1780 fugissent
2799 1710 3041 1780 ipsorum
3093 1717 3347 1764 cruentas
3390 1721 3604 1762 manus.

295 1810 394 1856 ter
421 1800 596 1855 vocati
648 1810 1091 1870 eontetnpserunt
1129 1800 1500 1856 invitationem
1547 1800 1740 1871 synodi
1787 1816 1906 1855 om-
1934 1796 1980 1859 B
2011 1804 2253 1861 Decessit
2332 1802 2475 1858 enim
2549 1802 2906 1873 coepiscopus
3000 1809 3188 1857 noster
3260 1800 3609 1857 beatissimus

295 1895 449 1949 nium
484 1904 796 1949 nostrorum
825 1897 890 1966 (Ῑ.
924 1893 1212 1967 nostrum),
1256 1894 1348 1965 qui
1395 1895 1751 1950 convenimus
1788 1897 1907 1965 epi-

298 1988 481 2056 scopi,
504 1996 555 2041 et
584 1986 819 2041 maxime
848 1987 1171 2043 venerabilis
1199 1997 1435 2043 senectae
1462 1987 1702 2050 Ossium,
1733 1988 1824 2058 qui
1853 1997 1908 2043 et

294 2086 526 2149 propter
573 2087 789 2134 aetatem
830 2088 883 2134 et
934 2077 1335 2134 confessionem
1368 2089 1422 2135 et
1465 2079 1599 2134 tanti
1639 2079 1903 2149 temporis

297 2169 583 2239 probatam
636 2169 837 2235 ﬁdem,
883 2168 1072 2243 (e)qui
1103 2178 1311 2226 tantum
1355 2172 1597 2226 laborem
1645 2170 1698 2226 id
1728 2172 1905 2226 aetatis

296 2278 405 2332 pro
434 2262 696 2318 Ecclesia:
726 2263 955 2319 utilitate
981 2264 1258 2332 sustinuit,
1303 2275 1360 2318 ut
1402 2266 1550 2319 omni
1597 2266 1902 2321 reverentia

297 2354 654 2423 dignissimus
695 2355 980 2412 habeatur.
1029 2357 1479 2427 Exspectannbus
1528 2358 1799 2424 omnibus,
1851 2371 1907 2414 ct

296 2446 710 2503 cohortantibus
740 2462 837 2502 eos
858 2448 1045 2503 venire
1071 2449 1136 2503 ad
1156 2448 1443 2517 judicium.
1477 2457 1534 2503 ut
1560 2450 1764 2515 omnia,
1784 2465 1904 2520 qua!

298 2538 377 2594 de
424 2539 904 2595 consacerdotibus
951 2541 1154 2596 nostris
1206 2541 1351 2613 (add.
1397 2542 1763 2607 abeuntibus)
1818 2543 1902 2598 vel

301 2632 562 2687 dixerunt
589 2632 675 2688 vel
704 2633 1064 2704 scripserunt,
1096 2643 1392 2705 praesentes
1423 2644 1644 2705 possent
1678 2637 1904 2693 convin-

296 2739 449 2787 cere,
487 2724 661 2780 vocati
691 2740 798 2780 non
830 2737 1113 2793 venerunt,
1146 2726 1287 2781 sicut
1315 2728 1659 2796 prmdiximus
1684 2747 1697 2782 :
1719 2738 1905 2784 osten-

294 2819 493 2874 dentes
530 2822 692 2874 etiam
747 2836 813 2875 ex
852 2818 937 2875 his
983 2820 1274 2876 falsitatem
1318 2836 1516 2887 suam,
1570 2838 1675 2877 non
1727 2824 1902 2879 solum

295 2913 732 2969 commentitiam
779 2913 1024 2969 fraudem
1077 2923 1173 2970 aut
1239 2916 1556 2986 exquisitam
1606 2918 1900 2973 versutiam

298 3025 470 3079 quam
491 3008 741 3064 fecerunt
765 3008 1057 3080 prodentes
1076 3024 1173 3080 per
1195 3012 1617 3065 excusationem.
1638 3010 1738 3079 Qui
1757 3012 1902 3067 enim

297 3102 505 3158 habent
527 3102 775 3160 fiduciam
802 3102 1035 3174 probare
1061 3119 1123 3158 ea
1139 3119 1259 3176 qua:
1286 3104 1538 3160 absentes
1554 3104 1761 3171 dicunt,
1784 3104 1901 3161 haec

294 3204 604 3265 praesentes
649 3195 819 3264 parati
858 3204 986 3250 sunt
1013 3195 1363 3251 convincere.
1415 3196 1521 3251 Sed
1563 3196 1686 3266 quia
1717 3201 1901 3253 venire
1928 3188 1973 3253 (ἶ
2006 3214 2099 3255 sus
2147 3199 2426 3255 ministros
2456 3198 2555 3253 Dei
2594 3215 2609 3251 :

294 3302 411 3342 non
443 3288 556 3342 ausi
585 3298 741 3356 sunt,
771 3287 1095 3344 arbitramur
1118 3289 1187 3343 de
1214 3299 1417 3345 caetero
1443 3289 1713 3345 neminem
1751 3292 1902 3361 igno-

294 3396 449 3446 rare,
476 3381 636 3435 etiam
678 3382 722 3436 si
765 3381 841 3436 illi
880 3381 1078 3437 iterum
1130 3381 1392 3436 malitiam
1440 3396 1592 3437 suam
1642 3397 1903 3439 exercere

294 3472 610 3537 voluerunt,
643 3472 777 3528 nihil
800 3472 1134 3529 sufﬁcientes
1163 3473 1393 3543 probare
1421 3473 1685 3530 adversus
1704 3489 1903 3530 consa-

296 3563 554 3621 cerdotes
583 3573 801 3620 nostros
825 3607 841 3630 ,
883 3580 1022 3636 quos
1071 3565 1328 3622 incusant
1353 3566 1571 3637 quidem
1604 3568 1857 3625 absentes
1881 3611 1899 3638 ,

297 3668 606 3730 prazsentes
631 3665 813 3713 autem
837 3657 1066 3728 fugiunt.

374 3751 429 3805 ὅ.
462 3748 730 3822 Fugiunt;
758 3760 953 3822 quanta
982 3759 1031 3805 et
1063 3761 1185 3819 quot
1216 3767 1392 3806 eorum
1433 3753 1671 3807 crimina.
1698 3782 1771 3795 —
1798 3752 1903 3809 Fu-

295 3854 492 3915 gerunt
524 3844 671 3899 enim
692 3886 706 3910 ,
755 3842 1092 3900 dilectissimi
1120 3844 1360 3911 Fratres,
1390 3859 1495 3899 non
1539 3846 1714 3901 solum
1743 3862 1903 3917 prop-

374 4026 455 4099 (a)
478 4026 712 4099 Rursum
769 4025 869 4099 hic_
901 4024 1279 4099 Theodﬁoretus
1345 4024 1564 4095 subjicit
1609 4025 1903 4099 Asclepam,

300 4096 1022 4163 Athanasioccttsentiente,
1078 4096 1282 4152 Deinde
1327 4112 1425 4165 pro
1476 4108 1529 4149 ut
1562 4098 1898 4165 scripserunt,

301 4170 406 4240 leg.
432 4180 481 4223 et
509 4170 848 4234 scripserunt,
877 4167 1053 4237 quasi,
1088 4168 1292 4239 pariter
1313 4167 1663 4236 scripserunt.

374 4239 451 4311 (ιι)
481 4240 975 4313 Quodamanucnsi
1007 4240 1076 4294 ob
1103 4240 1478 4313 repetitionem
1511 4241 1655 4293 vocis
1677 4241 1906 4313 episcopi

299 4310 521 4376 excidit,
552 4310 713 4366 facile
739 4312 820 4365 sic
847 4320 1027 4378 potest
1054 4310 1290 4379 Suppleri
1320 4328 1333 4362 :
1365 4310 1682 4379 scripserunt
1702 4310 1766 4367 ea:
1786 4310 1904 4366 aliis

302 4385 430 4438 locis
472 4383 718 4451 episwpi.
766 4390 1104 4454 contestantrs
1136 4382 1237 4453 (vel
1269 4391 1320 4434 ut
1348 4384 1776 4454 contesturentur)
1826 4385 1907 4438 in-

303 4455 594 4509 nocentiam
616 4453 890 4508 Athanasii
917 4453 1202 4519 caepiscopi
1224 4454 1402 4520 nostri,
1436 4470 1549 4517 quo:
1574 4463 1766 4519 autem,
1796 4462 1901 4510 etc.

378 4530 450 4595 (ι’)
503 4525 655 4591 Apud
710 4522 1131 4596 Theodorctum,
1187 4522 1255 4576 Et
1283 4524 1513 4590 quamvis
1543 4541 1604 4578 ea:
1633 4541 1712 4589 eo,
1759 4530 1899 4596 quod

2010 1896 2082 1970 (j)
2131 1895 2443 1951 Thcodulus
2469 1894 2680 1966 fugiens
2706 1895 2943 1964 ipsorum
2966 1890 3385 1948 infestationem.
3416 1890 3610 1947 Jussus

2008 2000 2086 2043 est
2115 1989 2259 2042 enim
2294 2003 2359 2042 ex
2385 1988 2623 2057 ipsorum
2655 1985 3057 2041 insimulatione
3097 1984 3258 2039 mori.
3292 1984 3394 2039 Alii
3425 1994 3606 2039 autem

2006 2081 2307 2153 gladiorum
2340 2082 2511 2152 signa,
2559 2081 2744 2152 plagas
2791 2088 2847 2134 et
2881 2079 3169 2136 cicatrices
3215 2077 3602 2135 ostendebant.

2007 2174 2113 2231 Alii
2145 2190 2204 2231 se
2236 2174 2377 2231 fame
2418 2176 2484 2231 ab
2529 2175 2661 2245 ipsis
2709 2174 3051 2231 excruciatos
3103 2174 3487 2244 querebantur.
3541 2172 3610 2228 Et

2008 2267 2127 2324 haec
2149 2282 2256 2323 non
2282 2266 2546 2334 ignobiles
2584 2265 3012 2322 testiﬁcabantur
3036 2264 3137 2320 viri
3173 2282 3186 2318 :
3218 2264 3313 2320 sed
3334 2264 3403 2320 de
3431 2264 3609 2320 eccle-

2007 2360 2101 2415 siis
2131 2358 2383 2414 omnibus
2413 2359 2597 2425 electi,
2646 2366 2870 2431 propter
2895 2374 3029 2431 quas
3065 2360 3168 2415 huc
3190 2370 3605 2426 convenerunt,

2009 2466 2098 2508 res
2127 2459 2312 2524 gestas
2340 2452 2661 2514 educebant.
2699 2452 2899 2507 milites
2923 2460 3186 2518 armatos,
3233 2451 3459 2523 populos
3484 2466 3606 2508 cum

2006 2546 2260 2612 fustibus,
2281 2545 2528 2601 Judicum
2557 2547 2748 2608 minas,
2771 2544 3024 2599 falsarum
3061 2544 3361 2600 litterarum
3381 2544 3458 2615 (It)
3482 2556 3610 2614 sup-

2006 2641 2322 2711 positiones.
2370 2640 2547 2694 Lecta:
2600 2648 2723 2693 sunt
2766 2640 2908 2692 enim
2961 2638 3157 2693 littera:
3195 2636 3607 2692 factma'l‘heo-

2005 2734 2160 2805 gnito
2190 2732 2343 2787 falsa:
2387 2732 2673 2787 adversum
2718 2732 3071 2801 coepiscopos
3110 2739 3330 2785 nostros
3369 2727 3608 2784 Athana-

2005 2827 2145 2881 sium
2175 2833 2231 2881 et
2258 2824 2567 2881 Marcellum
2602 2825 2697 2896 (Ι).
2745 2837 2800 2879 ιιι
2826 2834 2883 2879 et
2909 2825 3206 2895 imperator
3234 2823 3494 2878 adversus
3522 2822 3606 2893 ip-

2009 2932 2099 2974 sos
2126 2928 2579 2973 commoveretur.
2612 2916 2680 2971 Et
2708 2915 2823 2972 haec
2851 2916 3245 2971 convincebant
3269 2916 3322 2979 ii,
3367 2915 3457 2986 qui
3482 2923 3608 2969 tunc

2007 3012 2177 3082 ipsius
2203 3009 2488 3082 Theogniti
2531 3010 2788 3065 diacones
2822 3010 3061 3064 fuerunt.
3087 3008 3167 3063 Ad
3192 3011 3307 3063 haec
3337 3007 3605 3078 virginum

2010 3104 2331 3160 nudationes
2353 3146 2368 3170 ,
2414 3103 2661 3159 incendia
2704 3096 3056 3158 ecclesiarum
3079 3142 3094 3168 ,
3126 3115 3378 3157 carceres
3408 3099 3607 3155 adver-

2660 3209 2714 3253 et
2744 3197 2861 3251 haec
2888 3195 3069 3251 omnia
3113 3203 3334 3265 propter
3365 3193 3602 3262 iniquam

2005 3302 2172 3363 atque
2219 3290 2611 3347 exsecrabilem
2663 3288 2914 3345 hmresim
2979 3287 3454 3343 Ariomanitarum.
3501 3284 3605 3354 Qui

2004 3385 2149 3441 enim
2186 3384 2551 3441 communioni
2602 3398 2789 3439 eorum
2834 3381 3246 3455 renuntiabant,
3281 3380 3605 3435 necessitate

2004 3478 2345 3549 patiebantur
2374 3476 2438 3549 (f.
2469 3475 2823 3547 cogebantur)
2855 3476 2954 3529 ista
3000 3475 3255 3529 tolerare.

2075 3574 2128 3626 4.
2178 3570 2454 3627 Serdicam
2517 3568 2737 3642 ingressi
2781 3568 3197 3622 adversariorum
3262 3566 3606 3639 reformidant

2006 3663 2353 3735 praesentiam.
2381 3692 2453 3704 ——
2484 3661 2608 3716 Haec
2630 3663 2791 3732 igitur
2812 3660 3223 3725 considerantes
3246 3703 3260 3725 ,
3291 3661 3342 3713 in
3370 3669 3604 3727 angusto

2008 3770 2068 3811 se
2099 3757 2267 3810 teneri
2297 3753 2667 3825 pervidebant.
2694 3752 3088 3808 Erubescentes
3119 3750 3334 3822 quidem
3357 3749 3601 3805 conﬁteri

2008 3864 2073 3905 ea
2102 3865 2224 3920 qum
2249 3849 2659 3914 commiserunt,
2686 3862 2751 3902 eo
2774 3845 2917 3916 quod
2939 3845 3009 3900 de
3030 3853 3228 3901 cmtero
3256 3850 3604 3915 nonpossent

2005 4042 2181 4098 graece
2226 4026 2447 4081 unicum
2488 4023 2780 4098 respondet
2801 4064 2815 4087 ,
2849 4023 3084 4098 θάνατονγς
3116 4019 3260 4098 quod
3290 4034 3446 4098 _non_
3467 4021 3601 4098 satis

2007 4090 2391 4153 convenienter
2411 4095 2550 4165 apud
2583 4090 3017 4165 Tlieodoret._et
3046 4090 3398 4165 Athanasium
3432 4090 3601 4151 latine

2009 4169 2273 4225 redditum
2301 4178 2406 4233 est,
2429 4162 2641 4220 mortem
2664 4165 2885 4219 illatam.
2906 4163 3021 4218 Non
3053 4163 3196 4235 enim
3229 4162 3314 4217 hic
3335 4177 3601 4235 cooques-

2011 4242 2084 4295 tio
2111 4249 2216 4305 est,
2245 4238 2388 4310 quod
2424 4238 2605 4310 Ariani
2639 4247 2865 4291 mortem
2897 4234 3192 4298 intulerint,
3228 4236 3321 4287 sed
3344 4234 3488 4305 quod
3520 4238 3601 4293 itt—

2010 4311 2150 4365 ferre
2176 4308 2523 4366 tentavcrint.

2084 4383 2143 4453 (ἱ)
2176 4384 2249 4437 Ex
2293 4382 2522 4453 lectione
2553 4394 2722 4447 graeca
2758 4378 3116 4448 supplendum
3164 4375 3601 4453 hic_,inter/icere

2011 4449 2292 4510 tentarent.
2325 4464 2429 4507 etc.
2458 4451 2629 4506 Antea
2651 4459 2837 4524 autem
2869 4466 3001 4524 cuni
3011 4456 3202 4524 nostro
3238 4449 3441 4505 llilario
3474 4455 3602 4524 legit

2010 4525 2337 4579 Athanasius
2358 4524 2623 4593 episwpos
2649 4522 2701 4575 in
2730 4521 3288 4593 plurali,T_heotloret.
3325 4536 3455 4577 vero
3484 4521 3595 4592 epi-

296 4615 329 4651 ιι
360 4590 692 4652 dilectissimo
714 4594 862 4648 Julia
879 4595 1074 4664 collega
1102 4604 1277 4665 nostro
1296 4597 1457 4648 vocali
1479 4611 1578 4648 non
1597 4590 1895 4665 adfuerunt,
1926 4590 1979 4651 D
2003 4612 2215 4664 scopum
2271 4597 2321 4650 in
2350 4590 2737 4665 singulari._ln
2779 4596 2963 4661 plures
2999 4591 3115 4665 lucc
3154 4592 3352 4665 cadere
3396 4590 3597 4665 indicat

299 4670 528 4731 etesiis,
547 4683 663 4738 qua:
686 4670 750 4721 ab
779 4668 955 4720 eodem
980 4666 1221 4738 episcOpo
1243 4664 1391 4719 Julia
1414 4667 1603 4733 scriptu
1625 4676 1766 4733 sunt,
1792 4685 1901 4723 ma-

299 4744 487 4811 nifeste
518 4735 681 4807 patuit
717 4740 949 4811 ipsorum
983 4735 1282 4811 calumnia:
1310 4738 1563 4811 uenissent
1592 4740 1747 4803 enim,
1788 4750 1894 4794 etc.

301 4806 464 4875 Apud
501 4806 855 4863 Athanasium
887 4806 975 4861 hic
1004 4810 1258 4863 nonnulla
1290 4808 1504 4862 desunt.

376 4884 459 4955 (ά)
503 4882 606 4937 Per
650 4879 931 4955 epistulam
963 4892 1085 4947 quae
1129 4886 1306 4935 exstat
1349 4878 1488 4948 apud
1505 4878 1895 4947 Athanasium,

298 4953 433 5009 toni.
467 4969 503 5017 ι,
538 4969 656 5023 pag.
684 4953 808 5008 759.

375 5025 452 5099 (e)
484 5025 550 5099 Ut
574 5022 779 5093 integra
799 5024 951 5099 fieret
969 5022 1325 5099 oratio,esset
1351 5022 1439 5076 hic
1463 5022 1744 5099 legendum
1767 5041 1892 5099 qua.

298 5094 410 5153 non
432 5094 529 5167 'qui
556 5115 568 5150 :
602 5106 656 5149 et
685 5104 831 5167 post,
866 5094 1154 5151 delendum
1187 5104 1263 5167 nt,
1293 5103 1416 5148 ante
1440 5095 1596 5167 omni.
1626 5096 1680 5149 lu
1702 5095 1895 5165 gra-cis

297 5165 708 5237 exemplaribus
748 5165 879 5220 nihil
908 5175 1023 5229 est,
1055 5166 1198 5234 quod
1241 5166 1568 5237 reSpondeat
1602 5166 1896 5235 superiori-

298 5241 405 5296 bus
438 5235 631 5298 verhis.
670 5246 718 5292 et
742 5239 871 5291 tanti
902 5237 1146 5309 temporis
1172 5235 1448 5309 probatam
1468 5237 1642 5309 ﬁdem.

377 5308 452 5383 (f)
486 5309 711 5383 Brevius
730 5325 795 5363 ex
818 5306 1013 5383 grmco
1035 5306 1216 5383 totum
1253 5306 1381 5362 illud
1408 5308 1486 5362 sic
1518 5308 1744 5383 reddere
1766 5316 1852 5363 est
1879 5327 1891 5383 :_

300 5378 457 5437 Missi
484 5381 702 5435 aderant
728 5380 1082 5433 camministri.
1135 5378 1455 5433 Aduenerant
1497 5380 1650 5450 etiam
1693 5381 1898 5450 cognati

295 5466 348 5509 et
374 5453 529 5506 amici
546 5468 744 5519 eorum,
768 5452 856 5520 qui
874 5466 963 5521 per
988 5467 1074 5505 eos
1100 5451 1393 5520 interempti
1416 5460 1554 5506 sunt.
1587 5448 1652 5506 Et
1668 5448 1807 5524 quod
1824 5460 1896 5506 est

296 5526 604 5589 niaximum,
627 5531 733 5578 etc.

377 5596 456 5670 (9)
483 5596 638 5670 Atille
671 5594 928 5670 Athanas.
954 5602 1009 5649 et
1028 5591 1355 5670 Theodorei.
1386 5591 1767 5670 desiderantur
1795 5608 1895 5670 vo-

293 5664 695 5723 ces'cervicibus
716 5668 824 5721 suis
848 5681 861 5696 '
888 5681 1116 5737 quarum
1143 5666 1422 5720 veritatem
1463 5665 1749 5718 continuat
1782 5667 1899 5734 epi-

294 5740 446 5795 stola
471 5739 538 5791 ad
562 5736 761 5791 Juliqu
790 5737 926 5793 infra
952 5754 1098 5793 unm.
1126 5737 1214 5791 il.

376 5806 462 5879 (Ir)
489 5808 687 5866 Tribus
710 5807 843 5881 ~illis
893 5808 1072 5865 verbis
1096 5849 1111 5875 ,
1168 5816 1381 5863 mortem
1434 5807 1532 5861 sibi
1572 5806 1893 5876 intentatam,

2005 4662 2330 4721 Athanasius
2363 4662 2561 4719 relatus
2585 4681 2612 4716 a
2640 4663 3007 4727 Theodoreto,
3039 4664 3132 4718 lib.
3166 4677 3200 4732 ll
3252 4662 3387 4716 Hist.
3418 4663 3592 4732 Eccl.,

2004 4752 2052 4791 c.
2086 4738 2174 4802 15,
2206 4738 2292 4790 ubi
2322 4735 2396 4789 ait
2422 4752 2434 4787 :
2474 4735 2791 4787 Theodnlum
2822 4750 2938 4787 vero
2965 4745 3117 4806 cuque
3167 4731 3465 4802 Olympium
3488 4731 3597 4806 epi.

2001 4824 2186 4878 scapos
2214 4808 2470 4867 Thraciae,
2511 4822 2603 4859 nos
2631 4821 2830 4878 quoque
2863 4815 2916 4878 Aet
2948 4803 3491 4878 presbyterosuostros
3518 4803 3598 4864 ita

2001 4874 2234 4949 conquiri
2262 4881 2513 4950 fecerunt,
2537 4887 2591 4928 ut
2620 4876 2662 4950 si
2682 4876 2873 4950 reperti
2899 4890 3154 4950 essemus,
3168 4874 3378 4950 capitali
3397 4879 3598 4946 suppli-

2000 4951 2079 5003 cio
2102 4943 2524 5021 alliceretnuget
2553 4948 2709 5021 epist.
2742 4943 2805 4999 ad
2830 4944 3011 5021 §oIit..
3044 4959 3095 5013 p.
3129 4944 3228 5021 $21
3258 4943 3595 5021 :_Olympium

2000 5038 2065 5075 ea:
2100 5015 2277 5078 nis.
2311 5030 2359 5073 et
2388 5015 2710 5072 Theodulum
2739 5032 2804 5070 ea:
2833 5015 3167 5087 Trajunopoli
3193 5015 3371 5069 ambos
3398 5015 3598 5086 episco~

1999 5109 2091 5162 pos
2137 5092 2375 5147 Thracia:
2413 5091 2571 5162 bonos
2619 5091 2888 5143 calumniis
2932 5090 3307 5162 intpetiverunt.
3364 5089 3621 5161 Eosdem.

2000 5157 2119 5219 neci
2144 5163 2452 5232 tradijnbet
2470 5159 2818 5215 Constantius
2834 5158 2974 5232 apud
2996 5157 3320 5232 Speraulih.
3352 5174 3408 5225 tt,
3435 5175 3485 5232 ς.
3502 5164 3590 5220 26.

2070 5236 2144 5310 (j)
2176 5228 2350 5310 Faber
2374 5248 2494 5287 cum
2524 5245 2625 5286 ms.
2659 5228 3181 5310 Pith.,“TIteodorus;
3207 5228 3347 5310 Sirtu
3381 5273 3394 5296 ,
3429 5230 3597 5288 Theo-

2000 5300 2178 5361 dosiis.
2221 5307 2297 5361 Ex
2343 5319 2471 5359 mox
2521 5303 2792 5358 annotatis
2836 5304 3003 5372 liquet
3042 5300 3433 5371 praeferendum
3477 5320 3599 5362 esse

2003 5376 2322 5432 Tlteodulus.

2072 5448 2254 5524 (k)A_lt_a
2298 5462 2422 5524 cum
2456 5447 2755 5524 Athanasio
2790 5462 2854 5503 ac
2900 5445 3243 5524 [bentlerato
3272 5446 3593 5524 vari-gesn-

2003 5512 2184 5575 mon'di
2218 5522 2501 5575 lectiones.
2529 5518 2602 5575 At
2623 5532 2747 5573 cum
2780 5531 2891 5574 mss
2918 5516 3062 5572 Pith.
3097 5527 3151 5571 et
3189 5512 3344 5572 Cnlb.
3378 5515 3552 5575 Faber
3577 5562 3592 5588 ,

2000 5593 2336 5665 suspiciones.

2073 5660 2141 5733 ('l)
2188 5663 2441 5719 Marcello
2482 5670 2536 5717 et
2583 5660 2888 5734 Athanasio
2932 5661 3192 5734 Asclepas
3249 5662 3495 5734 jungitur
3540 5664 3593 5719 in

2001 5731 2196 5802 graecis
2218 5734 2628 5804 exemplaribus
2661 5733 2756 5804 :Ain
2785 5733 2979 5802 quibus
3008 5731 3206 5791 deinde
3225 5731 3426 5803 exstat,
3459 5747 3515 5790 ut
3551 5746 3600 5792 et

2001 5806 2357 5877 imperatores,
2388 5802 2528 5871 etc.,
2553 5804 2606 5859 itt
2642 5802 2853 5873 plurali.
