4100 6196
598 274 703 330 655
1797 267 2045 328 SANCTI
2082 264 2342 327 ﬂlLARll
2384 267 2689 329 EPISCOPI
3753 280 3837 335 6'50

597 407 659 447 ea
687 389 890 446 diutius
920 391 1216 457 occultare,
1254 399 1524 447 venerunt
1554 390 1772 446 tandem
1796 390 1851 445 in
1886 389 2198 447 Sardicensl
2224 390 2275 455 A
2305 401 2607 465 terrogatus
2627 391 2840 448 dicebat
2866 433 2881 459 ,
2905 391 3049 447 intus
3076 403 3135 445 se
3165 388 3328 446 fuisse
3352 390 3558 461 quando
3579 405 3841 463 superna.

597 483 837 550 civitate;
862 492 920 539 ut
935 492 1159 555 propter
1176 483 1545 554 praesentiam,
1569 484 2200 557 suspicionem(a)quasi
2301 495 2413 541 tum
2444 483 2570 540 fecit
2599 482 2902 539 Macharies
2925 522 2940 549 ,
2972 482 3337 551 interrogatus
3373 480 3605 546 dicebat,
3630 486 3840 543 famosis-

598 579 727 635 mali
745 588 901 635 actus
914 578 1229 635 viderentur
1243 578 1822 636 exciudere.Videntes
1840 579 1984 636 enim
2000 576 2198 648 eosqui
2298 578 2493 636 simum
2526 577 2677 633 illum
2701 576 2930 649 Scyrum
2955 576 3315 631 infirmantem
3338 575 3391 629 in
3420 576 3638 633 ecclesia
3661 579 3724 649 (ἐν
3747 584 3841 637 πελ.

597 686 628 726 a
671 685 731 726 se
761 670 966 725 fuerant
1018 669 1168 726 falsis
1214 671 1459 740 oppressi
1507 668 1859 737 testimoniis,
1908 682 2006 724 eos
2033 667 2197 724 etiam

599 762 677 835 (tt)
709 777 844 833 quos
870 761 1349 820 vehementissime
1372 770 1784 835 Oppugnarunt;
1814 777 1882 819 ex
1916 761 2021 817 alia
2050 766 2201 831 parte

597 861 941 911 accusatores
994 857 1364 922 conscientiae,
1423 858 1586 911 etiam
1636 869 1857 910 suorum
1912 852 2199 909 criminum

600 947 901 1016 proditores
933 963 1045 1016 prae
1071 946 1244 1002 oculis
1273 945 1681 1014 habentessuis,
1704 944 2075 1001 venirevocati
2092 958 2199 999 non

602 1047 889 1110 potuerunt
912 1038 1103 1113 (Grata.
1136 1041 1471 1110 noluerunt),
1499 1040 1733 1095 maxime
1755 1036 2202 1094 consacerdotum

608 1140 915 1186 nostrorum
933 1129 1235 1199 Athanasii,
1260 1131 1496 1186 Marcelli
1524 1141 1577 1186 et
1605 1130 1843 1201 Asclepii
1872 1127 2202 1185 conscientia

603 1222 898 1292 perturbati
942 1224 1078 1293 :qui
1126 1233 1180 1279 et
1224 1223 1589 1294 implorabant
1632 1221 1894 1291 judicium
1927 1218 2050 1293 (et)
2081 1233 2203 1290 pro—

603 1310 869 1366 vocabant
905 1321 1250 1368 accusatores
1274 1351 1290 1379 ,
1338 1321 1398 1368 ut
1422 1328 1519 1368 eos
1555 1328 1662 1368 non
1711 1313 1885 1367 solum
1915 1309 2205 1367 convince-

605 1414 726 1461 rent
749 1405 820 1462 de
848 1408 913 1462 iis
951 1422 1076 1478 qua:
1115 1407 1403 1473 adversum
1450 1422 1572 1463 sese
1614 1406 1747 1461 falsa
1785 1408 2200 1470 conﬂuxerant,

602 1515 792 1555 verum
815 1501 976 1555 etiam
1003 1516 1124 1571 quae
1144 1501 1402 1557 adversus
1434 1501 1705 1557 Ecclesias
1730 1501 1800 1573 (c)
1833 1501 1993 1571 impia
2022 1513 2085 1554 ac
2111 1513 2205 1555 ne-

603 1590 737 1647 faria
762 1591 1162 1657 commiserant,
1185 1591 1497 1647 educerent.
1517 1590 1716 1647 Verum
1740 1591 1814 1645 illi
1833 1598 1982 1645 tanto
1998 1600 2204 1645 terrore

600 1685 766 1757 625
799 1684 1177 1755 comprehensi
1206 1695 1356 1752 sunt,
1388 1694 1448 1740 ut
1476 1684 1654 1755 fugam
1706 1682 1984 1748 facerent;
2018 1692 2074 1737 et
2112 1696 2206 1752 per

2298 669 2411 746 λίῳ)
2438 671 2675 743 iacuisse
2717 688 2732 725 :
2765 677 2825 724 ut
2857 682 2924 725 ex
2955 668 3061 724 hoc
3090 673 3380 739 appareat,
3427 682 3491 723 ex
3527 676 3635 723 toto
3671 680 3841 743 my-te.

2298 765 2443 821 rium
2490 777 2596 818 non
2637 759 2805 817 fuisse
2833 761 3164 817 celebratum
3189 801 3205 826 ,
3254 774 3321 814 eo
3345 760 3486 831 quod
3516 763 3841 823 catecltumeni

2303 858 2448 912 intus
2487 854 2705 919 fuerint,
2739 854 2815 925 (g)
2843 853 2936 909 sed
2970 853 3112 908 male
3143 852 3402 907 habentes
3425 851 3696 920 jacueriut.
3734 856 3841 912 Nam

2301 956 2357 1004 et
2384 947 2501 1016 ipse
2530 948 2693 1001 totius
2714 946 2932 1001 malitias
2950 945 3153 1017 Scyros
3174 952 3580 1010 commentator,
3612 950 3845 1006 exussisse

2305 1042 2659 1097 Athanasium
2697 1039 2984 1108 quemdam
3016 1039 3087 1094 de
3113 1039 3314 1093 divinis
3358 1038 3642 1109 Scripturis
3680 1042 3843 1099 librum

2303 1135 2538 1191 dicebat.
2571 1132 2652 1189 Ad
2696 1131 2800 1187 hoc
2841 1132 3122 1187 convictus
3142 1131 3388 1186 confiteri
3430 1137 3617 1201 capit,
3645 1135 3849 1190 infirma-

2306 1234 2416 1282 tum
2444 1242 2503 1281 se
2531 1226 2696 1280 fuisse
2723 1224 2939 1294 quando
2972 1223 3276 1278 Macharius
3310 1236 3542 1292 praesens
3571 1225 3691 1285 fuit:
3716 1234 3766 1278 ut
3787 1239 3844 1281 ex

2306 1324 2409 1378 hoc
2438 1323 2597 1377 etiam
2641 1320 2836 1375 falsum
2870 1328 3061 1375 testem
3093 1318 3246 1374 illum
3293 1316 3371 1389 (It)
3417 1331 3535 1373 esse
3582 1328 3846 1388 appareret.

2305 1416 2550 1485 Denique
2580 1413 2832 1469 falsitatis
2861 1411 3144 1483 praemium
3195 1410 3371 1466 eidem
3421 1410 3587 1484 Scyro
3626 1412 3846 1467 honorem

2307 1508 2500 1583 (Gme.
2534 1505 2725 1582 ὄνομα,
2756 1504 2979 1578 nomen)
3005 1507 3354 1576 episcopatus
3381 1504 3655 1570 dederunt,
3676 1505 3848 1563 homini

2306 1603 2396 1675 qui
2430 1617 2603 1672 neque
2639 1599 2807 1673 326
2848 1599 3132 1671 presbyter
3173 1598 3392 1669 quidem
3438 1598 3551 1653 fuit.
3601 1596 3849 1654 Venientes

2307 1697 2453 1752 enim
2484 1694 2591 1749 duo
2617 1693 2921 1765 presbyteri
2942 1704 3089 1747 nunc
3113 1690 3179 1746 ad
3207 1690 3495 1747 concilium
3525 1687 3628 1763 (qui
3664 1703 3723 1745 eo
3742 1698 3851 1745 tem-

602 1780 751 1834 illam
778 1779 958 1848 fugam
990 1778 1279 1835 falsitatem
1302 1794 1457 1834 suam
1484 1778 1885 1849 dctegerentac
1912 1775 2197 1832 nudarent.
2228 1786 2276 1848 Β
2306 1787 2454 1859 μοι-ξε
2491 1801 2612 1841 cum
2646 1784 2849 1841 mentio
2895 1784 3106 1839 [ueram
3128 1825 3144 1849 ,
3178 1783 3523 1852 postmodum
3562 1783 3627 1839 ab
3650 1784 3869 1841 Aleum,

674 1873 730 1928 5.
771 1870 1043 1926 Athanasii
1077 1873 1368 1927 innocentia
1410 1864 1795 1942 cor'nprobatur.
1843 1898 1917 1911 -
1960 1868 2199 1925 Tametsi

606 1981 712 2019 non
744 1965 920 2020 solum
973 1978 1042 2020 ex
1092 1965 1398 2036 prioribus,
1429 1964 1525 2019 sed
1556 1966 1719 2019 etiam
1753 1978 1820 2019 ex
1850 1963 1969 2018 istis
1998 1961 2201 2017 malitia

605 2076 793 2116 eorum
843 2069 899 2115 et
950 2058 1161 2115 falsitas
1190 2059 1571 2117 ostenderetur
1600 2075 1618 2118 ;
1651 2068 1711 2114 ut
1757 2072 1858 2114 nec
1896 2057 2201 2113 existimata

607 2151 732 2222 fuga
760 2151 888 2226 (leg.
924 2160 1106 2207 tamen
1130 2160 1185 2207 ut
1214 2166 1314 2207 nec
1339 2166 1403 2207 ex
1428 2151 1531 2206 ista
1563 2148 1708 2221 fuga)
1738 2150 2082 2205 occasionem
2103 2147 2201 2203 ali-

605 2259 767 2316 quam
794 2245 1019 2300 alterius
1041 2244 1201 2299 malae
1226 2245 1361 2298 artis
1401 2242 1648 2298 invenire
1691 2250 1952 2313 possent;
2003 2239 2202 2310 proba-

607 2337 817 2402 vimus,
863 2336 1163 2392 secundutn
1197 2336 1480 2391 veritatem
1519 2345 1575 2391 et
1620 2336 1886 2390 rationem
1931 2334 2204 2405 (veritatis

608 2427 901 2501 rationem)
930 2444 991 2485 ea
1017 2470 1033 2496 ,
1065 2444 1188 2500 qua:
1222 2428 1297 2484 ab'
1325 2428 1431 2483 illis
1468 2428 1760 2483 commissa
1807 2433 1973 2490 sunt,
2005 2425 2204 2497 inquiri

606 2523 917 2595 oportuisse
953 2540 967 2577 :
998 2532 1055 2579 et
1082 2523 1389 2578 invenimus
1433 2536 1528 2577 eos
1571 2521 1734 2577 etiam
1779 2520 1849 2576 de
1901 2519 1989 2576 his
2041 2519 2206 2577 fuisse

609 2615 900 2672 mendaces
920 2654 938 2682 ,
982 2623 1039 2671 et
1083 2614 1219 2670 nihil
1247 2614 1396 2670 aliud
1426 2629 1586 2685 quam
1618 2613 2075 2684 impugnationem
2103 2613 2205 2667 ad-

608 2724 800 2766 versus
827 2709 1248 2767 consacerdotes
1267 2719 1484 2765 nostros
1505 2709 1835 2765 exercuisse.
1861 2708 2031 2774 Quem
2060 2709 2204 2762 enim

608 2803 860 2859 dicebant
906 2805 976 2859 ab
1030 2802 1328 2858 Athanasio
1374 2802 1719 2857 interfectum
1774 2799 1943 2855 fuisse
1986 2797 2207 2854 nomine

608 2895 900 2953 Arscnium
927 2938 944 2963 ,
977 2895 1211 2954 habetur
1257 2897 1311 2951 in
1356 2909 1584 2952 numero
1612 2894 1881 2951 vivorum.
1939 2892 2091 2950 Unde
2137 2908 2205 2950 ex

611 2990 716 3046 hoc
737 2988 903 3045 etiam
942 2998 1135 3046 caetera
1155 3029 1171 3056 ,
1199 3004 1321 3060 qua:
1352 2990 1421 3043 ab
1472 2989 1604 3058 ipsis
1625 2987 2004 3059 iactabantur,
2034 2987 2208 3058 patuit

611 3097 735 3138 esse
761 3082 919 3153 plena
956 3082 1225 3137 mendacii
1251 3090 1306 3136 et
1333 3080 1605 3136 falsitatis.
1632 3080 1786 3147 Quod
1809 3088 1987 3136 autem
2016 3079 2086 3136 de
2115 3095 2207 3135 ca-

2303 1881 2404 1937 dro
2430 1881 2688 1950 episcopo
2718 1876 3062 1934 Alexandriae
3099 1878 3270 1933 beatte
3321 1878 3590 1933 memoria:
3612 1879 3716 1932 viro
3755 1892 3851 1933 sus-

2302 1972 2442 2040 cepti
2473 1979 2597 2026 sunt
2617 2011 2632 2036 ,
2658 1982 2802 2025 nunc
2830 1983 2953 2023 cum
2991 1967 3289 2024 Athanasio
3330 1968 3549 2040 agunt),
3578 1970 3734 2023 testati
3752 1979 3852 2025 sunt

2306 2079 2571 2136 nusquam
2601 2063 2825 2118 omnino
2862 2063 3022 2117 istum
3061 2061 3248 2118 Melitii
3292 2061 3461 2117 fuisse
3488 2061 3851 2133 presbyterum,

2307 2174 2481 2229 neque
2510 2157 2732 2213 omnino
2761 2155 3016 2210 habuisse
3049 2167 3174 2210 eum
3208 2153 3470 2209 Metilium
3515 2152 3575 2224 (ὅ)
3614 2154 3662 2206 in
3695 2152 3851 2207 eodem

2305 2253 2427 2307 loco
2452 2292 2467 2318 ,
2497 2248 2638 2321 apud
2670 2248 2963 2305 Merentem
2986 2288 3003 2314 ,
3049 2246 3342 2302 ecclesiam
3364 2287 3379 2311 ,
3422 2260 3520 2302 nec
3545 2245 3812 2300 ministrum
3839 2261 3851 2298 :

2308 2358 2469 2416 quem
2501 2351 2681 2397 tamen
2712 2354 2854 2394 nunc
2883 2338 3031 2394 velut
3059 2338 3381 2409 episcopum
3413 2337 3561 2393 illum
3595 2350 3756 2393 secum
3779 2337 3855 2391 ad«

2305 2436 2594 2500 duxerunt,
2608 2432 2835 2505 quiante
2849 2446 2948 2488 nec
2960 2431 3244 2503 presbyter
3255 2430 3354 2486 fuit
3372 2439 3459 2486 :ut
3473 2430 3674 2485 nomine
3686 2430 3857 2500 episera

2308 2536 2463 2598 palus
2476 2525 2760 2581 vidcantur
2776 2523 3062 2580 falsitatem
3086 2536 3237 2579 suam
3256 2533 3441 2592 tegere
3453 2523 3583 2592 apud
3600 2523 3849 2577 audientes.

2380 2620 2434 2675 6.
2480 2619 2761 2674 Marcellus
2795 2628 2842 2673 et
2880 2618 3123 2688 Asclepas
3151 2617 3636 2689 irreprehemibiles.
3665 2645 3729 2657 —
3751 2616 3856 2670 Lec-

2313 2723 2399 2766 tus
2423 2721 2603 2766 autem
2631 2718 2715 2765 cst
2757 2718 2811 2764 et
2853 2708 3028 2769 liber.
3070 2723 3230 2779 quem
3261 2708 3590 2779 conscripsit
3630 2708 3774 2762 frater
3813 2716 3856 2761 et

2308 2805 2661 2875 coepiscoptts
2688 2811 2871 2859 noster
2902 2802 3185 2858 Marcellus
3212 2818 3228 2857 :
3260 2811 3319 2858 et
3350 2804 3560 2858 inventa
3582 2810 3656 2857 ρει
3682 2800 3750 2874 (j)
3772 2800 3857 2854 Ett-

2310 2897 2445 2953 sebil
2470 2905 2523 2951 et
2551 2896 2643 2967 qui
2671 2912 2794 2951 cum
2830 2896 2949 2965 ipso
2981 2894 3197 2949 fuerant
3223 2894 3494 2965 exquisita
3523 2894 3727 2948 malitia.
3753 2892 3856 2958 Quae

2309 2991 2455 3046 enim
2506 3001 2565 3045 ut
2616 3003 2925 3059 proponens
2979 2986 3266 3042 Marcellus
3318 2985 3525 3058 posuit,
3569 2985 3677 3040 hac
3702 2984 3855 3037 eadem

2310 3083 2464 3153 quasi
2519 3084 2632 3153 jam
2681 3080 3041 3152 comprobans
3109 3079 3423 3149 proferret,
3491 3078 3851 3133 adsimttlartmt.

612 3176 715 3232 lico
740 3175 912 3231 fracto
950 3175 1127 3245 aliqua
1159 3173 1519 3244 loquebantur
1549 3172 1680 3245 (leg.
1716 3182 1987 3243 tamquam
2034 3171 2207 3228 fracto
2234 3180 2280 3245 ρ
2312 3179 2475 3235 Lecta
2507 3186 2632 3231 sunt
2664 3189 2796 3246 ergo
2829 3189 2949 3244 quae
2978 3173 3353 3243 sequebantur
3376 3215 3390 3239 ,
3419 3172 3553 3227 lecta
3577 3170 3721 3225 etiam
3763 3180 3858 3237 qua

613 3267 1013 3340 loquebantur)
1063 3282 1095 3320 a
1171 3266 1444 3321 Macltario
1511 3266 1829 3336 presbytero
1891 3263 2210 3329 Athanasii;

2314 3268 2612 3341 anteposita
2646 3274 2803 3321 erant
2828 3263 3149 3338 quaestioni;
3182 3272 3239 3319 et
3277 3272 3433 3319 recta
3477 3263 3605 3318 tides
3652 3260 3752 3331 ejus
3792 3259 3858 3312 itt-

610 3360 694 3434 (d)
725 3361 999 3420 testiﬁcati
1026 3361 1115 3432 qui
1142 3370 1437 3431 prasentes
1462 3357 1682 3415 fuerunt
1706 3374 1772 3415 ex
1799 3359 2123 3415 Alexandria
2146 3359 2214 3416 de
2315 3374 2472 3421 venia
2507 3374 2608 3418 est.
2642 3361 2828 3431 Neque
2850 3360 2995 3415 enim
3032 3374 3062 3414 a
3090 3367 3282 3412 sancta
3306 3356 3527 3428 Virgine
3553 3354 3722 3419 Maria,
3750 3353 3862 3406 sicut

611 3454 804 3511 eodem
834 3456 954 3510 loco
973 3496 989 3522 ,
1018 3469 1085 3510 eo
1109 3454 1252 3525 quod
1281 3455 1416 3510 nihil
1441 3455 1547 3509 tale
1577 3464 1726 3510 esset
1762 3451 1987 3510 factum.
2019 3452 2126 3510 Sed
2157 3462 2214 3511 et
2313 3459 2415 3530 ipsi
2444 3455 2845 3523 contingebant,
2874 3452 3085 3509 initium
3116 3449 3196 3524 (It)
3231 3450 3403 3506 dabat
3427 3450 3535 3504 Deo
3569 3446 3759 3509 Verbo;
3784 3458 3861 3497 uc-

614 3549 854 3621 episcopi
891 3549 1194 3606 scribentes
1232 3564 1296 3605 ex
1329 3549 1567 3621 Egypto
1602 3549 1668 3604 ad
1691 3548 1894 3605 Julium
1924 3563 2215 3605 consacer-
2313 3567 2419 3623 que
2441 3552 2602 3605 tinem
2627 3547 2828 3602 habere
2851 3561 3076 3617 regnum
3102 3543 3220 3615 ejus
3239 3586 3253 3609 ,
3285 3544 3385 3599 sed
3410 3556 3623 3612 regnum
3643 3540 3747 3608 ejus
3768 3539 3863 3592 sine

612 3647 795 3704 dotem
827 3657 1104 3714 nostrum,
1134 3648 1350 3704 abunde
1379 3656 1788 3713 asseverarunt,
1820 3661 1922 3704 nec
1941 3646 2207 3715 suspicio-

613 3758 734 3797 nem
768 3741 1078 3811 hujusmodi
1125 3741 1325 3798 ibidem
1377 3741 1543 3796 fuisse
1573 3738 1795 3811 (Exstat
1841 3738 1951 3794 hare
1990 3739 2210 3811 cpistola

610 3835 753 3905 apud
779 3833 1057 3902 Athanas.,
1088 3843 1125 3889 t.
1161 3851 1199 3899 t,
1233 3851 1286 3903 ρ.
1319 3834 1472 3904 722).
1523 3834 1720 3889 Dicunt
1744 3839 1925 3887 autem
1967 3831 2041 3905 (e)
2089 3842 2208 3887 acta

611 3930 769 3984 etiam
792 3944 852 3984 se
882 3930 1082 3985 habere
1102 3931 1363 3985 adversus
1387 3930 1560 4000 ipsum
1595 3948 1609 3985 :
1634 3944 1756 4000 qua:
1782 3927 1981 3983 habent
2001 3935 2204 3991 autem,

610 4020 836 4078 absente
865 4032 1020 4092 parte
1060 4024 1230 4079 altera
1260 4032 1473 4079 constat
1503 4022 1667 4078 fuisse
1711 4020 1981 4079 confecta.
2018 4018 2097 4091 (f)
2125 4019 2212 4076 Si-

614 4114 724 4171 mul
775 4124 955 4172 tamen
986 4114 1117 4186 ipsis
1162 4116 1301 4175 actis
1336 4115 1553 4188 gentilis
1581 4124 1635 4172 et
1658 4114 2083 4173 catccltumenus
2124 4113 2208 4169 itt-

684 4276 761 4349 (tt)
791 4277 981 4334 Grtece
1004 4320 1018 4343 ,
1050 4280 1289 4336 ὑπόνοιαν
1309 4280 1379 4343 ὡς
1404 4284 1475 4352 μὴ
1501 4278 1953 4351 πλημμελήσαντες
1997 4272 2213 4343 δόξωσιν

613 4349 965 4425 ἁπρφρρεσθαι.

690 4388 1098 4492 ἷῖςῖξξὲἶιίιιηι
1121 4434 1244 4476 esse
1261 4436 1411 4492 quos,
1445 4434 1554 4477 non
1577 4428 1637 4475 ut
1666 4418 1720 4475 in
1746 4426 1873 4475 ante
1890 4417 2051 4473 editis
2071 4422 2208 4488 post,
2244 4388 2245 4391 Ἰ

614 4494 805 4549 suadet
829 4507 1039 4562 graecus
1065 4505 1265 4546 sermo.

2323 3646 2586 3718 principio
2608 3659 2673 3699 ac
2693 3643 2811 3699 sine
2843 3643 2948 3697 line
2969 3656 3091 3697 esse
3118 3640 3466 3710 conscripsit.
3505 3636 3606 3695 Sed
3629 3633 3863 3703 Asclepios

2316 3742 2674 3810 coepiscOpus
2703 3743 2890 3791 noster
2918 3745 3034 3789 acta
3064 3733 3325 3805 protulit,
3370 3747 3492 3804 quae
3515 3728 3736 3784 conlecta
3762 3732 3863 3779 sunt

2318 3835 2459 3910 apud
2484 3832 2824 3890 Antiochiam
2855 3829 3215 3902 praesentibus
3243 3826 3570 3882 adversariis
3590 3830 3640 3879 et
3669 3819 3863 3875 Eusebio

2312 3948 2378 3987 ex
2404 3930 2674 3991 Caesarea,
2698 3933 2752 3979 et
2777 3938 2841 3980 ex
2874 3923 3159 3979 sententiis
3186 3919 3253 3993 (ι)
3279 3919 3578 3990 iudicatum
3599 3913 3861 3984 cpisc0pum

2310 4020 2616 4081 ostendisse
2645 4031 2768 4074 esse
2792 4013 3361 4086 inreprehensibilem.

2385 4116 2438 4170 7.
2494 4112 2906 4168 Eusebianorttm
2942 4109 3135 4167 scelera
3156 4149 3171 4176 ,
3204 4108 3417 4164 nomina
3447 4114 3492 4163 et
3519 4112 3664 4160 artes.
3694 4128 3751 4139 -—-
3774 4095 3863 4151 hie-

2414 4272 2469 4341 Ιι)
2510 4270 2771 4328 Addituus
2797 4281 2999 4341 assere:
3022 4266 3181 4341 variis
3205 4264 3527 4341 lectionibus
3548 4263 3723 4339 Sirma

2413 4330 2464 4404 i)'
2490 4342 2677 4401 Graece
2717 4343 2872 4395 abest
2906 4340 2959 4394 in
3003 4339 3178 4393 eodem
3218 4339 3333 4392 loco
3365 4354 3384 4393 :
3414 4337 3647 4404 adeoque
3675 4330 3861 4404 agniti:

2319 4398 2791 4479 cattt'rableletium
2838 4427 2944 4465 non
2971 4410 3021 4463 in
3053 4408 3287 4480 Iscltyrar.
3332 4417 3537 4480 tantum
3566 4398 3750 4480 putt-ia,
3783 4398 3861 4480 sed

2322 4502 2422 4543 nec
2453 4472 2507 4542 in
2536 4486 2681 4541 omni
2709 4483 2929 4537 omnino
2961 4472 3199 4537 Mareote
3240 4479 3405 4535 ullam
3445 4472 3685 4533 habuisse
3717 4472 3862 4528 eccle-

686 4544 1235 4640 (c')Ci':’ncusv_sertno
1272 4564 1360 4619 hic
1399 4560 1637 4640 postulat
1679 4559 1803 4615 addi
1841 4562 2073 4632 ipsorum
2103 4599 2119 4626 ,
2155 4567 2211 4615 et
2235 4580 2290 4640 Β
2319 4560 2455 4640 siam
2503 4558 2582 4640 rei
2633 4554 2973 4640 ministrum.
3004 4552 3086 4640 7E:
3128 4544 3862 4640 quoﬂs‘eqtt'ttur'."Echini“

613 4651 740 4690 mox
770 4635 1122 4702 conscientiw,
1156 4645 1276 4699 post
1305 4634 1627 4689 vocabulum
1652 4641 1866 4688 terrore.

688 4706 767 4779 (tt)
811 4708 890 4765 Ex
922 4698 1219 4763 Athanasio
1257 4716 1312 4762 et
1350 4705 1694 4762 Theodoreto
1735 4704 1815 4758 sic
1852 4698 2208 4779 corrigendus

613 4772 703 4834 est
728 4772 817 4834 hic
843 4783 993 4833 locus
1019 4796 1033 4833 :
1058 4779 1315 4846 testiﬁcati
1339 4787 1487 4844 sunt,
1515 4779 1599 4844 qui
1627 4785 1871 4833 venerunt
1892 4788 1955 4846 etc
1985 4772 2208 4829 Aleman-

614 4851 730 4907 drt'a
753 4860 799 4904 et
830 4848 1062 4906 Μαι-ουκ
1097 4860 1143 4905 et
1171 4845 1291 4906 aliis
1322 4851 1449 4907 locis
1473 4889 1488 4913 ,
1524 4847 1664 4919 quod
1695 4846 1830 4905 nihil
1874 4845 1975 4903 tale
2011 4846 2208 4913 factum

613 4930 708 4978 est.

690 4992 763 5066 (e)
806 4992 882 5050 De
921 4992 1031 5049 illis
1058 4993 1196 5049 actis
1220 4989 1565 5066 Jttlitts_apud
1604 4990 1864 5047 Athenas.
1896 5001 2020 5066 pag.
2056 4986 2162 5042 742
2188 5028 2204 5053 ,

614 5063 680 5119 ad
702 5060 1044 5119 Eusebianos
1071 5066 1320 5120 rescribit
1347 5083 1362 5120 :
1393 5060 1551 5120 Scitis
1570 5074 1740 5117 autent
1771 5060 2083 5116 monimenta
2119 5075 2208 5113 ac-

613 5144 800 5217 torum,
831 5136 918 5190 ubi
942 5151 1046 5217 una
1075 5136 1346 5193 dammae!
1388 5151 1508 5205 pars
1547 5134 1802 5205 adfuerit,
1829 5131 2096 5187 nullarum
2122 5130 2203 5184 tti-

612 5214 750 5261 rium
775 5223 904 5274 esse,
928 5214 1034 5262 etc.

687 5275 755 5348 (Ῑ)
796 5269 948 5346 Quod
971 5277 1060 5332 bic
1088 5276 1275 5348 deest,
1307 5278 1385 5332 sic
1406 5292 1472 5332 ex
1498 5275 1763 5332 Albanas.
1791 5282 1845 5329 et
1873 5269 2206 5348 Tlteod._po-

615 5341 721 5403 test
737 5341 981 5419 suppleri
1004 5367 1016 5403 :
1034 5347 1205 5404 Simul
1226 5360 1395 5402 tamen
1436 5350 1490 5402 in
1509 5348 1636 5415 ipsis
1663 5348 1792 5400 actis
1815 5341 2208 5419 interrogaban-

623 5431 707 5474 tur
728 5414 940 5491 gentiles
965 5431 1012 5475 et
1042 5421 1392 5491 catechumeni
1417 5437 1435 5475 :
1458 5414 1721 5491 exquibus
1744 5433 1876 5472 unus
1896 5414 2215 5491 catechume-

616 5508 713 5546 nua
729 5485 1081 5562 interrogatus
1106 5490 1304 5547 dicebat
1326 5532 1340 5556 ,
1384 5492 1523 5547 intus
1550 5485 1605 5562 se
1633 5490 1823 5558 fuisse,
1870 5485 2077 5555 quando
2121 5501 2212 5538 su-

616 5573 912 5630 perveniunt
936 5560 1064 5634 fecit
1097 5564 1437 5628 Macharius;
1468 5571 1513 5615 et
1541 5560 1678 5617 alius
1701 5562 2079 5630 interrogatus,
2112 5566 2212 5613 etc.

2315 4629 2686 4700 presbyterum
2716 4642 2821 4682 non
2857 4624 3053 4700 fuisse,
3087 4613 3396 4700 quineun
3428 4637 3459 4677 a
3491 4618 3706 4700 _ilel_rtio
3740 4613 3862 4671 ordi-

2315 4690 2621 4760 itattts'est,
2654 4712 2831 4767 neque
2866 4695 2934 4751 ab
2963 4690 3686 4767 Alexandrino_Patriat'clta.
3780 4754 3790 4766 .
3819 4752 3843 4767 Δ.

2383 4770 2457 4846 (j)
2496 4760 2760 4846 lta_SirtuZ
2807 4766 2972 4846 Alias
2998 4779 3165 4846 vero,
3199 4763 3409 4846 Eas-obii
3450 4760 3619 4846 μιλιιὶ

2312 4829 2538 4915 [αὗάηι.
2573 4843 2753 4915 Graec.
2782 4840 2829 4895 oi
2854 4841 2977 4915 περὶ
3000 4836 3264 4915 Enni-Giton.
3301 4834 3518 4915 Eusebii
3549 4829 3863 4915 Ett‘sari'ettsift

2311 4899 2529 4969 exstant
2548 4914 2842 4982 etiamnum
2867 4899 3101 4982 qtiittqtte
3131 4907 3251 4982 libri
3275 4906 3533 4982 adversus
3557 4899 3861 4982 Marcellutnt

2312 5001 2472 5056 quem
2507 4985 2751 5056 Romano
2794 4976 3127 5056 itu—concilio
3153 4981 3395 5056 auditum
3439 4976 3504 5056 ab
3544 4976 3682 5029 omni
3708 4979 3864 5056 armis

2312 5033 3188 5124 alietiut—u’ittdicatrJuliusapud
3233 5047 3586 5105 Athanasium
3618 5057 3728 5112 pag.
3758 5033 3862 5091 750.

2384 5147 2461 5221 (Ir)
2505 5146 2950 5221 ᾼιίιιμάαὺᾳιιιι·
2983 5158 3001 5197 :
3034 5150 3090 5221 et
3145 5155 3292 5221 ιιιοις⁵
3319 5141 3509 5221 deerat
3559 5135 3864 5221 sedatae???

2310 5202 2423 5305 eju‘s
2443 5202 2470 5274 ἐ
2500 5219 2640 5273 facili
2671 5202 3012 5273 librariorum
3042 5214 3217 5296 lapsu.
3249 5211 3531 5266 Marcellus
3550 5207 3616 5290 ab
3644 5202 3862 5261 Eusebio,

2312 5293 2407 5336 lth-
2442 5307 2458 5336 ι
2488 5291 2557 5336 de.
2577 5292 2773 5336 oculos.
2821 5285 3116 5336 Thetilocta
3147 5299 3266 5336 can.
3301 5283 3370 5336 18
3396 5323 3411 5336 .
3442 5285 3672 5336 arguitur
3695 5316 3709 5336 .
3747 5266 3862 5336 (1⁸⁸οά

2312 5285 2407 5348 lib.
2442 5307 2459 5344 ι
2488 5291 2557 5344 de
2577 5292 2773 5345 eccles.
2821 5285 3116 5355 Theologia
3147 5299 3266 5351 cap.
3301 5285 3370 5336 18
3396 5323 3411 5345 ,
3442 5285 3672 5349 arguitur
3695 5316 3709 5337 .
3747 5285 3862 5341 ψιοα

2311 5364 2586 5418 Christum
2620 5368 2744 5415 aute
2768 5359 2988 5414 Mariam
3027 5354 3160 5410 nihil
3190 5354 3334 5408 aliud
3366 5353 3637 5425 exstitisse
3648 5346 3862 5425 _af|irma°

2312 5436 2381 5490 rit
2406 5475 2419 5495 .
2450 5446 2610 5502 quam
2634 5433 2858 5486 verbum
2884 5436 3084 5502 nostro
3113 5425 3470 5502 simillimum.
3502 5421 3592 5477 Cui
3625 5418 3859 5502 Hilarius-3

2403 5488 2480 5559 in;
2514 5502 2843 5586 Hieronymo
2884 5497 3378 5586 be'ttenintelielc‘tus
3424 5488 3865 5586 C§I,JSllgl'aﬁtl‘iutlf

2319 5577 2417 5632 lib.
2446 5591 2519 5629 vn
2547 5576 2616 5629 de
2648 5560 2796 5628 Trin.
2832 5590 2886 5625 ιι.
2930 5572 2984 5625 ὅ.
3016 5568 3152 5624 Hinc
3185 5582 3214 5621 a
3254 5564 3531 5623 Gcttnadio
3553 5564 3617 5616 de
3652 5560 3859 5632 Dogmat-

703 5653 782 5727 (9)
822 5630 1032 5732 Graece,
1060 5660 1148 5732 neti
1168 5659 1403 5732 ισχύραν
1434 5661 1503 5729 μή
1526 5662 1786 5732 παρεῖναι,
1969 5654 2206 5732 γοᾳοῐξντσ

2320 5630 2522 5703 oculos.
2570 5661 2621 5732 ρ.
2676 5646 2740 5728 Et,
2788 5660 2908 5698 cum
2963 5640 3181 5732 lderyillo
3220 5649 3275 5693 et
3300 5636 3600 5732 Artemii-tte
3628 5630 3862 5686 Christum

632 5712 967 5808 gaianas...
994 5712 1318 5800 z'etchtft'ts'
1337 5712 1444 5784 non
1467 5712 1726 5808 adfuerit,
1753 5712 1841 5780 sed
1876 5724 2010 5781 male
2032 5722 2224 5779 habent
2326 5735 2542 5808 meer
2569 5718 2844 5806 hominem
2875 5712 3233 5808 sentientibus
3256 5712 3617 5808 ιιειιιιῙιιιιείιιιὲ

609 5799 859 5870 jacuerit.

2399 5767 2859 5862 (λῖδίέέέᾶξὲὧν
2901 5783 3217 5844 δικασάντων
3254 5767 3543 5841 ἃπιᾶιιόπῖον
3574 5774 3738 5841 ἔδειξεν
3755 5807 3769 5838 ,
3785 5767 3861 5840 jtt-
