4100 6196
320 306 432 364 657

1262 308 1356 370 EX
1398 313 1630 372 OPERE
1669 313 2038 372 HISTORICO
2075 314 2552 374 FRAGMENTUM
2593 318 2659 373 ll.

3513 326 3617 379 633

325 426 434 483 rito
460 439 590 496 ergo
618 426 775 484 acciti
821 425 1162 499 frequenter,
1212 446 1320 487 non
1350 433 1467 488 ausi
1514 444 1640 492 sunt
1691 434 1876 490 'venl're
1908 453 1921 488 :
1950 437 2004 497 Α
2029 437 2191 507 igitur
2217 450 2377 493 causa
2410 439 2463 493 in
2489 452 2596 493 uno
2623 437 2743 494 loco
2775 436 2964 509 (Griec.
2996 437 3136 512 οἴκῳ)
3168 454 3356 495 omnes
3404 455 3622 498 manere

324 518 523 577 merito
564 516 814 588 fugerunt
846 521 1197 578 conscientiae
1234 540 1347 581 suae
1400 525 1633 596 impulsu
1680 527 1929 597 praecipi-

329 612 447 669 tati.
502 610 648 689 Fuga
693 613 841 671 enim
888 613 1154 674 falsitates
1180 632 1308 674 suas
1333 620 1798 676 conﬁrmaverunt
1824 660 1838 684 ,
1873 631 1929 675 et

325 704 473 767 credi
502 720 569 765 ea
593 706 836 767 fecerunt
855 748 872 776 ,
903 724 1026 781 quas
1051 721 1348 781 praesentes
1372 722 1715 770 accusatores
1736 730 1927 771 eorum

325 798 581 861 dixerunt
632 810 688 861 et
743 803 1119 861 ostenderunt.
1149 805 1287 874 Quid
1333 808 1531 877 igitur?
1578 808 1751 877 Supra
1810 809 1929 866 inec

325 894 506 950 omnia
537 894 701 950 etiam
744 895 878 953 olim
903 896 1183 967 depositos
1226 908 1390 972 atque
1433 901 1637 972 eiectos
1684 903 1924 959 Ecclesia

326 994 551 1057 promer
593 987 845 1047 hazresim
881 990 998 1048 Arii
1028 1006 1133 1047 non
1165 993 1340 1049 solum
1380 1005 1741 1067 susceperunt
1763 1037 1777 1061 ,
1828 996 1925 1053 sed

327 1077 491 1135 etiam
529 1076 583 1133 in
632 1078 892 1149 majorem
943 1094 1304 1151 provenerunt
1353 1086 1612 1155 gradum,
1669 1087 1927 1144 diacones

323 1168 543 1237 quidem
587 1170 643 1225 in
678 1170 1095 1243 presbyterium,
1144 1174 1221 1248 (α)
1269 1176 1339 1233 de
1370 1178 1704 1251 presbyterio
1743 1187 1925 1237 autem

325 1263 381 1319 in
413 1264 821 1334 episcopatum,
850 1276 1073 1335 propter
1110 1267 1241 1323 nihil
1269 1269 1412 1324 aliud
1434 1310 1449 1337 ,
1493 1271 1594 1326 nisi
1622 1280 1680 1326 ut
1704 1272 1924 1342 impiam

322 1358 627 1419 doctrinam
650 1358 879 1417 dilatare
907 1376 972 1417 ac
1000 1362 1357 1419 disseminare
1387 1374 1645 1435 possent,
1676 1374 1733 1422 et
1758 1367 1923 1440 627

322 1450 471 1522 piam
537 1462 951 1522 corrumperent
1006 1453 1187 1509 ﬁdem.
1263 1455 1401 1511 Sunt
1458 1465 1637 1513 autem
1697 1458 1923 1514 istorum

324 1544 402 1618 (tt)
458 1554 579 1614 post
606 1545 894 1605 Eusebium
921 1547 1029 1603 duo
1052 1558 1307 1619 auctores
1324 1552 1485 1607 etiam
1505 1551 1828 1609 Theodorus
1857 1553 1925 1610 ab

322 1637 571 1697 Heraclia
590 1678 606 1706 ,
634 1637 920 1697 Narcissus
943 1656 971 1694 a
1015 1640 1318 1698 Neroniade
1354 1641 1590 1711 Cilicia},
1614 1644 1924 1715 Stephanus

325 1743 394 1789 es
416 1727 730 1796 Antiochia,
758 1728 1021 1802 Georgius
1048 1747 1114 1788 ex
1148 1732 1425 1801 Laodicia,
1460 1734 1538 1809 (c)
1576 1736 1699 1792 licet
1726 1739 1924 1793 timens

2029 534 2368 599 sategerunt,
2399 534 2454 584 et
2484 544 2583 585 nec
2622 544 2810 601 parum
2852 533 3132 601 temporis,
3169 530 3239 607 (f)
3289 548 3389 590 nec
3422 534 3621 592 habere

2031 634 2129 677 eos
2155 620 2380 677 liberam
2406 623 2715 679 iaenltatem
2739 626 3124 696 permiserunt.

2099 714 2155 768 8.
2198 714 2402 785 Synodi
2444 719 2713 772 sententia.
2758 746 2830 757 —
2875 717 3009 786 Quia
3051 734 3178 791 ergo
3228 733 3335 775 non
3384 721 3623 792 Oportuil

2026 804 2416 872 conticescere,
2445 820 2547 861 nee
2578 808 2745 863 inulta
2777 808 2853 880 (g)
2886 810 3143 875 retinere,
3174 809 3433 867 falsitates
3456 854 3471 879 ,
3507 815 3622 867 viu-

2027 896 2172 965 cula,
2207 893 2518 966 homicidia,
2559 915 2798 969 pugnas,
2834 901 2994 956 falsas
3032 903 3328 973 epistolas.
3371 906 3624 961 verbera-

2029 989 2205 1046 tiones
2224 1030 2240 1057 ,
2269 992 2592 1047 nudationes
2618 994 2905 1064 virginum,
2935 996 3123 1051 exsilia
3141 1039 3156 1064 ,
3190 999 3502 1055 eversiones
3523 1015 3615 1056 cc-

2025 1081 2342 1150 clesiarum,
2373 1082 2455 1157 (It)
2482 1085 2749 1148 incendia,
2786 1088 3171 1145 translationes
3197 1090 3264 1146 de
3294 1092 3523 1147 ecclesia
3555 1093 3622 1147 ad

2028 1171 2294 1246 majores,
2336 1184 2391 1232 et
2420 1184 2544 1231 ante
2570 1178 2751 1233 omnia
2790 1192 2976 1235 contra
3011 1190 3213 1238 rectam
3258 1182 3417 1238 Iidem
3446 1184 3623 1239 insur-

2025 1279 2220 1340 gentes
2249 1269 2465 1325 Arianm
2498 1270 2722 1327 haeresis
2750 1273 3023 1329 doctrinas
3064 1293 3076 1328 :
3111 1292 3176 1330 ex
3225 1274 3324 1331 hac
3348 1292 3508 1332 causa
3535 1293 3623 1333 ca-

2029 1364 2276 1420 rissimas
2300 1364 2516 1435 quidem
2544 1367 2738 1422 fratres
2762 1379 2816 1424 et
2844 1369 3194 1441 coepiscopos
3222 1381 3438 1427 nostros
3462 1374 3625 1427 Atha-

2029 1457 2236 1511 nasium
2270 1456 2633 1525 Alexandrire,
2662 1469 2716 1515 et
2741 1460 3051 1517 Marcellum
3084 1464 3536 1536 Ancyrogalatite,
3569 1473 3627 1521 et

2027 1547 2336 1620 Asclepium
2366 1549 2556 1617 Gazae,
2589 1563 2642 1607 et
2686 1568 2780 1609 eos
2805 1555 2896 1626 qui
2926 1571 3045 1609 cum
3080 1557 3212 1627 ipsis
3243 1567 3398 1612 erant
3428 1558 3619 1613 minis-

2030 1649 2239 1697 trantes
2293 1642 2436 1710 Deo,
2492 1644 2808 1701 innocentes
2854 1657 2907 1703 et
2952 1664 3114 1718 puros
3170 1649 3618 1719 pronuntiamus,

2025 1735 2193 1808 σεε
2221 1737 2523 1793 scribentes
2570 1739 2638 1793 ad
2685 1755 3117 1812 unamquamque
3167 1757 3353 1797 eorum
3404 1744 3624 1813 provin-

325 1838 436 1881 non
462 1823 696 1881 adfuerit
719 1824 787 1881 de
815 1824 1059 1893 Oriente,
1084 1829 1313 1883 Aeacius
1338 1843 1402 1883 ex
1434 1827 1683 1887 Caesarea
1714 1832 1915 1888 Palas
1948 1823 1999 1884 B
2024 1828 2163 1882 ciam
2183 1869 2198 1893 ,
2232 1841 2290 1882 ut
2317 1840 2704 1901 cognoscerent
2744 1832 3074 1903 singularum
3117 1832 3467 1889 ecclesiarum
3513 1836 3625 1905 ple-

326 1918 476 1984 tinaa,
506 1916 901 1988 Menopbantus
926 1934 991 1976 ex
1016 1919 1234 1989 Epheso
1263 1921 1429 1990 Asiae,
1465 1923 1716 1980 lit-secius
1737 1939 1768 1979 a
1797 1924 1919 1980 Sitt-

318 2009 526 2080 giduno
553 2007 754 2069 “(esis
772 2051 789 2078 .
817 2009 1016 2068 Valens
1041 2027 1106 2069 ex
1150 2012 1329 2068 Mursa
1357 2014 1670 2071 Pannonia.
1701 2017 1915 2074 Etenim

322 2102 571 2174 praedicti
601 2102 764 2161 etiam
792 2101 1002 2175 (supple
1027 2104 1114 2175 iis)
1146 2105 1236 2176 qui
1269 2106 1337 2162 ab
1362 2106 1586 2165 Oriente
1613 2123 1801 2166 secum
1824 2127 1922 2164 ve-

322 2206 543 2264 nerunt,
568 2212 674 2253 non
701 2197 1064 2269 permiserunt
1091 2209 1335 2257 sanctum
1365 2200 1666 2258 Concilium
1689 2205 1914 2272 intrare,

322 2306 501 2362 neque
544 2292 767 2351 omnino
798 2294 850 2349 in
884 2292 1180 2351 Ecclesium
1233 2294 1326 2350 Dei
1358 2305 1600 2352 sanctam
1634 2297 1915 2355 accedete.

324 2383 625 2443 Venientes
652 2385 857 2445 etenim
880 2384 1158 2445 sardicam
1188 2402 1283 2458 per
1304 2387 1515 2460 singula
1543 2389 1659 2446 loca
1683 2389 1922 2463 synodos

327 2481 601 2537 faciebant
630 2481 770 2537 inter
797 2496 890 2547 se,
922 2488 976 2537 et
1002 2484 1280 2552 pactiones
1307 2499 1428 2538 cum
1460 2482 1919 2541 interminatloni-

327 2579 451 2641 bus,
488 2584 545 2632 ut
575 2576 798 2632 omnino
826 2576 1108 2632 venientes
1136 2575 1413 2632 Serdicam
1439 2576 1503 2633 ad
1527 2576 1787 2648 judicium
1812 2594 1920 2636 non

325 2671 692 2733 accederent,
743 2676 916 2739 neque
945 2669 995 2723 in
1041 2684 1206 2723 unum
1237 2684 1359 2724 cum
1405 2679 1586 2726 sancta
1631 2669 1835 2743 (Graec.
1868 2681 1924 2728 et

324 2764 548 2833 magna)
571 2761 779 2834 synodo
807 2761 1161 2821 convenirent
1192 2778 1204 2813 :
1241 2759 1320 2834 (d)
1351 2769 1407 2816 et
1431 2761 1498 2818 ad
1531 2762 1585 2816 id
1626 2764 1800 2818 solum
1830 2778 1922 2817 ve-

322 2866 541 2919 nerunt,
562 2865 761 2911 emtum
785 2855 1128 2923 prtesentiam
1155 2868 1308 2909 suam
1331 2854 1419 2923 qui
1446 2855 1626 2909 statim
1651 2854 1918 2925 fugerunt.

323 2947 455 3007 limo
482 2949 625 3006 enim
656 2949 799 3003 scire
822 2947 1094 3018 potuimus
1116 2961 1144 2999 a
1187 2945 1667 3002 consacerdoubus
1696 2946 1918 3012 nostris,

322 3040 398 3115 (ο)
450 3041 584 3099 Ario
635 3039 847 3101 scilicet
866 3053 930 3096 ex
956 3039 1262 3104 Palaestina,
1285 3038 1561 3109 Stephano
1589 3039 1657 3095 de
1678 3040 1873 3095 Arabia
1902 3057 1914 3095 ε

2025 1920 2121 1977 bes
2142 1923 2440 2003 sacerdotis
2464 1925 2544 1979 sui
2579 1924 2941 1996 integritatem
2966 1969 2979 1992 ,
3012 1934 3067 1983 et
3096 1926 3296 1983 habere
3323 1944 3382 1983 se
3404 1930 3620 1999 cpisco-

2025 2029 2152 2087 pum
2196 2029 2354 2071 suum
2380 2057 2394 2080 ,
2425 2016 2546 2074 illos
2574 2025 2752 2073 autem
2779 2060 2796 2088 ,
2826 2020 2914 2092 qui
2941 2034 3002 2076 se
3024 2036 3212 2076 eorum
3252 2022 3498 2078 ecclesiis
3523 2022 3624 2077 im-

2025 2118 2328 2165 merserunt
2355 2107 2605 2181 luporum
2632 2125 2805 2180 more,
2838 2112 2889 2168 id
2918 2122 3003 2171 est
3023 2154 3039 2180 ,
3072 2112 3388 2184 Gregorium
3413 2115 3463 2169 in
3490 2114 3622 2169 Ale-

2024 2199 2272 2267 xandria,
2309 2200 2563 2256 Basiliam
2588 2204 2640 2257 in
2662 2204 2895 2276 Ancyra,
2929 2214 2983 2260 et
3007 2206 3353 2273 Quintianum
3380 2207 3433 2263 in
3454 2206 3621 2276 Gaza,

2025 2308 2200 2363 neque
2231 2292 2294 2366 (ὅ)
2349 2308 2547 2349 nomen
2601 2296 2801 2353 habere
2848 2298 3119 2369 episcopi,
3169 2314 3343 2369 neque
3382 2313 3624 2355 commu-

2025 2387 2205 2443 nionis
2254 2388 2475 2442 omnino
2523 2402 2713 2445 eorum
2762 2390 2962 2447 habere
2995 2393 3370 2464 participatum
3398 2436 3412 2461 ,
3448 2410 3622 2467 neque

2023 2480 2302 2549 suscipere
2345 2481 2413 2535 ab
2460 2481 2642 2551 aliquo
2680 2498 2868 2538 eorum
2898 2484 3143 2552 litteras,
3180 2501 3355 2556 neque
3410 2485 3475 2539 ad
3527 2501 3622 2542 eos

2025 2572 2287 2639 scribere,
2320 2572 2442 2627 illos
2467 2581 2667 2640 autem,
2704 2575 2807 2629 hoc
2834 2584 2917 2631 est
2941 2618 2957 2641 ,
2986 2574 3331 2632 Theodorum
3357 2619 3370 2644 ,
3406 2577 3623 2635 Narcis-

2024 2679 2167 2730 sum,
2205 2665 2479 2732 Acacium,
2503 2665 2857 2737 Stephanum,
2891 2667 3167 2724 Ursacium
3206 2678 3260 2726 et
3295 2669 3576 2727 Valentem
3601 2714 3618 2743 ,

2025 2757 2466 2828 Menophantum,
2496 2769 2551 2816 et
2577 2759 2866 2831 Georgium
2899 2761 3033 2833 (etsi
3064 2765 3280 2828 timens,
3314 2763 3386 2837 (j)
3431 2770 3489 2819 ut
3507 2764 3622 2820 dic—

2026 2860 2136 2905 tum
2169 2858 2284 2917 est,
2330 2866 2437 2907 non
2458 2850 2673 2925 adfuit,
2706 2852 2799 2908 sed
2829 2860 3008 2909 tamen
3040 2854 3163 2925 quia
3209 2870 3240 2910 a
3289 2854 3459 2911 beata:
3503 2872 3618 2912 tue-

2025 2943 2213 2997 morite
2241 2942 2547 2999 Alexandro
2578 2944 2834 3014 episeopo
2860 2944 3131 3015 quondam
3159 2944 3619 3003 Alexandrizede-

2017 3036 2194 3107 jectus
2238 3037 2393 3107 est),
2423 3048 2478 3093 et
2516 3036 2658 3107 quod
2698 3037 2770 3093 sit
2799 3047 2905 3092 tatu
2953 3039 3076 3104 ille,
3111 3053 3270 3109 quam
3312 3041 3473 3096 etiam
3514 3056 3621 3097 etr-

318 3134 417 3206 qui
446 3148 570 3191 cum
602 3134 734 3203 ipsis
762 3142 1026 3188 venerunt
1049 3131 1265 3202 quidem
1293 3174 1306 3197 ,
1340 3132 1437 3187 sed
1468 3132 1537 3188 ab
1574 3147 1762 3188 eorum
1795 3149 1920 3203 per-
2025 3128 2123 3185 teri
2175 3129 2250 3201 (It)
2293 3129 2384 3199 qui
2426 3127 2803 3199 comprehensi
2855 3136 3015 3195 sunt,
3066 3127 3262 3185 furoris
3291 3130 3516 3199 Ariani,
3564 3140 3620 3187 et

318 3227 453 3285 ﬂdia
484 3236 848 3284 recesserunt.
879 3225 943 3283 Hi
969 3225 1115 3287 enim
1143 3224 1424 3281 venientes
1454 3225 1509 3280 in
1538 3237 1780 3282 sanetam
1823 3243 1915 3299 sy-
1945 3211 1992 3276 C
2022 3229 2245 3295 propter
2274 3221 2484 3290 objecta
2508 3221 2753 3286 crimina,
2790 3220 2887 3275 hos
2913 3236 3101 3275 omnes
3132 3222 3323 3293 aequali
3354 3236 3501 3279 sorte
3526 3222 3620 3278 de-
3662 3230 3675 3247 ν

320 3321 547 3383 nudum,
571 3319 882 3379 violentiam
909 3319 1149 3391 quidem,
1173 3334 1333 3389 quam
1362 3320 1502 3389 passi
1527 3317 1759 3385 fuerant,
1789 3334 1920 3376 con-
2020 3314 2153 3386 iecit
2177 3322 2361 3368 sancta
2400 3313 2641 3386 synodus
2680 3313 2748 3369 de
2777 3315 3121 3385 episcopatus
3153 3317 3321 3386 gradu
3351 3332 3366 3370 :
3399 3324 3451 3371 et
3476 3316 3620 3387 judi-

316 3413 724 3487 querebantur;
766 3411 898 3469 nihil
928 3424 1108 3467 autem
1139 3411 1206 3466 ah
1237 3411 1367 3482 ipsis
1408 3420 1557 3468 recte
1593 3411 1675 3484 agl
1707 3427 1916 3469 assere.

325 3505 499 3565 bant:
528 3512 835 3563 asserentes
892 3503 961 3576 (ί.
1011 3502 1350 3576 adjicicntes)
1380 3505 1542 3559 etiam
1585 3503 1727 3571 hoc,
1771 3507 1914 3578 quod

316 3605 509 3657 essent
538 3596 612 3652 ibi
645 3594 859 3666 plurimi
886 3604 1048 3653 rectm
1079 3595 1236 3661 ﬁdei,
1267 3596 1357 3666 qui
1390 3596 1821 3666 prohibebantur
1848 3599 1915 3654 ab

318 3688 458 3759 ipsis
483 3688 667 3749 venire
694 3688 759 3747 ad
784 3701 883 3750 nos
915 3688 1204 3758 propositis
1227 3686 1774 3746 interminationibus.
1800 3692 1913 3749 Hae

317 3826 604 3881 dicentium
628 3824 985 3898 episcoporum
1011 3824 1230 3898 ostendit
1251 3841 1305 3880 se
1325 3841 1436 3898 esse
1457 3868 1470 3890 ,
1497 3835 1601 3898 etc.
1640 3827 1772 3883 Acta
1808 3830 1918 3884 An-

314 3898 555 3953 tiocheni
582 3895 922 3954 eoneiliabuli
946 3898 1071 3950 anni
1100 3896 1226 3960 550,
1252 3911 1360 3966 quo
1389 3895 1714 3954 Eustachius
1733 3916 1763 3955 e
1783 3902 1914 3957 sede

314 3985 412 4025 sua
482 3968 632 4024 uisus
655 3967 782 4039 luit,
811 3970 897 4025 hic
922 3970 1208 4027 memorari
1237 3976 1446 4037 putant.
1480 3969 1536 4026 In
1566 3969 1709 4025 hunc
1735 3971 1914 4028 locum

316 3985 478 4098 haud)
493 4039 657 4094 dubie
695 4040 934 4099 respexit
964 4045 1297 4095 b‘ozomenus
1327 4038 1419 4095 lib.
1450 4056 1540 4099 tu.
1564 4055 1615 4097 c.
1647 4040 1749 4099 12.
1790 4057 1911 4099 cum

358 4055 462 4095 anu
493 4055 657 4094 GllDle
695 4055 934 4105 TesDPXll
964 4055 1297 4095 aozomenus
1327 4055 1419 4095 ΙΙΙ).
1450 4056 1540 4105 Ill,
1564 4055 1615 4097 ο.
1647 4055 1749 4105 1ἳ,
1790 4057 1911 4103 Olim

317 4058 462 4098 naua
493 4058 657 4094 anule
695 4058 934 4115 respuit
964 4058 1297 4095 aozomentts
1327 4058 1419 4095 un.
1450 4058 1540 4105 Ill,
1564 4058 1615 4097 c.
1647 4058 1749 4105 η.
1790 4058 1909 4103 cum

317 4115 393 4167 ait
448 4110 731 4180 Aselepam
803 4116 1143 4181 innocentem
1205 4110 1441 4164 Sat-dicae
1505 4113 1909 4181 pronuntiatum

316 4198 465 4249 esse,
494 4198 556 4237 eo
582 4179 721 4251 quod
749 4182 956 4239 Eusebii
991 4179 1256 4247 Pamphili
1285 4179 1609 4250 aliorumque
1633 4184 1912 4239 multorum

305 4256 557 4328 judicans
590 4259 843 4311 sententia
870 4254 1223 4328 episcopatum
1252 4269 1403 4307 suum
1433 4264 1785 4328 recuperasset
1809 4298 1823 4323 ,
1864 4266 1913 4311 et

312 4324 431 4385 lucc
459 4340 577 4396 ego
606 4340 714 4396 esse
736 4327 864 4385 actis
875 4324 1215 4396 jgdicialiltus
1239 4324 1639 4396 comprobauit.

386 4393 894 4469 (aiValesiusapud
906 4393 1307 4469 Tlteo‘doretutn
1332 4393 1494 4469 verba
1526 4412 1699 4465 graeca
1728 4397 1830 4457 ἀπὸ
1855 4396 1911 4462 δὲ

310 4464 683 4547 spectem
725 4464 888 4547 latine
934 4464 1201 4547 reddidit,
1247 4464 1564 4547 presbyteros
1615 4479 1786 4527 autem
1822 4471 1912 4540 qui

314 4538 539 4617 dispositi
571 4538 964 4617 fuerqnt,_Cutt_t
996 4555 1061 4593 ex
1097 4538 1364 4617 Hi-lariana
1407 4539 1666 4617 lectione,
1699 4548 1811 4599 tum
1836 4538 1911 4596 ex

313 4607 499 4683 verbis
528 4607 898 4680 superioribus
921 4611 1086 4681 liquet
1109 4652 1133 4683 ,_
1155 4607 1288 4683 illud
1328 4609 1430 4671 ἀπὸ
1460 4609 1745 4683 pristinum
1784 4627 1905 4682 gra-

312 4681 458 4754 dum,
476 4677 692 4754 sonare,
724 4696 828 4754 non
859 4696 887 4736 a
915 4677 1027 4754 quo
1048 4677 1168 4753 quis
1195 4677 1437 4736 delectus
1461 4677 1548 4735 ’sit
1573 4721 1589 4751 ,
1620 4681 1716 4743 sed
1749 4677 1910 4752 a'quo

313 4753 384 4808 ad
412 4751 661 4809 altiorem
695 4751 1055 4813 adscenderit.

388 4822 470 4893 (ὕ)
511 4823 783 4899 iugmcis
811 4822 1207 4899 e}_ett_tplaribtts
1226 4824 1405 4899 ,μετὰ
1439 4825 1557 4899 τορς
1600 4825 1720 4899 πβρι
1747 4824 1911 4880 Εὐσέ-

315 4897 427 4973 ξιον
456 4902 542 4951 νῦν
568 4893 823 4973 ἔξαρχον..-
843 4894 999 4973 Unde
1023 4893 1544 4973 supervaoayeahlc
1567 4893 1777 4973 videtur
1810 4911 1911 4973 vos

310 4968 424 5020 duo
454 4984 466 5020 ε
493 4977 583 5020 aut
631 4964 779 5021 c'er'te
812 4964 1103 5037 legendum
1141 4975 1258 5037 post
1291 4964 1540 5020 Euscbios
1597 4966 1792 5037 duos“:
1823 4966 1910 5021 cui

314 5037 538 5093 lectioni
568 5037 709 5093 lavet
742 5038 869 5093 illud
890 5036 982 5093 lib.
1008 5052 1027 5091 ι
1048 5038 1111 5091 ad
1140 5034 1515 5092 Constantium
1547 5054 1598 5091 u.
1618 5034 1654 5090 5
1683 5055 1695 5089 :
1728 5034 1911 5102 Nuper

312 5108 595 5180 didicimus
623 5121 909 5164 commenta
953 5110 1061 5163 Itatc
1108 5111 1267 5180 fuisse
1294 5111 1501 5180 inventa
1550 5117 1595 5163 et
1632 5123 1664 5162 α
1713 5107 1911 5164 duobus

314 5179 577 5245 Eusebiis,
615 5191 722 5236 etc.
747 5220 761 5244 ,
788 5185 1087 5249 praisertim
1115 5195 1237 5235 eum
1262 5181 1331 5234 ibi
1354 5221 1369 5246 ,
1399 5179 1633 5249 Georgio
1663 5189 1907 5248 excepto,

314 5251 480 5309 iidem
522 5253 615 5321 qui
661 5252 748 5307 hic
785 5252 1028 5323 episcopi
1060 5253 1271 5307 duobus
1313 5251 1563 5307 Eusebiis
1612 5251 1915 5321 adjnngan-

310 5331 421 5378 tur.

387 5393 462 5468 (α)
499 5391 643 5453 Nihil
673 5392 819 5463 apud
868 5392 1134 5453 Athenas.
1189 5403 1245 5455 el
1288 5393 1616 5455 Theodorei.
1675 5393 1915 5453 occurrit

310 5463 758 5537 locouverburum
783 5506 798 5531 ,
831 5465 944 5521 licet
971 5467 1155 5523 linteas
1191 5482 1291 5527 non
1329 5466 1559 5537 adfuerit
1591 5466 1654 5520 tle
1682 5464 1909 5525 Orientl.

305 5532 473 5667 ⁸ρέα)
514 5536 589 5593 lix
611 5532 956 5597 Theoiloreto
978 5538 1055 5591 sic
1075 5540 1339 5601 resarcire
1361 5532 1485 5591 licet
1517 5538 1657 5593 hunc
1688 5537 1863 5591 locum
1890 5553 1904 5590 :

435 5604 489 5667 id
508 5607 695 5667 solum.
725 5617 783 5665 ut
810 5623 928 5667 cum
948 5608 1216 5667 venissent.
1243 5620 1289 5667 et
1318 5609 1448 5667 dicis
1469 5624 1625 5667 causa
1654 5609 1760 5667 lini
1785 5610 1904 5667 item

435 5604 489 5667 id
508 5607 695 5674 scium.
725 5617 783 5665 ut
810 5623 928 5669 cum
948 5608 1216 5674 venissent,
1243 5620 1289 5669 et
1318 5609 1448 5669 dicis
1469 5624 1625 5669 causa
1649 5609 1760 5681 (hri
1785 5610 1910 5681 ἀφος

308 5681 536 5757 eicitur)
575 5682 901 5752 precantium
946 5696 1092 5745 suam
1119 5682 1491 5748 ostendissent,
1538 5679 1711 5740 statim
1756 5679 1908 5750 {usus

303 5761 466 5899 mi?)
518 5814 581 5879 ta
612 5816 719 5881 duo
763 5823 1007 5897 episcopi
1037 5823 1092 5893 in
1119 5824 1314 5898 ιηυοίο
1345 5820 1626 5888 ⁶⁰⁶³¹⁰ί¹³¹⁵⁸
1652 5821 1914 5887 “mi”

2024 3409 2266 3462 cavimus
2314 3423 2422 3462 non
2477 3408 2652 3463 solum
2709 3408 2831 3461 illos
2853 3409 3137 3478 episcopos
3178 3420 3307 3463 non'
3335 3424 3490 3476 esse,
3523 3408 3617 3466 sed

2024 3516 2199 3575 neque
2238 3506 2673 3560 communionem
2710 3503 2923 3573 quidem
2954 3516 3077 3558 cum
3118 3501 3365 3559 ﬁdelibus
3393 3503 3615 3562 habere.

2024 3600 2349 3670 Separantes
2399 3597 2544 3651 enim
2586 3594 2815 3659 Filium,
2869 3603 2923 3649 et
2972 3595 3273 3651 alienantes
3323 3596 3555 3651 Verbum
3588 3613 3615 3652 a

2021 3693 2213 3759 Patre,
2255 3689 2495 3761 separari
2551 3691 2619 3745 ab
2670 3684 2910 3744 Ecclesia
2953 3688 3214 3744 catholica
3255 3698 3507 3761 oportet,
3563 3698 3619 3747 ct

2019 3840 2073 3884 et
2103 3829 2346 3891 Asterius
2368 3827 2841 3897 cognominantur.
2865 3824 3237 3897 Tamenapud
3259 3825 3613 3897 Athanasium

2018 3901 2071 3956 itt
2104 3894 2591 3969 subscriptionibus
2620 3896 3031 3969 Palasstinorum
3060 3894 3254 3969 Arius,
3281 3914 3399 3969 non
3440 3894 3616 3956 Maca—

2020 3974 2130 4029 rius
2159 3966 2427 4042 reperitur
2447 4010 2465 4042 ,
2497 3969 2735 4042 etepist.
2771 3970 2834 4021 ad
2870 3968 3029 4023 Solit.
3063 3984 3115 4035 p.
3146 3966 3251 4042 820
3279 3967 3459 4038 lrgerc
3490 3978 3572 4025 est.
3596 4013 3611 4037 ,

2015 4045 2084 4101 ab
2114 4038 2327 4099 Arianis
2355 4041 2497 4097 male
2526 4038 2752 4097 nﬂ‘eetos
2774 4055 2896 4095 esse
2927 4042 3107 4093 Arium
3129 4050 3174 4095 et
3198 4041 3456 4094 Asterium
3477 4081 3490 4104 ,
3532 4044 3612 4096 al-

2017 4122 2180 4168 terum
2213 4113 2382 4168 Petra:
2408 4114 2461 4165 in
2496 4110 2777 4166 Palaestina
2800 4153 2813 4176 ,
2848 4110 3068 4167 alterum
3096 4109 3267 4168 Petrae
3302 4113 3356 4166 in
3378 4112 3573 4169 Arabia
3595 4155 3612 4179 ,

2013 4188 2099 4255 qui
2129 4187 2193 4239 ab
2214 4185 2345 4252 ipsis
2374 4184 2709 4255 desciverant.
2737 4182 2857 4255 Sed,
2879 4182 3085 4255 nullum
3116 4183 3226 4236 l'ere
3262 4182 3481 4255 dubium
3532 4194 3616 4239 est

2016 4253 2144 4326 quin
2169 4272 2265 4327 pro
2289 4255 2556 4327 Stephano
2575 4295 2587 4316 ,
2616 4253 2704 4327 hic
2735 4253 3128 4309 restituendum
3157 4255 3227 4307 sit
3257 4254 3489 4327 Asteria,
3524 4260 3611 4327 qui

2016 4324 2156 4385 inira
2170 4324 2409 4385 'Asturus
2438 4324 2819 4382 subscribitur.

2086 4420 2160 4494 (n
2183 4421 2316 4483 Illud
2348 4435 2439 4479 nec
2468 4419 2750 4477 redundat.
2777 4417 2921 4494 _’l‘um
2957 4435 3054 4489 pro
3080 4419 3265 4494 habere
3285 4437 3371 4477 eos
3403 4421 3614 4479 liberant

2013 4491 2530 4567 facultatem,iuuum
2563 4501 2645 4547 est
2677 4491 2901 4546 verbum
2928 4508 3170 4567 gra‘cum
3198 4492 3404 4561 ἰόιάζειν
3426 4536 3440 4560 ,
3471 4494 3613 4564 (μιηά

2015 4574 2106 4636 est
2121 4604 2136 4627 ,
2170 4565 2407 4636 privatim
2438 4580 2605 4636 agere.

1938 4656 1991 4717 Ι)
2020 4706 2032 4718 .
2088 4634 2168 4709 (g)
2193 4635 2378 4701 Forte,
2403 4634 2571 4718 sinere
2591 4635 2676 4691 vel
2699 4635 3098 4718 permitterenut
3117 4645 3295 4717 exstat
3321 4635 3372 4689 in
3398 4649 3573 4703 αναξρο
3596 4652 3608 4689 :

2019 4706 2073 4760 in
2098 4706 2222 4779 quo,
2250 4721 2373 4779 mox
2403 4707 2628 4779 habt-tur
2652 4707 2746 4779 τὰς
2769 4706 2988 4779 alar/62;,
3020 4706 3140 4760 loco
3170 4708 3317 4759 vocis
3348 4722 3566 4772 pugnus.

2089 4776 2166 4846 (ἡ)
2196 4776 2457 4831 Addimus
2483 4777 2722 4831 incendia
2745 4792 2808 4831 ex
2843 4776 3007 4832 S'irtn.
3034 4789 3085 4828 et
3112 4791 3290 4845 grmt-o
3313 4792 3564 4829 sermone
3594 4794 3607 4831 :

2016 4840 2219 4918 inquo
2251 4857 2435 4918 postea
2479 4848 2783 4915 subjicitur,
2819 4840 3179 4902 translationes
3219 4847 3282 4902 de
3328 4846 3609 4903 minoribus

2015 4918 2306 4973 ciuitatibus
2337 4919 2404 4972 ad
2435 4920 2675 4972 ecclesias
2698 4919 2943 4988 majores.

2093 5010 2155 5081 (ἰ)
2209 5010 2887 5083 Lectiouem_'f|tettt10t'eti
2913 5051 2926 5073 ,
2958 5008 3178 5072 τούτους
3226 5008 3355 5083 μηδέ
3401 5012 3609 5078 litand-

2015 5102 2146 5159 non;
2176 5083 2432 5159 ὁνρμᾲζςιν
2457 5081 2583 5159 μηδὲ
2606 5084 2992 5159 Δχρι‹γςι·ςοινρὺς.)
3032 5081 3315 5159 cuttiirtitztt
3367 5087 3608 5159 Athana-

2016 5155 2130 5227 sius
2177 5153 2430 5227 ad'Sutit.
2459 5153 2520 5225 ’p.
2554 5153 2681 5227 820',
2711 5153 2799 5206 ubi
2828 5156 2903 5206 ait
2946 5153 3267 5227 Gregorium
3321 5170 3350 5209 a
3400 5157 3610 5227 synodo

2011 5220 2308 5297 iudicatum
2344 5220 2506 5281 fuisse
2554 5225 2831 5297 indignum
2877 5225 2965 5297 qui
2997 5220 3285 5296 episcopus
3313 5236 3405 5282 aut
3431 5220 3610 5283 'Citri-

2015 5296 2223 5350 stianus
2252 5298 2472 5351 omnino
2501 5295 2709 5368 appella
2721 5303 2887 5353 retur.

2091 5386 2158 5459 (j)
2196 5386 2254 5443 In
2280 5388 2476 5458 graecis
2502 5387 2624 5447 cut].
2655 5394 2716 5444 ut
2754 5402 2916 5457 supra
2946 5386 3077 5470 nihil
3120 5387 3348 5472 habetur
3392 5387 3460 5444 de
3508 5389 3609 5445 hoc

2016 5455 2233 5515 Georgii
2276 5471 2500 5515 timore.
2546 5460 2615 5513 ita
2651 5475 2749 5513 nec
2773 5474 2914 5513 nunc
2942 5459 3158 5513 additur
3189 5472 3240 5511 ut
3283 5461 3478 5514 dictum
3507 5471 3604 5515 est.

2017 5474 2233 5528 beorgn
2276 5474 2500 5528 umore,
2546 5474 2615 5513 ita
2651 5475 2749 5513 nec
2773 5474 2914 5513 nunc
2942 5474 3158 5513 auuuur
3189 5474 3240 5511 ut
3283 5474 3478 5514 dictum
3507 5474 3604 5515 est.

2017 5527 2181 5587 Iidem
2212 5530 2463 5597 codices,
2508 5541 2637 5587 utet
2667 5530 2828 5584 lectio
2865 5532 3114 5598 superior
3153 5545 3299 5585 num.
3325 5535 3375 5598 7,
3402 5532 3608 5587 adden-

2016 5599 2145 5682 dum
2187 5616 2306 5658 esse
2347 5601 2578 5658 suadent
2617 5606 2680 5656 de
2721 5599 2927 5656 Oriente
2957 5610 3074 5671 post
3105 5601 3326 5658 verbum
3372 5618 3477 5659 non
3514 5606 3612 5659 ade

2016 5674 2177 5825 mit)
2237 5747 2310 5811 lla
2366 5744 2531 5825 βὶτηι.
2590 5745 2662 5805 At
2715 5743 2890 5825 ιεἐῲθτ
2915 5784 2931 5809 ν
2983 5745 3155 5825 θαὲθτί
3211 5748 3565 5819 “mw-mm"
3592 5788 3608 5819 ’

2025 5812 2228 5886 om‘is'so
2268 5818 2434 5877 verbo
2472 5824 2620 5883 sunt,
2662 5812 2805 5888 quod
2844 5825 3020 5877 exstat
3063 5818 3115 5874 in
3155 5834 3287 5879 mss.
3308 5812 3353 5892 ξλ
3576 5860 3583 5868 .
