4100 6196
495 291 563 349 59
1655 292 1735 350 SA
1746 291 1899 350 NCT]
1940 294 2192 352 [HLARII
2233 297 2538 355 EPISCOPI

458 412 670 468 alienos
709 427 830 468 esse
870 428 900 467 a
940 412 1156 468 nomine
1193 409 1524 467 Christiano.
1553 409 1676 468 Sitit
1699 412 1861 483 igitur
1900 414 2052 468 vobis
2079 419 2132 475 Λ

3653 299 3764 354 640

2231 418 2318 472 10.
2351 417 2532 488 Legati
2557 415 2709 472 Julii.
2743 447 2812 458 -
2843 415 3107 484 Quoniam
3157 431 3289 488 ergo
3326 417 3601 483 universa,
3639 432 3769 488 qure

459 507 779 573 anathema,
839 521 908 562 eo
964 505 1107 576 quod
1164 507 1281 561 ausi
1321 515 1449 561 sunt
1488 506 1797 561 adulterare
1836 507 2058 564 verbum
2164 519 2315 580 gesta
2377 520 2522 577 sunt,
2555 526 2675 582 quae
2725 521 2864 577 acta,
2924 527 3045 582 qua:
3093 511 3407 576 constituta,
3459 519 3515 567 et
3559 510 3768 566 charta:

460 599 726 653 veritatis.
777 599 1019 667 Apostoli
1076 598 1220 653 enim
1259 607 1347 654 est
1387 608 1717 668 praeceptum
1776 616 1789 654 :
1837 599 1899 656 Si
1947 603 2063 670 quis

461 691 601 744 vobis
655 689 1084 761 euangelizaverit
1143 700 1329 760 prteler
1369 707 1525 762 quam
1561 692 1700 762 quod
1756 693 2062 765 accepistis,

460 782 733 836 anathema
768 783 832 837 sit
873 782 1017 853 (Gal.
1071 798 1119 848 ι,
1174 782 1254 852 9).
1299 783 1393 839 llis
1433 785 1707 840 neminem
1763 787 2065 842 communi-

459 888 584 928 care
621 873 936 931 denuntiate
966 894 979 930 :
1011 876 1154 932 nulla
1197 875 1341 932 enim
1382 877 1800 932 communicatio
1854 877 1957 932 luci
1997 877 2064 932 ad

466 967 740 1022 tenebras.
776 967 887 1023 llos
914 983 1106 1025 omnes
1133 969 1292 1040 longe
1320 970 1474 1024 facite
1517 987 1533 1024 :
1577 969 1721 1024 nulla
1762 970 1906 1025 enim
1946 985 2067 1040 par-

467 1058 711 1129 ticipatio
748 1059 964 1116 Christo
1014 1061 1080 1116 ad
1134 1061 1326 1116 Belial.
1369 1061 1666 1117 Observate
1694 1103 1707 1122 ,
1749 1060 2064 1128 Carissimi,

465 1163 525 1209 ut
566 1170 740 1225 neque
779 1156 1029 1211 scribatis
1074 1156 1135 1210 ad
1175 1170 1302 1220 eos,
1349 1171 1522 1226 neque
1561 1171 1750 1210 eorum
1791 1154 2068 1224 accipiatis

468 1247 699 1302 litteras.
745 1247 943 1304 Curate
992 1259 1171 1304 autem
1222 1249 1421 1314 etiam,
1463 1249 1802 1305 dilectissimi
1851 1248 2070 1304 Fratres

471 1350 527 1396 et
564 1342 982 1398 consacerdotes
1009 1385 1023 1408 ,
1067 1343 1219 1414 quasi
1259 1355 1558 1412 prmsentes
1596 1343 1788 1413 spiritu
1827 1343 1950 1398 huic
1990 1343 2072 1398 in—

473 1433 770 1490 terfueritis
819 1435 1066 1507 synodo,
1127 1437 1308 1491 omnia
1366 1453 1487 1507 qua:
1547 1451 1575 1489 a
1633 1437 1790 1491 nobis
1827 1436 2070 1491 instituta

472 1535 600 1580 sunt
637 1527 964 1584 conﬁrmare
1003 1544 1098 1598 per
1137 1529 1349 1584 litteras
1387 1538 1599 1584 vestras
1627 1571 1642 1595 ,
1684 1538 1742 1583 ut
1789 1529 1858 1582 ab
1896 1529 2074 1584 omni-

475 1619 580 1675 bus
620 1621 890 1690 episcopis
931 1621 1073 1676 idem
1115 1623 1352 1689 sentire,
1398 1631 1562 1693 atque
1603 1639 1763 1678 unam
1803 1639 1923 1679 esse
1952 1638 2069 1679 om-

471 1711 622 1766 nium
663 1712 996 1768 voluntatem
1036 1728 1102 1770 ex
1133 1715 1436 1771 litterarum
1477 1716 1840 1772 consensione
1869 1717 1939 1771 sit
1969 1731 2074 1771 ma-

2166 603 2474 667 continent,
2525 611 2579 658 et
2620 604 2755 658 viva:
2799 618 2960 659 voces
2988 603 3398 658 carissimorum
3445 603 3672 658 fratrum
3708 612 3770 659 et

2167 698 2732 767 compresbyterorum
2772 706 3080 753 nostrorum
3108 697 3434 769 Arcbydami
3463 696 3533 770 (Γ)
3562 705 3619 752 et
3638 697 3774 752 Phi-

2171 787 2377 855 loxeui,
2409 799 2463 844 et
2492 790 2757 844 carissimi
2789 789 2880 844 ﬁlii
2915 790 3084 844 nosui
3123 790 3321 844 Leonis
3353 789 3567 844 diaconi
3594 791 3776 845 veris-

2171 883 2307 938 sime
2335 892 2389 938 et
2427 883 2656 938 fideliter
2681 898 2952 952 exponere
2982 893 3234 952 poterunt
3261 900 3275 946 ;
3321 897 3458 951 pene
3505 898 3777 952 superva-

2172 989 2330 1029 cuum
2389 974 2639 1030 videatur
2687 975 2874 1029 eadem
2925 975 3009 1030 his
3053 975 3297 1030 inserere
3328 975 3542 1029 litteris.
3593 975 3781 1028 Patuit

2173 1063 2313 1134 apud
2345 1080 2559 1128 omnes,
2606 1063 2698 1134 qui
2729 1075 3102 1120 convenerunt
3131 1080 3198 1119 ex
3231 1065 3473 1134 partibus
3511 1064 3778 1130 Orientis,

2172 1159 2352 1229 quise
2391 1158 2662 1228 appellant
2717 1160 3000 1229 episc0pos
3041 1160 3388 1228 (quamquam
3433 1161 3541 1214 sint
3570 1175 3636 1213 ex
3685 1160 3782 1214 his

2171 1251 2302 1306 certi
2350 1261 2602 1305 auctores
2643 1248 2916 1322 (superiori
2945 1251 3160 1321 epistola
3189 1267 3332 1305 num.
3385 1253 3416 1306 7
3465 1249 3774 1319 nominati),

2173 1357 2404 1410 quorum
2451 1342 2743 1412 sacrilegas
2774 1352 2986 1398 mentes
3017 1344 3214 1398 Ariana
3259 1343 3484 1398 barresis
3511 1343 3782 1413 pestilero

2176 1433 2332 1488 tinxit
2363 1434 2592 1504 veneno)
2628 1435 2719 1490 diu
2751 1435 3132 1505 tergiversatos
3175 1445 3394 1506 propter
3419 1435 3784 1492 difﬁdentiam

2175 1527 2240 1582 ad
2269 1527 2529 1596 judicium
2552 1527 2743 1583 venire
2762 1528 3021 1594 noluisse,
3053 1537 3308 1599 tuamque
3340 1537 3395 1584 et
3422 1538 3660 1584 nostram
3686 1543 3785 1584 re-

2133 1619 2530 1689 -prebendisse
2581 1621 3064 1686 communionem,
3117 1636 3237 1691 quae
3289 1621 3487 1676 nullam
3545 1621 3791 1676 habebat

2178 1713 2394 1782 culpam
2425 1713 2583 1783 :quia
2615 1729 2722 1767 non
2749 1714 2922 1768 solum
2964 1714 3240 1784 octoginta
3277 1714 3547 1784 episcopis
3581 1723 3793 1768 testan-

469 1801 744 1858 nifestum.
792 1803 871 1876 (a)
924 1805 1214 1876 Optamus,
1278 1807 1527 1879 Fratres,
1589 1828 1686 1870 vos
1736 1812 1792 1866 in
1849 1811 2078 1868 Domino
2106 1809 2153 1870 B
2185 1805 2328 1860 tibus
2357 1805 2425 1860 de
2449 1805 2760 1860 innocentia
2793 1804 3076 1860 Athanasii
3121 1808 3324 1874 pariter
3349 1805 3673 1862 credidimus
3702 1806 3791 1879 (in

473 1893 614 1951 bene
651 1896 858 1954 valere.
898 1897 1158 1970 Explicit.

473 2033 639 2106 629
664 2033 853 2105 Incipit
877 2035 953 2108 (ὁ)
983 2038 1274 2108 exemplum
1299 2041 1531 2109 epistola:
1548 2044 1701 2114 facta:
1727 2042 1837 2114 (an.
1855 2042 1986 2113 547)
2011 2045 2080 2100 ad

548 2125 750 2180 Julium
776 2128 919 2181 urbis
945 2127 1125 2185 Romae
1151 2133 1465 2204 episcOpum,
1494 2132 1640 2190 Iulio
1666 2136 1904 2209 episcopo
1932 2156 1964 2192 a
1989 2156 2078 2210 sy-

550 2218 685 2273 nodo
699 2219 923 2275 directte.

552 2351 605 2407 9.
642 2351 744 2407 Cur
771 2352 946 2408 Julius
973 2372 1078 2410 non
1109 2356 1337 2427 adfuerit
1357 2361 1575 2431 synodo.
1611 2361 1756 2417 Petri
1790 2363 1925 2419 sedis
1950 2381 2084 2435 pra:-

479 2449 734 2519 rogatiua.
775 2479 846 2490 —
874 2450 1026 2519 Quod
1070 2465 1287 2524 semper
1328 2455 1695 2524 credidimus,
1735 2457 1898 2512 etiam
1941 2475 2082 2514 nunc

479 2543 746 2597 sentimus
771 2561 784 2598 :
810 2545 1148 2614 experientia
1172 2539 1317 2603 enim
1349 2549 1540 2618 probat
1559 2559 1610 2605 et
1637 2549 1942 2613 conﬁrmat,
1962 2568 2082 2623 qua:

480 2639 710 2710 quisque
756 2644 1032 2700 auditione
1076 2645 1298 2701 audivit.
1351 2646 1548 2702 Verum
1596 2658 1679 2704 est
1723 2650 1893 2712 enim,
1937 2649 2080 2719 quod

479 2733 826 2792 beatissimus
871 2739 1129 2810 magister
1173 2741 1413 2811 gentium
1441 2743 1642 2798 Paulus
1697 2744 1976 2813 apostolus
2013 2744 2083 2799 de

483 2843 545 2885 se
595 2829 804 2885 loculus
856 2842 975 2887 est:
1008 2833 1080 2907 (ε)
1125 2836 1202 2888 An
1245 2837 1640 2907 experimentum
1689 2839 1915 2907 qttwritis
1947 2843 2080 2911 ejus,

481 2927 567 2994 qui
593 2926 647 2979 in
679 2943 760 2980 me
790 2926 1014 2998 loquitur
1043 2929 1278 2986 Christus
1311 2931 1380 3003 (ll
1413 2930 1532 2986 Cor.
1563 2931 1728 3001 xm)?
1753 2948 2080 3003 quamquam

486 3018 671 3087 utique
701 3018 827 3087 quia
867 3020 921 3074 in
956 3022 1072 3090 ipso
1109 3022 1366 3078 Dominus
1394 3022 1642 3080 Christus
1673 3025 1952 3091 habitavit,
1986 3027 2084 3081 du-

481 3110 644 3166 bitari
675 3126 780 3166 non
809 3112 981 3181 possit
1003 3112 1082 3187 (tl)
1125 3114 1386 3184 Spiritum
1437 3126 1681 3172 sanctum
1723 3133 1820 3188 per
1847 3119 2080 3174 animam

2185 1900 2412 1955 Concilio
2436 1900 2809 1969 Alexandrino,
2834 1905 2982 1975 cujus
3003 1902 3218 1972 epistola
3247 1903 3503 1956 indicatur
3528 1920 3668 1957 nunt.
3685 1903 3746 1972 5)
3771 1918 3789 1966 ;

2181 1994 2278 2050 sed
2307 2003 2361 2051 et
2389 1995 2639 2050 conventi
2672 2010 2769 2065 per
2812 1996 3160 2068 presbyteros
3199 2005 3319 2050 tuos
3360 2004 3415 2050 et
3460 2011 3557 2066 per
3582 1996 3798 2064 episto-

2183 2090 2314 2156 lam,
2346 2091 2422 2163 (g)
2448 2091 2513 2146 ad
2541 2091 2804 2163 synodum
2831 2108 2951 2163 quae
2991 2092 3168 2148 futura
3195 2103 3313 2148 erat
3351 2094 3403 2148 in
3432 2095 3568 2148 urbe
3610 2093 3798 2148 Roma

2185 2183 2369 2239 venire
2416 2185 2702 2240 noluerunt
2735 2202 2746 2238 :
2779 2192 2836 2240 et
2887 2185 3019 2240 satis
3061 2195 3178 2240 erat
3224 2185 3497 2256 iniquum,
3543 2185 3621 2256 (h)
3673 2185 3793 2241 illis

2185 2276 2676 2342 contemnentibus,
2705 2283 2782 2330 tot
2812 2275 3187 2331 sacerdotibus
3215 2277 3579 2332 testimonium
3604 2277 3800 2346 perhi-

2186 2370 2460 2435 hentibus,
2523 2369 2782 2428 Marcello
2828 2378 2883 2425 et
2941 2369 3239 2425 Athanasio
3289 2369 3559 2443 denegare
3615 2369 3802 2425 socie-

2187 2470 2370 2517 tatem.

2257 2553 2421 2626 630
2444 2555 2464 2608 1
2484 2555 2531 2609 1.
2566 2552 2608 2606 Τ
2610 2554 2690 2607 ria
2716 2554 2767 2607 in
2789 2554 2986 2624 synodo
3009 2551 3516 2608 tractanda.—Tria
3544 2551 3794 2617 fuerunt,

2185 2664 2303 2718 quin
2335 2647 2613 2703 tractanda
2644 2657 2820 2703 erant.
2871 2647 3002 2702 Nam
3031 2657 3086 2703 et
3129 2648 3230 2717 ipsi
3259 2647 3655 2718 religiosissimi
3684 2649 3797 2702 im-

2187 2750 2463 2811 peratores
2492 2743 2875 2811 permiserunt,
2926 2750 2984 2795 ut
3029 2741 3098 2795 de
3129 2741 3342 2811 integro
3387 2742 3636 2796 universa
3675 2741 3798 2796 dis-

2185 2848 2340 2889 cussa
2373 2833 2802 2904 disputarentnr,
2832 2844 2889 2888 et
2915 2842 3040 2888 ante
3067 2835 3247 2888 omnia
3289 2835 3356 2888 de
3385 2844 3572 2889 sancta
3603 2835 3707 2888 ﬁde
3731 2846 3795 2890 et

2183 2925 2250 2980 de
2291 2927 2602 2996 integritate
2634 2927 2890 2989 veritatis,
2923 2941 3085 2996 quam
3132 2927 3492 2982 violaverunt.
3529 2925 3792 2983 Secunda

2186 3016 2254 3072 de
2288 3019 2552 3088 personis,
2584 3033 2718 3088 quas
2754 3018 3004 3073 dicebant
3031 3033 3152 3074 esse
3178 3018 3248 3091 (i)
3276 3019 3550 3088 deiectas;
3583 3019 3650 3074 de
3682 3021 3796 3074 ini-

2187 3127 2298 3182 quo
2324 3111 2551 3181 judicio,
2587 3112 2670 3166 vel
2719 3111 2764 3166 si
2805 3111 3111 3182 potuissent
3154 3114 3406 3182 probare,
3441 3113 3584 3182 justa
3632 3113 3800 3170 fieret

481 3203 600 3271 ejus
629 3203 888 3272 locutum,
929 3215 984 3260 et
1009 3221 1268 3276 organum
1294 3210 1540 3278 corporis
1567 3226 1906 3277 personasse.
1944 3212 2081 3267 Etlu
2109 3204 2152 3266 C
2185 3203 2545 3260 conﬁrmatio.
2587 3203 2768 3259 Tertia
2811 3217 2942 3258 vero
2968 3204 3216 3272 quaesﬁo,
3247 3218 3369 3272 quae
3399 3219 3525 3259 vere
3562 3207 3802 3274 qumsﬁo

483 3293 686 3364 itaque,
714 3295 1074 3352 dilectissime
1103 3296 1294 3364 frater,
1320 3313 1549 3369 corpore
1577 3310 1880 3370 separatus,
1906 3313 2088 3358 mente

483 3387 746 3441 concordi
775 3402 839 3442 ac
868 3390 1145 3444 voluntate
1164 3389 1384 3445 adfuisti
1416 3410 1428 3445 :
1456 3401 1511 3447 et
1539 3392 1762 3449 honesta
1792 3395 1885 3450 fuit
1911 3407 1965 3451 et
1994 3413 2089 3452 ne-

485 3482 726 3535 cessaria
757 3483 1038 3537 excusatio
1063 3484 1350 3550 absentiae,
1401 3500 1468 3540 ne
1500 3497 1590 3540 aut
1620 3487 1732 3554 lupi
1759 3489 2088 3544 schismalici

484 3573 690 3630 furtum
723 3576 965 3632 lacerent
1008 3586 1066 3632 et
1095 3587 1352 3648 raperent
1397 3595 1492 3650 per
1523 3581 1774 3647 insidias,
1805 3593 1898 3638 aut
1925 3598 2090 3640 canes

487 3669 728 3726 haeretici
757 3670 948 3726 rabido
979 3669 1161 3727 furore
1198 3673 1363 3728 exciti
1391 3673 1565 3728 insani
1611 3676 1965 3742 oblatrareut,
1996 3687 2090 3733 aut

484 3773 636 3816 certe
663 3776 887 3832 serpens
915 3762 1166 3819 diabolus
1197 3764 1270 3835 (e)
1317 3765 1774 3834 blasphemiorum
1822 3783 2086 3822 venenum

486 3852 806 3908 effunderet.
848 3854 958 3908 Hoc
989 3855 1131 3909 enim
1163 3857 1425 3926 optimum
1455 3867 1506 3912 et
1532 3857 1684 3913 valde
1715 3861 2090 3927 congruentis-

487 3945 682 4000 simum
715 3960 838 4000 esse
874 3947 1172 4015 videbitur,
1218 3951 1262 4003 si
1315 3949 1378 4003 ad
1412 3959 1595 4018 caput,
1638 3951 1691 4005 id
1741 3962 1826 4007 est
1853 3953 1918 4006 ad
1943 3953 2088 4008 Petri

485 4040 713 4110 apostoli
744 4041 952 4108 sedem,
983 4043 1050 4096 de
1081 4043 1310 4114 singulis
1337 4045 1641 4116 quibusque
1663 4046 1958 4116 provinciis
1983 4048 2088 4103 Do-

490 4132 618 4186 mini
645 4132 885 4188 referant
915 4133 1245 4190 sacerdotes.

565 4317 644 4391 (a)
673 4317 1000 4391 Athanasius
1033 4319 1226 4373 borum
1261 4321 1552 4391 verborum
1579 4320 1704 4378 loco
1735 4321 1940 4378 habens
1963 4365 1978 4387 ,
2009 4323 2089 4377 di-

490 4389 608 4466 uina
627 4389 955 4466 providentia
979 4402 1184 4443 sanctos
1225 4401 1271 4466 et
1300 4390 1465 4466 laetos
1483 4409 1570 4446 vos
1597 4403 1874 4466 conservet,
1907 4397 2090 4466 fratres

494 4459 698 4535 d_i_lecti_,
751 4461 1126 4527 episcoporum
1164 4463 1608 4535 subscriptiones
1652 4459 2089 4535 subjicit.'Apud

491 4530 894 4604 Theudor-etum
926 4537 1128 4604 autem,
1164 4531 1248 4604 his
1274 4533 1490 4586 omissis
1515 4530 1805 4604 ,sequitur
1837 4534 1960 4589 fidei
1986 4530 2090 4591 'ex-
2119 4531 2168 4588 D

496 4603 736 4674 positio:
766 4617 828 4656 ea
877 4597 1016 4674 haud
1049 4603 1210 4656 dubie
1232 4645 1245 4664 ,
1283 4621 1440 4670 quam
1472 4597 1798 4659 Athanasius
1827 4608 1984 4674 epist.
2019 4609 2085 4661 ad

497 4673 751 4747 Antioch.
795 4688 850 4747 p.
881 4673 986 4726 576
1010 4715 1025 4736 ,
1059 4681 1330 4742 tamquam
1356 4675 1693 4731 Sardicensis
1719 4673 1907 4747 synodi
1952 4678 2087 4732 [also

497 4744 834 4817 circumferri
887 4755 1066 4817 monet
1097 4759 1120 4817 ;_
1162 4754 1215 4799 et
1255 4755 1361 4800 tam
1407 4750 1557 4816 ipse,
1609 4744 1769 4817 quam
1823 4748 2088 4803 Eusebius

498 4815 729 4889 Vercell.
776 4815 916 4884 apud
965 4815 1214 4889 eumdem
1265 4834 1383 4889 pag.
1430 4815 1573 4879 580.
1623 4815 1844 4874 omnino
1876 4823 2091 4889 suppri-

498 4888 748 4942 mendatn
776 4897 1020 4952 censent,
1047 4903 1112 4941 ne
1143 4887 1274 4943 lides
1303 4888 1520 4945 Nicatna
1551 4905 1655 4944 non
1687 4887 2092 4947 sui’ficere'inde

499 4959 856 5012 existimetur.

572 5030 648 5099 (ὸ)
681 5029 812 5082 Eam
837 5031 1004 5098 ipsam
1025 5030 1305 5097 epistolam
1330 5047 1393 5086 ex
1413 5031 1749 5086 collectionis
1771 5033 2091 5088 Cresconia-

502 5117 585 5156 nte
634 5100 913 5156 Cassinate
944 5103 1130 5156 codice
1163 5114 1474 5172 pervctusto
1515 5104 1684 5158 edidit
1731 5105 1990 5160 Baronius
2027 5107 2092 5160 ad

500 5189 591 5227 an.
622 5174 748 5236 547,
782 5190 836 5246 n.
868 5173 960 5236 25,
991 5175 1041 5227 in
1072 5191 1178 5241 quo
1214 5177 1524 5244 Castigatior
1552 5177 1666 5231 haec
1701 5179 1984 5246 prtciertur
2014 5180 2096 5231 in-

501 5246 758 5320 scriptio:
788 5244 983 5320 ncipit
1013 5249 1271 5316 exemplar
1293 5249 1476 5318 synodi
1495 5244 1819 5303 Sardicensis
1845 5253 1997 5320 [actae
2026 5249 2096 5302 ad

500 5316 706 5389 Julium
733 5317 870 5370 urbis
899 5316 1076 5372 Romte
1105 5316 1418 5389 episcOpum.

578 5388 650 5462 (ε)
685 5389 923 5459 Apostoli
956 5390 1123 5444 verba
1168 5407 1235 5445 ex
1267 5388 1505 5448 editione
1532 5393 1750 5448 Baronii
1785 5393 1889 5448 huc
1931 5409 2086 5450 revo-

503 5475 712 5517 camus.

577 5532 657 5603 (ἀ)
700 5531 854 5602 Apud
885 5520 1106 5601 Baron.,
1141 5533 1400 5604 Spiritum
1431 5551 1522 5608 per
1565 5537 1795 5592 animum
1833 5537 1988 5593 etiam
2027 5538 2104 5593 loc

507 5615 697 5658 culum.

582 5677 653 5745 (e)
683 5676 881 5752 Baron.
916 5677 1378 5752 blasphemiarum.
1411 5679 1531 5735 Jam
1561 5695 1668 5736 non
1698 5681 1868 5738 semel
1892 5682 2106 5752 experti

509 5760 709 5868 sumtu:l
733 5748 784 5801 in
817 5763 947 5805 mss.
981 5748 1170 5806 haberi
1210 5751 1666 5820 blasphemiarum,
1707 5753 1828 5808 loco
1868 5748 2108 5824 blasphe-

511 5833 623 5868 ηιο⁹
723 5857 731 5868 .

511 5837 558 5872 ηι
565 5833 655 5868 0ιά
661 5833 709 5866 m
723 5857 731 5869 ι

2188 3297 2510 3367 appellanda
2540 3305 2643 3362 est,
2685 3298 2828 3366 quod
2857 3313 3051 3367 graves
3079 3307 3132 3352 et
3162 3299 3389 3352 acerbas
3429 3298 3673 3368 injurias,
3707 3301 3802 3354 in-

2191 3391 2503 3446 tolerabiles
2531 3390 2690 3446 etiam
2715 3401 2766 3446 et
2795 3390 3030 3446 nefarias
3050 3392 3410 3447 contumelias
3435 3392 3678 3447 ecclesiis
3708 3391 3797 3448 fe-

2191 3490 2414 3556 cissent,
2450 3503 2571 3542 cum
2619 3497 2879 3555 raperent
2919 3488 3223 3559 episcopos,
3269 3489 3637 3560 presbyteros,
3667 3488 3796 3543 dia-

2193 3597 2380 3644 cones,
2414 3590 2469 3634 et
2493 3596 2685 3634 omnes
2731 3581 2959 3636 clericos
2996 3581 3050 3634 in
3080 3580 3334 3636 exsilium
3389 3582 3686 3643 mitterent,
3722 3581 3800 3635 ad

2195 3674 2410 3730 deserta
2438 3675 2556 3728 loca
2589 3673 3022 3740 transducerent,
3045 3683 3100 3729 et
3121 3673 3282 3740 fame,
3305 3674 3418 3738 siti,
3448 3674 3710 3739 nuditate,
3737 3685 3800 3730 et

2191 3771 2334 3825 omni
2354 3777 2590 3837 egestate
2609 3777 2898 3834 necarent;
2927 3768 3061 3823 alios
3082 3769 3295 3822 clausos
3319 3783 3538 3824 carcere
3555 3778 3607 3823 et
3626 3784 3798 3838 squa-

2193 3864 2308 3919 lore
2333 3873 2390 3919 et
2419 3873 2608 3932 putore
2638 3861 2991 3928 conﬁcerent,
3026 3862 3313 3916 nonnullos
3335 3860 3526 3917 ferreis
3557 3863 3799 3916 vinculis

2192 3960 2263 4012 ita
2295 3960 2451 4028 (adde
2479 3957 2848 4028 stringerent),
2881 3960 3200 4013 utcervices
3225 3960 3304 4012 eis
3336 3957 3650 4012 aretissimis
3679 3958 3794 4012 cir-

2194 4051 2331 4105 culis
2359 4051 2842 4122 strangularentur.
2871 4051 3108 4121 Denique
3138 4067 3205 4105 ex
3231 4051 3361 4120 ipsis
3385 4049 3601 4119 quidatu
3623 4050 3804 4105 vincti

2197 4142 2250 4198 in
2284 4143 2471 4200 eadem
2525 4132 3069 4214 injusta'deiecerunt
3094 4157 3254 4214 poena
3284 4161 3297 4197 ι
3322 4157 3551 4214 quorum
3594 4142 3806 4214 ambigi

2268 4326 2335 4398 (f)
2367 4325 2424 4380 In
2466 4341 2597 4380 mss.
2633 4325 2778 4381 Pith.
2808 4337 2862 4382 et
2893 4326 3076 4392 Colb.,
3108 4325 3388 4398 Arcydami
3427 4334 3474 4380 et
3499 4325 3754 4398 Filioseni
3788 4344 3810 4382 :

2195 4405 2251 4452 et
2298 4413 2424 4523 mgx
2463 4407 2756 4468 potuerunt,
2810 4414 2917 4454 non
2969 4409 3206 4468 poterunt
3235 4415 3252 4452 :
3283 4413 3403 4470 quae
3438 4413 3505 4453 ex
3560 4397 3808 4454 Baronio

2195 4482 2349 4523 emen
2393 4484 2564 4523 alnus.

2195 4482 2564 4524 emenoamus.

2269 4557 2344 4627 (g)
2375 4559 2552 4614 Faber
2585 4569 2899 4630 reposuerat
2933 4575 2974 4630 7a
2999 4561 3218 4630 synodo,
3255 4575 3378 4615 cum
3409 4561 3460 4614 iu
3495 4576 3597 4615 ms.
3637 4561 3796 4616 Pilh.

2196 4633 2487 4699 reperisset
2528 4641 2576 4686 et
2620 4629 2892 4702 synodum.
2929 4629 3120 4684 Verius
3169 4631 3366 4686 Baron.
3411 4632 3475 4684 ad
3520 4632 3805 4701 synodum,

2198 4703 2450 4756 nimirum
2485 4704 2669 4756 Roma:
2717 4720 2805 4756 an.
2851 4703 2948 4757 5M
2985 4703 3244 4762 habitam,
3278 4717 3344 4756 ex
3389 4719 3491 4770 qua
3521 4702 3696 4757 Julius
3727 4707 3803 4758 ad

2199 4774 2533 4828 Eusebianos
2563 4775 2846 4842 epistolam
2879 4775 3118 4842 scripsit,
3143 4774 3212 4828 ab
3233 4773 3530 4828 Athanasio
3555 4773 3805 4845 descrip.

2201 4855 2306 4899 tam
2342 4847 2570 4916 Apolog.
2604 4862 2664 4910 ll,
2696 4863 2746 4915 p.
2783 4845 2908 4900 7'59.

2272 4938 2351 5009 (lt)
2385 4937 2536 5006 Apud
2564 4938 2785 5000 Baron.,
2810 4937 2916 4990 illis
2931 4937 3488 5005 con/itentibns,lectio
3515 4953 3620 4993 non
3643 4953 3807 5008 sper-

2201 5009 2375 5063 nenda
2407 5027 2419 5062 :
2455 5011 2576 5078 quia
2606 5010 2724 5064 scil.
2759 5009 2880 5078 fuga
2926 5023 3018 5062 sua
3053 5009 3408 5075 prodiderunt
3447 5011 3804 5065 conscientia:

2201 5095 2312 5135 suae
2339 5090 2570 5144 reatum,
2613 5089 2669 5136 et
2711 5079 2946 5133 confessi
2979 5089 3106 5134 sunt
3137 5080 3264 5135 falsa
3299 5095 3419 5134 esse
3450 5097 3569 5148 quae
3600 5082 3802 5135 adver-

2201 5167 2294 5207 sus
2335 5154 2620 5222 episcOpos
2649 5152 3053 5215 conﬁnxerunt,
3083 5167 3210 5206 vera
3249 5163 3428 5206 autem
3461 5167 3582 5220 quae
3612 5167 3709 5221 pro
3736 5153 3808 5206 il-

2200 5225 2268 5278 lis
2299 5234 2376 5277 tot
2403 5224 2712 5278 sacerdotes
2732 5223 3178 5278 contestabantur
3202 5241 3214 5277 :
3243 5223 3384 5294 quod
3409 5225 3609 5294 saepius
3641 5239 3804 5294 repe-

2201 5295 2262 5349 tit
2291 5296 2545 5364 Superior
2571 5295 2821 5364 epistola.

2273 5389 2344 5463 (i)
2367 5387 2588 5463 Baron.,
2623 5388 2843 5463 delectas
2873 5403 2893 5443 :
2921 5387 3065 5463 quod
3091 5388 3251 5463 etiam
3296 5386 3349 5442 in
3381 5402 3478 5444 suo
3504 5405 3607 5444 ms.
3635 5404 3802 5460 repe-

2205 5458 2292 5518 rit‘
2307 5458 2503 5524 Faber,
2547 5460 2635 5528 qui
2665 5467 2850 5528 postea
2881 5458 3083 5529 pariter
3108 5459 3176 5513 de
3220 5474 3317 5513 suo
3348 5470 3601 5528 posuerat
3646 5458 3800 5524 utsi,

2209 5547 2306 5604 pro
2328 5531 2409 5604 vel
2432 5531 2495 5585 si.
2543 5529 2647 5585 Sed
2684 5529 2843 5604 facile
2887 5530 3203 5604 intelligitur
3235 5532 3687 5604 tacitaparticula
3722 5544 3798 5604 ut,

2208 5602 2334 5659 ante
2376 5602 2441 5656 de
2473 5604 2666 5673 iniquo.
2713 5602 2994 5673 Athanasii
3028 5603 3341 5673 prtrsertimg
3370 5603 3437 5657 ab
3479 5603 3802 5660 Eusebiauis

2209 5674 2496 5746 damnatio
2517 5671 2600 5746 vel
2623 5689 2692 5746 ex
2716 5671 2819 5746 hoc
2845 5671 3172 5746 iniqua'l'uit,
3204 5671 3353 5746 quod
3371 5674 3571 5746 absens
3585 5674 3800 5746 judica-

2213 5756 2298 5827 tus
2325 5753 2428 5827 est.
2457 5744 2541 5800 Ex
2562 5744 2914 5827 iniquafacta
2936 5743 3076 5800 esset
3102 5743 3270 5827 iusta,
3311 5744 3357 5827 si
3391 5743 3663 5803 illatorum
3696 5746 3800 5818 ipsi

2211 5819 2496 5872 criminum
2525 5816 2770 5872 convinci
2802 5830 3042 5885 prmsens
3064 5816 3347 5887 potuisset.
