4100 6196
336 165 449 221 6-H

1293 180 1391 239 EX
1427 182 1656 243 OPERE
1699 187 2062 251 lllSTORlCO
2100 194 2586 258 FRAGMENTUM
2627 202 2691 259 ll.

3545 213 3654 273 642

337 296 453 333 tum
503 289 679 351 potest
724 284 986 357 martyrio
1034 288 1328 360 gloriosam
1368 306 1598 354 mortem
1643 303 1939 360 exstitisse.
1969 315 2021 374 Α
2050 309 2148 365 bus
2176 311 2370 383 dejeeti
2394 327 2539 381 sunt,
2568 316 2837 390 subjicere
2863 324 3173 380 curavimus
3207 340 3223 380 :
3256 332 3313 382 ut
3344 308 3510 385 sciret
3528 331 3648 386 exi-

336 373 534 428 Adhue
564 391 776 445 quoque
816 379 1016 435 audent
1059 386 1322 453 quosdam
1370 392 1609 448 retinere
1643 413 1656 449 :
1690 412 1790 452 nec
1834 398 1940 452 ulla

336 481 507 521 causa
539 466 639 522 fuit
689 470 952 541 criminis,
997 477 1099 531 nisi
1127 480 1269 547 quod
1307 497 1694 555 repugnarem,
1727 498 1782 544 et
1831 492 1943 547 cla-

339 570 557 613 marent
583 560 728 630 quod
754 577 1166 624 exsecrarentur
1206 573 1461 631 Arianatn
1489 587 1544 632 et
1584 579 1941 639 Eusebianam

339 648 627 722 hmresim,
673 666 728 712 et
766 659 974 717 nollent
1000 662 1203 722 habere
1227 683 1349 724 cum
1385 671 1580 729 talibus
1604 678 1942 751 communio-

338 762 488 814 nem,
524 746 601 819 (a)
647 749 711 805 iis
754 763 957 820 autem,
1007 756 1098 827 qui
1139 772 1321 815 secum
1364 765 1567 821 sentire
1610 748 1939 838 maluerunt,

339 840 624 910 prodesse.
663 844 730 900 Et
758 846 848 916 qui
873 862 1000 905 ante
1030 850 1245 909 fuerant
1265 854 1482 925 dejecti,
1518 874 1624 913 non
1652 862 1827 917 solum
1856 879 1942 919 re-

337 934 485 1003 cepti
516 946 664 1003 sunt,
694 939 790 995 sed
830 942 994 997 etiam
1024 945 1091 1001 ad
1122 946 1432 1005 clericalem
1461 952 1776 1024 dignitatem
1807 972 1940 1027 pro.

336 1029 497 1095 moti,
532 1041 588 1085 et
614 1046 945 1103 acceperunt
976 1042 1253 1107 praemium
1286 1043 1557 1102 falsitatis.

413 1120 502 1175 12.
549 1121 755 1178 Ursacii
783 1136 833 1180 et
881 1127 1111 1187 Valentis
1136 1138 1456 1203 perversitas.
1484 1169 1551 1182 ρ-
1578 1140 1719 1210 Quid
1756 1153 1938 1202 autem

334 1209 409 1266 de
437 1213 619 1283 impiis
661 1226 717 1272 et
758 1218 826 1274 de
858 1220 1125 1292 imperitis
1162 1209 1855 1292 adolescentibusiUrsaeio
1881 1247 1941 1295 et

338 1303 570 1364 Valente
597 1317 856 1369 statutum
891 1316 981 1381 sit,
1009 1320 1218 1389 accipe,
1251 1322 1559 1382 beatissime
1588 1326 1774 1385 frater.
1799 1332 1938 1400 Quia

334 1404 683 1461 manifestum
725 1420 864 1477 erat,
911 1411 1010 1467 hos
1055 1430 1160 1471 non
1208 1432 1427 1476 cessare
1463 1421 1781 1480 adulterina:
1809 1426 1940 1484 doc-

334 1496 497 1551 trina:
525 1495 603 1570 (ὁ)
647 1497 864 1557 lethalia
904 1506 1110 1560 semina
1156 1522 1433 1581 Spargere,
1476 1523 1528 1568 et
1572 1515 1715 1584 quod
1743 1515 1938 1575 Valens

332 1589 522 1645 relicta
566 1592 798 1649 ecclesia
847 1598 1135 1653 ecclesiam
1165 1602 1327 1657 aliam
1366 1604 1622 1662 invadere
1649 1608 1934 1676 voluisset,

2046 403 2149 457 mia
2178 402 2423 462 Gravitas
2472 417 2597 477 tua,
2641 411 2730 480 qui
2779 424 2960 468 essent
3007 418 3391 475 communione
3430 421 3647 489 privati.

2045 491 2133 549 Uti
2166 504 2292 552 ante
2318 499 2597 567 pra-locuti
2648 518 2855 570 sumus,
2886 522 3076 563 omnes
3107 508 3303 565 fratres
3354 520 3409 567 et
3456 513 3647 584 coepi-

2044 599 2240 656 scopos
2271 600 2487 646 nostros
2537 592 2732 649 litteris
2778 598 2883 652 tuis
2938 598 3233 656 admonere
3284 602 3546 673 digneris,
3580 620 3649 661 ne

2047 676 2123 752 (g)
2152 682 2425 752 epistolia,
2455 685 2509 741 id
2536 699 2643 756 est,
2674 687 2883 747 litteras
2915 695 3429 755 eommunicatorias
3457 714 3647 759 eorum

2042 775 2331 846 accipiant.

2513 910 2717 955 NOMINA
2755 916 3175 961 BERETICORUI.
3205 900 3226 917 ‘

2112 1003 2200 1059 14.
2246 1004 2499 1064 Ursacius
2540 1024 2570 1064 a
2613 1011 2937 1084 Singiduno,
2971 1016 3168 1074 Valens
3202 1035 3232 1074 a
3263 1020 3462 1091 Mursa,
3506 1023 3645 1081 Nar-

2040 1093 2210 1150 cissus
2236 1097 2317 1168 (h)
2349 1099 2418 1154 ab
2447 1100 2711 1174 Jeropoli,
2743 1106 3047 1176 Stephanus
3079 1111 3146 1165 ab
3174 1111 3643 1184 Antiochia,Aca-

2040 1186 2156 1241 cius
2181 1202 2210 1242 a
2233 1188 2503 1262 Cazsarea,
2540 1194 2931 1267 Menephantus
2967 1201 3036 1257 ab
3067 1202 3300 1274 Epheso,
3324 1205 3589 1280 Georgius
3614 1225 3645 1267 a

2038 1277 2310 1336 Laodicia.

2041 1408 2169 1449 ITEM
2210 1411 2408 1453 NOMINA
2454 1415 2819 1461 EPISCOPORUI
2849 1422 3043 1475 INFRA,
3074 1426 3162 1474 QUI
3214 1428 3414 1470 SYNODO
3464 1432 3645 1474 εωθι-

2112 1502 2262 1543 GENS!
2292 1506 2618 1550 ADFUERURT
2665 1512 2736 1551 ΕΤ
2777 1513 3232 1559 SUBSCRIPSEBUNT
3280 1521 3431 1563 IIDEI
3462 1524 3513 1563 IN
3550 1524 3642 1564 δυ·
3700 1510 3703 1513 δ

2111 1595 2274 1636 βιαιο.

332 1690 392 1735 et
421 1697 488 1735 eo
516 1691 780 1753 tempore,
824 1702 933 1757 quo
975 1689 1295 1748 seditionem
1341 1699 1657 1765 commovit,
1698 1717 1833 1756 unus
1868 1718 1934 1758 ex

2114 1691 2200 1745 15.
2234 1693 2422 1752 Ossius
2462 1698 2531 1753 ab
2570 1701 2806 1771 Spannia
2836 1704 3224 1776 Cordobensis,
3260 1712 3541 1770 Annianus
3576 1716 3646 1772 ab

330 1772 596 1829 fratribus
656 1780 880 1846 nostris,
933 1780 1025 1851 qui
1081 1782 1268 1853 fugere
1321 1802 1428 1841 non
1485 1790 1699 1858 potuit,
1756 1791 1940 1848 Viator

336 1866 607 1939 abruptus
637 1881 690 1927 et
719 1874 1066 1933 conculcatus
1093 1880 1146 1934 in
1192 1881 1381 1937 eadem
1410 1884 1835 1956 Aquileiensium
1862 1891 1941 1947 ci-

330 1962 500 2018 vitate
527 1963 789 2022 dietertia
815 1968 1016 2026 defecit
1040 1988 1053 2025 :
1084 1988 1245 2029 causa
1278 1977 1464 2048 utique
1492 1980 1681 2036 mortis
1710 1981 1810 2038 fuit
1838 1984 1939 2039 Va—

328 2054 474 2122 lens,
514 2059 604 2127 qui
633 2060 989 2128 perturbavit,
1041 2066 1129 2135 qui
1174 2067 1510 2126 sollicitavit.
1552 2071 1660 2128 Sed
1716 2089 1779 2130 ea
1817 2091 1937 2145 qua:

328 2147 661 2205 beatissimis
709 2155 966 2223 Augustis
1009 2156 1432 2228 signiﬁcavimus
1482 2176 1606 2218 cum
1654 2164 1933 2236 legeritis,

329 2240 488 2297 facile
519 2243 892 2313 pervidehitis,
945 2247 1075 2303 nihil
1114 2266 1214 2305 nos
1257 2254 1702 2324 praetermisisse,
1758 2274 1934 2328 quan-

331 2343 444 2389 tum
475 2337 619 2392 ratio
653 2338 973 2407 patiebatur.
1005 2341 1071 2396 Et
1095 2357 1164 2398 ne
1193 2344 1418 2400 molesta
1450 2356 1595 2403 esset
1624 2349 1782 2420 longa
1813 2366 1936 2405 nar-

329 2430 492 2497 ratio,
521 2431 613 2502 qui
638 2430 916 2501 fecissent,
942 2442 995 2490 et
1019 2433 1090 2507 (c)
1116 2452 1236 2507 quae
1254 2439 1675 2507 commisissent,
1704 2442 1937 2499 insinua-

328 2520 534 2577 vimus.
1842 2540 1849 2547 ’

405 2614 492 2671 15.
524 2614 727 2687 Synodi
770 2618 963 2686 placita
991 2621 1210 2687 Siciliw,
1241 2623 1506 2682 Sardiniae
1550 2638 1598 2684 et
1632 2629 1806 2688 Italia:
1845 2652 1937 2704 per

326 2704 889 2768 Juliumaddiscendu.
922 2744 993 2754 —
1022 2716 1134 2770 Tua
1167 2726 1346 2774 autem
1387 2720 1661 2778 excellens
1690 2725 1933 2794 pruden-

332 2798 406 2852 tia
436 2798 727 2868 dislionere
749 2802 930 2868 debet,
961 2817 1017 2859 ut
1047 2823 1141 2876 per
1166 2817 1253 2863 tua
1282 2811 1505 2880 scripta,
1535 2817 1621 2884 qui
1647 2814 1701 2869 in
1722 2817 1931 2884 Sicilia,

2041 1780 2295 1853 Spanniis
2342 1787 2409 1844 de
2452 1789 2762 1861 Castolona,
2815 1794 3166 1855 Florentinus
3212 1800 3281 1857 ab
3319 1801 3535 1873 Spaniis
3575 1805 3645 1863 de

2042 1875 2316 1944 Emerita,
2366 1880 2428 1952 (ἱ)
2482 1882 2828 1941 Dominianus
2882 1890 2951 1945 ab
2992 1890 3207 1960 Spaniis
3250 1894 3320 1951 de
3368 1896 3637 1967 Asturica,

2039 1968 2232 2025 Castus
2259 1972 2329 2026 ab
2358 1972 2575 2044 Spaniis
2604 1978 2671 2032 de
2716 1978 2931 2038 Caesars
2982 1988 3244 2057 Augusta,
3289 1988 3646 2049 Praetextatus

2038 2061 2106 2114 ab
2134 2063 2351 2131 Spaniis
2376 2065 2445 2121 de
2474 2066 2778 2135 Barcilona,
2803 2072 3069 2131 Maximus
3105 2092 3136 2132 a
3165 2078 3359 2136 Tuscia
3384 2081 3452 2138 de
3472 2082 3640 2152 Luca,
3748 2133 3760 2144 .

2034 2152 2196 2226 632
2226 2156 2422 2213 Bassus
2451 2176 2482 2214 a
2512 2160 2820 2221 Macedonia
2867 2166 2935 2221 de
2981 2168 3424 2245 Diocletianopoli
3450 2216 3466 2244 ,
3512 2177 3649 2233 Por-

2041 2250 2266 2319 phyrius
2292 2266 2321 2304 a
2346 2251 2657 2311 Macedonia
2686 2257 2753 2312 de
2782 2257 3067 2331 Philippis,
3102 2263 3387 2322 Marcellus
3415 2284 3443 2322 a
3470 2268 3648 2327 Mace-

2039 2340 2199 2395 donia
2240 2343 2306 2398 de
2330 2343 2403 2417 (j)
2437 2347 2651 2421 Ancyra
2689 2350 2965 2421 Gallacite,
2995 2354 3249 2414 Euterius
3288 2374 3320 2414 a
3362 2359 3551 2417 Procia
3575 2362 3647 2420 de

2042 2429 2270 2499 Caindo,
2294 2436 2579 2507 Asclepius
2604 2456 2633 2495 a
2658 2440 2941 2499 Palaestina
2969 2444 3037 2500 de
3058 2446 3224 2516 Gaza,
3253 2448 3327 2522 (Ic)
3351 2450 3586 2524 Moysius
3607 2469 3641 2509 a

2036 2523 2317 2582 Thessalia
2368 2528 2436 2585 de
2461 2530 2682 2599 Thebis,
2713 2533 3029 2592 Vincentius
3048 2554 3079 2593 a
3112 2540 3403 2612 Campania
3441 2523 3513 2602 de
3540 2546 3647 2603 Ca-

2037 2632 2162 2689 ptta,
2197 2618 2480 2677 Januarius
2526 2639 2555 2677 a
2597 2625 2891 2696 Campania
2935 2629 3004 2685 de
3048 2630 3378 2703 Benevento,
3412 2637 3644 2695 Protho-

2034 2726 2200 2783 genes
2228 2712 2293 2784 (I)
2323 2728 2351 2766 a
2381 2713 2544 2771 Dacia
2572 2716 2641 2773 de
2680 2718 2924 2788 Serdica,
2960 2722 3249 2781 Dioscorus
3271 2727 3341 2784 de
3383 2728 3640 2801 Thracia,

2037 2802 2134 2876 (ηπ)
2160 2804 2455 2876 Hymenius
2480 2823 2513 2863 a
2540 2809 2729 2866 Thess.
2756 2812 2825 2868 de
2848 2813 3098 2880 Pearata,
3128 2816 3325 2873 Lucius
3353 2836 3383 2873 a
3410 2820 3642 2878 Thracia

325 2887 492 2962 631
524 2891 575 2945 in
621 2892 890 2962 Sardinia,
927 2898 980 2951 in
1030 2897 1177 2953 Italia
1215 2910 1340 2954 sunt
1368 2900 1559 2957 fratres
1593 2908 1781 2972 nostri,
1814 2924 1935 2978 quae.

329 2991 451 3038 acta
485 2992 611 3038 sunt
634 2996 683 3039 et
714 3002 835 3057 qua:
865 2987 1088 3045 definita
1117 3003 1475 3062 cegnoscaut;
1503 3003 1651 3053 etne
1678 2998 1932 3069 ignoran-

2035 2895 2102 2952 de
2119 2897 2414 2970 Caynopoli
2452 2898 2541 2972 (an
2569 2902 2951 2976 Hadrianopoli
2970 2906 3035 2978 ?),
3065 2906 3144 2982 (η)
3169 2908 3364 2966 Lucius
3388 2912 3457 2967 ab
3486 2911 3641 2971 Italia

2037 2990 2103 3046 de
2148 2991 2386 3059 Verona,
2435 2993 2697 3066 Evagrius
2742 3013 2771 3052 a
2813 2998 3124 3056 Macedonia
3170 3001 3239 3057 de
3286 3003 3640 3065 Heraclianeo

335 3086 419 3131 tes
439 3090 627 3131 eorum
659 3080 928 3150 accipiant
958 3082 1165 3139 litteras
1191 3089 1724 3157 communicatorias,
1772 3092 1821 3148 id
1849 3103 1934 3150 est

2039 3084 2166 3155 (Ms.
2185 3086 2590 3159 Eraclialineo),
2612 3090 2895 3163 Dionysius
2926 3092 2993 3147 ab
3019 3092 3221 3149 Achaia
3249 3095 3316 3150 de
3335 3095 3637 3168 Lignedon,

328 3168 412 3239 (ά)
439 3170 708 3242 epistolis,
741 3190 876 3244 quos
901 3176 1045 3246 justa
1072 3182 1342 3236 sententia
1373 3182 1706 3255 degradavit,
1739 3203 1933 3259 perse-

2039 3175 2213 3232 lulius
2250 3179 2319 3233 ab
2341 3178 2538 3237 Acacia
2579 3181 2648 3238 de
2692 3182 2766 3257 (ο)
2796 3184 2981 3241 Thebe
3027 3188 3367 3260 eptapyleos.
3400 3190 3640 3247 Atheno-

334 3274 533 3322 verent
559 3277 736 3326 autem
768 3270 1052 3328 Marcellus
1091 3284 1146 3330 et
1180 3276 1508 3335 Athanasius
1552 3291 1606 3335 et
1651 3282 1934 3354 Asclepius

2038 3268 2203 3325 dorus
2247 3270 2314 3326 ab
2347 3272 2551 3329 Achaia
2594 3276 2663 3331 de
2705 3275 2886 3332 Blatea
2921 3275 3074 3350 (Lab.
3127 3295 3157 3335 a
3204 3281 3365 3337 Dacia
3405 3282 3476 3339 de
3516 3283 3643 3339 Bla-

328 3356 384 3412 in
416 3368 601 3414 nostra
636 3363 1018 3422 communione
1052 3385 1067 3422 :
1097 3368 1219 3438 quia
1251 3370 1445 3427 obesse
1474 3372 1552 3428 eis
1584 3390 1688 3427 non
1720 3384 1934 3446 poterat

2038 3367 2213 3435 cena).
2251 3365 2515 3423 Diodorus
2559 3370 2628 3424 ah
2674 3371 2801 3426 Asia
2848 3371 2917 3427 de
2949 3372 3220 3442 Tenedos,
3268 3375 3579 3434 Alexander
3606 3392 3639 3434 a

333 3449 577 3521 iniquum
613 3452 906 3523 judicium,
933 3457 1004 3529 (e)
1031 3467 1087 3514 et
1131 3459 1276 3530 fuga,
1321 3473 1376 3517 et
1423 3465 1798 3536 tergiversatio
1829 3484 1927 3525 eo-

330 3555 476 3608 rum,
500 3542 589 3612 qui
615 3544 681 3598 ad
716 3544 975 3613 judicium
1010 3552 1249 3605 omnium
1287 3553 1689 3625 episcoporum,
1721 3556 1788 3629 (f)
1834 3558 1926 3628 qui

332 3635 706 3698 convenimus.
738 3639 925 3694 venire
966 3641 1285 3698 noluerunt.
1314 3644 1544 3715 Caetera,
1577 3649 1735 3705 sicuti
1771 3667 1930 3722 supe-

334 3729 453 3784 rius
476 3734 1045 3804 commemoravimus,
1089 3738 1245 3805 plena
1276 3739 1471 3796 relatio
1510 3741 1762 3811 fratrum,
1795 3761 1932 3816 quos

331 3821 550 3877 sincera
606 3822 843 3880 Charitas
917 3834 1003 3882 tua
1068 3829 1255 3898 misit,
1308 3833 1717 3889 unanimitatem
1784 3845 1928 3891 tuam

332 3914 668 3987 perdocebit.
716 3917 915 3974 Eorum
949 3929 1129 3977 autem
1166 3925 1408 3993 nomina,
1436 3930 1526 3997 qui
1550 3943 1648 3998 pro
1675 3927 1931 3984 facinori-

404 4080 483 4162 ςα)
521 4081 613 4162 Ει-
639 4082 874 4162 lectione
900 4101 1030 4141 mss.
1062 4086 1200 4142 Pith.
1235 4098 1290 4145 et
1315 4087 1495 4162 Coll},
1518 4092 1605 4162 qui
1629 4103 1718 4147 aut
1755 4095 1807 4147 in
1837 4110 1934 4148 sa:-

333 4153 453 4207 rttlo
479 4156 674 4233 seruire
705 4158 1014 4233 maluerunt,
1058 4162 1367 4233 confecerat
1412 4153 1609 4229 Faber,
1641 4166 1729 4233 qui
1760 4175 1932 4219 autem

328 4226 522 4280 seculo
545 4228 732 4282 servire
752 4229 1047 4285 noluerunt.
1071 4231 1188 4286 Huc
1206 4231 1567 4290 Baronianam
1591 4226 1927 4293 revocamus.

405 4316 484 4390 (lt)
525 4320 679 4389 Apud
714 4320 934 4384 Baron..
966 4323 1023 4377 in
1052 4324 1235 4389 Italia,
1267 4339 1377 4382 non
1405 4327 1636 4383 lethalia.

405 4390 479 4464 (ε)
526 4390 659 4446 Illud
689 4408 805 4463 quis
831 4393 1115 4464 adjicimus
1144 4411 1212 4450 ex
1252 4396 1414 4452 Sirm.
1451 4399 1714 4457 Baronius
1747 4410 1926 4457 autem

335 4466 633 4541 praeferens
654 4472 809 4519 antea
835 4480 948 4534 quat
974 4466 1233 4535 fecissent,
1257 4469 1453 4524 omittit
1481 4481 1528 4525 et
1552 4488 1668 4543 qua:
1716 4475 1928 4528 commi-

334 4532 542 4586 sissent.

412 4600 495 4675 (ά)
518 4603 573 4658 1η
594 4620 732 4684 mss.
768 4606 999 4684 Eitli.__et
1030 4607 1207 4684 Colb.,
1240 4612 1296 4684 id
1328 4622 1405 4684 est
1442 4614 1710 4681 epistulas.
1737 4615 1926 4684 Sirm.,

341 4673 395 4726 id
424 4673 497 4756 est
524 4677 854 4757 episcopalia.
875 4673 1221 4757 _H§ec‘verba
1250 4673 1631 4740 desiderantur
1656 4687 1795 4757 apud
1830 4673 1931 4742 Ba;

336 4746 696 4831 rortium,_qui
732 4749 923 4831 deinde
952 4752 1100 4831 legit,
1125 4769 1252 4824 quos
1289 4763 1436 4809 extra
1464 4746 1816 4828 episwpdtum
1838 4775 1928 4831 sg-

335 4814 455 4870 nodi
483 4814 731 4873 sententia
756 4814 1052 4879 declaravit.

409 4886 481 4970 (ε)
506 4889 723 4970 Baron.,
758 4892 820 4945 de
847 4898 968 4970 fuga
995 4905 1042 4949 et
1073 4898 1503 4969 tergiversatione.
1529 4898 1643 4953 Non
1673 4900 1926 4970 displice-

336 4967 422 5034 ret
443 4975 508 5014 ea.
540 4962 688 5034 fuga,
710 4962 853 5028 etc.,
869 4964 921 5019 id
948 4976 1050 5027 est,
1081 4962 1265 5022 eoium
1292 4969 1559 5026 absolutio
1583 4962 1782 5027 differri
1809 4973 1929 5029 diu-

342 5030 582 5110 tius_non
602 5030 812 5110 debuit,
846 5037 969 5105 quia
999 5039 1245 5110 fugerunt
1270 5041 1483 5095 illorum
1516 5040 1831 5099 adversarii.

414 5102 495 5172 (f)
533 5104 687 5180 Apud
721 5102 937 5174 Baron.,
958 5102 1310 5179 quo'venimus
1337 5129 1357 5166 :
1387 5111 1564 5167 minus
1596 5113 1752 5180 bene,
1779 5125 1837 5169 ut
1867 5116 1933 5170 li-

337 5182 468 5254 quet
495 5188 560 5228 ex
591 5176 677 5258 his
692 5191 842 5258 num.
871 5180 928 5246 2,
952 5176 1133 5251 synodi
1160 5184 1387 5239 omnium
1417 5195 1667 5252 nostrum,
1696 5176 1782 5258 qui
1808 5203 1933 5241 con-

338 5244 570 5318 venimus
594 5246 837 5318 episcopi.

416 5313 497 5387 (9)
548 5317 601 5397 In
623 5313 738 5374 'ms.
764 5313 927 5378 'Pith.
969 5323 1307 5397 neepistolas
1340 5341 1359 5380 :
1387 5327 1531 5397 quod
1562 5328 1724 5382 etiam
1768 5329 1929 5386 habet

342 5385 543 5441 om...
577 5390 757 5460 legens
788 5403 995 5461 postea,
1023 5385 1144 5449 inde
1173 5395 1379 5465 allatas,
1404 5385 1510 5468 'pro
1537 5398 1591 5453 id
1616 5408 1690 5454 est
1718 5385 1928 5455 litteras.

414 5476 497 5559 (lt)
526 5480 678 5559 Apud
706 5481 931 5551 Baron.,
956 5502 986 5538 a
1016 5484 1358 5559 Nerouopoli,
1402 5482 1612 5546 favente
1644 5490 1936 5546 Athanasio

340 5548 771 5638 initio-Apolog.
816 5548 974 5638 [ῃτῆς
999 5559 1201 5638 adiero-g1
1215 5548 1459 5638 lepaivoc.
1494 5561 1669 5638 Supra
1688 5562 1932 5638 itum._7,

342 5620 471 5690 legit
495 5620 793 5700 liiiarittsia
811 5620 1125 5685 Neroniade.
1151 5620 1248 5685 Est
1275 5620 1463 5698 autem,
1492 5620 1667 5700 inq'uit
1688 5620 1938 5689 Tlteodol

341 5701 493 5748 retus
520 5693 612 5751 lib.
670 5711 686 5751 ι
735 5695 871 5754 ilist.
905 5700 1077 5769 Eccl.,
1120 5718 1169 5759 e.
1202 5702 1233 5756 7
1273 5720 1288 5758 :
1329 5693 1587 5760 Ner-anius
1614 5702 1812 5761 Ciliciw
1841 5720 1936 5761 se-

605 5884 629 5912 ο

2038 3454 2317 3512 Thessalia
2349 3458 2417 3514 de
2454 3458 2692 3528 Larissa,
2721 3459 2949 3518 Aethius
2978 3480 3007 3518 a
3045 3464 3354 3521 Macedonia
3376 3467 3445 3524 de
3470 3467 3642 3525 Thes-

2034 3552 2298 3618 salonica,
2327 3551 2518 3608 Vitalis
2561 3570 2591 3607 a
2632 3554 2794 3610 Dacia
2836 3557 3042 3626 ripensi
3067 3560 3135 3612 de
3183 3561 3375 3629 Aquis,
3402 3560 3639 3634 Parago-

2036 3645 2149 3701 rius
2205 3661 2236 3701 a
2282 3646 2549 3702 Dardania
2596 3645 2667 3703 de
2726 3648 2941 3721 Scupis,
3000 3650 3187 3708 Trifon
3231 3654 3300 3711 ab
3329 3654 3529 3710 Achaia
3572 3655 3643 3713 de

2032 3739 2111 3812 (p)
2131 3741 2441 3807 Marciarce,
2476 3744 2803 3798 Athanasius
2830 3745 2898 3799 ab
2926 3744 3274 3812 Alexandria,
3299 3747 3636 3806 Gaudentius

2036 3833 2103 3886 ab
2130 3831 2330 3888 Achaia
2361 3832 2412 3905 (a
2445 3832 2628 3904 Dacia)
2661 3834 2729 3890 de
2752 3833 2938 3900 Naiso,
2965 3834 3156 3891 Jonam
3178 3854 3205 3890 a
3232 3838 3544 3894 Macedonia
3563 3838 3632 3897 de

2039 3925 2364 3997 Particopoli
2393 3924 2822 3997 (Parthenopoli,
2863 3936 2955 3982 aut
2982 3927 3379 4001 Parazcopoli),
3410 3930 3636 4003 Alypius

2038 4090 2222 4146 cunde:
2250 4089 2393 4155 urbs,
2419 4106 2570 4160 quam
2595 4087 2911 4153 Irenupolim
2943 4107 3077 4145 nunc
3102 4106 3361 4149 vocamus.

2117 4162 2179 4233 (ἰ)
2205 4161 2262 4217 In
2297 4159 2458 4227 edit.’,
2486 4159 2859 4233 VDommt'anus:
2904 4164 3045 4217 Atin
3098 4177 3221 4231 tns.,
3269 4163 3634 4224 Dominianus.

2036 4231 2199 4291 Forte
2237 4234 2326 4304 qui
2357 4232 2498 4303 apud
2529 4234 2789 4304 Athanas.
2824 4231 3173 4303 Domitianus.
3352 4285 3364 4295 ,

2110 4303 2192 4390 (j)
2226 4303 2281 4390 in
2305 4319 2442 4390 ins,
2466 4305 2667 4390 Ancyra
2693 4303 2948 4390 (ἷςιιιαείαΓ
2975 4307 3145 4390 Supra
3175 4323 3229 4390 ιι³
3256 4308 3316 4390 1,.
3335 4307 3636 4390 Ancyroga-

2033 4375 2195 4432 (otiis.
2228 4377 2513 4452 Qui_a_ntea
2542 4376 2624 4452 bis
2653 4377 2946 4452 scripserat
2974 4393 3007 4431 a
3039 4375 3370 4444 Macedonia,
3399 4375 3502 4436 hoc
3519 4380 3634 4452 jam

2036 4449 2213 4515 tertio,
2246 4447 2341 4504 sed
2372 4446 2532 4512 falso,
2563 4446 2649 4502 hic
2679 4449 2953 4517 apposuit.

1953 4509 2008 4570 D
2106 4509 2209 4616 (lt),
2229 4543 2398 4616 Alias,
2437 4509 2648 4616 Moscus
2690 4509 3133 4616 (ti/tessalonica
3162 4560 3181 4599 :
3205 4545 3349 4616 quod
3400 4561 3471 4602 ex
3519 4547 3636 4603 Sir-

2039 4614 2248 4686 mendo,
2262 4614 2612 4686 corrigimus.
2644 4617 2722 4686 An
2753 4614 2841 4671 hic
2876 4614 3018 4669 idem
3051 4625 3155 4681 est,
3180 4614 3269 4685 qui
3300 4616 3442 4686 apud
3468 4617 3638 4672 Atha-

2035 4701 2154 4742 nas.
2192 4684 2429 4757 Musteus
2454 4684 2790 4757 subscriptus
2822 4686 3033 4757 legitur,
3071 4702 3165 4754 per
3194 4684 3352 4757 quem
3394 4702 3638 4744 commu-

2036 4758 2325 4813 nicatorias
2362 4756 2603 4812 Valentis
2629 4766 2680 4811 et
2711 4755 2920 4812 Ursacii
2952 4756 3159 4812 litteras
3198 4755 3525 4815 Athanasius
3545 4774 3639 4817 ac-

2032 4831 2197 4898 cepit,
2227 4827 2428 4898 quique
2455 4825 2592 4880 infra
2618 4842 2672 4881 n.
2699 4827 2792 4893 2t),
2822 4826 3029 4898 Moyses
3057 4829 3435 4899 nuncupatur?

2104 4920 2169 4991 (ι)
2183 4919 2261 4995 Et
2294 4919 2383 4974 hic
2410 4934 2533 4975 cum
2562 4918 2726 4975 Sirm.
2771 4919 3108 4990 praferimus
3152 4937 3186 4975 a
3216 4920 3400 4991 Dacia,
3433 4938 3532 4995 pro
3569 4925 3635 4981 ab

2083 5008 2246 5045 casta.

2036 4994 2311 5135 “milita
2343 5061 2509 5118 Sirm.
2543 5061 2759 5135 favente
2782 5060 3105 5135 Athanasio,
3130 5065 3271 5132 apud
3303 5081 3464 5133 quem
3504 5068 3635 5124 sub.

2035 5132 2220 5191 scribit
2254 5133 2591 5206 Hymemeus,
2621 5132 2769 5188 Alias
2800 5148 2952 5200 vero,
2988 5132 3272 5206 ligmomus
3307 5132 3339 5191 ἀ
3365 5136 3634 5197 Thessalia

2036 5206 2099 5260 de
2126 5207 2376 5261 (inarata.

2135 5225 2376 5348 :i’irgffii
2402 5275 2663 5331 Athanas.
2696 5291 2804 5333 non
2831 5273 3125 5334 subscribit
3153 5276 3369 5345 Lucius,
3401 5280 3498 5338 sed
3529 5280 3639 5338 Lu-

2038 5348 2187 5425 cillus
2219 5365 2239 5403 :
2271 5350 2409 5425 forte
2428 5350 2474 5404 is
2499 5363 2684 5418 quem,
2715 5348 2941 5420 Apolog.
2982 5366 3034 5421 p.
3067 5348 3194 5425 67,5,
3230 5360 3418 5425 testem
3450 5353 3638 5425 appel-

2044 5421 2141 5488 lat,
2172 5420 2313 5492 quod
2338 5420 2688 5492 Constantem
2722 5435 3009 5492 numquam
3066 5423 3213 5492 solus
3241 5420 3634 5481 allocutns'sit.

2118 5490 2204 5565 (o)'
2238 5491 2295 5547 In
2325 5507 2429 5565 ms.
2464 5490 2909 5565 Tebepsetaﬁleos.
2956 5492 3109 5565 Apud
3136 5491 3304 5549 Labb.
3344 5492 3594 5550 Thebesse
3615 5512 3637 5554 :

2044 5572 2100 5619 et
2121 5560 2205 5648 [es
2234 5563 2554 5648 conjecttrra
2572 5603 2587 5628 ,
2602 5560 2605 5561 ⁷
2621 5560 3105 5648 Thebe'gplapolégs.
3320 5634 3360 5648 ἢ
3405 5635 3440 5648 Δ.

2116 5634 2195 5707 (ρ)
2233 5632 2423 5702 Sirm.,
2466 5632 2730 5706 Narrare.
2775 5633 2969 5703 Faber,
3002 5633 3288 5691 Macci-oce.
3319 5634 3639 5700 Retinemus

2044 5706 2335 5764 lectionem
2367 5722 2501 5764 mss.
