4100 6196
496 178 499 179 ί
553 136 661 216 eis

1764 156 2010 218 SANCTI
2049 146 2303 219 HILAMI
2345 156 2652 221 EPISCOPI
3709 156 3791 225 ϐιι

554 275 622 327 ab
652 273 857 331 Achaia
881 274 950 331 de
973 273 1196 345 Magari,
1220 270 1566 329 Macedonius
1593 273 1663 328 ab
1695 271 1930 328 Ardania
1956 270 2144 343 (Labb.
2176 272 2223 333 A
2253 291 2373 333 esse
2388 278 2638 351 potuit(f.
2668 275 2860 347 patuit)
2886 273 3175 342 infectum;
3200 284 3294 333 aut
3316 288 3426 343 eos,
3442 276 3524 348 qui
3544 287 3705 348 postea
3730 281 3797 336 in-

556 380 585 420 a
628 365 921 438 Dardania)
959 366 1029 422 de
1074 364 1338 434 Ulpianis,
1373 363 1451 436 (a)
1485 364 1683 420 Calvus
1732 364 1803 420 ab
1844 364 2046 419 Achaia
2079 364 2152 418 ri-

556 459 713 530 pensi
742 458 810 514 de
835 459 1021 514 Castra
1071 458 1276 524 martis,
1331 457 1753 514 Fortunatianus
1791 459 1862 514 ab
1886 459 2039 514 Italia
2082 457 2154 514 de

557 553 825 623 Aquileia,
850 552 1128 609 Plutarcus
1150 552 1220 607 ab
1253 550 1448 607 Acacia
1477 550 1552 624 (b)
1580 551 1649 607 de
1678 551 1891 619 Patras,
1932 550 2152 606 Eiiodo-

558 662 653 702 rus
691 663 721 701 a
760 646 1026 715 Nicopoli,
1081 646 1340 701 Eutarius
1386 661 1415 699 a
1458 645 1770 712 Pannoniis,
1802 645 1878 719 (c)
1922 645 2084 701 Arius
2123 658 2156 699 a

558 736 863 803 Palaestina,
890 738 1119 793 Asturus
1134 739 1202 794 ab
1222 736 1442 803 Arabia,
1460 737 1537 809 (ά)
1559 736 1761 793 Cocras
1778 737 1846 793 ab
1865 738 2066 793 Achaia
2088 735 2157 792 de

556 829 918 900 Asapol‘ebiis.
950 829 1261 891 Stercorius
1290 831 1358 891 ab
1384 830 1577 901 Apulia
1606 830 1677 889 de
1703 829 1963 886 Canusio.
2003 829 2158 885 Cale-

559 924 752 995 podius
775 940 803 977 a
823 923 1139 995 Campania,
1166 923 1428 987 Lerenius
1448 923 1659 997 (Athan.
1681 932 1731 979 et
1745 923 1875 981 Lab.
1893 924 2153 995 fremens)

558 1013 628 1068 ab
678 1013 878 1073 Achaia
922 1015 990 1073 de
1033 1014 1281 1081 Secoro,
1346 1014 1633 1087 Martyrius
1700 1016 1768 1073 ab
1832 1014 2038 1075 Achaia
2090 1014 2161 1075 de

558 1105 804 1177 Neapoli,
846 1106 1137 1181 Dionysius
1160 1106 1233 1178 (ε)
1259 1107 1326 1162 ab
1352 1107 1581 1165 Arcaida
1622 1107 1690 1165 de
1719 1106 1894 1175 Elida,
1924 1106 2163 1164 Severus

560 1199 630 1253 ab
659 1199 807 1254 Italia
838 1200 905 1255 de
923 1200 1284 1265 Ravenuensi,
1315 1198 1575 1256 Ursacius
1603 1201 1671 1254 ab
1696 1199 1851 1255 italia
1877 1200 1944 1259 de
1977 1200 2157 1257 Brixa.

560 1290 839 1347 Portasius
869 1292 1057 1364 (Sirm.
1093 1292 1396 1363 Protasius)
1443 1292 1510 1346 ab
1539 1292 1691 1347 italia
1726 1292 1794 1348 de
1832 1292 2159 1359 Mediolano,

559 1385 723 1458 633
754 1385 965 1440 Marcus
995 1386 1062 1439 ab
1104 1384 1229 1440 Asia
1282 1384 1349 1440 de
1386 1381 1557 1440 Fissia
1591 1382 1778 1457 (Sirm.
1822 1398 1852 1439 a
1893 1380 2056 1439 Dacia
2092 1384 2162 1439 de

564 1479 811 1551 Scissia),
846 1478 1178 1535 Verissimus
1209 1493 1239 1532 a
1260 1477 1431 1535 Gallia
1459 1479 1526 1534 de
1549 1477 1833 1549 Lugduno,
1866 1476 2068 1534 Valens
2093 1478 2162 1531 ab

564 1573 767 1629 Achaia
794 1572 845 1643 (a
872 1571 1058 1643 Dacia)
1091 1571 1307 1640 ripense
1346 1570 1415 1627 de
1455 1569 1602 1637 Scio,
1633 1572 1905 1627 Palladius
1927 1588 1956 1626 a
1988 1572 2163 1627 Mace-

2256 370 2527 436 dicarunt,
2552 368 2620 443 (i)
2650 371 2972 426 constitutos
3002 383 3108 424 non
3136 367 3322 436 fuisse,
3352 368 3487 443 quod
3512 369 3551 423 si
3578 367 3684 439 fuit,
3708 387 3798 429 non

2258 471 2433 532 potest
2463 476 2570 515 non
2594 458 2799 516 fuisse?

2330 552 2417 606 l7.
2463 551 2734 627 Athanasii
2777 549 2995 606 crimina
3034 567 3137 605 non
3182 558 3431 607 constant.
3466 582 3534 593 —
3573 553 3663 610 «Si
3700 556 3802 629 quis

2258 643 2422 714 igitur
2461 652 2544 700 est
2583 643 2841 700 humanis
2870 644 3132 701 institutis
3161 643 3226 697 ad
3256 658 3407 699 usum
3440 642 3513 719 (It)
3542 650 3803 704 communis

2261 735 2632 807 intelligentiae
2657 734 2920 802 eruditus,
2941 735 2989 790 si
3017 735 3136 804 quis
3165 734 3462 808 prudentiae
3484 738 3739 811 praeceptis
3761 739 3803 793 in

2260 831 2401 884 viam
2442 830 2822 886 consectanda:
2862 828 3108 885 veritatis
3149 827 3380 894 insistit;
3410 826 3633 884 animum
3662 830 3806 887 inten-

2260 920 2384 986 dat,
2426 928 2482 977 et
2514 921 2641 993 quid
2680 922 2734 976 in
2778 920 3150 992 hujuscemodi
3191 920 3419 990 negotiis
3447 928 3618 976 tenere
3654 934 3706 977 se
3738 938 3808 978 ar-

2261 1012 2411 1068 bitrii
2454 1014 2617 1081 velit,
2666 1012 2969 1083 expendat:
3011 1015 3149 1068 ratio
3190 1009 3400 1068 interim
3427 1009 3493 1068 de
3529 1012 3805 1069 indiciorqu

2263 1106 2576 1161 auctoribus
2614 1106 2864 1162 exsistat.
2912 1104 3039 1160 Haec
3076 1101 3185 1159 duo
3214 1102 3447 1159 indlcata
3473 1121 3486 1158 :
3516 1119 3662 1159 unum
3690 1106 3808 1175 quod

2263 1200 2471 1255 crimen
2522 1196 2787 1265 affirmet,
2836 1197 3081 1253 criminis
3127 1197 3301 1252 locum
3349 1210 3455 1251 non
3497 1205 3705 1266 occupet
3742 1197 3808 1268 (f.

2264 1291 2562 1363 nnmupet)
2580 1336 2594 1361 ,
2628 1306 2882 1362 perpessa
2909 1289 3102 1361 injuria
3130 1289 3210 1364 (f.
3239 1304 3547 1361 perpessum
3575 1286 3810 1359 iujttriatn)

2266 1383 2541 1439 hominem
2568 1384 2851 1456 designet;
2884 1383 3029 1439 aliud
3056 1398 3205 1448 vero,
3232 1383 3375 1453 quod
3395 1381 3618 1453 crimen,
3646 1382 3810 1444 locum,

2268 1476 2542 1531 hominem
2571 1486 2748 1547 neget.
2773 1475 2991 1544 Quaero,
3017 1476 3070 1529 in
3099 1489 3261 1545 quam
3306 1484 3359 1529 te
3382 1470 3683 1529 sententiam
3704 1488 3809 1529 con-

2267 1568 2463 1623 cedere
2488 1583 2699 1637 aequum
2728 1567 3028 1623 videbitur?
3044 1563 3226 1632 Certe,
3250 1564 3462 1634 Opinor,
3492 1563 3744 1634 quisquam
3762 1565 3816 1619 ab

563 1665 725 1723 donia
747 1666 815 1721 de
847 1667 945 1721 Dui
967 1664 1136 1739 (Dio),
1163 1664 1455 1721 Gerontius
1484 1680 1513 1719 a
1542 1666 1850 1722 Macedonia
1881 1668 1949 1723 de
1978 1667 2159 1737 Brevi,
2195 1650 2244 1712 Β
2273 1672 2506 1731 atroque
2527 1658 2826 1725 consultus,
2853 1667 2909 1715 et
2931 1659 3135 1729 positus
3163 1658 3214 1712 in
3239 1655 3420 1713 medio
3445 1654 3701 1727 utriusque
3718 1671 3817 1712 sen-

563 1757 874 1815 Alexander
899 1758 968 1814 ab
1014 1757 1213 1813 Achaia
1246 1758 1312 1812 tle
1341 1757 1573 1813 Morenis
1612 1758 1801 1829 (Sirm.
1837 1759 1904 1814 de
1945 1758 2164 1830 Cepari-

564 1851 729 1924 sioa),
775 1851 1139 1922 EuthitiusU.
1173 1850 1480 1925 Eutichius)
1524 1851 1593 1908 ab
1624 1852 1851 1922 Achaia,
1884 1853 2057 1909 Titius
2097 1855 2166 1907 ab

562 1944 695 1999 Asia
735 1942 803 1998 de
833 1942 1103 1999 Montanis
1141 1942 1233 2014 (an
1259 1958 1287 1996 a
1320 1943 1473 1997 Dacia
1504 1942 1573 1997 de
1601 1943 1920 2000 Montcmnis
1938 1945 2005 2017 ἲ).
2041 1943 2170 2017 Epi—

450 2080 463 2091 .
564 2037 716 2107 scopi
746 2050 937 2091 omnes
968 2049 1197 2090 numero
1222 2049 1359 2090 unus
1388 2034 1456 2090 de
1479 2036 1778 2106 sexaginta.

640 2127 727 2184 i6.
768 2128 1041 2183 Atnaitmii
1078 2129 1371 2181 innocentia
1405 2128 1698 2196 manifesta.
1741 2128 2001 2198 Sacriﬁcii
2039 2145 2172 2199 opus

568 2222 733 2277 solius
755 2231 829 2276 est
857 2221 1160 2291 presbyteri.
1184 2248 1258 2260 —
1284 2219 1424 2275 «Res
1445 2261 1462 2289 ,
1488 2230 1747 2291 quantum
1787 2221 2025 2277 arbitror
2055 2220 2173 2293 (in-

565 2318 673 2389 quit
704 2316 1010 2389 Hilarius),
1039 2319 1308 2374 sermonis
1336 2319 1562 2375 alterius
1587 2318 2035 2391 interpretatione
2061 2337 2170 2376 non

567 2411 791 2483 indiget.
819 2409 955 2467 Nam
981 2412 1163 2467 omnia
1192 2412 1261 2466 ita
1287 2410 1461 2467 edicta
1490 2424 1614 2468 sunt
1643 2419 1699 2469 et
1722 2427 2003 2485 expressa,
2033 2419 2088 2469 ut
2119 2414 2171 2469 in

569 2506 744 2562 iucem
770 2506 1094 2577 cognitionis
1120 2506 1260 2563 elata
1288 2506 1430 2562 sint:
1464 2514 1629 2564 testes
1655 2522 1723 2564 ex
1752 2506 1991 2579 Egypto
2018 2522 2172 2563 COlll-

568 2599 772 2671 positi,
804 2599 1133 2655 Athanasius
1162 2599 1280 2671 ipse
1320 2615 1593 2671 praesens,
1634 2601 1893 2657 falsorum
1929 2599 2174 2673 judicum

570 2698 831 2746 nocturna
884 2701 937 2746 et
990 2693 1162 2763 turpis
1212 2707 1308 2763 per
1355 2693 1743 2749 conscientiam
1785 2691 1941 2765 fuga,
1993 2700 2173 2749 tanto-

571 2797 692 2838 rum
720 2784 993 2838 scelerum
1023 2785 1204 2854 gravis
1233 2791 1289 2839 et
1318 2784 1559 2854 subjecta
1594 2786 1971 2842 universorum
2001 2784 2173 2841 oculis

2274 1751 2478 1818 lentiae,
2505 1749 2670 1825 63‘.
2694 1751 2766 1807 ita
2800 1751 3076 1823 loquetur:
3105 1750 3164 1806 Si
3188 1750 3397 1807 crimen
3423 1757 3534 1815 est,
3562 1749 3816 1804 docendum

2273 1857 2392 1913 est;
2425 1847 2473 1900 si
2500 1848 2650 1903 locus
2676 1856 2790 1914 est,
2824 1845 3283 1903 demonstrandus
3309 1852 3428 1902 est:
3455 1844 3497 1900 si
3524 1842 3691 1909 homo,
3716 1859 3819 1899 con-

2273 1938 2507 1994 tnendus
2533 1947 2636 1996 est.
2669 1941 2739 1995 At
2766 1953 2895 1996 vero
2924 1953 3046 1995 cum
3075 1947 3133 1993 et
3159 1936 3290 1992 facti
3325 1936 3490 2001 fides,
3520 1945 3571 1992 et
3598 1935 3691 1991 loci
3716 1935 3819 1990 reli-

2273 2032 2382 2102 gio,
2409 2041 2463 2086 et
2491 2030 2707 2102 injuriae
2734 2030 2898 2087 homo
2928 2030 3109 2087 nullus
3144 2038 3263 2095 est;
3307 2042 3559 2085 vesanum
3593 2028 3822 2084 existima.

2275 2126 2438 2192 bitur,
2467 2125 2631 2180 rebus
2654 2124 2894 2194 judieem
2923 2138 3031 2181 non
3059 2120 3401 2181 exstantibus
3420 2120 3667 2193 judicare.

2350 2219 2437 2274 18.
2468 2218 2744 2273 Athanasii
2770 2218 3054 2273 damnandi
3080 2217 3227 2273 nulla
3251 2234 3431 2275 causa.
3454 2244 3523 2257 —
3550 2234 3568 2268 ι
3596 2211 3824 2283 Respicite

2276 2312 2330 2368 in
2360 2313 2555 2369 caelum
2584 2320 2641 2368 et
2663 2319 2831 2380 astra,
2855 2326 2952 2368 vos
2975 2310 3323 2378 sacerdotes;
3351 2311 3483 2368 etin
3506 2325 3648 2375 eum,
3674 2306 3752 2380 qui
3770 2321 3822 2363 cx

2278 2405 2447 2461 nihilo
2478 2405 2603 2462 fecit
2634 2406 2723 2461 illa
2743 2449 2757 2469 ,
2788 2422 2910 2462 cum
2942 2406 3191 2462 libertate
3221 2404 3352 2462 fidei
3378 2414 3431 2462 et
3457 2403 3568 2476 spei
3593 2415 3731 2473 quam
3754 2414 3825 2456 ac-

2277 2500 2498 2569 cepistis
2517 2540 2531 2565 ,
2561 2498 2825 2555 intendite
2842 2543 2857 2568 ,
2887 2499 3242 2556 recordantes
3268 2498 3432 2555 talem
3458 2495 3603 2553 vobis
3625 2493 3761 2550 futuri
3780 2491 3822 2547 in

2280 2604 2378 2645 vos
2410 2589 2603 2660 judicii
2644 2591 2870 2645 formam
2901 2605 3024 2645 esse
3054 2588 3391 2661 propositam
3411 2629 3425 2653 ,
3459 2596 3514 2643 ut
3542 2601 3639 2660 quo
3659 2583 3824 2654 judicio

2275 2682 2670 2754 judicaveritis,
2697 2683 2968 2754 iudicetur
2992 2683 3061 2739 de
3088 2684 3244 2739 vobis
3273 2683 3489 2754 (Matth.
3512 2696 3608 2747 vn,
3628 2678 3701 2751 2).
3726 2677 3826 2733 [hcc

2280 2776 2543 2846 quaerenti
2589 2776 2718 2831 mihi
2760 2777 3121 2849 respondete:
3154 2774 3509 2832 Athanasium
3539 2787 3639 2847 quo
3661 2770 3827 2845 judicio

572 2875 792 2930 invidia.
819 2874 891 2947 (f)
924 2874 1078 2931 Adde
1105 2876 1367 2947 originem
1400 2893 1598 2945 causis,
1627 2893 1694 2934 ex
1723 2894 1823 2948 qua
1855 2878 1906 2933 in
1933 2879 2170 2933 Athana-

2280 2866 2615 2922 dainnastis?
2633 2867 2829 2923 Dicetis
2853 2883 3062 2938 nempe,
3087 2866 3509 2938 Episcoporum:
3532 2876 3583 2922 et
3609 2866 3711 2919 haec
3726 2874 3829 2918 cott-

572 2970 712 3025 sium
742 2969 956 3025 occasio
977 2978 1059 3024 cst
1080 2970 1302 3041 quaesita
1335 2973 1634 3028 sententiae.
1673 2971 1840 3040 Reus,
1871 2971 2170 3045 presbyteri

2282 2961 2532 3018 fessionis
2561 2971 2753 3020 vestrae
2779 2966 2883 3020 erit
2910 2964 3084 3020 venia.
3116 2965 3334 3032 Sceuti,
3365 2962 3532 3036 inquit
3556 2964 3575 3035 (
3592 2964 3630 3035 Ῑ.
3654 2959 3827 3032 inquie-

573 3063 654 3117 sui
701 3063 902 3130 impetu
928 3103 943 3127 ,
979 3061 1263 3118 disturbati
1299 3065 1486 3120 altaris
1525 3065 1579 3120 in
1624 3065 1740 3134 ipso
1779 3067 2169 3122 sacrificiorum

2283 3055 2374 3124 tis)
2398 3096 2411 3121 ,
2439 3070 2624 3111 sumus
2652 3065 2892 3112 sanctam
2920 3056 3246 3126 iudiciorum
3281 3057 3387 3112 sub
3414 3053 3688 3126 episcopali
3712 3066 3831 3106 com.

574 3164 820 3225 tempore
841 3197 855 3222 ,
886 3155 976 3212 ubi
1003 3153 1208 3228 Scyrus
1238 3158 1519 3228 presbyter
1544 3157 1838 3215 adsistebat
1863 3200 1878 3225 ,
1910 3159 2172 3230 arguitur.

572 3246 779 3319 Scyrus
815 3249 1095 3319 presbyter
1125 3259 1370 3320 negatur,
1417 3258 1469 3305 et
1513 3250 1756 3306 criminis
1805 3251 2011 3308 falsitas
2049 3268 2172 3307 cum

574 3348 800 3396 auctore
837 3341 1138 3395 damnatur.
1189 3342 1356 3398 Porro
1394 3349 1573 3399 autem
1614 3343 1864 3399 sacrificii
1894 3360 2030 3412 opus
2056 3345 2175 3403 sine

577 3434 899 3504 presbytero
928 3448 1051 3489 esse
1083 3450 1186 3489 non
1220 3435 1410 3506 putuit.
1448 3436 1581 3490 Cum
1615 3436 1667 3490 in
1696 3435 1970 3493 hominem
1999 3453 2177 3509 quaes-

580 3529 655 3583 tio
693 3533 778 3583 est
799 3569 812 3594 ,
845 3527 963 3598 ipse
991 3528 1113 3583 facti
1147 3538 1253 3583 tam
1286 3529 1465 3600 gratis
1496 3531 1672 3585 nullus
1701 3541 1785 3585 est
1814 3531 2002 3599 locus,
2033 3533 2179 3604 apud

575 3623 870 3678 Mareotem
902 3620 981 3696 (g)
1009 3622 1234 3678 ecclesia
1265 3624 1409 3677 nulla
1438 3634 1539 3680 cst.
1563 3604 1832 3693 Numquid
1861 3628 2036 3695 potius
2065 3626 2180 3698 ipsa

574 3714 678 3771 soli
725 3714 918 3785 reiigio
944 3714 1179 3769 defecit?
1205 3723 1297 3768 aut
1322 3714 1525 3785 aliquo,
1559 3725 1615 3769 ut
1642 3715 1885 3784 adsolet,
1920 3715 2065 3771 ltiatu
2099 3718 2179 3772 lo-

575 3822 673 3864 cus
710 3808 893 3864 violati
933 3807 1179 3862 sacrificii
1220 3806 1476 3862 desedit?
1504 3807 1703 3880 Scyrus
1730 3807 1800 3864 de
1838 3809 2068 3865 diacono
2097 3809 2179 3883 (Ιι)

576 3899 865 3970 episcopus
902 3898 1176 3955 adseritur
1212 3898 1523 3964 ordinatus;
1562 3905 1621 3954 ut
1658 3899 1727 3956 de
1765 3899 2092 3955 contumelia
2126 3903 2178 3956 in

578 3995 900 4066 presbytero
933 4008 1186 4063 perpessa
1218 3993 1530 4049 mentientis
1568 3993 1809 4065 episcopi
1839 3993 2014 4065 major
2053 4008 2181 4049 auc-

582 4096 772 4145 toritas
792 4089 880 4142 sit.
907 4086 1015 4146 Sed
1042 4089 1192 4143 locus
1215 4086 1458 4143 ecclesize
1488 4085 1551 4159 (i)
1576 4084 1623 4142 si
1645 4086 1763 4154 fuit,
1788 4095 1841 4144 et
1859 4097 1942 4144 est
1962 4106 1975 4140 :
2000 4089 2047 4143 si
2072 4105 2177 4143 non

580 4188 683 4243 est,
713 4195 814 4234 nec
841 4178 960 4233 fuit.
992 4178 1053 4232 Et
1076 4178 1203 4248 quid
1230 4177 1535 4249 ambiguum
1558 4186 1663 4243 est,
1691 4180 1789 4233 hos
1814 4178 1992 4249 potius
2021 4179 2182 4236 falso—

582 4287 702 4328 rum
730 4271 1018 4328 criminum
1051 4270 1255 4327 indices
1291 4271 1590 4327 asseruisse
1620 4271 1820 4328 factum
1851 4288 1972 4330 esse
1992 4316 2006 4343 ,
2036 4275 2180 4347 quod

2278 3150 2536 3204 munione
2574 3150 2955 3206 reverentiam.
2997 3149 3102 3205 Sed
3132 3150 3416 3220 ignorasse
3453 3163 3545 3203 vos
3582 3143 3828 3217 negabitis.

2279 3241 2598 3309 Athanasio,
2622 3245 2776 3314 cujus
2802 3243 3204 3299 damnationem
3231 3257 3263 3296 a
3294 3243 3446 3298 vobis
3475 3239 3676 3305 Valens,
3701 3236 3826 3292 Ursa-

2278 3338 2425 3402 cius,
2454 3338 2776 3392 Saturninus
2800 3337 3050 3407 exigunt,
3080 3336 3149 3391 ab
3174 3335 3338 3392 Ossio
3356 3376 3372 3402 ,
3404 3332 3694 3397 Maximino,
3716 3327 3831 3385 Jufto

2280 3428 2548 3486 redditam
2574 3429 3050 3485 communionem?
3071 3428 3189 3485 Non
3218 3426 3366 3484 facio
3393 3425 3829 3497 comparationem:

2283 3538 2435 3594 rogo,
2462 3539 2583 3594 quae
2605 3523 2672 3579 de
2697 3523 2923 3579 crimine
2943 3522 3221 3580 Athanasii
3247 3531 3432 3579 vestra
3457 3528 3700 3577 sententia
3721 3514 3833 3571 fuit?

2283 3617 2576 3689 Presbyter
2602 3617 2720 3688 ejus
2752 3617 3054 3673 Macbarins
3081 3616 3310 3674 irruisse
3352 3618 3404 3673 in
3443 3612 3707 3673 ecclesiam
3740 3612 3832 3667 Ma-

2284 3712 2546 3767 reotidem
2578 3710 2794 3776 dicitur.
2826 3710 3052 3784 Scyrum
3086 3712 3461 3783 presbyterum
3503 3706 3831 3782 perturbasse.

2284 3815 2338 3861 et
2363 3806 2553 3861 salutis
2580 3816 2781 3862 nostra:
2807 3813 3142 3862 sacramenta
3172 3806 3467 3875 proiecisse
3487 3822 3500 3858 :
3524 3803 3587 3857 ad
3617 3800 3752 3870 hujus
3772 3794 3834 3851 rei

2288 3907 2453 3954 testes
2491 3898 2937 3955 cathecumenum
2976 3905 3032 3954 et
3067 3898 3328 3971 gentilem
3375 3901 3727 3967 interrogatos.
3757 3888 3836 3945 Ve-

2288 4011 2404 4049 rum
2437 4005 2617 4065 postea
2645 4010 2675 4049 a
2703 3995 2906 4051 sanctis
2934 3993 3210 4064 (Serdicae
3239 3989 3611 4066 congregatis)
3654 3985 3834 4045 nescitis

2283 4088 2581 4159 iudicatum
2619 4086 2795 4160 (adde,
2818 4086 2996 4158 apud)
3046 4088 3344 4149 Mat-cotem
3366 4085 3639 4145 ecclesiam
3664 4078 3832 4143 nullam

2286 4196 2445 4247 esse;
2468 4180 2697 4251 Scyrum
2718 4194 2848 4235 vero
2870 4179 3246 4249 presbyterum
3269 4194 3380 4233 non
3401 4175 3603 4233 fuisse?
3614 4169 3735 4242 Quid
3751 4175 3832 4230 εει»

2287 4274 2432 4342 quod
2453 4273 2626 4330 secuti
2648 4273 2813 4330 estis?
2836 4272 3013 4329 Falsis
3033 4272 3304 4343 episcopis
3332 4272 3684 4327 auctoritatem
3702 4260 3833 4324 datis.

657 4461 737 4544 (a)
768 4459 911 4544 Pith.
947 4473 1089 4544 _ms.,
1132 4456 1308 4544 Caius.
1363 4455 1555 4544 Lahm,
1610 4453 1797 4515 Calvus
1838 4472 1870 4511 a
1900 4456 2073 4515 Dacia
2106 4458 2180 4512 ri-
2203 4457 2581 4544 Djactitabat.
2636 4457 2915 4542 blareotici
2968 4468 3147 4544 autem
3202 4460 3504 4544 presbyteri
3551 4452 3835 4544 κηφιωή

580 4528 726 4605 pensi
750 4532 812 4605 de
824 4604 827 4605 ν
839 4530 1017 4587 Castra
1042 4528 1242 4584 martis.

659 4604 732 4677 (b)
777 4604 996 4677 Sie__uts
1057 4616 1123 4654 ex
1151 4596 1555 4677 _qu_o_vulga_vit
1590 4597 1784 4677 Faber,
1835 4598 1913 4677 de
1942 4598 2168 4657 Palrois.

583 4668 1082 4758 Anicamalieurus
1107 4668 1437 4753 ab'Acltuiaf
1458 4670 1616 4742 Apud
1646 4670 1839 4738 Labb.,
1869 4668 2178 4731 Prostarcus

582 4750 647 4802 ab
678 4748 871 4801 Aclutia
897 4747 959 4798 de
985 4740 1178 4798 Patris.
1514 4740 1525 4742 ⁷

591 4891 632 4898 __
659 4816 1177 4898 (c)_Amauuen'simn
1207 4813 1594 4898 iapStt__ed'ituin
1626 4824 1744 4898 erat
1775 4814 1928 4870 Arius
1956 4814 2016 4869 ab
2043 4813 2178 4898 Ara-

583 4885 687 4975 bia,
712 4885 941 4945 Asturica
968 4903 999 4940 a
1022 4885 1322 4975 Palatina.
1359 4886 1557 4942 Horum
1572 4888 1947 4958 episcoporum
1979 4888 2182 4942 mentio

584 4964 644 5019 fit
668 4977 829 5031 supra
867 4975 1015 5014 num.
1040 4957 1092 5011 7.
1761 4957 1773 4958 ’
1997 4968 2000 4975 ’

607 5110 621 5115 Δ
654 5034 732 5103 (d)
764 5033 818 5115 In
853 5047 953 5115 ius.
984 5031 1148 5097 Pitb.,
1181 5027 1361 5086 Cociaa
1387 5031 1449 5084 ab
1478 5027 1711 5085 Acacias.
1731 5027 1865 5085 Tum
1897 5028 2088 5100 Sirm.,
2119 5031 2182 5084 de

582 5103 979 5174 Asaspofmbiia.
1356 5167 1365 5177 I

592 5177 734 5260 _J(c)
774 5177 911 5260 Infra
945 5174 1162 5260 ιῗιηιεξιιἒ
1195 5189 1272 5260 ut,
1298 5189 1353 5229 n.
1385 5172 1479 5240 2t),
1522 5173 1728 5228 mentio
1760 5174 1820 5229 lit
1848 5171 2087 5247 Dionysii
2116 5172 2180 5228 ab

582 5244 735 5315 Elicit
756 5247 1030 5318 provincia:
1043 5244 1293 5299 ‘Acltaiae.

578 5336 589 5341 ν
654 5320 737 5394 (f)
766 5321 839 5394 ita
864 5335 935 5386 ex
956 5315 1122 5394 Sirnt.
1151 5314 1299 5394 Alias
1324 5330 1475 5379 vero,
1502 5315 1567 5369 At
1594 5314 1656 5394 de
1679 5315 1895 5394 origine.

655 5323 709 5394 (f
766 5321 839 5374 Ita
864 5335 935 5386 ex
956 5320 1122 5372 Sirnt.
1151 5320 1299 5370 Alias
1324 5330 1475 5379 vero,
1502 5320 1567 5369 At
1594 5320 1656 5368 de
1679 5320 1895 5390 origine.

655 5320 737 5464 (9;
771 5393 823 5447 in
856 5403 924 5447 eo
953 5388 1208 5444 nimirum
1240 5388 1388 5464 vic_o_,
1421 5401 1579 5458 quem
1613 5381 1861 5464 ls,ch_yras
1891 5386 2178 5464 incolebat.

585 5456 734 5524 anas
764 5465 946 5518 nniltte
973 5467 1129 5516 erant
1152 5460 1291 5530 apud
1318 5456 1613 5521 Maréotem
1631 5456 1877 5520 ecclesiae
1899 5476 1911 5512 :
1934 5458 2181 5531 quamvis

582 5535 727 5594 aliud
755 5546 949 5591 sonent
981 5530 1165 5589 Hilarii
1195 5531 1377 5587 verba.
1944 5534 1949 5541 ‘

658 5608 741 5680 (Ir)
768 5602 1071 5680 Ischyrasa
1096 5601 1418 5680 Nicaephoro
1445 5601 1658 5680 lib._rx_,
1688 5614 1756 5680 c._
1772 5600 1854 5665 12,
1884 5616 1948 5680 ea;
1968 5616 2027 5654 se
2044 5614 2184 5655 arma

586 5671 844 5753 presbyter
888 5671 1209 5747 appellatur.
1264 5674 1380 5743 lpse
1425 5689 1484 5728 se
1524 5671 1757 5729 Colluthi
1803 5673 2181 5743 presbyterum

2282 4530 2425 4599 apud
2466 4530 2821 4603 Athanasium
2864 4547 2985 4603 pag.
3030 4533 3171 4598 792,
3202 4530 3579 4603 testificantur,
3618 4530 3749 4603 illum
3783 4540 3836 4579 tte

2282 4604 2536 4658 clericum
2559 4601 2778 4670 quidem
2805 4600 3056 4673 umquam
3078 4605 3321 4660 habitum
3354 4600 3536 4671 fuisse,
3561 4601 3657 4659 nisi
3674 4602 3835 4656 forte:

2282 4675 2527 4750 cognatis
2551 4683 2606 4750 et
2629 4674 2698 4728 ab
2725 4675 2905 4750 iisqui
2938 4675 3095 4750 longe
3123 4676 3365 4750 ab_illius
3393 4692 3529 4750 pago
3554 4675 3835 4750 itame

2282 4815 2294 4828 .
2347 4742 2418 4828 (ἱ)
2454 4742 2715 4828 Audimus
2764 4742 2849 4811 si,
2870 4747 3014 4817 quod
3032 4742 3331 4805 manifeste
3358 4742 3590 4818 posfulat

2281 4817 2585 4879 integritas.

2282 4914 2290 4935 ι
2357 4881 2434 4962 (j)_
2462 4888 2626 4962 Sirm.
2656 4903 2721 4962 ea
2749 4903 2852 4962 nis.
2879 4884 3114 4962 Remig.,
3143 4889 3476 4947 constitutam
3496 4898 3588 4946 at.
3612 4886 3690 4943 Ex
3717 4886 3836 4940 utra-

2283 4958 2391 5029 que
2420 4959 2652 5032 lectione
2684 4958 2838 5017 facile
2866 4958 3138 5017 coiiﬂcere
3167 4969 3251 5015 est
3279 4965 3603 5032 conspicuum
3628 4966 3696 5012 εει
3718 4968 3835 5032 om:

2285 5035 2442 5105 titos:
2472 5030 2714 5100 adeoque
2742 5032 2971 5105 libruter
2995 5030 3557 5105 prxlerretttus,qnod
3581 5045 3679 5105 esse
3699 5030 3835 5105 νοω(

2285 5101 2563 5169 ἰηίεειωηε
2585 5113 2642 5156 ut
2668 5118 2776 5171 eos,
2804 5103 2890 5172 qui
2918 5100 3094 5172 postea
3118 5100 3761 5174 indicamnthmpicm
3776 5100 3835 5173 cf!

2285 5174 2524 5227 mentitos
2549 5189 2649 5227 non
2674 5170 2855 5244 fuisse.
2881 5170 3073 5231 Sermo
3092 5184 3241 5231 certe
3268 5183 3352 5231 est
3378 5186 3489 5235 tum

2285 5239 2712 5308 accusatoribus,
2746 5247 2836 5313 qui
2861 5247 3055 5303 cabeis
3092 5247 3297 5305 etiracti
3335 5249 3539 5305 cr'aneu
3565 5245 3614 5299 ei
3646 5239 3836 5313 affine;

2286 5322 2453 5391 runt,
2481 5326 2591 5391 tum
2620 5314 2687 5391 de
2715 5314 3019 5391 mreoticis
3042 5319 3395 5391 presbyteris,
3416 5314 3836 5391 acdiaconiiifl!”

2287 5379 2528 5445 criminis
2559 5385 2719 5457 hujus
2750 5379 3259 5462 falsitatem-postca
3305 5379 3605 5457 indicarunt
3629 5379 3759 5454 apud
3780 5380 3838 5430 Δ·

2287 5459 2495 5514 lbanas.
2529 5472 2649 5514 catt.
2684 5456 2810 5514 792.

2281 5468 2495 5519 titanas.
2529 5472 2649 5519 pag.
2684 5468 2810 5515 792.

2356 5472 2495 5512 anas.
2528 5472 2649 5528 pag.
2685 5472 2810 5515 792.

2356 5528 2444 5605 (Ic)
2476 5529 2530 5587 In
2556 5529 2977 5605 priusvuigatis,
3001 5538 3061 5589 ut
3081 5531 3136 5605 in
3158 5548 3283 5599 ms.,
3305 5526 3663 5603 conminuit!!!“
3680 5515 3835 5605 {44°}!

2286 5591 2639 5657 mendum'in
2679 5591 3014 5659 inss.'valde
3054 5591 3310 5662 usitatum
3348 5596 3484 5663 alias
3519 5591 3837 5669 expediam"

2288 5670 2561 5743 corrigere
2591 5687 2698 5730 non
2727 5671 3112 5731 dubitavimus.
