4100 6196
545 233 648 287 (547

1751 222 1997 282 SANCTI
2030 219 2290 280 HILARII
2328 216 2637 275 EPISCOPI

3747 217 3850 274 (διε

551 345 854 416 Exemplum
899 343 974 417 (τι)
1027 342 1302 411 Epistolaz,
1359 355 1510 411 quam
1557 347 1670 411 post
1725 339 2148 394 renuntiationem
2175 344 2224 403 Α
2255 335 2360 390 rori
2405 345 2590 390 nostro
2630 335 2840 390 veniam
2881 333 3040 389 fuerit
3076 332 3208 390 dare
3249 334 3488 405 dignata.
3529 335 3858 391 Profitemur

622 437 965 491 Orientalium
991 434 1064 506 (ὁ)
1083 474 1097 498 ,
1130 433 1472 486 Athanasium
1502 447 1646 485 reum
1673 448 1770 484 non
1795 449 1926 492 esse,
1952 431 2003 483 in
2025 431 2147 483 urbe

625 530 785 584 Roma
810 526 1127 598 [autographa
1149 542 1305 578 manu
1331 523 1519 579 Valens
1545 523 1839 594 perscripsit
1864 523 1974 594 (an.
1992 521 2142 591 549),

615 632 662 678 et
693 621 940 678 Ursacius
967 618 1286 684 subscripsit.

751 753 978 811 Domino
1017 753 1336 809 Beatissimo
1368 751 1527 822 Papae
1565 751 1708 806 Julio
1749 749 1948 805 Valens

1127 857 1185 904 et
1221 847 1473 904 Ursacius
1509 845 1568 902 S.

615 987 877 1055 Quoniam
935 991 1176 1049 constat,
1221 997 1320 1038 nos
1377 981 1606 1036 antehac
1647 981 1811 1035 multa
1856 980 2036 1050 gravia
2077 979 2145 1036 de

546 1080 765 1136 nomine
793 1077 1071 1133 Athanasii
1099 1076 1337 1146 episcopi
1371 1075 1565 1130 litteris
1593 1075 1792 1128 nostris
1817 1073 2141 1136 insinuasse,

546 1186 711 1249 atque
742 1176 939 1232 litteris
969 1173 1040 1245 (c)
1070 1173 1384 1231 Sanctitatis
1414 1182 1518 1227 tua:
1541 1174 1792 1228 eonventi
1813 1215 1828 1237 ,
1871 1173 1990 1242 ejus
2028 1169 2138 1236 rei,

545 1271 612 1328 de
661 1287 766 1340 qua
811 1269 1230 1341 significavimus
1260 1310 1273 1334 ,
1321 1283 1424 1322 non
1479 1269 1793 1337 prmstitisse
1839 1266 2140 1320 rationem:

544 1362 858 1434 proﬁtemur
886 1360 1024 1431 apud
1062 1359 1412 1416 Sanctitatem
1456 1368 1630 1425 tuam,
1673 1357 1879 1413 cunctis
1907 1371 2145 1427 praesen-

545 1455 686 1510 tibus
717 1453 1043 1524 presbyteris
1069 1451 1324 1508 fratribus
1349 1453 1579 1517 nostris,
1610 1449 1819 1517 omnia,
1847 1466 1967 1520 qua:
1993 1458 2146 1505 ante-

547 1549 648 1604 hac
672 1548 739 1602 ad
781 1563 940 1603 aures
982 1557 1192 1602 vestras
1234 1553 1599 1616 pervenerunt
1637 1543 1707 1599 de
1749 1543 1966 1598 nomine
2008 1558 2144 1611 prae-

545 1642 710 1707 dicti,
739 1639 870 1694 falsa
903 1640 982 1712 (d)
1014 1655 1045 1694 a
1077 1639 1233 1694 nobis
1262 1652 1385 1693 esse
1415 1638 1678 1691 insinuata
1709 1647 1870 1705 atque
1894 1636 2144 1692 omnibus

545 1736 749 1792 viribus
793 1749 1012 1790 carere:
1059 1745 1223 1804 atque
1268 1731 1390 1788 ideo
1435 1747 1536 1787 nos
1580 1730 1938 1786 libentissime
1983 1732 2144 1804 637
2179 1734 2223 1794 Β

543 1829 802 1900 amplecti
841 1828 1276 1884 communionem
1303 1823 1545 1895 praedicti
1572 1823 1887 1888 Athanasii;
1915 1824 2146 1879 maxime

542 1938 666 1979 cum
704 1922 972 1979 Sanctitas
1016 1930 1104 1976 tua
1125 1961 1138 1987 ,
1173 1934 1270 1990 pro
1297 1916 1452 1973 insita
1484 1916 1586 1972 sibi
1616 1916 1990 1973 benevolentia
2010 1960 2025 1985 ,
2058 1934 2148 1974 er-

544 2087 688 2143 enim
717 2086 786 2141 de
813 2085 964 2140 venia
998 2083 1157 2154 paulo
1190 2081 1396 2137 facilius
1424 2081 1546 2154 data
1579 2091 1723 2135 esset
1761 2080 2100 2154 excusandus
2122 2124 2137 2148 ,

543 2173 704 2227 quam
735 2157 954 2211 biennio
983 2152 1187 2210 tantum
1221 2162 1341 2222 post
1373 2152 1639 2224 publicum
1673 2153 2005 2224 poenitentiae
2037 2163 2144 2210 tes-

542 2230 824 2284 timonium
864 2228 1246 2283 concessisset.

617 2301 693 2372 (a)
724 2300 1015 2370 Epistulam
1059 2299 1226 2372 hanc,
1268 2311 1439 2372 quam
1493 2311 1635 2372 anno
1675 2295 1778 2352 5i9
1819 2296 2143 2368 consignan-

543 2367 1062 2441 dam'prnbavimus,
1097 2367 1312 2441 vivente
1354 2367 1532 2422 adhuc
1560 2369 1852 2441 constante
1889 2373 2144 2438 scriptam

544 2459 666 2515 esse
692 2439 922 2515 planum
941 2451 1115 2515 est_ex
1148 2440 1324 2515 verbis
1349 2441 1460 2494 Osii
1483 2440 1624 2509 apud
1655 2439 1913 2515 At‘ltanas.
1949 2441 2012 2515 ad
2039 2441 2148 2515 So-

544 2514 625 2569 lit.
657 2511 775 2584 pag.
831 2513 955 2570 839.
1014 2512 1272 2566 Eamdem
1324 2526 1501 2584 gratce
1562 2511 1872 2566 translatam
1912 2511 2148 2584 exhibet

543 2582 870 2641 Athanasius
913 2584 1139 2654 Apolog.
1169 2599 1240 2649 ιι,
1271 2583 1337 2637 ad
1368 2582 1649 2639 Constant.
1672 2624 1686 2647 ,
1718 2598 1838 2653 pag.
1873 2583 1998 2638 776.

617 2657 693 2731 (ὁ)
723 2657 853 2731 Puta
871 2701 885 2720 .
912 2657 1002 2726 qui
1031 2655 1384 2731 Jero~olymis
1409 2670 1550 2731 anno
1576 2654 1682 2731 5‘49
1735 2664 2140 2731 convenerunt,

546 2725 636 2782 uti
651 2725 989 2799 suspicamur
1017 2742 1085 2782 ex
1117 2725 1301 2799 verbis
1327 2725 1569 2781 Socratis
1607 2727 1698 2781 lib.
1732 2741 1769 2779 ιι
1791 2767 1806 2786 .
1835 2741 1886 2780 c.
1918 2725 2021 2790 ει,
2052 2726 2142 2780 ubi

547 2798 777 2870 primum
825 2799 1087 2853 Maximus
1135 2798 1364 2870 concilio
1412 2804 1600 2852 coacto
1641 2799 2142 2870 comntunionemget

547 2868 849 2942 dignitatem
878 2871 1149 2942 pristinam
1182 2869 1463 2942 Athanasio
1481 2870 1702 2942 restituit
1721 2885 1739 2922 :
1767 2868 2139 2942 tum_synodus

548 2889 599 2924 at
639 2889 849 2924 nitatem
878 2889 1149 2942 pristinam
1182 2889 1739 2923 mnanastoresmuu:
1767 2889 1878 2922 tum
1910 2889 2138 2938 synoaus

548 2889 911 2996 Alqemndrinis
955 2951 1000 2996 et
1052 2941 1299 2995 universis
1351 2956 1438 3001 per
1483 2937 1701 3011 Libyam
1750 2950 1794 2992 et
1850 2939 2138 3010 Egyptum

546 3013 800 3081 episcopis
852 3029 943 3077 ea,
993 3027 1105 3082 qua:
1151 3012 1213 3067 de
1257 3012 1539 3082 Atltanasio
1593 3022 1783 3065 statuta
1814 3011 2140 3081 iudicataque

546 3094 725 3150 erant,
773 3101 861 3150 per
907 3081 1506 3154 litterasisigniﬁcavitf
1533 3097 1594 3136 ac
1638 3082 1852 3154 tandem
1893 3083 1971 3136 his
1999 3099 2138 3154 com-

546 3157 703 3226 pertis
736 3154 985 3210 Ursacius
1009 3166 1052 3208 et
1089 3153 1314 3216 Valens,
1352 3155 1437 3223 qui
1479 3154 1623 3222 prius
1662 3153 1969 3226 Arianorum
2009 3153 2139 3226 dog-

546 3222 669 3281 mati
699 3226 958 3280 mordicus
985 3222 1600 3295 adlueserant,damnato
1631 3226 1802 3295 priore
1828 3225 1999 3279 studio
2030 3222 2141 3277 Ro-

549 3314 684 3351 mam
726 3315 777 3351 se
807 3297 1228 3368 conferuntallis
1260 3293 1580 3368 suffragatur
1613 3293 1951 3368 Athanasius
1982 3295 2140 3368 Apol.

549 3383 618 3431 tt,
649 3383 770 3438 pag.
802 3365 940 3435 775',
970 3368 1058 3422 ubi
1088 3365 1360 3437 descripta
1390 3365 1583 3438 synodi
1633 3365 2000 3438 Jerosolymit.
2031 3367 2145 3435 epi-

549 3437 688 3508 stola
712 3437 962 3508 Subjicit:
1002 3438 1096 3492 His
1126 3439 1408 3506 conspectis
1425 3437 1498 3491 de
1524 3455 1575 3491 se
1598 3439 1711 3504 jam
1742 3437 2068 3506 desperantes
2097 3446 2144 3492 et

553 3507 874 3565 Ursacius'et
914 3508 1100 3563 Valens
1137 3509 1352 3564 Romam
1382 3510 1600 3579 profecti
1642 3518 1847 3580 peccata
1888 3525 1982 3563 sua
2026 3525 2144 3562 cum

551 3581 847 3653 paenitentia
876 3583 1096 3653 confessi
1123 3591 1240 3635 sunt
1261 3622 1275 3646 ,
1309 3590 1416 3637 etc.

619 3652 690 3726 (c)
724 3652 858 3708 Num
888 3651 1038 3726 aliis,
1067 3668 1227 3723 quam
1252 3668 1386 3726 quas
1413 3653 1696 3708 concilium
1721 3652 2041 3726 Sardicense
2066 3651 2142 3726 ad

555 3723 750 3780 iulium
793 3723 1037 3780 scribens
1077 3739 1239 3794 supra
1281 3741 1334 3778 ιι.
1368 3725 1456 3787 10,
1499 3732 1765 3779 memorat
1805 3725 1886 3779 his
1927 3724 2138 3777 verbis:

549 3794 794 3850 Conventi
833 3811 924 3866 per
959 3797 1276 3866 presbyteros
1316 3806 1431 3850 tuos
1468 3805 1513 3849 et
1551 3795 1852 3864 epistolam,
1883 3795 1950 3848 ad
1988 3810 2143 3866 syno-f

547 3868 670 3922 dum
699 3883 812 3938 qua:
834 3864 1020 3938 futura
1050 3864 1157 3922 erat
1196 3868 1250 3921 in
1279 3867 1404 3922 urbe
1436 3865 1600 3922 Roma
1639 3868 1807 3921 uenire
1834 3864 2144 3920 noluerunt?

619 3955 699 4030 (d)
735 3956 1061 4012 Particulum
1090 3976 1121 4030 ᾳ
1151 3958 1213 4030 in
1245 3959 1476 4030 volgatis
1516 3958 1772 4012 omissam
1809 3955 2144 4030 restituimus

547 4028 929 4086 ex'Ptthmano
958 4044 1061 4084 ms.
1097 4029 1172 4083 lta
1204 4029 1318 4084 haee
1345 4028 1508 4084 lectio
1549 4031 1719 4099 magis
1757 4028 1994 4083 concinit
2020 4043 2141 4081 cum

547 4099 738 4155 initio:
777 4101 1031 4168 Quoniam
1059 4111 1256 4155 constat
1275 4142 1289 4164 ,
1318 4117 1410 4154 nos
1438 4101 1654 4154 antehae
1680 4101 1841 4154 multa
1866 4100 2042 4169 gravia
2060 4139 2073 4152 .
2094 4141 2105 4150 .
2123 4139 2138 4152 .

550 4172 857 4244 insinuasse.
890 4171 1217 4244 Athanasius
1252 4187 1382 4227 vero
1409 4187 1584 4244 graece
1619 4187 1722 4226 non
1753 4171 1932 4226 reddit
1947 4169 2086 4244 illud
2113 4188 2144 4223 a

550 4242 712 4296 nobis.
767 4243 887 4310 Ipso
932 4241 1259 4313 suffragante
1299 4241 1454 4298 antea
1503 4244 1843 4311 reposuimus
1886 4243 1954 4296 ad
1993 4259 2144 4296 aures

548 4323 772 4379 uestras,
804 4328 925 4368 eum
956 4313 1107 4382 prius
1135 4315 1402 4370 obtineret
1433 4315 1500 4367 ad
1529 4331 1677 4368 aures
1708 4324 1928 4369 nostras.

625 4404 696 4475 (ε)
730 4405 784 4475 In
834 4403 1062 4474 vulgatis
1119 4406 1397 4458 Athanasii
1451 4406 1584 4460 edit.
1640 4405 1894 4460 Eusebius
1937 4423 1956 4460 :
1999 4405 2141 4471 quod

549 4474 821 4529 nonnullis
870 4476 1078 4546 arrisit,
1122 4490 1188 4529 eo
1215 4475 1434 4530 nomine
1469 4477 1804 4531 Eusebianos
1835 4477 2140 4546 intelligen-

550 4546 714 4609 tibus,
760 4546 886 4616 quia
933 4545 1185 4599 nimirum
1229 4563 1260 4601 e
1305 4547 1446 4600 vivis
1491 4556 1840 4600 excesserant
1869 4548 1980 4601 noti
2017 4545 2141 4602 tres

2251 431 2444 497 etiam,
2477 428 2618 500 quod
2652 429 2695 482 si
2727 428 3020 498 aliquando
3061 442 3159 482 nos
3201 427 3510 483 Orientales
3550 429 3854 496 voluerint,

2249 521 2330 575 vel
2365 521 2506 576 idem
2538 520 2607 593 (ε)
2639 519 3002 586 Athanasius,
3036 520 3178 574 malo
3209 521 3391 576 animo
3415 521 3482 575 ad
3507 535 3723 575 causam
3754 535 3858 572 vo-

2247 628 2404 680 care,
2450 614 2584 668 citra
2624 613 3011 667 conscientiam
3055 623 3199 666 tuam
3243 628 3351 666 non
3391 612 3692 667 adfuturos.
3737 611 3862 666 Ha:-

2248 708 2476 760 reticmn
2515 720 2646 760 vero
2672 703 2895 771 Arium,
2926 704 3019 760 sed
3059 714 3115 760 et
3143 704 3404 760 satellites
3449 705 3601 774 ejus,
3646 704 3737 774 qui
3778 703 3861 758 di-

2247 805 2416 862 cunt,
2453 798 2579 851 Erat
2624 799 2836 868 tempus
2879 797 3094 868 quando
3133 813 3239 852 non
3271 809 3387 852 erat
3413 797 3614 863 Filius,
3662 807 3716 851 et
3764 797 3855 866 qui

2246 891 2433 945 dicunt
2483 907 2546 946 ex
2597 891 2764 946 nihilo
2819 892 3018 958 filimn,
3073 899 3126 945 et
3174 894 3264 960 qui
3317 899 3511 960 negant
3561 890 3678 960 (hic
3719 889 3859 943 adde

2247 982 2436 1054 Deum)
2460 981 2556 1038 Dei
2579 983 2744 1037 filium
2764 992 2888 1038 ante
2904 985 3097 1038 saecula
3126 982 3313 1046 fuisse,
3333 983 3472 1038 sicut
3491 997 3584 1053 per
3617 982 3858 1053 priorem

2248 1075 2492 1131 libellum
2523 1089 2802 1142 nostrum,
2837 1091 2998 1145 quem
3030 1075 3169 1145 apud
3209 1074 3569 1129 Mediolanum
3610 1073 3860 1142 porrexi-

2181 1170 2184 1172 ’
2245 1184 2385 1235 mus,
2421 1177 2476 1224 et
2506 1184 2647 1223 nunc
2674 1181 2729 1222 et
2764 1183 2980 1238 semper
3021 1170 3526 1232 anathematizasse,
3566 1167 3668 1220 hac
3691 1181 3859 1219 manu

2246 1269 2462 1328 nostra,
2496 1278 2598 1331 qua
2631 1261 2973 1334 scripsimus,
3012 1265 3368 1332 prolitemur:
3400 1271 3454 1316 et
3493 1262 3688 1316 iterum
3721 1260 3862 1314 dici-

2250 1371 2401 1421 mus,
2449 1355 2696 1409 haeresim
2743 1354 3032 1419 Arianam,
3085 1365 3141 1409 nt
3185 1355 3435 1425 superius
3482 1355 3749 1419 diximus,
3801 1362 3862 1409 et

2247 1453 2365 1522 ejus
2388 1460 2637 1507 auctores
2661 1451 2712 1506 in
2744 1462 3062 1522 perpetuum
3086 1451 3393 1507 damnasse.
3420 1451 3488 1506 Et
3512 1468 3669 1505 manu
3697 1450 3861 1506 Ursa-

2247 1546 2314 1599 cii
2334 1562 2352 1598 :
2384 1548 2493 1615 Ego
2523 1544 2774 1601 Urs-ocius
2804 1544 3101 1616 Episcopus
3125 1545 3194 1615 (Γ)
3219 1543 3342 1599 huic
3371 1543 3695 1614 professioni
3722 1557 3857 1597 nos-

2251 1652 2346 1694 tra:
2374 1641 2694 1710 subscripsi.

2327 1751 2346 1784 ‹
2392 1731 2521 1787 Haec
2566 1731 2791 1802 epistola
2845 1732 3035 1803 (inquit
3095 1728 3355 1800 Hilarius)
3405 1739 3526 1795 post
3572 1728 3858 1784 biennium

2253 1826 2416 1882 missa
2447 1836 2550 1891 est,
2579 1841 2741 1897 quam
2771 1825 2995 1881 haeresis
3022 1824 3334 1897 Photini(g)
3363 1839 3394 1880 a
3420 1825 3677 1880 Romanis
3700 1823 3861 1879 dam—

2259 1926 2382 1972 nata
2413 1925 2514 1972 est.
2560 1936 2579 1968 ι

2251 2081 2508 2154 Romanae
2554 2081 2801 2138 ecclesitc
2849 2082 3055 2154 legatos
3097 2083 3484 2140 Mediolanensi
3535 2083 3664 2138 amri
3742 2084 3860 2140 547

2248 2155 2456 2222 synodo
2479 2153 2790 2209 interfuisse
2825 2153 2982 2209 nobis
3008 2164 3243 2210 constet.

2322 2225 2482 2279 Petro
2523 2235 2700 2279 autem
2751 2227 2815 2279 de
2845 2225 3019 2280 Marca
3063 2243 3212 2282 snam
3241 2226 3308 2281 de
3337 2227 3584 2281 Romano
3616 2228 3858 2282 concilio

2249 2313 2341 2350 an.
2371 2295 2473 2351 ⁷49
2519 2298 2830 2366 Opinionem
2864 2299 2987 2352 hinc
3016 2300 3381 2364 conﬁrmanti,
3415 2311 3607 2368 praeter
3635 2315 3696 2351 ea
3726 2316 3859 2366 qnze

2249 2369 2300 2422 ei
2328 2368 2646 2436 objecimus,
2679 2369 2832 2422 valde
2865 2370 3203 2425 incommoda
3241 2381 3368 2424 sunt
3397 2371 3558 2424 verba
3594 2372 3858 2434 proxime

2250 2439 2648 2493 antecedentia.
2679 2439 2928 2494 Occurrit
2973 2442 3188 2510 quidem
3234 2441 3422 2510 Steph.
3477 2442 3745 2506 Balnzius,
3784 2457 3854 2496 ac

2250 2509 2457 2583 dicitin
2491 2512 2573 2564 his
2607 2511 2860 2564 mendum
2891 2509 3034 2576 esse,
3079 2528 3139 2566 ac
3185 2527 3282 2580 pro
3323 2509 3474 2583 quam
3508 2513 3730 2574 ha’resis.
3775 2514 3858 2567 Ic-

2249 2582 2482 2651 gendutn
2514 2597 2634 2636 esse
2662 2599 2820 2652 quum
2852 2584 3061 2636 lta’resis
3086 2599 3103 2636 :
3129 2594 3186 2637 at
3215 2598 3314 2638 nec
3339 2582 3418 2637 Sic
3443 2584 3675 2652 explicat
3713 2583 3853 2653 quid

2247 2654 2350 2707 sibi
2399 2653 2526 2707 velit
2571 2663 2685 2722 post
2733 2653 2994 2707 biennium
3023 2656 3179 2710 missa
3207 2666 3300 2721 est,
3340 2657 3424 2709 cui
3459 2655 3656 2710 deinde
3695 2664 3854 2710 recte

2245 2724 2485 2778 cohaeret
2508 2741 2680 2793 quam.
2715 2739 2820 2779 non
2847 2742 3022 2795 quum.

2321 2817 2516 2871 Verum
2551 2817 2632 2870 his
2661 2818 2862 2879 verbis,
2911 2827 3024 2886 post
3056 2817 3316 2872 biennium
3362 2821 3516 2874 missa
3543 2830 3636 2886 cst,
3685 2837 3852 2887 quant.

2247 2887 2454 2941 hwresis
2489 2887 2695 2941 Photini
2723 2906 2752 2940 a
2778 2887 3027 2941 Romanis
3050 2891 3295 2944 damnata
3325 2901 3420 2955 est,
3457 2893 3594 2945 idem
3618 2897 3854 2947 Omnino

2249 2969 2461 3027 tempus
2510 2958 2842 3028 designatur,
2891 2961 3034 3028 quod
3091 2962 3198 3014 illis
3253 2979 3400 3016 ntnn.
3451 2963 3540 3028 i9,
3592 2964 3676 3029 qui
3722 2975 3856 3018 ante

2247 3029 2506 3103 biennium
2525 3033 2645 3103 jam
2674 3031 2725 3083 in
2767 3029 3144 3086 Mediolanensi
3165 3035 3364 3103 synodo
3412 3045 3517 3090 erat
3570 3036 3855 3089 ha'rcticus

2247 3100 2544 3173 damnatus.
2602 3100 2903 3168 Utrumque
2953 3104 3101 3157 illum
3157 3100 3332 3158 locum
3391 3108 3478 3173 qui
3525 3107 3850 3169 contulerit,

2249 3187 2355 3226 non
2406 3172 2612 3226 inficias
2661 3173 2777 3238 ibit,
2807 3174 3090 3242 epistolam
3132 3175 3342 3231 Ursacii
3380 3172 3435 3231 et
3482 3175 3721 3231 Valentis
3754 3177 3856 3234 hic

2248 3243 2506 3298 declarari
2538 3245 2762 3316 missam
2784 3259 2851 3298 eo
2896 3246 3014 3313 ipso
3061 3261 3226 3312 anno,
3275 3263 3384 3316 quo
3429 3246 3493 3300 ad
3542 3249 3853 3304 tollendum

2247 3330 2313 3370 ex
2347 3315 2659 3382 epiSCOpatn
2707 3313 2992 3389 Photinum
3024 3332 3088 3371 ex
3117 3313 3361 3389 plnriniis
3389 3319 3681 3389 provinciis
3704 3336 3855 3374 con-

2248 3389 2452 3460 gregati
2495 3397 2615 3460 sunt
2649 3388 2989 3460 sacerdotes.
3033 3398 3086 3443 et
3113 3388 3331 3443 hit-nnio
3360 3388 3479 3458 post
3509 3407 3666 3460 quam
3699 3393 3856 3447 idem

2249 3455 2534 3510 hzcretiens
2560 3455 2846 3512 damnatus
2876 3457 3069 3522 fuerat.
3104 3477 3209 3514 non
3240 3462 3290 3513 in
3326 3455 3587 3526 Romana,
3637 3463 3730 3516 sed
3793 3465 3860 3519 in

2251 3526 2630 3600 Mediolauensi
2649 3529 2866 3598 synodo.
2897 3530 3034 3596 Quid
3069 3531 3228 3600 igitur
3255 3531 3358 3585 sibi
3383 3533 3491 3585 vult
3516 3533 3642 3587 illud
3673 3551 3704 3586 α
3734 3534 3862 3590 Ro—

2247 3598 2457 3652 manis?
2503 3598 2670 3652 Valde
2716 3601 2992 3667 probabile
3035 3598 3138 3662 est.
3193 3615 3332 3657 hanc
3373 3619 3558 3657 vocem
3606 3604 3727 3659 ideo
3778 3607 3862 3663 ab

2251 3670 2453 3743 Hilario
2483 3669 2718 3743 additam
2742 3685 2884 3736 esse,
2919 3681 2974 3724 ut
3005 3673 3130 3743 quid
3160 3674 3230 3727 ab
3254 3674 3621 3730 Orientalibus
3647 3676 3861 3731 adver-

2246 3755 2339 3795 sus
2371 3740 2662 3816 Photinum
2693 3753 2904 3816 gestom
2937 3740 3033 3807 sit,
3067 3759 3128 3816 se
3158 3745 3379 3800 minime
3407 3747 3674 3816 attingere
3704 3763 3862 3816 prac-

2249 3824 2493 3886 moneret
2513 3828 2540 3886 ἱ
2552 3812 2794 3886 adeoque
2821 3813 3096 3886 Romanos
3119 3815 3204 3872 hic
3229 3819 3426 3886 Opponi
3449 3812 3856 3874 Orientalibus.

2248 3882 2490 3952 Namque
2515 3883 2802 3938 Photinum
2833 3887 2901 3938 ab
2939 3882 3317 3942 Orientalibus
3351 3900 3477 3942 ante
3504 3905 3701 3943 almum
3730 3890 3859 3946 547

2247 3954 2558 4008 damnatum
2589 3969 2733 4020 esse,
2765 3958 2916 4009 testis
2947 3965 3030 4012 est
3058 3957 3200 4023 apud
3232 3959 3580 4013 Athanasium
3631 3961 3722 4015 lib.
3770 3963 3860 4019 de

2246 4025 2452 4095 Synod.
2490 4025 2750 4094 prolixior
2787 4041 2977 4081 eorum
3023 4029 3157 4084 fides
3205 4030 3343 4085 circa
3390 4046 3590 4085 annum
3617 4030 3720 4086 In“
3744 4044 3861 4089 aut.

2247 4095 2377 4168 με,
2427 4112 2524 4166 per
2563 4095 2885 4168 Eudoxium,
2922 4099 3234 4168 Martyrium
3267 4111 3322 4155 et
3367 4102 3736 4157 Macedoniam
3791 4107 3856 4161 in

2245 4166 2452 4221 Italiam
2482 4167 2790 4230 amandata,
2827 4171 2878 4223 in
2909 4185 3012 4238 qua
3043 4166 3358 4226 notninatim
3383 4185 3600 4227 notatur
3624 4174 3854 4232 Photini

2249 4238 2472 4309 haeresis
2518 4256 2530 4290 :
2587 4239 2658 4293 ob
2706 4255 2863 4309 qnam
2913 4240 3128 4296 tandem
3177 4258 3321 4298 anno
3362 4244 3489 4308 351,
3555 4247 3858 4303 Sirmiensi

2246 4308 2600 4383 Orientalium
2629 4308 2838 4380 synodo
2890 4311 2959 4366 ab
2999 4317 3312 4382 episc0patu
3343 4315 3581 4383 dejectus
3609 4328 3708 4370 est.
3741 4318 3858 4374 llic

2248 4379 2410 4457 igitur
2454 4396 2501 4457 a_
2532 4379 2918 4457 Sirtniensihns
2967 4379 3229 4440 adversus
3276 4379 3561 4440 Photinum
3611 4389 3854 4457 aliisque

2295 4450 2600 4527 rientalium
2628 4454 2799 4527 gestis,
2823 4455 3062 4508 Romana
3083 4457 3507 4527 distinguuntur.
3537 4458 3596 4514 Et
3618 4450 3854 4526 quidem

2248 4522 2483 4592 linguam
2514 4524 2734 4598 latinam
2765 4525 3074 4592 Romanam,
3123 4543 3221 4583 eos
3254 4522 3383 4583 vero
3407 4531 3496 4598 qui
3538 4522 3699 4583 latina
3733 4530 3855 4584 liu-

554 4594 794 4684 Eitsebii:
837 4615 1208 4685 Caesariensis,
1233 4594 1560 4672 'Emesenus
1601 4628 1653 4672 et
1693 4594 2140 4673 Niconietliensis:
2169 4597 2221 4656 D
2247 4609 2348 4685 ξΡὲ
2380 4604 2658 4685 ξιξεξτξεξξιιξς
2681 4594 3225 4685 βῇθζίξφίξέλξκεξτίς,
3248 4617 3353 4685 "9]!
3403 4602 3576 4653 δυ¹ι¹¹¹¹
3608 4599 3852 4682 Grip-tis.

557 4687 629 4743 At
681 4689 819 4744 hanc
882 4688 1171 4744 lcetionem
1234 4699 1471 4742 nostram
1526 4690 1808 4744 confirmat
1874 4699 2142 4744 vetustum

547 4761 830 4830 exemplar
874 4775 1107 4830 graecum
1154 4775 1380 4828 operum
1426 4762 1483 4815 S.
1531 4760 1834 4828 Athanasii,
1883 4761 2024 4831 quod
2089 4762 2141 4814 in

547 4833 694 4901 regia
727 4831 1054 4886 bibliotheca
1083 4841 1408 4888 asset-vatur.

625 4924 702 4996 ff)
730 4925 1077 5002 Horumloco
1107 4927 1245 4996 apud
1272 4927 1534 5002 Athanas.
1566 4927 1816 5002 habetur,
1847 4928 1975 5002 ἐγὼ
2013 4930 2144 5002 Οὐρ-

547 4997 722 5122 σὸξῖἷς
749 4997 988 5075 ὁμολογίᾳ
1008 5020 1106 5071 μου
1128 5001 1292 5075 ταύτῃ
1313 5001 1490 5076 πάρων
1511 4999 1814 5077 ὑπέγραψα,
1853 4997 2038 5071 ὁμοίως
2059 4997 2143 5053 neci

548 5079 622 5122 Ον
690 5090 771 5122 ης.

548 5069 771 5130 Οὐάλης.

620 5156 701 5231 (g)
744 5158 848 5228 Qui
894 5169 948 5216 et
993 5161 1135 5230 quod
1183 5161 1334 5217 aiunt
1371 5161 1624 5218 Ursacins
1653 5173 1708 5218 et
1738 5161 1959 5226 Valens,
1994 5177 2054 5217 se
2084 5161 2150 5216 li-

550 5228 748 5285 bellum
777 5231 919 5304 apud
943 5228 1302 5304 Mediolanum
1318 5235 1665 5304 porrexisse,
1713 5243 1768 5289 et
1807 5233 1949 5304 quod
1983 5240 2148 5288 testa-

550 5303 902 5374 _tur_s_ynodus
927 5303 1290 5359 Ariminensis
1315 5303 1535 5374 Fragttt.
1565 5321 1681 5371 vni,
1713 5322 1768 5359 ιι.
1811 5303 1870 5369 2,
1922 5304 2142 5360 eosdem

548 5371 602 5427 in
638 5371 1034 5447 illediolanrnsi
1078 5375 1308 5429 concilio
1355 5371 1564 5447 veniam
1599 5376 1932 5444 poposcisse,
1961 5377 2026 5430 ad
2056 5392 2146 5447 sy—

546 5442 746 5498 nodum
788 5444 1242 5502 Mediolanensetn
1283 5450 1407 5500 anni
1441 5446 1547 5502 547
1601 5442 1868 5512 referunt,
1903 5447 2026 5502 ideo
2049 5442 2136 5503 hic

546 5532 584 5596 ιι
607 5512 852 5596 Romanis
882 5516 988 5596 dici
1033 5519 1398 5596 pu_taqt,__qui_a
1429 5517 1686 5596 Romanae
1710 5519 1956 5574 ecclesiae
1981 5520 2134 5596 lega-

547 5587 615 5638 tis
638 5587 1043 5644 assistentibus.
1091 5588 1199 5645 Sed
1247 5587 1483 5645 libellum
1527 5589 1839 5658 prcedicmm
1887 5587 2134 5660 petitam-

546 5669 651 5724 qne
680 5660 890 5714 veniam
921 5660 972 5716 in
1021 5674 1223 5716 annum
1248 5661 1354 5717 549
1379 5662 1673 5717 convenire
1716 5661 1827 5731 jam
1874 5663 2132 5717 demens—

547 5735 741 5785 tratum
769 5742 851 5786 εει
878 5748 891 5782 :
943 5747 1041 5788 nec
1084 5733 1253 5794 ullum
1279 5733 1517 5806 suppetit
1547 5731 1958 5802 monimentum,
1991 5732 2136 5792 unde

2247 4665 2340 4718 sed
2373 4676 2427 4720 et
2452 4665 2658 4742 Latinis
2681 4667 2940 4742 usitatum
2960 4667 3077 4722 fuit.
3111 4670 3262 4742 finde
3290 4671 3652 4742 Hieronymus
3677 4665 3852 4740 epist.

2253 4751 2385 4800 an,
2414 4737 2479 4790 ad
2510 4735 2868 4806 Theophilum
2897 4740 2972 4793 ait
2998 4757 3011 4792 :
3041 4741 3273 4796 Arbitror
3315 4758 3429 4796 eum
3473 4735 3682 4796 assidua
3713 4735 3856 4799 con-

2247 4805 2563 4875 fabulatione
2604 4805 2973 4877 et’quotidiano
3011 4809 3309 4866 Latinorum
3338 4817 3611 4874 consortio.
3644 4817 3854 4870 Roma-

2247 4893 2428 4954 norum
2475 4894 2575 4931 non
2629 4880 2867 4954 ignorare
2917 4897 3243 4938 sermonem:
3293 4892 3351 4939 et.
3395 4885 3534 4954 apud
3584 4889 3850 4944 eumdem

2245 4951 2606 5028 epist-Lam,
2655 4949 2884 5028 llufinns
2934 4962 3160 5028 testatur
3193 4949 3457 5024 plurimos
3506 4959 3850 5028 poposcisse,

2246 5031 2301 5072 ut
2343 5019 2614 5090 Origenem
2646 5021 2933 5096 Romanum
2972 5027 3157 5096 faceret
3173 5019 3207 5091 ;“
3235 5037 3289 5082 et
3337 5019 3668 5096 paulo'post,
3713 5019 3854 5086 Hie;

2254 5105 2537 5166 ronymttm
2569 5093 2942 5166 Spopondisse,
2972 5093 3040 5149 ’δε
3079 5099 3218 5166 ipsos
3245 5093 3576 5153 Canticorum
3604 5100 3760 5155 libros
3788 5114 3848 5157 es

2251 5163 2382 5242 tilias
2433 5179 2617 5242 quant_
2644 5165 2892 5242 plurimos
2939 5163 3190 5242 Romanis
3237 5171 3446 5225 auribus
3507 5171 3845 5242 largiturum.

2251 5233 2359 5308 Sed
2389 5234 2517 5308 quid
2568 5235 2757 5303 plura?
2784 5252 2906 5290 cum
2942 5239 3144 5293 Hilario
3171 5251 3359 5296 nostro
3400 5242 3454 5296 in
3506 5233 3640 5308 psal.
3685 5259 3745 5302 ll.
3778 5260 3844 5298 n.

2250 5305 2351 5384 ᾆδε
2381 5305 2435 5358 in
2463 5305 2753 5384 Romanam
2783 5308 3013 5384 linguam
3042 5310 3183 5384 idem
3210 5314 3299 5384 sit,
3333 5312 3481 5384 quod
3507 5305 3562 5367 in
3596 5313 3846 5369 Latinam

2253 5376 2500 5447 linguam.
2551 5375 2629 5432 Ex
2657 5393 2763 5455 q_uo
2783 5375 3070 5455 sequitur,
3114 5382 3241 5438 illud
3267 5401 3299 5437 a
3331 5375 3576 5439 Romanis
3610 5387 3844 5455 perinde

2249 5462 2393 5530 esse,
2427 5457 2586 5530 atque
2615 5466 2648 5530 ᾳ
2679 5447 2919 5530 Latinis:
2944 5447 3063 5530 Quo
3099 5455 3330 5530 nomine
3340 5447 3677 5530 intelligendi
3709 5469 3845 5530 sunt

2242 5518 2409 5598 ltali,_
2429 5529 2521 5574 aut
2567 5519 2729 5574 etiam
2759 5520 2858 5598 alii
2880 5518 3280 5598 Occidentales.
3315 5525 3468 5582 Unde
3497 5518 3843 5598 Epiphanius

2241 5589 2527 5672 cumam.
2553 5605 2715 5672 ιιη,
2743 5608 2800 5646 ιι.
2837 5594 2890 5672 13
2931 5596 3173 5672 scripsit,
3222 5597 3504 5672 Photinum
3545 5589 3614 5653 'o.‘
3650 5600 3845 5653 Sardi-

2243 5661 2380 5716 censi
2404 5659 2694 5718 Occidentis
2719 5665 2916 5741 synodo
2942 5659 3278 5741 damnatum;
3325 5669 3427 5725 etsi
3458 5685 3565 5728 non
3609 5685 3841 5741 nomen,

2241 5743 2390 5790 certe
2417 5743 2628 5806 tempus
2657 5736 2833 5808 attigit
2853 5736 3069 5810 synodi.
