4100 6196
545 248 645 310 651

1739 247 1984 308 SANCTI
2024 240 2281 308 HILARII
2319 246 2626 309 EPISCOPl

3742 253 3843 312 65%

547 369 673 440 quia
723 376 1027 439 promptum
1074 373 1157 424 est
1202 381 1268 422 ex
1299 366 1441 422 bono
1471 365 1671 420 malum
1701 366 1867 437 ellici,
1919 366 2147 436 praebuit
2173 371 2229 435 Α
2249 381 2576 438 quamquam
2603 365 3003 436 conceptisjam
3025 363 3119 422 diu
3137 363 3190 422 in
3216 364 3570 423 Athanasium
3592 365 3846 423 odiissuis

553 480 661 521 non
704 463 809 519 illis
850 478 971 534 quas
1018 462 1072 517 in
1126 460 1432 516 Marcellum
1464 444 1613 531 giasta
1655 468 1779 516 ante
1806 460 1882 530 (α)
1915 462 2147 530 fuerant,

555 559 649 613 sed
685 558 769 613 his
791 571 912 628 quae
956 556 1012 610 in
1042 554 1334 609 Photinum
1381 553 1616 626 gerenda
1649 564 1827 620 erant,
1859 554 2151 609 auctorita-

558 664 688 708 tem.

623 746 715 799 22.
784 742 853 799 In
894 743 1117 816 gratiam
1173 742 1444 797 Athanasii
1492 748 1633 811 gesta
1674 739 2009 797 Sardicensia
2061 739 2151 809 qui

555 848 801 894 conentur
824 836 1113 891 Orientales
1132 835 1285 890 irrita
1317 839 1580 905 facere.-—-
1608 851 1627 885 ι
1656 833 1790 889 Illud
1818 841 1999 888 autem
2025 846 2150 887 esse

550 933 823 1003 cOgnitttm
870 931 1079 987 cunctis
1107 938 1341 999 oportet,
1378 928 1578 984 nullam
1606 942 1858 997 umquam
1888 926 2147 982 adversus

555 1026 891 1091 Marcellum,
939 1032 1137 1095 praeter
1182 1037 1300 1078 eam
1333 1038 1453 1091 quae
1481 1020 1897 1077 Sardicensibus
1926 1030 2009 1074 est
2038 1017 2150 1073 dis-

551 1122 727 1177 soluta
756 1119 1064 1183 sententiis,
1115 1116 1373 1187 deinceps
1419 1115 1685 1187 synodum
1715 1113 1878 1169 fuisse
1904 1122 2150 1168 contrac-

552 1223 692 1279 tam;
733 1227 910 1283 neque
939 1211 1014 1283 (b)
1066 1218 1195 1265 tunc
1224 1225 1345 1264 cum
1375 1208 1443 1264 de
1486 1208 1716 1263 Photino
1757 1209 2034 1263 decretum
2079 1206 2151 1262 ab

550 1306 994 1365 Occidentalibus
1023 1314 1106 1360 est
1134 1314 1188 1359 et
1217 1304 1284 1359 ad
1327 1304 1633 1360 Orientales
1662 1314 1744 1359 est
1770 1305 2021 1371 relatum,
2051 1303 2150 1357 ali-

550 1400 694 1471 quod
726 1401 779 1456 in
809 1415 931 1455 eum
960 1412 1278 1466 expressum
1306 1397 1473 1453 fuisse
1495 1398 1754 1466 judicium
1782 1415 1795 1449 :
1828 1398 1923 1452 sed
1972 1397 2149 1451 homi-

550 1509 647 1551 nes
690 1505 875 1550 mente
921 1492 1171 1558 callidos,
1218 1492 1439 1561 ingenio
1464 1491 1718 1558 subtiles,
1751 1491 1950 1547 malitia
1980 1491 2149 1561 perti-

547 1603 733 1653 naces,
779 1586 1123 1642 occasionem
1167 1584 1478 1639 revolvendi
1522 1584 1661 1653 ejus,
1692 1584 1834 1653 quod
1866 1584 2146 1640 Athanasii

548 1678 888 1733 absolutione
938 1674 1201 1749 (Sardictc
1254 1673 1401 1745 data)
1448 1672 1616 1746 σω
1665 1682 1751 1730 est
1800 1675 2143 1743 dissolutum,

2253 459 2504 527 satisﬁat,
2533 461 2586 515 in
2617 463 2879 530 majorem
2922 468 3102 516 tamen
3135 458 3362 516 sceleris
3391 459 3617 532 gradum
3647 460 3846 516 molitio

2262 560 2406 607 tanta
2440 551 2700 622 procedit.

2319 642 2409 698 24.
2432 644 2760 715 Rescriptum
2779 644 3061 701 Simiense
3077 645 3230 712 ﬁdem
3250 655 3440 701 rectam
3463 656 3574 717 pra:
3589 661 3643 700 se
3656 645 3847 716 (mna,

2250 734 2437 805 fraude
2465 748 2512 790 et
2542 752 2731 792 veneno
2774 738 2983 808 plenum
3011 748 3105 793 est.
3153 769 3227 779 --
3252 757 3271 791 ι
3301 739 3436 794 Nam
3486 741 3676 795 tertius
3724 738 3847 793 mihi

2251 827 2402 883 locus
2430 839 2671 898 prastat,
2718 838 2779 885 ut
2824 820 3011 898 ﬁdem,
3064 844 3223 902 quam
3268 824 3512 901 epistolae
3553 830 3851 902 primordio

2249 923 2641 991 condiderunt,
2701 925 3135 996 fraudulentam,
3196 928 3529 995 lmreticam,
3579 937 3636 984 et
3674 928 3851 984 verbis

2249 1016 2647 1073 blandientibus
2679 1032 2887 1074 veneno
2904 1021 3163 1085 interiore
3189 1020 3448 1076 sttt'fusam
3471 1032 3592 1078 esse
3618 1021 3850 1089 demon-

2244 1120 2438 1173 strem.
2479 1110 2794 1181 l'roﬁtentur
2820 1114 2956 1167 enim
2978 1114 3051 1168 ita
3076 1129 3095 1167 :
3123 1112 3299 1170 Unum
3323 1115 3533 1186 quidem
3568 1115 3851 1187 ingenitum

2249 1218 2356 1257 esse
2385 1202 2550 1257 Deum
2580 1215 2797 1273 patrem,
2823 1215 2869 1260 et
2895 1222 3055 1260 unum
3081 1207 3291 1261 unicum
3317 1209 3428 1274 eius
3452 1206 3672 1275 Filium,
3695 1207 3853 1264 Desint

2249 1314 2314 1353 ea:
2338 1297 2467 1361 Deo,
2496 1299 2668 1354 lumen
2696 1316 2760 1355 ea:
2781 1300 2991 1368 lumine,
3026 1303 3429 1376 primogenitum
3461 1304 3629 1357 omnis
3654 1314 3853 1358 creatu-

2249 1405 2343 1453 rae,
2369 1400 2415 1444 et
2442 1392 2649 1445 tertium
2677 1392 2922 1447 addentes
2952 1391 3205 1464 Spiritum
3241 1404 3477 1450 sanctum
3498 1396 3854 1467 paracletum:

2253 1490 2311 1537 ut
2336 1499 2459 1538 ctnn
2486 1486 2751 1540 securitas
2782 1486 3093 1557 legentium,
3115 1486 3200 1543 vel
3230 1487 3570 1543 indoctorum
3594 1489 3855 1559 simplici-

2253 1586 2334 1631 tas
2366 1588 2471 1632 tam
2502 1579 2758 1635 mollibus
2780 1578 2937 1634 fuerit
2964 1580 3257 1651 intercepta
3282 1580 3563 1653 principiis
3584 1597 3601 1648 ;
3619 1596 3733 1638 uno
3759 1598 3854 1637 co-

2250 1671 2480 1741 deutque
2505 1673 2918 1741 subscriptionis
2953 1675 3146 1729 elicita:
3187 1690 3414 1729 assensu
3444 1717 3459 1741 ,
3514 1674 3568 1730 in
3620 1674 3845 1731 Pholini

549 1770 833 1841 qumsiisse
859 1768 1080 1838 iudicii;
1130 1776 1185 1823 et
1223 1767 1596 1823 rescribentes
1623 1768 1691 1822 de
1722 1766 1975 1834 Photino,
2005 1769 2148 1823 Mar-
2176 1771 2223 1831 Β
2249 1765 2794 1829 animadversionem,
2822 1766 2873 1821 in
2897 1766 3177 1822 Athanasii
3198 1776 3428 1833 reatum,
3462 1769 3514 1822 in
3538 1767 3850 1824 damnatio-

544 1863 667 1919 celli
710 1862 1065 1924 mentionem,
1097 1860 1245 1915 velut
1279 1859 1678 1914 institutionum
1706 1859 1896 1913 talium
1942 1861 2140 1929 magis-

547 1957 639 2022 tri,
688 1952 964 2010 addidisse
997 1972 1009 2006 :
1053 1962 1110 2007 ut
1159 1960 1425 2007 mortuam
1457 1951 1526 2007 de
1556 1951 1853 2007 Athanasio
1894 1951 2143 2022 ipsojam

546 2059 793 2121 tempore
817 2047 1197 2117 quaestionem,
1247 2056 1301 2101 ct
1345 2045 1587 2099 veritatis
1613 2041 1814 2114 judicio
1857 2045 2146 2115 consepul-

538 2152 685 2208 -tam,
713 2141 771 2197 in
804 2139 1073 2210 publicam
1103 2136 1537 2210 recordationem
1583 2152 1763 2193 causae
1790 2139 2002 2193 novitas
2049 2155 2145 2194 ex-

544 2236 757 2300 citarct,
798 2242 853 2287 et
879 2232 1180 2299 subrepens
1208 2247 1303 2300 per
1325 2230 1541 2285 Pltotini
1571 2230 1972 2286 damnationem
2004 2232 2142 2286 Mar-

542 2326 665 2384 celli
695 2339 891 2381 nomen
919 2323 1217 2379 inveheret.
1244 2322 1435 2377 Exstat
1463 2330 1641 2377 autem
1666 2322 1719 2377 in
1746 2321 1819 2395 (ε)
1846 2323 2142 2393 superioris

545 2418 790 2489 epistola:
839 2430 1088 2485 corpore,
1144 2413 1453 2469 Marcellum
1497 2415 1564 2467 ab
1606 2414 1822 2470 Arianis
1853 2413 2141 2470 occasione

538 2511 685 2579 libri,
735 2525 894 2583 quem
922 2509 991 2565 de
1017 2508 1354 2577 subjectione
1386 2508 1596 2562 Domini
1629 2506 1829 2563 Christi
1860 2508 2134 2575 ediderat,

541 2619 647 2660 una
674 2619 796 2659 cum
824 2601 1120 2657 Athanasio
1149 2601 1314 2654 fuisse
1344 2599 1680 2654 damnatum.
1717 2600 1949 2655 Docetur
1976 2601 2139 2655 etiam

545 2695 866 2752 recitatione
910 2692 1155 2763 ejusdem
1206 2692 1323 2747 libri
1389 2692 1730 2747 innocentem
1781 2691 2134 2764 deprehendi.

541 2790 857 2848 Falsitatem
885 2787 1302 2861 qttoqnejudicii
1335 2785 1521 2842 Ariani
1551 2786 1624 2858 (in
1662 2786 1860 2857 synodo
1885 2786 2140 2841 Constan-

546 2885 709 2956 tinop.
742 2900 831 2939 an.
865 2881 993 2947 536)
1019 2880 1282 2936 exstantis
1310 2880 1487 2935 adhuc
1533 2880 1652 2935 libri
1685 2880 1821 2935 ﬁdes
1841 2880 2034 2950 arguit.
2062 2879 2140 2935 De

548 2976 779 3031 Photino
804 2981 984 3030 autem
1026 2971 1108 3044 (d)
1155 2982 1383 3036 tantum,
1428 2972 1583 3027 sicuti
1615 2988 1731 3025 mos
1764 2973 2041 3041 poscebat,
2071 2970 2137 3026 ad

536 3068 842 3126 Orientales
871 3066 1114 3137 epistola:
1143 3065 1300 3132 ﬁunt,
1349 3080 1454 3120 non
1502 3064 1698 3135 injuria
1750 3063 2137 3135 extorquendi,

2245 1874 2368 1914 nem
2404 1860 2525 1915 ﬁdei
2574 1860 2854 1916 catholica:
2882 1870 3209 1917 transeatur.
3246 1861 3318 1917 Et
3358 1876 3519 1932 spero
3564 1862 3709 1931 quod
3740 1878 3847 1919 non

2242 1955 2487 2019 exiguam
2516 1964 2725 2023 partem
2746 1954 3068 2023 cognitionis
3091 1954 3245 2009 istius
3270 1954 3417 2027 (scil.
3455 1955 3736 2009 Athanasii
3769 1956 3852 2010 in-

2244 2044 2511 2114 nocentiae)
2542 2046 2781 2117 synodus
2825 2045 3161 2118 Sardicensis
3182 2047 3445 2116 attulerit,
3490 2048 3578 2104 ubi
3624 2051 3859 2106 insecta-

2252 2137 2398 2192 tione
2422 2136 2745 2205 Arianorum
2775 2138 2955 2192 omnia
3003 2142 3055 2194 in
3086 2138 3441 2195 Athanasium
3471 2140 3699 2195 crimina
3726 2156 3859 2198 eon-

2246 2228 2366 2282 ﬁcta
2395 2243 2518 2284 esse
2550 2238 2940 2296 monstrantur,
2992 2239 3048 2285 et
3115 2231 3195 2285 vis
3243 2230 3482 2286 adhibita
3555 2232 3705 2304 plebi
3764 2232 3856 2289 Dei

2245 2318 2408 2389 (Vide
2423 2334 2604 2389 supra,
2639 2334 2692 2374 π.
2725 2320 2805 2392 5),
2838 2330 2898 2376 ut
2926 2322 2977 2374 in
3008 2322 3319 2391 pestiferam
3348 2323 3567 2379 letbalis
3591 2324 3858 2382 doctrina:

2244 2412 2644 2469 conniventiam
2672 2417 2983 2471 transirent.
3010 2412 3145 2472 item
3164 2426 3369 2488 tamen,
3393 2419 3518 2489 quia
3539 2434 3706 2476 causa
3730 2436 3858 2492 pos-

2246 2508 2409 2573 tulat,
2444 2508 2685 2564 breviter
2715 2510 2916 2566 dicam.

2315 2599 2408 2655 ‘25.
2440 2600 2520 2653 Ad
2565 2601 2808 2655 tuendam
2842 2601 3116 2659 Trinitatis
3142 2604 3297 2674 ﬁdem
3324 2619 3529 2673 semper
3555 2606 3861 2663 laborarunt

2245 2694 2515 2762 apostolici
2545 2696 2658 2749 viri.
2700 2694 2945 2750 Ecclesia:
2974 2698 3196 2751 hostium
3231 2698 3350 2752 inde
3373 2699 3426 2753 in
3460 2716 3515 2754 se
3534 2702 3859 2754 concitarunt

2244 2786 2439 2840 odium.
2462 2814 2534 2827 —-
2561 2806 2578 2839 t
2603 2786 2739 2843 Cura
2769 2796 2822 2841 et
2849 2790 3120 2859 negotium
3145 2790 3457 2859 apostolicis
3482 2791 3615 2846 viris
3641 2806 3859 2861 semper

2252 2876 2378 2935 fuit.
2412 2879 2680 2933 constanti
2706 2887 2762 2933 et
2787 2879 2995 2948 publica
3024 2882 3276 2948 perlecta:
3297 2881 3421 2937 ﬁdei
3448 2882 3856 2950 praedicatione,

2243 2980 2477 3026 conatus
2507 2988 2694 3027 omnes
2734 2972 3053 3027 ohlatrantis
3085 2974 3308 3029 haeresis
3358 2975 3757 3045 comprimere,
3791 2982 3849 3030 et

2245 3067 2486 3136 exposita
2517 3066 2927 3137 Evangeliorom
2960 3066 3190 3122 veritate
3212 3107 3227 3134 ,
3262 3067 3677 3138 perversitatem
3722 3067 3853 3124 doc-

543 3172 603 3220 ιιι
633 3178 775 3219 nunc
800 3160 873 3233 (ε)
921 3161 1119 3231 agitur,
1151 3173 1457 3225 assensum,
1487 3158 1584 3214 sed
1633 3158 1963 3213 instruenda:
2013 3157 2131 3212 uni-
2168 3157 2214 3222 ρ
2249 3160 2401 3213 trime
2432 3161 2666 3214 errantis
2705 3158 3089 3228 exstinguere;
3143 3175 3213 3217 ne
3255 3160 3592 3217 audientium
3641 3175 3854 3218 mentes

541 3268 825 3312 versorum
853 3253 1097 3308 scientiae
1121 3250 1541 3307 consuetudine.

612 3349 705 3404 ‘25.
762 3363 781 3398 ι
826 3344 931 3401 Sed
976 3360 1073 3399 cur
1122 3342 1401 3413 abnegatrc
1445 3340 1698 3395 Marcello
1740 3339 2138 3396 communionis

542 3438 865 3497 Athanasius
895 3452 1019 3492 reus
1049 3452 1170 3491 esse
1197 3433 1516 3491 rescribitur
1541 3434 1611 3504 (Α
1642 3433 1917 3489 Sirmiensi
1952 3432 2137 3487 Orien-

540 3534 724 3587 talium
767 3528 1030 3603 synodo)?
1071 3528 1335 3600 Numquid
1368 3536 1587 3597 pr0pter
1620 3526 1741 3581 libri
1773 3527 1960 3580 vitium
1994 3525 2135 3579 Mar-

534 3625 710 3680 cellus
736 3624 1017 3680 abstentus
1043 3619 1165 3676 est?
1192 3618 1384 3674 Testes
1427 3619 1527 3687 ipsi
1574 3626 1720 3683 sunt,
1765 3631 1830 3672 ex
1878 3616 2138 3671 institutis

539 3715 656 3787 ejus
685 3715 973 3769 Photinum
1006 3710 1378 3783 perversitatis
1422 3710 1575 3765 istius
1624 3698 2133 3779 initia‘sumpsisse.

541 3808 673 3864 Nam
699 3815 889 3879 negata
913 3805 1014 3861 sibi
1048 3804 1116 3857 ah
1141 3801 1436 3857 Athanasio
1459 3800 1865 3867 communione,
1889 3800 2138 3869 ingressu

539 3916 660 3958 sese
684 3900 929 3958 ecclesiae
954 3896 1239 3969 Marcellus
1267 3893 1544 3949 abstinuit.
1574 3893 1648 3948 Ita
1678 3892 1988 3948 communio
2014 3905 2136 3946 cum

541 4008 607 4050 eo
637 3995 689 4049 in
722 3995 822 4049 ista
854 3990 962 4046 ﬁde
992 3989 1058 4060 (Γ.
1095 3989 1223 4043 inita
1249 3999 1450 4044 rectam
1494 3986 1678 4056 ﬁdem)
1704 3984 1772 4041 de
1803 3984 2138 4056 subjectione

536 4097 592 4142 et
612 4086 902 4142 traditione
931 4082 1081 4155 regni
1112 4082 1273 4140 docet
1299 4100 1311 4134 :
1335 4080 1499 4154 641
1542 4091 1729 4151 negata
1774 4096 1986 4136 rursum
2016 4096 2140 4151 pra-

544 4182 710 4235 vitate
740 4180 865 4251 (leg.
910 4172 1253 4246 pravitatem)
1299 4175 1559 4229 doctrinae
1607 4173 1833 4228 alterius
1877 4173 2134 4229 ostendit.

542 4271 619 4326 Ac
663 4270 741 4326 sic
782 4281 1074 4337 utrumque
1115 4265 1217 4319 viri
1265 4266 1420 4320 istius
1459 4264 1719 4335 judicium
1763 4273 1911 4319 caret
1955 4265 2137 4334 culpa,

540 4377 662 4418 cum
689 4362 741 4416 in
771 4361 896 4417 data
928 4357 1308 4414 communione
1340 4357 1529 4427 synodi
1562 4356 1933 4429 (Sardiccnsis)
1965 4359 2037 4415 sit
2061 4373 2142 4414 se-

541 4466 695 4513 cutus
724 4466 1041 4515 assensum;
1076 4450 1128 4504 in
1167 4450 1427 4520 abnegata
1468 4463 1619 4513 vero,
1650 4450 1768 4519 ipso
1797 4466 1856 4505 se
1885 4452 2141 4509 Marcello

2242 3251 2472 3320 quadam
2496 3252 2620 3306 labe
2647 3252 3023 3307 contaminans
3043 3255 3352 3324 contagium
3380 3248 3497 3310 vitii
3514 3254 3854 3312 adhaerentis

2242 3344 2511 3415 inﬂigeret
2531 3345 2596 3416 (f.
2631 3342 2922 3415 inliceret).
2955 3345 3142 3416 Itaque
3169 3344 3456 3418 diligenter
3480 3348 3734 3418 epistolis
3760 3363 3855 3403 va-

2241 3439 2357 3501 riis,
2390 3453 2510 3507 quae
2538 3437 2606 3494 de
2638 3438 2745 3492 Deo
2774 3448 2929 3507 patre
2958 3438 3143 3507 Opinio
3167 3481 3184 3506 ,
3234 3455 3358 3510 qua:
3389 3439 3458 3494 de
3489 3439 3583 3495 Dei
3617 3442 3731 3496 tilio
3757 3457 3856 3497 co-

2242 3530 2431 3601 gnitio,
2464 3544 2586 3600 quae
2625 3533 2677 3583 in
2719 3528 2924 3598 Spiritu
2956 3539 3145 3586 sancto
3180 3530 3539 3585 sanctiﬁcatio
3570 3541 3855 3603 oporteret

2242 3638 2384 3684 esse,
2420 3620 2731 3691 frequenter
2757 3622 3086 3691 copioseque
3128 3622 3403 3691 complexi
3450 3630 3609 3687 sunt;
3638 3622 3849 3693 (supple

2244 3714 2388 3787 ideo)
2430 3723 2489 3769 ut
2533 3713 2780 3784 cognitus
2806 3713 2874 3769 de
2900 3713 3010 3768 Deo
3062 3721 3215 3783 patre
3269 3712 3424 3769 liere't
3465 3712 3633 3787 ω
3686 3712 3852 3769 Filius

2246 3809 2410 3872 Deus,
2439 3816 2494 3863 et
2523 3809 2574 3862 in
2610 3809 2717 3861 Deo
2745 3806 2856 3861 ﬁlio
2886 3806 3096 3881 (supple
3122 3804 3291 3879 esset)
3316 3808 3456 3863 Deus
3486 3819 3677 3879 pater,
3718 3819 3773 3866 et
3797 3809 3855 3866 in

2246 3900 2357 3955 Deo
2386 3908 2537 3964 patre
2570 3898 2736 3953 Filius
2766 3897 2929 3953 Deus.
2961 3897 3041 3955 Ac
3067 3900 3145 3954 sic
3173 3900 3472 3956 secundum
3521 3901 3694 3971 ipsius
3720 3901 3859 3958 deﬁ-

2245 3993 2508 4049 nitionem
2542 3992 2774 4048 dicentis
2812 4008 2830 4047 :
2874 3991 2986 4065 Ego
3015 4002 3060 4048 et
3093 3991 3252 4048 Pater
3272 4008 3429 4049 unum
3459 3998 3639 4049 Sumus
3669 3992 3851 4068 (Joan.

2247 4100 2303 4150 κ,
2336 4083 2452 4156 30),
2481 4094 2536 4139 et
2558 4099 2805 4139 rursum:
2842 4084 3010 4152 Sicut,
3046 4083 3222 4152 Pater,
3243 4094 3297 4140 tu
3322 4087 3376 4139 in
3404 4102 3505 4149 me,
3538 4097 3587 4141 et
3608 4103 3702 4159 ego
3722 4088 3777 4142 in
3804 4097 3855 4144 te

2248 4176 2430 4250 (Jonn.
2463 4193 2574 4234 xvn
2601 4219 2615 4244 ,
2661 4177 2775 4249 2t),
2806 4180 3115 4233 continetur
3143 4179 3275 4235 ﬁdes
3300 4190 3489 4235 nostra
3519 4182 3572 4236 in
3600 4178 3774 4237 Patris
3794 4190 3854 4239 et

2246 4269 2365 4325 Filii
2412 4272 2720 4326 nominibus
2748 4268 3102 4344 personisque
3126 4262 3274 4330 Deus
3302 4288 3461 4329 unus.
3492 4271 3679 4347 Neque
3705 4277 3851 4333 enim

2247 4364 2329 4418 vel
2360 4363 2557 4418 invidia
2581 4364 2914 4431 Judteorntn,
2933 4366 3019 4422 vel
3042 4365 3225 4421 odium
3256 4355 3565 4439 gentilium,
3594 4370 3675 4425 vel
3702 4369 3853 4426 furor

2247 4455 2622 4515 bmreticorum
2654 4460 2771 4514 aliis
2798 4460 2977 4528 potius
3006 4461 3271 4518 adversus
3293 4479 3393 4519 nos
3429 4463 3613 4518 causis
3638 4475 3718 4519 est
3744 4478 3848 4518 ex-

539 4550 826 4607 abdlcante
866 4545 986 4600 solo
1013 4544 1131 4599 sine
1160 4544 1266 4598 tilla
1317 4542 1508 4615 synodi
1551 4544 1889 4600 auctoritate.
1941 4546 2141 4602 Verum
2169 4552 2226 4614 D
2251 4553 2444 4609 citatos
2466 4596 2480 4620 ,
2510 4569 2667 4624 quam
2709 4555 2851 4627 quod
2890 4558 3206 4615 :elernitatis
3240 4558 3310 4631 (Γ)
3339 4558 3616 4627 virtutem,
3649 4568 3846 4614 nomen

538 4644 716 4702 omnis
740 4642 842 4699 ista
871 4638 1093 4696 alterius
1121 4652 1298 4694 causa:
1323 4646 1378 4695 et
1404 4636 1610 4693 doloris
1648 4644 1733 4694 est
1777 4639 2023 4710 quaestio.
2076 4641 2142 4699 Et

543 4846 667 4885 men
695 4842 798 4895 non
830 4825 1005 4881 solum
1056 4823 1328 4878 consentit
1373 4821 1665 4889 Sulpicius,
1712 4821 1920 4895 exﬁdc
1969 4822 2138 4894 ipsius

541 4890 1052 4959 eadem"scriltens;
1086 4895 1179 4949 sed
1212 4896 1388 4948 ethoc
1430 4895 1629 4955 ipsum.
1686 4902 1740 4947 ut
1791 4890 1929 4948 infra
1984 4890 2139 4951 initio

543 4987 696 5026 num.
752 4970 819 5024 25
880 4968 1211 5029 declaratur,
1260 4964 1563 5019 continebat
1614 4963 1974 5019 Orientalium
2022 4967 2139 5035 epi-

543 5046 682 5098 stola
715 5057 779 5096 ex
807 5038 1088 5094 Sirntiensi
1117 5036 1324 5106 synodo
1350 5036 1415 5089 ad
1466 5035 1915 5106 Mediolancnsetn
1941 5039 2136 5093 rescri-

540 5115 801 5167 lientium.
834 5111 916 5164 An
947 5108 1083 5162 forte
1114 5105 1257 5161 litera
1279 5106 1394 5160 Ιιεινθ
1416 5105 1514 5159 luit
1533 5105 1885 5160 Orientalium
1914 5107 2131 5165 illorum

540 5183 830 5246 calumnia,
864 5183 947 5235 Cui
978 5179 1211 5232 Hilarius
1236 5176 1628 5250 paulol'acilins
1659 5178 1993 5232 crediderit?
2036 5183 2127 5250 qui

537 5254 733 5310 deinde
759 5268 879 5308 cum
911 5250 1322 5305 ait-Marcellum
1372 5249 1439 5301 ah
1483 5250 1777 5302 Athanasio
1819 5249 2125 5307 ahstentum

535 5327 789 5380 anteriore
817 5332 1044 5391 tempore
1060 5337 1215 5391 quant
1250 5318 1503 5373 Photinus
1532 5321 1800 5388 arguitur;
1829 5335 1934 5374 non
1966 5321 2123 5376 intel-

538 5399 657 5463 ligit
702 5390 934 5464 tempus,
982 5394 1125 5456 quod
1169 5390 1626 5464 ‘Mediolattensetn
1676 5391 1941 5464 synodum
1994 5394 2121 5448 anni

537 5460 642 5526 δη
694 5460 994 5537 przecessit,
1015 5460 1280 5537 _sed_illud
1312 5471 1536 5537 tantum,
1568 5461 2123 5537 quodMediolanensi

536 5541 659 5594 anni
690 5531 796 5593 349
846 5535 1095 5607 superius
1120 5531 1246 5607 l‘uit,
1272 5532 1366 5587 ubi
1413 5534 1729 5589 solenmiori
1775 5533 2003 5603 quadam
2037 5550 2127 5591 ra-

535 5614 678 5665 tione
707 5606 969 5665 Photinus
993 5614 1077 5661 est
1101 5606 1408 5660 damnatus.

607 5700 683 5774 (a)
714 5701 935 5774 Scilicet
962 5696 1554 5774 Constatitinopolitana
1583 5697 1791 5769 synodo
1821 5699 1948 5756 anni
1990 5700 2118 5772 556,

531 5768 682 5847 cujus
707 5781 855 5843 gesta
887 5769 1191 5826 Sardicensi
1223 5768 1481 5825 dissoluta
1507 5768 1650 5826 sunt.

2249 4644 2368 4703 Filii
2397 4648 2717 4704 conﬁtemur
2764 4650 2817 4705 in
2856 4649 3038 4710 Patre.
3071 4650 3459 4709 llaereticorum
3503 4661 3682 4710 autem
3720 4667 3849 4723 per-

2319 4828 2393 4903 (b)
2444 4830 2598 4887 Hunc
2644 4832 2824 4888 locum
2873 4849 2938 4890 cx
2974 4834 3248 4892 Sirmondi
3282 4836 3605 4895 lectionibus
3633 4848 3840 4895 restau-

2243 4914 2471 4975 ramns;
2506 4920 2626 4958 cum
2656 4907 2806 4975 prius
2838 4904 3150 4973 haberetttr,
3182 4924 3346 4972 neque
3388 4920 3511 4965 tunc
3532 4911 3669 4967 unde
3701 4910 3839 4965 Plio-

2246 4972 2373 5026 tino.
2435 4974 2530 5029 Hic
2587 4972 2906 5049 conquestio
2957 4988 3059 5041 est,
3124 4972 3265 5049 quod
3310 4980 3617 5037 Orientales
3662 4982 3838 5038 Sirmii

2242 5049 2549 5121 congregati
2578 5047 2645 5101 de
2676 5049 2928 5121 Marcello
2958 5047 3153 5105 callide
3182 5052 3593 5117 rescripserint,
3626 5055 3690 5108 de
3732 5067 3835 5121 quo

2239 5114 2617 5239 OCCltictlllaiCS
2648 5134 2678 5175 e
2709 5119 3099 5177 Mcdiolanensi
3129 5122 3339 5197 synodo
3360 5114 3503 5179 nihil
3544 5114 3678 5197 ipsis
3699 5114 3833 5179 scri-

2242 5200 2431 5239 liscran
2466 5228 2477 5239 .

2258 5200 2477 5240 lSCl‘fllll.

2242 5200 2255 5254 1
2306 5257 2375 5338 (c)
2408 5258 2568 5338 βίης.
2602 5262 2885 5338 superiore.
2920 5263 3108 5338 Melius
3140 5280 3268 5330 ms.,
3292 5264 3604 5338 superioris,
3629 5265 3830 5323 scilicet

2232 5328 2477 5395 epistola)
2506 5328 2851 5388 Sardi‘censis
2877 5349 3029 5390 num.
3058 5335 3114 5390 6.

2308 5418 2386 5493 (d)
2414 5421 2705 5493 Adjicitnus
2728 5434 2924 5481 tantum
2944 5443 3010 5481 ex
3035 5426 3304 5485 Sirmondi
3331 5426 3672 5493 lectionibus.
3696 5428 3827 5485 Con-

2232 5490 2381 5581 stans
2398 5490 2694 5581 li_ic5serttto
2721 5496 3345 5581 est'dcgccitle‘ntaliam
3369 5505 3540 5581 gestis
3561 5504 3613 5556 in
3636 5490 3825 5581 Hedia-

2233 5562 2451 5644 laitensi
2468 5566 2675 5644 synodo
2692 5569 2825 5644 anni
2858 5569 2987 5639 549,
3015 5578 3072 5626 et
3098 5570 3169 5629 de
3189 5562 3544 5631 Orientalium
3571 5575 3820 5644 rescripto

2233 5647 2263 5686 e
2294 5633 2573 5691 Sirmiensi
2604 5639 2838 5696 civitate.

2304 5706 2377 5786 (ej
2403 5706 2567 5786 _Puta,_
2598 5721 2715 5786 post
2747 5711 3147 5786 Ariminensem
3177 5715 3470 5786 synodum.

2304 5776 2371 5847 (f)
2401 5777 2457 5833 lu
2485 5780 2731 5852 vulgatis,
2759 5784 3056 5869 atteruitatis
3078 5776 3280 5843 virtute.
3311 5786 3479 5862 Magis
3508 5784 3816 5859 placetcum
