  <div class='ocr_page' id='page_1' title='image "/cluster/home/n/w/nwhite01/storage/ocr_20150623/10/hvd.32044096580394/333.png"; bbox 0 0 4100 6196; ppageno 0'>
   <div class='ocr_carea' id='block_1_1' title="bbox 481 222 590 284">
    <p class='ocr_par' dir='ltr' id='par_1_1' title="bbox 481 222 590 284">
     <span class='ocr_line' id='line_1_1' title="bbox 481 222 590 284; baseline -0.037 0"><span class='ocrx_word' id='word_1_1' title='bbox 481 222 590 284; x_wconf 81' lang='lat'><strong>655</strong></span> 
     </span>
    </p>
   </div>
   <div class='ocr_carea' id='block_1_2' title="bbox 1682 197 2562 261">
    <p class='ocr_par' dir='ltr' id='par_1_2' title="bbox 1682 197 2562 261">
     <span class='ocr_line' id='line_1_2' title="bbox 1682 197 2562 261; baseline -0.009 0"><span class='ocrx_word' id='word_1_2' title='bbox 1682 201 1924 261; x_wconf 79' lang='lat' dir='ltr'><strong>SANCTI</strong></span> <span class='ocrx_word' id='word_1_3' title='bbox 1964 198 2221 257; x_wconf 78' lang='lat' dir='ltr'><strong>IIILARII</strong></span> <span class='ocrx_word' id='word_1_4' title='bbox 2258 197 2562 258; x_wconf 85' lang='lat' dir='ltr'><strong>EPISCOPI</strong></span> 
     </span>
    </p>
   </div>
   <div class='ocr_carea' id='block_1_3' title="bbox 3678 197 3791 255">
    <p class='ocr_par' dir='ltr' id='par_1_3' title="bbox 3678 197 3791 255">
     <span class='ocr_line' id='line_1_3' title="bbox 3678 197 3791 255; baseline 0.018 -2"><span class='ocrx_word' id='word_1_5' title='bbox 3678 197 3791 255; x_wconf 79' lang='lat'><strong>656</strong></span> 
     </span>
    </p>
   </div>
   <div class='ocr_carea' id='block_1_4' title="bbox 479 300 3790 410">
    <p class='ocr_par' dir='ltr' id='par_1_4' title="bbox 479 300 3790 410">
     <span class='ocr_line' id='line_1_4' title="bbox 479 300 3790 410; baseline -0.012 -14"><span class='ocrx_word' id='word_1_6' title='bbox 479 339 640 410; x_wconf 87' lang='lat' dir='ltr'><strong>plena</strong></span> <span class='ocrx_word' id='word_1_7' title='bbox 666 341 829 405; x_wconf 88' lang='lat' dir='ltr'><strong>atque</strong></span> <span class='ocrx_word' id='word_1_8' title='bbox 851 328 1087 403; x_wconf 83' lang='lat' dir='ltr'><strong>perlecta</strong></span> <span class='ocrx_word' id='word_1_9' title='bbox 1107 330 1215 391; x_wconf 91' lang='lat' dir='ltr'><strong>est,</strong></span> <span class='ocrx_word' id='word_1_10' title='bbox 1245 327 1298 378; x_wconf 89' lang='lat' dir='ltr'><strong>et</strong></span> <span class='ocrx_word' id='word_1_11' title='bbox 1322 318 1574 375; x_wconf 89' lang='lat' dir='ltr'><strong>omnibus</strong></span> <span class='ocrx_word' id='word_1_12' title='bbox 1595 316 1853 389; x_wconf 80' lang='lat' dir='ltr'><strong>undique,</strong></span> <span class='ocrx_word' id='word_1_13' title='bbox 1882 315 2075 388; x_wconf 83' lang='lat' dir='ltr'><strong>quibus</strong></span> <span class='ocrx_word' id='word_1_14' title='bbox 2100 324 2150 384; x_wconf 80' lang='grc' dir='ltr'><strong>Α</strong></span> <span class='ocrx_word' id='word_1_15' title='bbox 2181 315 2552 387; x_wconf 83' lang='lat' dir='ltr'><strong>primogenitus</strong></span> <span class='ocrx_word' id='word_1_16' title='bbox 2588 313 2754 369; x_wconf 86' lang='lat' dir='ltr'><strong>omnis</strong></span> <span class='ocrx_word' id='word_1_17' title='bbox 2780 321 3029 367; x_wconf 80' lang='lat' dir='ltr'><strong>creatura:</strong></span> <span class='ocrx_word' id='word_1_18' title='bbox 3060 327 3077 367; x_wconf 89' lang='lat'><em>:</em></span> <span class='ocrx_word' id='word_1_19' title='bbox 3108 310 3250 384; x_wconf 84' lang='lat' dir='ltr'><strong>quia‘</strong></span> <span class='ocrx_word' id='word_1_20' title='bbox 3269 311 3321 366; x_wconf 89' lang='lat' dir='ltr'><strong>in</strong></span> <span class='ocrx_word' id='word_1_21' title='bbox 3361 311 3478 381; x_wconf 82' lang='lat' dir='ltr'><strong>ipso</strong></span> <span class='ocrx_word' id='word_1_22' title='bbox 3505 300 3790 368; x_wconf 46' lang='lat' dir='ltr'><strong>causam“;</strong></span> 
     </span>
    </p>
   </div>
   <div class='ocr_carea' id='block_1_5' title="bbox 482 409 2082 501">
    <p class='ocr_par' dir='ltr' id='par_1_5' title="bbox 482 409 2082 501">
     <span class='ocr_line' id='line_1_5' title="bbox 482 409 2082 501; baseline -0.014 -14"><span class='ocrx_word' id='word_1_23' title='bbox 482 433 725 501; x_wconf 91' lang='lat' dir='ltr'><strong>irrepere</strong></span> <span class='ocrx_word' id='word_1_24' title='bbox 765 422 1007 482; x_wconf 81' lang='lat' dir='ltr'><strong>haeretici</strong></span> <span class='ocrx_word' id='word_1_25' title='bbox 1038 419 1237 483; x_wconf 91' lang='lat' dir='ltr'><strong>solent,</strong></span> <span class='ocrx_word' id='word_1_26' title='bbox 1269 413 1506 470; x_wconf 92' lang='lat' dir='ltr'><strong>aditibus</strong></span> <span class='ocrx_word' id='word_1_27' title='bbox 1532 411 1820 479; x_wconf 78' lang='lat' dir='ltr'><strong>obseratis,</strong></span> <span class='ocrx_word' id='word_1_28' title='bbox 1854 409 2082 465; x_wconf 89' lang='lat' dir='ltr'><strong>inviola-</strong></span> 
     </span>
    </p>
   </div>
   <div class='ocr_carea' id='block_1_6' title="bbox 484 501 2080 580">
    <p class='ocr_par' dir='ltr' id='par_1_6' title="bbox 484 501 2080 580">
     <span class='ocr_line' id='line_1_6' title="bbox 484 501 2080 580; baseline -0.016 0"><span class='ocrx_word' id='word_1_29' title='bbox 484 523 581 580; x_wconf 89' lang='lat' dir='ltr'><strong>bili</strong></span> <span class='ocrx_word' id='word_1_30' title='bbox 620 524 765 577; x_wconf 91' lang='lat' dir='ltr'><strong>inter</strong></span> <span class='ocrx_word' id='word_1_31' title='bbox 812 517 1028 572; x_wconf 90' lang='lat' dir='ltr'><strong>Patrem</strong></span> <span class='ocrx_word' id='word_1_32' title='bbox 1065 519 1121 565; x_wconf 89' lang='lat' dir='ltr'><strong>et</strong></span> <span class='ocrx_word' id='word_1_33' title='bbox 1150 507 1347 562; x_wconf 87' lang='lat' dir='ltr'><strong>Filium</strong></span> <span class='ocrx_word' id='word_1_34' title='bbox 1393 513 1613 560; x_wconf 64' lang='lat' dir='ltr'><strong>internae</strong></span> <span class='ocrx_word' id='word_1_35' title='bbox 1643 502 1864 558; x_wconf 83' lang='lat' dir='ltr'><strong>unitatis</strong></span> <span class='ocrx_word' id='word_1_36' title='bbox 1895 501 2080 558; x_wconf 81' lang='lat' dir='ltr'><strong>solidi—</strong></span> 
     </span>
    </p>
   </div>
   <div class='ocr_carea' id='block_1_7' title="bbox 483 595 2078 675">
    <p class='ocr_par' dir='ltr' id='par_1_7' title="bbox 483 595 2078 675">
     <span class='ocr_line' id='line_1_7' title="bbox 483 595 2078 675; baseline -0.018 1"><span class='ocrx_word' id='word_1_37' title='bbox 483 628 598 675; x_wconf 87' lang='lat' dir='ltr'><strong>tate</strong></span> <span class='ocrx_word' id='word_1_38' title='bbox 643 610 984 672; x_wconf 84' lang='lat' dir='ltr'><strong>connectitur</strong></span> <span class='ocrx_word' id='word_1_39' title='bbox 1015 623 1029 662; x_wconf 90' lang='lat'>:</span> <span class='ocrx_word' id='word_1_40' title='bbox 1062 605 1181 660; x_wconf 70' lang='lat' dir='ltr'><strong>haec</strong></span> <span class='ocrx_word' id='word_1_41' title='bbox 1220 617 1354 658; x_wconf 91' lang='lat' dir='ltr'><strong>vero</strong></span> <span class='ocrx_word' id='word_1_42' title='bbox 1389 596 1735 671; x_wconf 84' lang='lat' dir='ltr'><strong>simplicitate</strong></span> <span class='ocrx_word' id='word_1_43' title='bbox 1778 595 2078 663; x_wconf 82' lang='lat' dir='ltr'><strong>blanditur,</strong></span> 
     </span>
    </p>
   </div>
   <div class='ocr_carea' id='block_1_8' title="bbox 484 690 2080 784">
    <p class='ocr_par' dir='ltr' id='par_1_8' title="bbox 484 690 2080 784">
     <span class='ocr_line' id='line_1_8' title="bbox 484 690 2080 784; baseline -0.015 -16"><span class='ocrx_word' id='word_1_44' title='bbox 484 712 717 784; x_wconf 91' lang='lat' dir='ltr'><strong>primum</strong></span> <span class='ocrx_word' id='word_1_45' title='bbox 746 716 999 761; x_wconf 82' lang='lat' dir='ltr'><strong>asserens</strong></span> <span class='ocrx_word' id='word_1_46' title='bbox 1028 713 1127 756; x_wconf 91' lang='lat' dir='ltr'><strong>nos</strong></span> <span class='ocrx_word' id='word_1_47' title='bbox 1160 698 1231 751; x_wconf 88' lang='lat' dir='ltr'><strong>ita</strong></span> <span class='ocrx_word' id='word_1_48' title='bbox 1262 693 1510 760; x_wconf 88' lang='lat' dir='ltr'><strong>credere,</strong></span> <span class='ocrx_word' id='word_1_49' title='bbox 1544 690 1688 764; x_wconf 90' lang='lat' dir='ltr'><strong>quod</strong></span> <span class='ocrx_word' id='word_1_50' title='bbox 1716 690 1856 746; x_wconf 86' lang='lat' dir='ltr'><strong>absit</strong></span> <span class='ocrx_word' id='word_1_51' title='bbox 1882 705 1911 744; x_wconf 92' lang='lat' dir='ltr'><strong>a</strong></span> <span class='ocrx_word' id='word_1_52' title='bbox 1941 703 2080 761; x_wconf 83' lang='lat' dir='ltr'><strong>quo-</strong></span> 
     </span>
    </p>
   </div>
   <div class='ocr_carea' id='block_1_9' title="bbox 485 783 2081 878">
    <p class='ocr_par' dir='ltr' id='par_1_9' title="bbox 485 783 2081 878">
     <span class='ocr_line' id='line_1_9' title="bbox 485 783 2081 878; baseline -0.014 -17"><span class='ocrx_word' id='word_1_53' title='bbox 485 783 667 878; x_wconf 87' lang='lat' dir='ltr'><strong>quam.</strong></span> <span class='ocrx_word' id='word_1_54' title='bbox 695 799 964 857; x_wconf 61' lang='lat' dir='ltr'><strong>Caeterum</strong></span> <span class='ocrx_word' id='word_1_55' title='bbox 992 789 1420 850; x_wconf 83' lang='lat' dir='ltr'><strong>Occidentalium</strong></span> <span class='ocrx_word' id='word_1_56' title='bbox 1451 787 1607 852; x_wconf 81' lang='lat' dir='ltr'><strong>ﬁdes,</strong></span> <span class='ocrx_word' id='word_1_57' title='bbox 1640 783 1968 878; x_wconf 80' lang='lat' dir='ltr'><strong>evangelicis</strong></span> <span class='ocrx_word' id='word_1_58' title='bbox 1993 783 2081 839; x_wconf 88' lang='lat' dir='ltr'><strong>in-</strong></span> 
     </span>
    </p>
   </div>
   <div class='ocr_carea' id='block_1_10' title="bbox 484 877 2085 954">
    <p class='ocr_par' dir='ltr' id='par_1_10' title="bbox 484 877 2085 954">
     <span class='ocr_line' id='line_1_10' title="bbox 484 877 2085 954; baseline -0.013 -1"><span class='ocrx_word' id='word_1_59' title='bbox 484 877 668 954; x_wconf 80' lang='lat' dir='ltr'><strong>stituta</strong></span> <span class='ocrx_word' id='word_1_60' title='bbox 696 888 980 954; x_wconf 84' lang='lat' dir='ltr'><strong>doctrinis,</strong></span> <span class='ocrx_word' id='word_1_61' title='bbox 1010 885 1227 940; x_wconf 84' lang='lat' dir='ltr'><strong>Patrem</strong></span> <span class='ocrx_word' id='word_1_62' title='bbox 1267 881 1320 936; x_wconf 93' lang='lat' dir='ltr'><strong>in</strong></span> <span class='ocrx_word' id='word_1_63' title='bbox 1365 880 1501 935; x_wconf 85' lang='lat' dir='ltr'><strong>Filio</strong></span> <span class='ocrx_word' id='word_1_64' title='bbox 1527 921 1541 945; x_wconf 92' lang='lat'><strong>,</strong></span> <span class='ocrx_word' id='word_1_65' title='bbox 1570 877 1764 934; x_wconf 85' lang='lat' dir='ltr'><strong>Filium</strong></span> <span class='ocrx_word' id='word_1_66' title='bbox 1795 877 2085 933; x_wconf 83' lang='lat' dir='ltr'><strong>conﬁtetur</strong></span> 
     </span>
    </p>
   </div>
   <div class='ocr_carea' id='block_1_11' title="bbox 484 968 2085 1050">
    <p class='ocr_par' dir='ltr' id='par_1_11' title="bbox 484 968 2085 1050">
     <span class='ocr_line' id='line_1_11' title="bbox 484 968 2085 1050; baseline -0.014 -5"><span class='ocrx_word' id='word_1_67' title='bbox 484 989 538 1045; x_wconf 93' lang='lat' dir='ltr'><strong>in</strong></span> <span class='ocrx_word' id='word_1_68' title='bbox 558 987 757 1050; x_wconf 84' lang='lat' dir='ltr'><strong>Patre;</strong></span> <span class='ocrx_word' id='word_1_69' title='bbox 785 981 1000 1037; x_wconf 87' lang='lat' dir='ltr'><strong>Patrem</strong></span> <span class='ocrx_word' id='word_1_70' title='bbox 1031 976 1352 1047; x_wconf 84' lang='lat' dir='ltr'><strong>ingenitum,</strong></span> <span class='ocrx_word' id='word_1_71' title='bbox 1376 970 1572 1026; x_wconf 88' lang='lat' dir='ltr'><strong>Filium</strong></span> <span class='ocrx_word' id='word_1_72' title='bbox 1595 968 1896 1025; x_wconf 85' lang='lat' dir='ltr'><strong>substantia</strong></span> <span class='ocrx_word' id='word_1_73' title='bbox 1928 978 2085 1024; x_wconf 78' lang='lat' dir='ltr'><strong>aeter-</strong></span> 
     </span>
    </p>
   </div>
   <div class='ocr_carea' id='block_1_12' title="bbox 485 1059 2086 1143">
    <p class='ocr_par' dir='ltr' id='par_1_12' title="bbox 485 1059 2086 1143">
     <span class='ocr_line' id='line_1_12' title="bbox 485 1059 2086 1143; baseline -0.014 -6"><span class='ocrx_word' id='word_1_74' title='bbox 485 1079 672 1137; x_wconf 89' lang='lat' dir='ltr'><strong>nitatis</strong></span> <span class='ocrx_word' id='word_1_75' title='bbox 699 1086 984 1139; x_wconf 63' lang='lat' dir='ltr'><strong>aeternum,</strong></span> <span class='ocrx_word' id='word_1_76' title='bbox 1009 1069 1062 1125; x_wconf 91' lang='lat' dir='ltr'><strong>id</strong></span> <span class='ocrx_word' id='word_1_77' title='bbox 1087 1076 1192 1135; x_wconf 90' lang='lat' dir='ltr'><strong>est,</strong></span> <span class='ocrx_word' id='word_1_78' title='bbox 1221 1074 1282 1122; x_wconf 89' lang='lat' dir='ltr'><strong>ut</strong></span> <span class='ocrx_word' id='word_1_79' title='bbox 1308 1065 1790 1143; x_wconf 75' lang='lat' dir='ltr'><strong>Patremsemper,</strong></span> <span class='ocrx_word' id='word_1_80' title='bbox 1815 1062 1888 1116; x_wconf 90' lang='lat' dir='ltr'><strong>ita</strong></span> <span class='ocrx_word' id='word_1_81' title='bbox 1918 1070 1973 1116; x_wconf 89' lang='lat' dir='ltr'><strong>et</strong></span> <span class='ocrx_word' id='word_1_82' title='bbox 1998 1059 2086 1115; x_wconf 85' lang='lat' dir='ltr'><strong>Fi-</strong></span> 
     </span>
    </p>
   </div>
   <div class='ocr_carea' id='block_1_13' title="bbox 486 1153 2085 1242">
    <p class='ocr_par' dir='ltr' id='par_1_13' title="bbox 486 1153 2085 1242">
     <span class='ocr_line' id='line_1_13' title="bbox 486 1153 2085 1242; baseline -0.016 -9"><span class='ocrx_word' id='word_1_83' title='bbox 486 1177 620 1233; x_wconf 90' lang='lat' dir='ltr'><strong>lium</strong></span> <span class='ocrx_word' id='word_1_84' title='bbox 662 1184 878 1242; x_wconf 85' lang='lat' dir='ltr'><strong>semper</strong></span> <span class='ocrx_word' id='word_1_85' title='bbox 913 1167 966 1222; x_wconf 92' lang='lat' dir='ltr'><strong>in</strong></span> <span class='ocrx_word' id='word_1_86' title='bbox 999 1165 1179 1227; x_wconf 85' lang='lat' dir='ltr'><strong>Patre.</strong></span> <span class='ocrx_word' id='word_1_87' title='bbox 1208 1171 1262 1218; x_wconf 91' lang='lat' dir='ltr'><strong>et</strong></span> <span class='ocrx_word' id='word_1_88' title='bbox 1287 1167 1470 1216; x_wconf 90' lang='lat' dir='ltr'><strong>natum</strong></span> <span class='ocrx_word' id='word_1_89' title='bbox 1493 1157 1561 1214; x_wconf 87' lang='lat' dir='ltr'><strong>de</strong></span> <span class='ocrx_word' id='word_1_90' title='bbox 1590 1153 1889 1229; x_wconf 63' lang='lat' dir='ltr'><strong>Deam</strong></span> <span class='ocrx_word' id='word_1_91' title='bbox 1917 1154 2085 1210; x_wconf 92' lang='lat' dir='ltr'><strong>Deum</strong></span> 
     </span>
    </p>
   </div>
   <div class='ocr_carea' id='block_1_14' title="bbox 486 1249 2088 1337">
    <p class='ocr_par' dir='ltr' id='par_1_14' title="bbox 486 1249 2088 1337">
     <span class='ocr_line' id='line_1_14' title="bbox 486 1249 2088 1337; baseline -0.016 -9"><span class='ocrx_word' id='word_1_92' title='bbox 486 1285 632 1337; x_wconf 88' lang='lat' dir='ltr'><strong>esse,</strong></span> <span class='ocrx_word' id='word_1_93' title='bbox 662 1282 770 1324; x_wconf 92' lang='lat' dir='ltr'><strong>non</strong></span> <span class='ocrx_word' id='word_1_94' title='bbox 794 1269 1115 1331; x_wconf 89' lang='lat' dir='ltr'><strong>conceptum</strong></span> <span class='ocrx_word' id='word_1_95' title='bbox 1138 1255 1371 1317; x_wconf 88' lang='lat' dir='ltr'><strong>scilicet.</strong></span> <span class='ocrx_word' id='word_1_96' title='bbox 1402 1260 1458 1310; x_wconf 91' lang='lat' dir='ltr'><strong>et</strong></span> <span class='ocrx_word' id='word_1_97' title='bbox 1478 1252 1533 1308; x_wconf 92' lang='lat' dir='ltr'><strong>in</strong></span> <span class='ocrx_word' id='word_1_98' title='bbox 1562 1265 1629 1307; x_wconf 90' lang='lat' dir='ltr'><strong>eo</strong></span> <span class='ocrx_word' id='word_1_99' title='bbox 1652 1264 1866 1320; x_wconf 88' lang='lat' dir='ltr'><strong>semper</strong></span> <span class='ocrx_word' id='word_1_100' title='bbox 1889 1249 1958 1304; x_wconf 90' lang='lat' dir='ltr'><strong>de</strong></span> <span class='ocrx_word' id='word_1_101' title='bbox 1979 1259 2088 1319; x_wconf 91' lang='lat' dir='ltr'><strong>quo</strong></span> 
     </span>
    </p>
   </div>
   <div class='ocr_carea' id='block_1_15' title="bbox 486 1371 1881 1427">
    <p class='ocr_par' dir='ltr' id='par_1_15' title="bbox 486 1371 1881 1427">
     <span class='ocr_line' id='line_1_15' title="bbox 486 1371 1881 1427; baseline -0.008 -6"><span class='ocrx_word' id='word_1_102' title='bbox 486 1371 592 1427; x_wconf 87' lang='lat' dir='ltr'><strong>est,</strong></span> <span class='ocrx_word' id='word_1_103' title='bbox 622 1374 766 1418; x_wconf 90' lang='lat' dir='ltr'><strong>esse.</strong></span> <span class='ocrx_word' id='word_1_104' title='bbox 1878 1394 1881 1397; x_wconf 99' lang='lat'><strong><em>-</em></strong></span> 
     </span>
    </p>
   </div>
   <div class='ocr_carea' id='block_1_16' title="bbox 557 1434 2087 1514">
    <p class='ocr_par' dir='ltr' id='par_1_16' title="bbox 557 1434 2087 1514">
     <span class='ocr_line' id='line_1_16' title="bbox 557 1434 2087 1514; baseline -0.016 -1"><span class='ocrx_word' id='word_1_105' title='bbox 557 1456 650 1513; x_wconf 76' lang='lat'><strong>29.</strong></span> <span class='ocrx_word' id='word_1_106' title='bbox 702 1472 722 1506; x_wconf 74' lang='grc' dir='ltr'>ι</span> <span class='ocrx_word' id='word_1_107' title='bbox 768 1451 840 1508; x_wconf 82' lang='lat' dir='ltr'><strong>At</strong></span> <span class='ocrx_word' id='word_1_108' title='bbox 864 1462 997 1506; x_wconf 89' lang='lat' dir='ltr'><strong>vero</strong></span> <span class='ocrx_word' id='word_1_109' title='bbox 1046 1446 1163 1501; x_wconf 85' lang='lat' dir='ltr'><strong>haec</strong></span> <span class='ocrx_word' id='word_1_110' title='bbox 1207 1439 1429 1514; x_wconf 81' lang='lat' dir='ltr'><strong>perﬁdia</strong></span> <span class='ocrx_word' id='word_1_111' title='bbox 1463 1436 1836 1513; x_wconf 77' lang='lat' dir='ltr'><strong>(Orientalium</strong></span> <span class='ocrx_word' id='word_1_112' title='bbox 1889 1434 2087 1492; x_wconf 84' lang='lat' dir='ltr'><strong>Sirmio</strong></span> 
     </span>
    </p>
   </div>
   <div class='ocr_carea' id='block_1_17' title="bbox 485 1529 2089 1611">
    <p class='ocr_par' dir='ltr' id='par_1_17' title="bbox 485 1529 2089 1611">
     <span class='ocr_line' id='line_1_17' title="bbox 485 1529 2089 1611; baseline -0.014 -6"><span class='ocrx_word' id='word_1_113' title='bbox 485 1544 899 1611; x_wconf 85' lang='lat' dir='ltr'><strong>rescribentium)</strong></span> <span class='ocrx_word' id='word_1_114' title='bbox 933 1555 1038 1597; x_wconf 89' lang='lat' dir='ltr'><strong>non</strong></span> <span class='ocrx_word' id='word_1_115' title='bbox 1083 1537 1219 1593; x_wconf 78' lang='lat' dir='ltr'><strong>ﬁdes</strong></span> <span class='ocrx_word' id='word_1_116' title='bbox 1241 1575 1257 1603; x_wconf 92' lang='lat'><strong>,</strong></span> <span class='ocrx_word' id='word_1_117' title='bbox 1312 1533 1481 1588; x_wconf 85' lang='lat' dir='ltr'><strong>Deum</strong></span> <span class='ocrx_word' id='word_1_118' title='bbox 1518 1548 1583 1587; x_wconf 79' lang='lat' dir='ltr'><strong>ea:</strong></span> <span class='ocrx_word' id='word_1_119' title='bbox 1616 1530 1720 1584; x_wconf 88' lang='lat' dir='ltr'><strong>Deo</strong></span> <span class='ocrx_word' id='word_1_120' title='bbox 1751 1529 1938 1584; x_wconf 83' lang='lat' dir='ltr'><strong>dicens</strong></span> <span class='ocrx_word' id='word_1_121' title='bbox 1965 1569 1981 1595; x_wconf 90' lang='lat'><strong>,</strong></span> <span class='ocrx_word' id='word_1_122' title='bbox 2034 1537 2089 1583; x_wconf 91' lang='lat' dir='ltr'><strong>et</strong></span> 
     </span>
    </p>
   </div>
   <div class='ocr_carea' id='block_1_18' title="bbox 485 1621 2092 1717">
    <p class='ocr_par' dir='ltr' id='par_1_18' title="bbox 485 1621 2092 1717">
     <span class='ocr_line' id='line_1_18' title="bbox 485 1621 2092 1717; baseline -0.016 -19"><span class='ocrx_word' id='word_1_123' title='bbox 485 1639 885 1717; x_wconf 77' lang='lat' dir='ltr'><strong>primogenitum</strong></span> <span class='ocrx_word' id='word_1_124' title='bbox 913 1629 1303 1689; x_wconf 85' lang='lat' dir='ltr'><strong>commendans</strong></span> <span class='ocrx_word' id='word_1_125' title='bbox 1325 1669 1342 1695; x_wconf 91' lang='lat'><strong>,</strong></span> <span class='ocrx_word' id='word_1_126' title='bbox 1373 1634 1430 1682; x_wconf 89' lang='lat' dir='ltr'><strong>et</strong></span> <span class='ocrx_word' id='word_1_127' title='bbox 1470 1624 1754 1680; x_wconf 83' lang='lat' dir='ltr'><strong>Trinitatis</strong></span> <span class='ocrx_word' id='word_1_128' title='bbox 1778 1637 1974 1678; x_wconf 90' lang='lat' dir='ltr'><strong>nomen</strong></span> <span class='ocrx_word' id='word_1_129' title='bbox 2005 1621 2092 1674; x_wconf 92' lang='lat' dir='ltr'><strong>in-</strong></span> 
     </span>
    </p>
   </div>
   <div class='ocr_carea' id='block_1_19' title="bbox 2182 406 3789 482">
    <p class='ocr_par' dir='ltr' id='par_1_19' title="bbox 2182 406 3789 482">
     <span class='ocr_line' id='line_1_19' title="bbox 2182 406 3789 482; baseline -0.001 -19"><span class='ocrx_word' id='word_1_130' title='bbox 2182 419 2301 465; x_wconf 89' lang='lat' dir='ltr'><strong>sunt</strong></span> <span class='ocrx_word' id='word_1_131' title='bbox 2328 409 2501 464; x_wconf 82' lang='lat' dir='ltr'><strong>omnia</strong></span> <span class='ocrx_word' id='word_1_132' title='bbox 2526 408 2583 463; x_wconf 86' lang='lat' dir='ltr'><strong>in</strong></span> <span class='ocrx_word' id='word_1_133' title='bbox 2611 408 2750 482; x_wconf 74' lang='lat' dir='ltr'><strong>caelis</strong></span> <span class='ocrx_word' id='word_1_134' title='bbox 2776 416 2822 462; x_wconf 90' lang='lat' dir='ltr'><strong>et</strong></span> <span class='ocrx_word' id='word_1_135' title='bbox 2852 408 2905 461; x_wconf 86' lang='lat' dir='ltr'><strong>in</strong></span> <span class='ocrx_word' id='word_1_136' title='bbox 2935 416 3094 474; x_wconf 82' lang='lat' dir='ltr'><strong>terra,</strong></span> <span class='ocrx_word' id='word_1_137' title='bbox 3125 406 3344 461; x_wconf 81' lang='lat' dir='ltr'><strong>visibilia</strong></span> <span class='ocrx_word' id='word_1_138' title='bbox 3373 415 3420 460; x_wconf 87' lang='lat' dir='ltr'><strong>el</strong></span> <span class='ocrx_word' id='word_1_139' title='bbox 3463 407 3744 461; x_wconf 81' lang='lat' dir='ltr'><strong>invisibilia</strong></span> <span class='ocrx_word' id='word_1_140' title='bbox 3770 450 3789 473; x_wconf 85' lang='lat'><strong>,</strong></span> 
     </span>
    </p>
   </div>
   <div class='ocr_carea' id='block_1_20' title="bbox 2182 498 3795 570">
    <p class='ocr_par' dir='ltr' id='par_1_20' title="bbox 2182 498 3795 570">
     <span class='ocr_line' id='line_1_20' title="bbox 2182 498 3795 570; baseline 0 -14"><span class='ocrx_word' id='word_1_141' title='bbox 2182 503 2284 557; x_wconf 83' lang='lat' dir='ltr'><strong>sive</strong></span> <span class='ocrx_word' id='word_1_142' title='bbox 2316 502 2525 568; x_wconf 77' lang='lat' dir='ltr'><strong>Tln&#39;oni,</strong></span> <span class='ocrx_word' id='word_1_143' title='bbox 2564 502 2672 556; x_wconf 79' lang='lat' dir='ltr'><strong>sine</strong></span> <span class='ocrx_word' id='word_1_144' title='bbox 2697 499 3109 566; x_wconf 85' lang='lat' dir='ltr'><strong>Dominationes,</strong></span> <span class='ocrx_word' id='word_1_145' title='bbox 3142 501 3246 554; x_wconf 83' lang='lat' dir='ltr'><strong>sive</strong></span> <span class='ocrx_word' id='word_1_146' title='bbox 3292 498 3651 570; x_wconf 83' lang='lat' dir='ltr'><strong>Principams,</strong></span> <span class='ocrx_word' id='word_1_147' title='bbox 3688 502 3795 556; x_wconf 76' lang='lat' dir='ltr'><strong>sive</strong></span> 
     </span>
    </p>
   </div>
   <div class='ocr_carea' id='block_1_21' title="bbox 2183 594 3794 666">
    <p class='ocr_par' dir='ltr' id='par_1_21' title="bbox 2183 594 3794 666">
     <span class='ocr_line' id='line_1_21' title="bbox 2183 594 3794 666; baseline 0.002 -17"><span class='ocrx_word' id='word_1_148' title='bbox 2183 594 2488 658; x_wconf 77' lang='lat' dir='ltr'><strong>Palestates,</strong></span> <span class='ocrx_word' id='word_1_149' title='bbox 2512 596 2684 650; x_wconf 84' lang='lat' dir='ltr'><strong>omnia</strong></span> <span class='ocrx_word' id='word_1_150' title='bbox 2706 611 2796 665; x_wconf 86' lang='lat' dir='ltr'><strong>per</strong></span> <span class='ocrx_word' id='word_1_151' title='bbox 2831 596 3002 663; x_wconf 88' lang='lat' dir='ltr'><strong>ipsum</strong></span> <span class='ocrx_word' id='word_1_152' title='bbox 3034 605 3085 651; x_wconf 90' lang='lat' dir='ltr'><strong>et</strong></span> <span class='ocrx_word' id='word_1_153' title='bbox 3110 595 3161 649; x_wconf 86' lang='lat' dir='ltr'><strong>in</strong></span> <span class='ocrx_word' id='word_1_154' title='bbox 3189 595 3303 665; x_wconf 88' lang='lat' dir='ltr'><strong>ipso</strong></span> <span class='ocrx_word' id='word_1_155' title='bbox 3330 596 3541 652; x_wconf 83' lang='lat' dir='ltr'><strong>condita</strong></span> <span class='ocrx_word' id='word_1_156' title='bbox 3572 608 3715 666; x_wconf 82' lang='lat' dir='ltr'><strong>sunt,</strong></span> <span class='ocrx_word' id='word_1_157' title='bbox 3745 607 3794 653; x_wconf 85' lang='lat' dir='ltr'><strong>et</strong></span> 
     </span>
    </p>
   </div>
   <div class='ocr_carea' id='block_1_22' title="bbox 2183 686 3797 761">
    <p class='ocr_par' dir='ltr' id='par_1_22' title="bbox 2183 686 3797 761">
     <span class='ocr_line' id='line_1_22' title="bbox 2183 686 3797 761; baseline 0.002 -18"><span class='ocrx_word' id='word_1_158' title='bbox 2183 690 2293 760; x_wconf 86' lang='lat' dir='ltr'><strong>ipse</strong></span> <span class='ocrx_word' id='word_1_159' title='bbox 2342 699 2416 745; x_wconf 89' lang='lat' dir='ltr'><strong>est</strong></span> <span class='ocrx_word' id='word_1_160' title='bbox 2447 700 2567 744; x_wconf 84' lang='lat' dir='ltr'><strong>ante</strong></span> <span class='ocrx_word' id='word_1_161' title='bbox 2598 705 2775 744; x_wconf 83' lang='lat' dir='ltr'><strong>omnes</strong></span> <span class='ocrx_word' id='word_1_162' title='bbox 2805 686 3028 759; x_wconf 85' lang='lat' dir='ltr'><strong>(Coloss.</strong></span> <span class='ocrx_word' id='word_1_163' title='bbox 3076 704 3112 754; x_wconf 86' lang='grc' dir='ltr'><strong>ι,</strong></span> <span class='ocrx_word' id='word_1_164' title='bbox 3148 689 3239 757; x_wconf 79' lang='grc'><strong>15,</strong></span> <span class='ocrx_word' id='word_1_165' title='bbox 3267 687 3382 761; x_wconf 75' lang='grc'><strong>16).</strong></span> <span class='ocrx_word' id='word_1_166' title='bbox 3431 688 3614 761; x_wconf 84' lang='lat' dir='ltr'><strong>Imago</strong></span> <span class='ocrx_word' id='word_1_167' title='bbox 3660 706 3797 761; x_wconf 83' lang='lat' dir='ltr'><strong>ergo</strong></span> 
     </span>
    </p>
   </div>
   <div class='ocr_carea' id='block_1_23' title="bbox 2185 766 3797 853">
    <p class='ocr_par' dir='ltr' id='par_1_23' title="bbox 2185 766 3797 853">
     <span class='ocr_line' id='line_1_23' title="bbox 2185 766 3797 853; baseline -0.001 -16"><span class='ocrx_word' id='word_1_168' title='bbox 2185 783 2281 838; x_wconf 90' lang='lat' dir='ltr'><strong>Dci</strong></span> <span class='ocrx_word' id='word_1_169' title='bbox 2298 782 2586 838; x_wconf 83' lang='lat' dir='ltr'><strong>invisibilis</strong></span> <span class='ocrx_word' id='word_1_170' title='bbox 2612 766 2680 838; x_wconf 68' lang='lat' dir='ltr'><strong>es</strong></span> <span class='ocrx_word' id='word_1_171' title='bbox 2706 780 2877 836; x_wconf 89' lang='lat' dir='ltr'><strong>nihilo</strong></span> <span class='ocrx_word' id='word_1_172' title='bbox 2898 780 3033 837; x_wconf 89' lang='lat' dir='ltr'><strong>ordo</strong></span> <span class='ocrx_word' id='word_1_173' title='bbox 3059 789 3162 846; x_wconf 89' lang='lat' dir='ltr'><strong>est,</strong></span> <span class='ocrx_word' id='word_1_174' title='bbox 3193 790 3250 837; x_wconf 86' lang='lat' dir='ltr'><strong>et</strong></span> <span class='ocrx_word' id='word_1_175' title='bbox 3262 781 3430 853; x_wconf 71' lang='lat' dir='ltr'><strong>erepit</strong></span> <span class='ocrx_word' id='word_1_176' title='bbox 3451 797 3481 835; x_wconf 89' lang='lat' dir='ltr'><strong>a</strong></span> <span class='ocrx_word' id='word_1_177' title='bbox 3505 782 3797 852; x_wconf 78' lang='lat' dir='ltr'><strong>tempore?</strong></span> 
     </span>
    </p>
   </div>
   <div class='ocr_carea' id='block_1_24' title="bbox 2186 873 3798 946">
    <p class='ocr_par' dir='ltr' id='par_1_24' title="bbox 2186 873 3798 946">
     <span class='ocr_line' id='line_1_24' title="bbox 2186 873 3798 946; baseline 0 -16"><span class='ocrx_word' id='word_1_178' title='bbox 2186 876 2443 946; x_wconf 79' lang='lat' dir='ltr'><strong>Aut&#39;quia</strong></span> <span class='ocrx_word' id='word_1_179' title='bbox 2465 873 2855 946; x_wconf 85' lang='lat' dir='ltr'><strong>primogenitus</strong></span> <span class='ocrx_word' id='word_1_180' title='bbox 2879 873 3056 929; x_wconf 92' lang='lat' dir='ltr'><strong>omnis</strong></span> <span class='ocrx_word' id='word_1_181' title='bbox 3085 883 3349 929; x_wconf 61' lang='lat' dir='ltr'><strong>creature</strong></span> <span class='ocrx_word' id='word_1_182' title='bbox 3380 883 3488 941; x_wconf 90' lang='lat' dir='ltr'><strong>est,</strong></span> <span class='ocrx_word' id='word_1_183' title='bbox 3504 873 3643 929; x_wconf 89' lang='lat' dir='ltr'><strong>ordo</strong></span> <span class='ocrx_word' id='word_1_184' title='bbox 3668 875 3798 945; x_wconf 81' lang='lat' dir='ltr'><strong>qui-</strong></span> 
     </span>
    </p>
   </div>
   <div class='ocr_carea' id='block_1_25' title="bbox 2187 964 3803 1038">
    <p class='ocr_par' dir='ltr' id='par_1_25' title="bbox 2187 964 3803 1038">
     <span class='ocr_line' id='line_1_25' title="bbox 2187 964 3803 1038; baseline -0.001 -15"><span class='ocrx_word' id='word_1_185' title='bbox 2187 967 2308 1024; x_wconf 88' lang='lat' dir='ltr'><strong>dem</strong></span> <span class='ocrx_word' id='word_1_186' title='bbox 2333 967 2384 1022; x_wconf 92' lang='lat' dir='ltr'><strong>in</strong></span> <span class='ocrx_word' id='word_1_187' title='bbox 2416 982 2483 1022; x_wconf 90' lang='lat' dir='ltr'><strong>eo</strong></span> <span class='ocrx_word' id='word_1_188' title='bbox 2506 981 2764 1022; x_wconf 72' lang='lat' dir='ltr'><strong>connexa:</strong></span> <span class='ocrx_word' id='word_1_189' title='bbox 2793 965 2869 1037; x_wconf 89' lang='lat' dir='ltr'><strong>(a)</strong></span> <span class='ocrx_word' id='word_1_190' title='bbox 2900 964 3189 1037; x_wconf 75' lang='lat' dir='ltr'><strong>incognita:</strong></span> <span class='ocrx_word' id='word_1_191' title='bbox 3214 967 3510 1022; x_wconf 90' lang='lat' dir='ltr'><strong>creationis</strong></span> <span class='ocrx_word' id='word_1_192' title='bbox 3533 966 3803 1038; x_wconf 80' lang='lat' dir='ltr'><strong>exprimi-</strong></span> 
     </span>
    </p>
   </div>
   <div class='ocr_carea' id='block_1_26' title="bbox 2188 1056 3801 1129">
    <p class='ocr_par' dir='ltr' id='par_1_26' title="bbox 2188 1056 3801 1129">
     <span class='ocr_line' id='line_1_26' title="bbox 2188 1056 3801 1129; baseline -0.002 -15"><span class='ocrx_word' id='word_1_193' title='bbox 2188 1066 2297 1126; x_wconf 91' lang='lat' dir='ltr'><strong>tur,</strong></span> <span class='ocrx_word' id='word_1_194' title='bbox 2327 1058 2422 1114; x_wconf 91' lang='lat' dir='ltr'><strong>sed</strong></span> <span class='ocrx_word' id='word_1_195' title='bbox 2453 1072 2557 1113; x_wconf 92' lang='lat' dir='ltr'><strong>non</strong></span> <span class='ocrx_word' id='word_1_196' title='bbox 2577 1058 2822 1129; x_wconf 83' lang='lat' dir='ltr'><strong>sequitur</strong></span> <span class='ocrx_word' id='word_1_197' title='bbox 2841 1056 3258 1127; x_wconf 79' lang='lat' dir='ltr'><strong>primogenitum</strong></span> <span class='ocrx_word' id='word_1_198' title='bbox 3287 1057 3466 1112; x_wconf 88' lang='lat' dir='ltr'><strong>omnis</strong></span> <span class='ocrx_word' id='word_1_199' title='bbox 3492 1056 3801 1113; x_wconf 62' lang='lat' dir='ltr'><strong>creaturae!</strong></span> 
     </span>
    </p>
   </div>
   <div class='ocr_carea' id='block_1_27' title="bbox 2189 1149 3800 1221">
    <p class='ocr_par' dir='ltr' id='par_1_27' title="bbox 2189 1149 3800 1221">
     <span class='ocr_line' id='line_1_27' title="bbox 2189 1149 3800 1221; baseline -0.002 -13"><span class='ocrx_word' id='word_1_200' title='bbox 2189 1152 2326 1220; x_wconf 84' lang='lat' dir='ltr'><strong>Quia</strong></span> <span class='ocrx_word' id='word_1_201' title='bbox 2358 1153 2409 1208; x_wconf 91' lang='lat' dir='ltr'><strong>in</strong></span> <span class='ocrx_word' id='word_1_202' title='bbox 2440 1152 2558 1221; x_wconf 89' lang='lat' dir='ltr'><strong>ipso</strong></span> <span class='ocrx_word' id='word_1_203' title='bbox 2597 1150 2889 1208; x_wconf 86' lang='lat' dir='ltr'><strong>constituta</strong></span> <span class='ocrx_word' id='word_1_204' title='bbox 2934 1161 3062 1207; x_wconf 89' lang='lat' dir='ltr'><strong>sunt</strong></span> <span class='ocrx_word' id='word_1_205' title='bbox 3111 1149 3295 1207; x_wconf 87' lang='lat' dir='ltr'><strong>omnia</strong></span> <span class='ocrx_word' id='word_1_206' title='bbox 3328 1150 3382 1207; x_wconf 91' lang='lat' dir='ltr'><strong>in</strong></span> <span class='ocrx_word' id='word_1_207' title='bbox 3428 1151 3586 1209; x_wconf 75' lang='lat' dir='ltr'><strong>caelis</strong></span> <span class='ocrx_word' id='word_1_208' title='bbox 3628 1162 3687 1208; x_wconf 89' lang='lat' dir='ltr'><strong>et</strong></span> <span class='ocrx_word' id='word_1_209' title='bbox 3743 1152 3800 1206; x_wconf 93' lang='lat' dir='ltr'><strong>in</strong></span> 
     </span>
    </p>
   </div>
   <div class='ocr_carea' id='block_1_28' title="bbox 2192 1244 3804 1317">
    <p class='ocr_par' dir='ltr' id='par_1_28' title="bbox 2192 1244 3804 1317">
     <span class='ocr_line' id='line_1_28' title="bbox 2192 1244 3804 1317; baseline -0.002 -13"><span class='ocrx_word' id='word_1_210' title='bbox 2192 1255 2356 1312; x_wconf 87' lang='lat' dir='ltr'><strong>terra,</strong></span> <span class='ocrx_word' id='word_1_211' title='bbox 2380 1245 2435 1303; x_wconf 90' lang='lat' dir='ltr'><strong>id</strong></span> <span class='ocrx_word' id='word_1_212' title='bbox 2464 1257 2568 1314; x_wconf 80' lang='lat' dir='ltr'><strong>est,</strong></span> <span class='ocrx_word' id='word_1_213' title='bbox 2601 1246 2656 1302; x_wconf 91' lang='lat' dir='ltr'><strong>in</strong></span> <span class='ocrx_word' id='word_1_214' title='bbox 2683 1244 3209 1317; x_wconf 76' lang='lat' dir='ltr'><strong>ipsO‘uuiversorum</strong></span> <span class='ocrx_word' id='word_1_215' title='bbox 3239 1245 3633 1303; x_wconf 79' lang='lat' dir='ltr'><strong>elementorum</strong></span> <span class='ocrx_word' id='word_1_216' title='bbox 3662 1245 3804 1302; x_wconf 81' lang='lat' dir='ltr'><strong>visi-</strong></span> 
     </span>
    </p>
   </div>
   <div class='ocr_carea' id='block_1_29' title="bbox 2189 1337 3801 1396">
    <p class='ocr_par' dir='ltr' id='par_1_29' title="bbox 2189 1337 3801 1396">
     <span class='ocr_line' id='line_1_29' title="bbox 2189 1337 3801 1396; baseline 0 0"><span class='ocrx_word' id='word_1_217' title='bbox 2189 1340 2373 1396; x_wconf 91' lang='lat' dir='ltr'><strong>bilium</strong></span> <span class='ocrx_word' id='word_1_218' title='bbox 2399 1350 2453 1395; x_wconf 90' lang='lat' dir='ltr'><strong>et</strong></span> <span class='ocrx_word' id='word_1_219' title='bbox 2478 1337 2828 1393; x_wconf 89' lang='lat' dir='ltr'><strong>invisibilium</strong></span> <span class='ocrx_word' id='word_1_220' title='bbox 2857 1337 3071 1395; x_wconf 86' lang='lat' dir='ltr'><strong>condita</strong></span> <span class='ocrx_word' id='word_1_221' title='bbox 3121 1349 3177 1395; x_wconf 93' lang='lat' dir='ltr'><strong>et</strong></span> <span class='ocrx_word' id='word_1_222' title='bbox 3220 1339 3518 1395; x_wconf 89' lang='lat' dir='ltr'><strong>constituta</strong></span> <span class='ocrx_word' id='word_1_223' title='bbox 3562 1341 3801 1396; x_wconf 81' lang='lat' dir='ltr'><strong>materia</strong></span> 
     </span>
    </p>
   </div>
   <div class='ocr_carea' id='block_1_30' title="bbox 2188 1430 3806 1503">
    <p class='ocr_par' dir='ltr' id='par_1_30' title="bbox 2188 1430 3806 1503">
     <span class='ocr_line' id='line_1_30' title="bbox 2188 1430 3806 1503; baseline 0.001 -15"><span class='ocrx_word' id='word_1_224' title='bbox 2188 1442 2304 1497; x_wconf 90' lang='lat' dir='ltr'><strong>est;</strong></span> <span class='ocrx_word' id='word_1_225' title='bbox 2337 1440 2392 1488; x_wconf 91' lang='lat' dir='ltr'><strong>et</strong></span> <span class='ocrx_word' id='word_1_226' title='bbox 2438 1430 2642 1487; x_wconf 84' lang='lat' dir='ltr'><strong>idcirco</strong></span> <span class='ocrx_word' id='word_1_227' title='bbox 2670 1432 2854 1487; x_wconf 85' lang='lat' dir='ltr'><strong>omnia</strong></span> <span class='ocrx_word' id='word_1_228' title='bbox 2891 1446 2988 1501; x_wconf 83' lang='lat' dir='ltr'><strong>per</strong></span> <span class='ocrx_word' id='word_1_229' title='bbox 3017 1432 3191 1501; x_wconf 90' lang='lat' dir='ltr'><strong>ipsum</strong></span> <span class='ocrx_word' id='word_1_230' title='bbox 3222 1440 3279 1487; x_wconf 89' lang='lat' dir='ltr'><strong>et</strong></span> <span class='ocrx_word' id='word_1_231' title='bbox 3309 1433 3364 1488; x_wconf 92' lang='lat' dir='ltr'><strong>in</strong></span> <span class='ocrx_word' id='word_1_232' title='bbox 3393 1433 3511 1503; x_wconf 88' lang='lat' dir='ltr'><strong>ipso</strong></span> <span class='ocrx_word' id='word_1_233' title='bbox 3539 1450 3556 1486; x_wconf 90' lang='lat'><strong>:</strong></span> <span class='ocrx_word' id='word_1_234' title='bbox 3593 1432 3806 1490; x_wconf 74' lang='lat' dir='ltr'><strong>idcirco</strong></span> 
     </span>
    </p>
   </div>
   <div class='ocr_carea' id='block_1_31' title="bbox 2192 1523 3805 1597">
    <p class='ocr_par' dir='ltr' id='par_1_31' title="bbox 2192 1523 3805 1597">
     <span class='ocr_line' id='line_1_31' title="bbox 2192 1523 3805 1597; baseline 0.001 -17"><span class='ocrx_word' id='word_1_235' title='bbox 2192 1523 2581 1596; x_wconf 85' lang='lat' dir='ltr'><strong>primogenitns</strong></span> <span class='ocrx_word' id='word_1_236' title='bbox 2609 1524 2786 1580; x_wconf 89' lang='lat' dir='ltr'><strong>omnis</strong></span> <span class='ocrx_word' id='word_1_237' title='bbox 2812 1532 3097 1592; x_wconf 64' lang='lat' dir='ltr'><strong>creaturae,</strong></span> <span class='ocrx_word' id='word_1_238' title='bbox 3131 1525 3257 1597; x_wconf 85' lang='lat' dir='ltr'><strong>quia</strong></span> <span class='ocrx_word' id='word_1_239' title='bbox 3288 1525 3345 1581; x_wconf 89' lang='lat' dir='ltr'><strong>in</strong></span> <span class='ocrx_word' id='word_1_240' title='bbox 3372 1526 3591 1592; x_wconf 87' lang='lat' dir='ltr'><strong>eodem.</strong></span> <span class='ocrx_word' id='word_1_241' title='bbox 3617 1525 3733 1597; x_wconf 84' lang='lat' dir='ltr'><strong>jam</strong></span> <span class='ocrx_word' id='word_1_242' title='bbox 3770 1542 3805 1582; x_wconf 86' lang='lat' dir='ltr'><strong>a</strong></span> 
     </span>
    </p>
   </div>
   <div class='ocr_carea' id='block_1_32' title="bbox 2190 1616 3807 1691">
    <p class='ocr_par' dir='ltr' id='par_1_32' title="bbox 2190 1616 3807 1691">
     <span class='ocr_line' id='line_1_32' title="bbox 2190 1616 3807 1691; baseline 0.001 -17"><span class='ocrx_word' id='word_1_243' title='bbox 2190 1619 2478 1691; x_wconf 88' lang='lat' dir='ltr'><strong>principio,</strong></span> <span class='ocrx_word' id='word_1_244' title='bbox 2510 1617 2753 1672; x_wconf 87' lang='lat' dir='ltr'><strong>omnium</strong></span> <span class='ocrx_word' id='word_1_245' title='bbox 2775 1632 2897 1689; x_wconf 78' lang='lat' dir='ltr'><strong>qua:</strong></span> <span class='ocrx_word' id='word_1_246' title='bbox 2926 1616 3217 1673; x_wconf 70' lang='lat' dir='ltr'><strong>edecturus</strong></span> <span class='ocrx_word' id='word_1_247' title='bbox 3246 1628 3387 1685; x_wconf 89' lang='lat' dir='ltr'><strong>erat,</strong></span> <span class='ocrx_word' id='word_1_248' title='bbox 3418 1619 3600 1674; x_wconf 87' lang='lat' dir='ltr'><strong>omnia</strong></span> <span class='ocrx_word' id='word_1_249' title='bbox 3630 1634 3807 1689; x_wconf 88' lang='lat' dir='ltr'><strong>gene-</strong></span> 
     </span>
    </p>
   </div>
   <div class='ocr_carea' id='block_1_33' title="bbox 484 1709 3798 1797">
    <p class='ocr_par' dir='ltr' id='par_1_33' title="bbox 484 1709 3798 1797">
     <span class='ocr_line' id='line_1_33' title="bbox 484 1709 3798 1797; baseline -0.008 -6"><span class='ocrx_word' id='word_1_250' title='bbox 484 1709 737 1797; x_wconf 78' lang='lat' dir='ltr'><strong>stituens,</strong></span> <span class='ocrx_word' id='word_1_251' title='bbox 760 1729 910 1783; x_wconf 89' lang='lat' dir='ltr'><strong>virus</strong></span> <span class='ocrx_word' id='word_1_252' title='bbox 938 1739 1094 1780; x_wconf 90' lang='lat' dir='ltr'><strong>suum</strong></span> <span class='ocrx_word' id='word_1_253' title='bbox 1120 1721 1223 1777; x_wconf 90' lang='lat' dir='ltr'><strong>sub</strong></span> <span class='ocrx_word' id='word_1_254' title='bbox 1253 1716 1515 1774; x_wconf 87' lang='lat' dir='ltr'><strong>modestia</strong></span> <span class='ocrx_word' id='word_1_255' title='bbox 1538 1715 1805 1785; x_wconf 76' lang='lat' dir='ltr'><strong>religiosze</strong></span> <span class='ocrx_word' id='word_1_256' title='bbox 1835 1712 2087 1768; x_wconf 90' lang='lat' dir='ltr'><strong>modera-</strong></span> <span class='ocrx_word' id='word_1_257' title='bbox 2115 1717 2166 1778; x_wconf 86' lang='grc' dir='ltr'><strong>Β</strong></span> <span class='ocrx_word' id='word_1_258' title='bbox 2191 1713 2459 1769; x_wconf 88' lang='lat' dir='ltr'><strong>rationum</strong></span> <span class='ocrx_word' id='word_1_259' title='bbox 2489 1710 2655 1784; x_wconf 62' lang='lat'><strong>645</strong></span> <span class='ocrx_word' id='word_1_260' title='bbox 2683 1710 2829 1766; x_wconf 89' lang='lat' dir='ltr'><strong>initia</strong></span> <span class='ocrx_word' id='word_1_261' title='bbox 2860 1709 2935 1785; x_wconf 75' lang='grc' dir='ltr'><strong>(ὁ)</strong></span> <span class='ocrx_word' id='word_1_262' title='bbox 2962 1710 3341 1767; x_wconf 89' lang='lat' dir='ltr'><strong>constiterunt.</strong></span> <span class='ocrx_word' id='word_1_263' title='bbox 3365 1710 3546 1782; x_wconf 81' lang='lat' dir='ltr'><strong>Atque</strong></span> <span class='ocrx_word' id='word_1_264' title='bbox 3578 1727 3688 1768; x_wconf 91' lang='lat' dir='ltr'><strong>non</strong></span> <span class='ocrx_word' id='word_1_265' title='bbox 3716 1711 3798 1768; x_wconf 81' lang='lat' dir='ltr'><strong>ita</strong></span> 
     </span>
    </p>
   </div>
   <div class='ocr_carea' id='block_1_34' title="bbox 486 1804 2087 1886">
    <p class='ocr_par' dir='ltr' id='par_1_34' title="bbox 486 1804 2087 1886">
     <span class='ocr_line' id='line_1_34' title="bbox 486 1804 2087 1886; baseline -0.017 -3"><span class='ocrx_word' id='word_1_266' title='bbox 486 1825 651 1884; x_wconf 89' lang='lat' dir='ltr'><strong>tionis</strong></span> <span class='ocrx_word' id='word_1_267' title='bbox 676 1820 934 1886; x_wconf 88' lang='lat' dir='ltr'><strong>occultat,</strong></span> <span class='ocrx_word' id='word_1_268' title='bbox 969 1816 1182 1881; x_wconf 88' lang='lat' dir='ltr'><strong>dicens,</strong></span> <span class='ocrx_word' id='word_1_269' title='bbox 1215 1810 1384 1866; x_wconf 86' lang='lat' dir='ltr'><strong>Deum</strong></span> <span class='ocrx_word' id='word_1_270' title='bbox 1409 1824 1473 1864; x_wconf 79' lang='lat' dir='ltr'><strong>ea:</strong></span> <span class='ocrx_word' id='word_1_271' title='bbox 1518 1807 1627 1861; x_wconf 84' lang='lat' dir='ltr'><strong>Deo</strong></span> <span class='ocrx_word' id='word_1_272' title='bbox 1648 1850 1663 1875; x_wconf 93' lang='lat'><strong>,</strong></span> <span class='ocrx_word' id='word_1_273' title='bbox 1697 1806 1871 1860; x_wconf 84' lang='lat' dir='ltr'><strong>lumen</strong></span> <span class='ocrx_word' id='word_1_274' title='bbox 1911 1820 1976 1859; x_wconf 77' lang='lat' dir='ltr'><strong>ea:</strong></span> <span class='ocrx_word' id='word_1_275' title='bbox 2001 1804 2087 1858; x_wconf 84' lang='lat' dir='ltr'><strong>lu-</strong></span> 
     </span>
    </p>
   </div>
   <div class='ocr_carea' id='block_1_35' title="bbox 485 1897 2086 1986">
    <p class='ocr_par' dir='ltr' id='par_1_35' title="bbox 485 1897 2086 1986">
     <span class='ocr_line' id='line_1_35' title="bbox 485 1897 2086 1986; baseline -0.014 -10"><span class='ocrx_word' id='word_1_276' title='bbox 485 1922 622 1975; x_wconf 85' lang='lat' dir='ltr'><strong>mine</strong></span> <span class='ocrx_word' id='word_1_277' title='bbox 651 1933 670 1971; x_wconf 90' lang='lat'><strong><em>:</em></strong></span> <span class='ocrx_word' id='word_1_278' title='bbox 696 1924 755 1972; x_wconf 92' lang='lat' dir='ltr'><strong>ut</strong></span> <span class='ocrx_word' id='word_1_279' title='bbox 784 1929 880 1986; x_wconf 90' lang='lat' dir='ltr'><strong>per</strong></span> <span class='ocrx_word' id='word_1_280' title='bbox 901 1909 1241 1965; x_wconf 88' lang='lat' dir='ltr'><strong>occasionem</strong></span> <span class='ocrx_word' id='word_1_281' title='bbox 1272 1901 1631 1959; x_wconf 80' lang='lat' dir='ltr'><strong>confessionis</strong></span> <span class='ocrx_word' id='word_1_282' title='bbox 1663 1900 1818 1954; x_wconf 86' lang='lat' dir='ltr'><strong>istius</strong></span> <span class='ocrx_word' id='word_1_283' title='bbox 1836 1939 1853 1965; x_wconf 93' lang='lat'><strong>,</strong></span> <span class='ocrx_word' id='word_1_284' title='bbox 1883 1913 1948 1953; x_wconf 80' lang='lat' dir='ltr'><strong>ex</strong></span> <span class='ocrx_word' id='word_1_285' title='bbox 1976 1897 2086 1953; x_wconf 91' lang='lat' dir='ltr'><strong>Dco</strong></span> 
     </span>
    </p>
   </div>
   <div class='ocr_carea' id='block_1_36' title="bbox 485 1992 2089 2074">
    <p class='ocr_par' dir='ltr' id='par_1_36' title="bbox 485 1992 2089 2074">
     <span class='ocr_line' id='line_1_36' title="bbox 485 1992 2089 2074; baseline -0.016 -3"><span class='ocrx_word' id='word_1_286' title='bbox 485 2029 551 2070; x_wconf 89' lang='lat' dir='ltr'><strong>ac</strong></span> <span class='ocrx_word' id='word_1_287' title='bbox 576 2010 799 2074; x_wconf 91' lang='lat' dir='ltr'><strong>lumine,</strong></span> <span class='ocrx_word' id='word_1_288' title='bbox 834 2008 975 2062; x_wconf 89' lang='lat' dir='ltr'><strong>Deus</strong></span> <span class='ocrx_word' id='word_1_289' title='bbox 1001 2018 1065 2059; x_wconf 88' lang='lat' dir='ltr'><strong>ac</strong></span> <span class='ocrx_word' id='word_1_290' title='bbox 1096 2002 1279 2057; x_wconf 86' lang='lat' dir='ltr'><strong>lumen</strong></span> <span class='ocrx_word' id='word_1_291' title='bbox 1313 1998 1481 2051; x_wconf 82' lang='lat' dir='ltr'><strong>lactus</strong></span> <span class='ocrx_word' id='word_1_292' title='bbox 1504 2010 1534 2048; x_wconf 91' lang='lat' dir='ltr'><strong>a</strong></span> <span class='ocrx_word' id='word_1_293' title='bbox 1563 1994 1693 2060; x_wconf 90' lang='lat' dir='ltr'><strong>Deo,</strong></span> <span class='ocrx_word' id='word_1_294' title='bbox 1743 2008 1849 2047; x_wconf 90' lang='lat' dir='ltr'><strong>non</strong></span> <span class='ocrx_word' id='word_1_295' title='bbox 1876 1992 2089 2062; x_wconf 83' lang='lat' dir='ltr'><strong>genitus</strong></span> 
     </span>
    </p>
   </div>
   <div class='ocr_carea' id='block_1_37' title="bbox 484 2085 2091 2170">
    <p class='ocr_par' dir='ltr' id='par_1_37' title="bbox 484 2085 2091 2170">
     <span class='ocr_line' id='line_1_37' title="bbox 484 2085 2091 2170; baseline -0.018 -5"><span class='ocrx_word' id='word_1_296' title='bbox 484 2109 554 2165; x_wconf 90' lang='lat' dir='ltr'><strong>de</strong></span> <span class='ocrx_word' id='word_1_297' title='bbox 583 2107 719 2170; x_wconf 90' lang='lat' dir='ltr'><strong>Deo,</strong></span> <span class='ocrx_word' id='word_1_298' title='bbox 750 2102 806 2158; x_wconf 89' lang='lat' dir='ltr'><strong>id</strong></span> <span class='ocrx_word' id='word_1_299' title='bbox 831 2108 938 2165; x_wconf 87' lang='lat' dir='ltr'><strong>est,</strong></span> <span class='ocrx_word' id='word_1_300' title='bbox 967 2113 1071 2152; x_wconf 93' lang='lat' dir='ltr'><strong>non</strong></span> <span class='ocrx_word' id='word_1_301' title='bbox 1099 2095 1165 2151; x_wconf 91' lang='lat' dir='ltr'><strong>de</strong></span> <span class='ocrx_word' id='word_1_302' title='bbox 1190 2089 1493 2149; x_wconf 89' lang='lat' dir='ltr'><strong>substantia</strong></span> <span class='ocrx_word' id='word_1_303' title='bbox 1531 2098 1772 2158; x_wconf 83' lang='lat' dir='ltr'><strong>paternae</strong></span> <span class='ocrx_word' id='word_1_304' title='bbox 1811 2085 2091 2140; x_wconf 66' lang='lat' dir='ltr'><strong>aaternita-</strong></span> 
     </span>
    </p>
   </div>
   <div class='ocr_carea' id='block_1_38' title="bbox 486 2174 2089 2262">
    <p class='ocr_par' dir='ltr' id='par_1_38' title="bbox 486 2174 2089 2262">
     <span class='ocr_line' id='line_1_38' title="bbox 486 2174 2089 2262; baseline -0.016 -5"><span class='ocrx_word' id='word_1_305' title='bbox 486 2203 556 2257; x_wconf 91' lang='lat' dir='ltr'><strong>tis</strong></span> <span class='ocrx_word' id='word_1_306' title='bbox 578 2196 866 2262; x_wconf 82' lang='lat' dir='ltr'><strong>exstiterit;</strong></span> <span class='ocrx_word' id='word_1_307' title='bbox 894 2205 958 2247; x_wconf 88' lang='lat' dir='ltr'><strong>ac</strong></span> <span class='ocrx_word' id='word_1_308' title='bbox 985 2190 1065 2245; x_wconf 90' lang='lat' dir='ltr'><strong>sic</strong></span> <span class='ocrx_word' id='word_1_309' title='bbox 1093 2184 1424 2244; x_wconf 87' lang='lat' dir='ltr'><strong>contumelia</strong></span> <span class='ocrx_word' id='word_1_310' title='bbox 1466 2181 1643 2239; x_wconf 88' lang='lat' dir='ltr'><strong>Patris</strong></span> <span class='ocrx_word' id='word_1_311' title='bbox 1669 2179 1973 2247; x_wconf 80' lang='lat' dir='ltr'><strong>vilescatet</strong></span> <span class='ocrx_word' id='word_1_312' title='bbox 2000 2174 2089 2231; x_wconf 85' lang='lat' dir='ltr'><strong>Fi-</strong></span> 
     </span>
    </p>
   </div>
   <div class='ocr_carea' id='block_1_39' title="bbox 484 2270 2088 2358">
    <p class='ocr_par' dir='ltr' id='par_1_39' title="bbox 484 2270 2088 2358">
     <span class='ocr_line' id='line_1_39' title="bbox 484 2270 2088 2358; baseline -0.017 -7"><span class='ocrx_word' id='word_1_313' title='bbox 484 2295 616 2358; x_wconf 91' lang='lat' dir='ltr'><strong>lius,</strong></span> <span class='ocrx_word' id='word_1_314' title='bbox 646 2292 691 2346; x_wconf 90' lang='lat' dir='ltr'><strong>si</strong></span> <span class='ocrx_word' id='word_1_315' title='bbox 718 2291 863 2345; x_wconf 91' lang='lat' dir='ltr'><strong>Deus</strong></span> <span class='ocrx_word' id='word_1_316' title='bbox 891 2295 1043 2341; x_wconf 90' lang='lat' dir='ltr'><strong>ortus</strong></span> <span class='ocrx_word' id='word_1_317' title='bbox 1070 2296 1139 2337; x_wconf 80' lang='lat' dir='ltr'><strong>ex</strong></span> <span class='ocrx_word' id='word_1_318' title='bbox 1166 2278 1334 2335; x_wconf 90' lang='lat' dir='ltr'><strong>nihilo</strong></span> <span class='ocrx_word' id='word_1_319' title='bbox 1355 2284 1443 2333; x_wconf 91' lang='lat' dir='ltr'><strong>est</strong></span> <span class='ocrx_word' id='word_1_320' title='bbox 1473 2291 1486 2329; x_wconf 90' lang='lat'><strong>:</strong></span> <span class='ocrx_word' id='word_1_321' title='bbox 1512 2275 1564 2328; x_wconf 88' lang='lat' dir='ltr'><strong>in</strong></span> <span class='ocrx_word' id='word_1_322' title='bbox 1588 2270 1931 2346; x_wconf 78' lang='lat' dir='ltr'><strong>primogeniti</strong></span> <span class='ocrx_word' id='word_1_323' title='bbox 1958 2282 2088 2324; x_wconf 90' lang='lat' dir='ltr'><strong>vero</strong></span> 
     </span>
    </p>
   </div>
   <div class='ocr_carea' id='block_1_40' title="bbox 484 2359 2088 2444">
    <p class='ocr_par' dir='ltr' id='par_1_40' title="bbox 484 2359 2088 2444">
     <span class='ocr_line' id='line_1_40' title="bbox 484 2359 2088 2444; baseline -0.018 0"><span class='ocrx_word' id='word_1_324' title='bbox 484 2383 831 2444; x_wconf 82' lang='lat' dir='ltr'><strong>confessione</strong></span> <span class='ocrx_word' id='word_1_325' title='bbox 859 2375 1107 2434; x_wconf 87' lang='lat' dir='ltr'><strong>ordinem</strong></span> <span class='ocrx_word' id='word_1_326' title='bbox 1138 2369 1426 2444; x_wconf 88' lang='lat' dir='ltr'><strong>quemdam</strong></span> <span class='ocrx_word' id='word_1_327' title='bbox 1455 2367 1523 2423; x_wconf 91' lang='lat' dir='ltr'><strong>ab</strong></span> <span class='ocrx_word' id='word_1_328' title='bbox 1557 2366 1674 2437; x_wconf 86' lang='lat' dir='ltr'><strong>ejus</strong></span> <span class='ocrx_word' id='word_1_329' title='bbox 1702 2374 1825 2420; x_wconf 89' lang='lat' dir='ltr'><strong>ortu</strong></span> <span class='ocrx_word' id='word_1_330' title='bbox 1853 2359 2088 2417; x_wconf 83' lang='lat' dir='ltr'><strong>creantis</strong></span> 
     </span>
    </p>
   </div>
   <div class='ocr_carea' id='block_1_41' title="bbox 485 2452 2087 2552">
    <p class='ocr_par' dir='ltr' id='par_1_41' title="bbox 485 2452 2087 2552">
     <span class='ocr_line' id='line_1_41' title="bbox 485 2452 2087 2552; baseline -0.017 -18"><span class='ocrx_word' id='word_1_331' title='bbox 485 2480 550 2552; x_wconf 80' lang='lat' dir='ltr'><strong>(f.</strong></span> <span class='ocrx_word' id='word_1_332' title='bbox 579 2473 800 2545; x_wconf 89' lang='lat' dir='ltr'><strong>creatis)</strong></span> <span class='ocrx_word' id='word_1_333' title='bbox 833 2468 1019 2526; x_wconf 90' lang='lat' dir='ltr'><strong>mundi</strong></span> <span class='ocrx_word' id='word_1_334' title='bbox 1050 2466 1214 2522; x_wconf 90' lang='lat' dir='ltr'><strong>rebus</strong></span> <span class='ocrx_word' id='word_1_335' title='bbox 1242 2463 1522 2534; x_wconf 84' lang='lat' dir='ltr'><strong>assignent</strong></span> <span class='ocrx_word' id='word_1_336' title='bbox 1550 2475 1566 2515; x_wconf 88' lang='lat'><strong>:</strong></span> <span class='ocrx_word' id='word_1_337' title='bbox 1614 2466 1673 2552; x_wconf 89' lang='lat' dir='ltr'><strong>ut</strong></span> <span class='ocrx_word' id='word_1_338' title='bbox 1698 2452 2087 2552; x_wconf 35' lang='lat' dir='ltr'><strong>quia-mundus</strong></span> 
     </span>
    </p>
   </div>
   <div class='ocr_carea' id='block_1_42' title="bbox 483 2547 2084 2639">
    <p class='ocr_par' dir='ltr' id='par_1_42' title="bbox 483 2547 2084 2639">
     <span class='ocr_line' id='line_1_42' title="bbox 483 2547 2084 2639; baseline -0.02 -9"><span class='ocrx_word' id='word_1_339' title='bbox 483 2547 550 2630; x_wconf 76' lang='lat' dir='ltr'><strong>ex</strong></span> <span class='ocrx_word' id='word_1_340' title='bbox 578 2580 823 2639; x_wconf 88' lang='lat' dir='ltr'><strong>tempore</strong></span> <span class='ocrx_word' id='word_1_341' title='bbox 844 2572 950 2629; x_wconf 89' lang='lat' dir='ltr'><strong>est,</strong></span> <span class='ocrx_word' id='word_1_342' title='bbox 974 2572 1176 2626; x_wconf 90' lang='lat' dir='ltr'><strong>tamen,</strong></span> <span class='ocrx_word' id='word_1_343' title='bbox 1193 2557 1319 2613; x_wconf 91' lang='lat' dir='ltr'><strong>licet</strong></span> <span class='ocrx_word' id='word_1_344' title='bbox 1336 2552 1536 2609; x_wconf 91' lang='lat' dir='ltr'><strong>mundo</strong></span> <span class='ocrx_word' id='word_1_345' title='bbox 1555 2551 1704 2623; x_wconf 90' lang='lat' dir='ltr'><strong>prior</strong></span> <span class='ocrx_word' id='word_1_346' title='bbox 1720 2551 1791 2604; x_wconf 90' lang='lat' dir='ltr'><strong>sit</strong></span> <span class='ocrx_word' id='word_1_347' title='bbox 1814 2547 2084 2612; x_wconf 82' lang='lat' dir='ltr'><strong>Christus,</strong></span> 
     </span>
    </p>
   </div>
   <div class='ocr_carea' id='block_1_43' title="bbox 484 2641 2088 2733">
    <p class='ocr_par' dir='ltr' id='par_1_43' title="bbox 484 2641 2088 2733">
     <span class='ocr_line' id='line_1_43' title="bbox 484 2641 2088 2733; baseline -0.021 -9"><span class='ocrx_word' id='word_1_348' title='bbox 484 2683 549 2725; x_wconf 80' lang='lat' dir='ltr'><strong>ex</strong></span> <span class='ocrx_word' id='word_1_349' title='bbox 575 2675 819 2733; x_wconf 89' lang='lat' dir='ltr'><strong>tempore</strong></span> <span class='ocrx_word' id='word_1_350' title='bbox 844 2658 948 2724; x_wconf 90' lang='lat' dir='ltr'><strong>sit;</strong></span> <span class='ocrx_word' id='word_1_351' title='bbox 992 2663 1049 2711; x_wconf 92' lang='lat' dir='ltr'><strong>et</strong></span> <span class='ocrx_word' id='word_1_352' title='bbox 1078 2667 1184 2708; x_wconf 92' lang='lat' dir='ltr'><strong>non</strong></span> <span class='ocrx_word' id='word_1_353' title='bbox 1214 2647 1490 2705; x_wconf 64' lang='lat' dir='ltr'><strong>mtcrnitas</strong></span> <span class='ocrx_word' id='word_1_354' title='bbox 1520 2646 1573 2700; x_wconf 92' lang='lat' dir='ltr'><strong>in</strong></span> <span class='ocrx_word' id='word_1_355' title='bbox 1605 2658 1672 2700; x_wconf 91' lang='lat' dir='ltr'><strong>eo</strong></span> <span class='ocrx_word' id='word_1_356' title='bbox 1703 2653 1947 2711; x_wconf 86' lang='lat' dir='ltr'><strong>tempore</strong></span> <span class='ocrx_word' id='word_1_357' title='bbox 1995 2641 2088 2709; x_wconf 88' lang='lat' dir='ltr'><strong>(an</strong></span> 
     </span>
    </p>
   </div>
   <div class='ocr_carea' id='block_1_44' title="bbox 484 2733 2083 2827">
    <p class='ocr_par' dir='ltr' id='par_1_44' title="bbox 484 2733 2083 2827">
     <span class='ocr_line' id='line_1_44' title="bbox 484 2733 2083 2827; baseline -0.02 -10"><span class='ocrx_word' id='word_1_358' title='bbox 484 2770 612 2817; x_wconf 87' lang='lat' dir='ltr'><strong>ante</strong></span> <span class='ocrx_word' id='word_1_359' title='bbox 634 2767 875 2827; x_wconf 88' lang='lat' dir='ltr'><strong>tempora</strong></span> <span class='ocrx_word' id='word_1_360' title='bbox 887 2752 959 2823; x_wconf 85' lang='lat'><strong>?),</strong></span> <span class='ocrx_word' id='word_1_361' title='bbox 975 2748 1070 2805; x_wconf 90' lang='lat' dir='ltr'><strong>sed</strong></span> <span class='ocrx_word' id='word_1_362' title='bbox 1093 2745 1229 2803; x_wconf 89' lang='lat' dir='ltr'><strong>ordo</strong></span> <span class='ocrx_word' id='word_1_363' title='bbox 1246 2746 1300 2799; x_wconf 92' lang='lat' dir='ltr'><strong>in</strong></span> <span class='ocrx_word' id='word_1_364' title='bbox 1316 2753 1559 2812; x_wconf 86' lang='lat' dir='ltr'><strong>tempore</strong></span> <span class='ocrx_word' id='word_1_365' title='bbox 1579 2733 1829 2792; x_wconf 87' lang='lat' dir='ltr'><strong>sitcreati</strong></span> <span class='ocrx_word' id='word_1_366' title='bbox 1849 2737 1915 2805; x_wconf 81' lang='lat' dir='ltr'><strong>(f.</strong></span> <span class='ocrx_word' id='word_1_367' title='bbox 1936 2746 2083 2787; x_wconf 86' lang='lat' dir='ltr'><strong>crea-</strong></span> 
     </span>
    </p>
   </div>
   <div class='ocr_carea' id='block_1_45' title="bbox 484 2826 2085 2928">
    <p class='ocr_par' dir='ltr' id='par_1_45' title="bbox 484 2826 2085 2928">
     <span class='ocr_line' id='line_1_45' title="bbox 484 2826 2085 2928; baseline -0.021 -17"><span class='ocrx_word' id='word_1_368' title='bbox 484 2853 578 2928; x_wconf 88' lang='lat' dir='ltr'><strong>tis)</strong></span> <span class='ocrx_word' id='word_1_369' title='bbox 610 2870 624 2906; x_wconf 74' lang='grc' dir='ltr'><strong>ι</strong></span> <span class='ocrx_word' id='word_1_370' title='bbox 652 2866 715 2907; x_wconf 88' lang='lat' dir='ltr'><strong>ac</strong></span> <span class='ocrx_word' id='word_1_371' title='bbox 746 2826 843 2920; x_wconf 88' lang='lat' dir='ltr'><strong>per</strong></span> <span class='ocrx_word' id='word_1_372' title='bbox 868 2845 973 2901; x_wconf 88' lang='lat' dir='ltr'><strong>hoc</strong></span> <span class='ocrx_word' id='word_1_373' title='bbox 998 2838 1203 2910; x_wconf 83' lang='lat' dir='ltr'><strong>aliquid</strong></span> <span class='ocrx_word' id='word_1_374' title='bbox 1225 2834 1367 2908; x_wconf 90' lang='lat' dir='ltr'><strong>quod</strong></span> <span class='ocrx_word' id='word_1_375' title='bbox 1411 2845 1537 2928; x_wconf 82' lang='lat' dir='ltr'><strong>ante</strong></span> <span class='ocrx_word' id='word_1_376' title='bbox 1559 2846 1683 2928; x_wconf 81' lang='lat' dir='ltr'><strong>eum</strong></span> <span class='ocrx_word' id='word_1_377' title='bbox 1707 2829 1778 2928; x_wconf 75' lang='lat' dir='ltr'><strong>sit</strong></span> <span class='ocrx_word' id='word_1_378' title='bbox 1809 2826 2085 2928; x_wconf 62' lang='lat' dir='ltr'><strong>relinqua-</strong></span> 
     </span>
    </p>
   </div>
   <div class='ocr_carea' id='block_1_46' title="bbox 484 2920 2087 3016">
    <p class='ocr_par' dir='ltr' id='par_1_46' title="bbox 484 2920 2087 3016">
     <span class='ocr_line' id='line_1_46' title="bbox 484 2920 2087 3016; baseline -0.02 -12"><span class='ocrx_word' id='word_1_379' title='bbox 484 2920 592 3011; x_wconf 75' lang='lat' dir='ltr'><strong>tur,</strong></span> <span class='ocrx_word' id='word_1_380' title='bbox 624 2943 716 3016; x_wconf 88' lang='lat' dir='ltr'><strong>qui</strong></span> <span class='ocrx_word' id='word_1_381' title='bbox 745 2955 868 2997; x_wconf 87' lang='lat' dir='ltr'><strong>esse</strong></span> <span class='ocrx_word' id='word_1_382' title='bbox 893 2936 1059 3007; x_wconf 65' lang='lat' dir='ltr'><strong>coepit</strong></span> <span class='ocrx_word' id='word_1_383' title='bbox 1084 2948 1151 2990; x_wconf 76' lang='lat' dir='ltr'><strong>ex</strong></span> <span class='ocrx_word' id='word_1_384' title='bbox 1183 2942 1467 2999; x_wconf 88' lang='lat' dir='ltr'><strong>tempore;</strong></span> <span class='ocrx_word' id='word_1_385' title='bbox 1498 2924 1659 2997; x_wconf 85' lang='lat' dir='ltr'><strong>(adde</strong></span> <span class='ocrx_word' id='word_1_386' title='bbox 1699 2921 1776 2995; x_wconf 89' lang='lat' dir='ltr'><strong>et)</strong></span> <span class='ocrx_word' id='word_1_387' title='bbox 1822 2920 2087 2977; x_wconf 87' lang='lat' dir='ltr'><strong>dissolva-</strong></span> 
     </span>
    </p>
   </div>
   <div class='ocr_carea' id='block_1_47' title="bbox 482 3019 2082 3099">
    <p class='ocr_par' dir='ltr' id='par_1_47' title="bbox 482 3019 2082 3099">
     <span class='ocr_line' id='line_1_47' title="bbox 482 3019 2082 3099; baseline -0.018 0"><span class='ocrx_word' id='word_1_388' title='bbox 482 3052 569 3099; x_wconf 90' lang='lat' dir='ltr'><strong>tur</strong></span> <span class='ocrx_word' id='word_1_389' title='bbox 600 3042 655 3095; x_wconf 92' lang='lat' dir='ltr'><strong>in</strong></span> <span class='ocrx_word' id='word_1_390' title='bbox 682 3035 901 3093; x_wconf 85' lang='lat' dir='ltr'><strong>Christo</strong></span> <span class='ocrx_word' id='word_1_391' title='bbox 936 3044 1101 3088; x_wconf 89' lang='lat' dir='ltr'><strong>omne</strong></span> <span class='ocrx_word' id='word_1_392' title='bbox 1127 3026 1271 3099; x_wconf 88' lang='lat' dir='ltr'><strong>quod</strong></span> <span class='ocrx_word' id='word_1_393' title='bbox 1318 3025 1462 3080; x_wconf 87' lang='lat' dir='ltr'><strong>Deus</strong></span> <span class='ocrx_word' id='word_1_394' title='bbox 1486 3029 1591 3086; x_wconf 88' lang='lat' dir='ltr'><strong>est,</strong></span> <span class='ocrx_word' id='word_1_395' title='bbox 1628 3034 1755 3075; x_wconf 90' lang='lat' dir='ltr'><strong>cum</strong></span> <span class='ocrx_word' id='word_1_396' title='bbox 1785 3019 1839 3073; x_wconf 89' lang='lat' dir='ltr'><strong>in</strong></span> <span class='ocrx_word' id='word_1_397' title='bbox 1880 3031 1946 3075; x_wconf 91' lang='lat' dir='ltr'><strong>eo</strong></span> <span class='ocrx_word' id='word_1_398' title='bbox 1975 3030 2082 3073; x_wconf 89' lang='lat' dir='ltr'><strong>non</strong></span> 
     </span>
    </p>
   </div>
   <div class='ocr_carea' id='block_1_48' title="bbox 454 3109 1885 3197">
    <p class='ocr_par' dir='ltr' id='par_1_48' title="bbox 454 3109 1885 3197">
     <span class='ocr_line' id='line_1_48' title="bbox 454 3109 1885 3197; baseline -0.02 -5"><span class='ocrx_word' id='word_1_399' title='bbox 454 3176 457 3179; x_wconf 56' lang='grc' dir='ltr'><em>ι</em></span> <span class='ocrx_word' id='word_1_400' title='bbox 483 3131 745 3192; x_wconf 82' lang='lat' dir='ltr'><strong>exstantis</strong></span> <span class='ocrx_word' id='word_1_401' title='bbox 768 3122 1060 3197; x_wconf 89' lang='lat' dir='ltr'><strong>aliquando</strong></span> <span class='ocrx_word' id='word_1_402' title='bbox 1087 3120 1266 3174; x_wconf 81' lang='lat' dir='ltr'><strong>Mariae</strong></span> <span class='ocrx_word' id='word_1_403' title='bbox 1292 3125 1444 3172; x_wconf 91' lang='lat' dir='ltr'><strong>ortus</strong></span> <span class='ocrx_word' id='word_1_404' title='bbox 1469 3129 1502 3169; x_wconf 87' lang='lat' dir='ltr'><strong>a</strong></span> <span class='ocrx_word' id='word_1_405' title='bbox 1525 3123 1773 3182; x_wconf 90' lang='lat' dir='ltr'><strong>tempore</strong></span> <span class='ocrx_word' id='word_1_406' title='bbox 1795 3109 1885 3166; x_wconf 90' lang='lat' dir='ltr'><strong>sit.</strong></span> 
     </span>
    </p>
   </div>
   <div class='ocr_carea' id='block_1_49' title="bbox 552 3203 2077 3288">
    <p class='ocr_par' dir='ltr' id='par_1_49' title="bbox 552 3203 2077 3288">
     <span class='ocr_line' id='line_1_49' title="bbox 552 3203 2077 3288; baseline -0.018 -6"><span class='ocrx_word' id='word_1_407' title='bbox 552 3224 645 3282; x_wconf 79' lang='lat'><strong>30.</strong></span> <span class='ocrx_word' id='word_1_408' title='bbox 672 3220 905 3278; x_wconf 75' lang='lat' dir='ltr'><strong>Christus</strong></span> <span class='ocrx_word' id='word_1_409' title='bbox 928 3231 1028 3288; x_wconf 87' lang='lat' dir='ltr'><strong>quo</strong></span> <span class='ocrx_word' id='word_1_410' title='bbox 1048 3228 1199 3269; x_wconf 86' lang='lat' dir='ltr'><strong>sensu</strong></span> <span class='ocrx_word' id='word_1_411' title='bbox 1228 3206 1600 3280; x_wconf 86' lang='lat' dir='ltr'><strong>primogenitus</strong></span> <span class='ocrx_word' id='word_1_412' title='bbox 1617 3203 1781 3258; x_wconf 85' lang='lat' dir='ltr'><strong>omnis</strong></span> <span class='ocrx_word' id='word_1_413' title='bbox 1810 3212 2077 3256; x_wconf 67' lang='lat' dir='ltr'><strong>creaturae.</strong></span> 
     </span>
    </p>
   </div>
   <div class='ocr_carea' id='block_1_50' title="bbox 482 3292 2077 3383">
    <p class='ocr_par' dir='ltr' id='par_1_50' title="bbox 482 3292 2077 3383">
     <span class='ocr_line' id='line_1_50' title="bbox 482 3292 2077 3383; baseline -0.016 -11"><span class='ocrx_word' id='word_1_414' title='bbox 482 3347 555 3360; x_wconf 85' lang='lat'><strong>--</strong></span> <span class='ocrx_word' id='word_1_415' title='bbox 589 3335 609 3369; x_wconf 71' lang='grc' dir='ltr'>ι</span> <span class='ocrx_word' id='word_1_416' title='bbox 643 3314 788 3383; x_wconf 84' lang='lat' dir='ltr'><strong>Quin</strong></span> <span class='ocrx_word' id='word_1_417' title='bbox 815 3310 980 3367; x_wconf 89' lang='lat' dir='ltr'><strong>etiam</strong></span> <span class='ocrx_word' id='word_1_418' title='bbox 1029 3304 1276 3361; x_wconf 88' lang='lat' dir='ltr'><strong>homines</strong></span> <span class='ocrx_word' id='word_1_419' title='bbox 1315 3314 1411 3371; x_wconf 90' lang='lat' dir='ltr'><strong>spe</strong></span> <span class='ocrx_word' id='word_1_420' title='bbox 1428 3294 1587 3354; x_wconf 73' lang='lat' dir='ltr'><strong>&#39;omni</strong></span> <span class='ocrx_word' id='word_1_421' title='bbox 1615 3296 1754 3353; x_wconf 87' lang='lat' dir='ltr'><strong>bona</strong></span> <span class='ocrx_word' id='word_1_422' title='bbox 1784 3294 1936 3349; x_wconf 87' lang='lat' dir='ltr'><strong>vacui</strong></span> <span class='ocrx_word' id='word_1_423' title='bbox 1962 3334 1976 3357; x_wconf 88' lang='lat'><strong>.</strong></span> <span class='ocrx_word' id='word_1_424' title='bbox 2009 3292 2077 3348; x_wconf 87' lang='lat' dir='ltr'><strong>ad</strong></span> 
     </span>
    </p>
   </div>
   <div class='ocr_carea' id='block_1_51' title="bbox 482 3384 2078 3468">
    <p class='ocr_par' dir='ltr' id='par_1_51' title="bbox 482 3384 2078 3468">
     <span class='ocr_line' id='line_1_51' title="bbox 482 3384 2078 3468; baseline -0.017 -1"><span class='ocrx_word' id='word_1_425' title='bbox 482 3409 822 3468; x_wconf 88' lang='lat' dir='ltr'><strong>occasionem</strong></span> <span class='ocrx_word' id='word_1_426' title='bbox 855 3399 989 3456; x_wconf 88' lang='lat' dir='ltr'><strong>tanti</strong></span> <span class='ocrx_word' id='word_1_427' title='bbox 1042 3395 1268 3468; x_wconf 84' lang='lat' dir='ltr'><strong>periculi</strong></span> <span class='ocrx_word' id='word_1_428' title='bbox 1310 3390 1688 3447; x_wconf 79' lang='lat' dir='ltr'><strong>auctoritatem</strong></span> <span class='ocrx_word' id='word_1_429' title='bbox 1725 3384 2078 3458; x_wconf 84' lang='lat' dir='ltr'><strong>apostolicam</strong></span> 
     </span>
    </p>
   </div>
   <div class='ocr_carea' id='block_1_52' title="bbox 482 3481 2078 3575">
    <p class='ocr_par' dir='ltr' id='par_1_52' title="bbox 482 3481 2078 3575">
     <span class='ocr_line' id='line_1_52' title="bbox 482 3481 2078 3575; baseline -0.018 -17"><span class='ocrx_word' id='word_1_430' title='bbox 482 3498 830 3575; x_wconf 84' lang='lat' dir='ltr'><strong>pertendunt;</strong></span> <span class='ocrx_word' id='word_1_431' title='bbox 862 3491 990 3564; x_wconf 86' lang='lat' dir='ltr'><strong>quia</strong></span> <span class='ocrx_word' id='word_1_432' title='bbox 1017 3489 1085 3545; x_wconf 89' lang='lat' dir='ltr'><strong>de</strong></span> <span class='ocrx_word' id='word_1_433' title='bbox 1112 3503 1180 3544; x_wconf 92' lang='lat' dir='ltr'><strong>eo</strong></span> <span class='ocrx_word' id='word_1_434' title='bbox 1205 3488 1405 3542; x_wconf 88' lang='lat' dir='ltr'><strong>dictum</strong></span> <span class='ocrx_word' id='word_1_435' title='bbox 1435 3484 1527 3548; x_wconf 87' lang='lat' dir='ltr'><strong>sit,</strong></span> <span class='ocrx_word' id='word_1_436' title='bbox 1563 3481 1935 3575; x_wconf 78' lang='lat' dir='ltr'><strong>primogenitus</strong></span> <span class='ocrx_word' id='word_1_437' title='bbox 1963 3494 2078 3532; x_wconf 87' lang='lat' dir='ltr'><strong>om-</strong></span> 
     </span>
    </p>
   </div>
   <div class='ocr_carea' id='block_1_53' title="bbox 482 3572 2080 3653">
    <p class='ocr_par' dir='ltr' id='par_1_53' title="bbox 482 3572 2080 3653">
     <span class='ocr_line' id='line_1_53' title="bbox 482 3572 2080 3653; baseline -0.019 0"><span class='ocrx_word' id='word_1_438' title='bbox 482 3572 563 3653; x_wconf 77' lang='lat' dir='ltr'><strong>nis</strong></span> <span class='ocrx_word' id='word_1_439' title='bbox 583 3600 853 3649; x_wconf 63' lang='lat' dir='ltr'><strong>creaturas.</strong></span> <span class='ocrx_word' id='word_1_440' title='bbox 899 3582 1007 3641; x_wconf 88' lang='lat' dir='ltr'><strong>Sed</strong></span> <span class='ocrx_word' id='word_1_441' title='bbox 1045 3578 1423 3638; x_wconf 87' lang='lat' dir='ltr'><strong>subtrahentes</strong></span> <span class='ocrx_word' id='word_1_442' title='bbox 1447 3572 1859 3630; x_wconf 85' lang='lat' dir='ltr'><strong>antecedentem</strong></span> <span class='ocrx_word' id='word_1_443' title='bbox 1884 3585 2080 3626; x_wconf 89' lang='lat' dir='ltr'><strong>conse-</strong></span> 
     </span>
    </p>
   </div>
   <div class='ocr_carea' id='block_1_54' title="bbox 483 3663 2083 3762">
    <p class='ocr_par' dir='ltr' id='par_1_54' title="bbox 483 3663 2083 3762">
     <span class='ocr_line' id='line_1_54' title="bbox 483 3663 2083 3762; baseline -0.018 -16"><span class='ocrx_word' id='word_1_444' title='bbox 483 3695 848 3762; x_wconf 90' lang='lat' dir='ltr'><strong>quentemque</strong></span> <span class='ocrx_word' id='word_1_445' title='bbox 875 3676 1197 3737; x_wconf 81' lang='lat' dir='ltr'><strong>sententiain</strong></span> <span class='ocrx_word' id='word_1_446' title='bbox 1221 3714 1236 3739; x_wconf 95' lang='lat'><strong>,</strong></span> <span class='ocrx_word' id='word_1_447' title='bbox 1271 3679 1458 3742; x_wconf 87' lang='lat' dir='ltr'><strong>aptant</strong></span> <span class='ocrx_word' id='word_1_448' title='bbox 1484 3670 1550 3741; x_wconf 71' lang='grc' dir='ltr'><strong>(ι’.</strong></span> <span class='ocrx_word' id='word_1_449' title='bbox 1583 3663 1786 3762; x_wconf 82' lang='lat' dir='ltr'><strong>aptam)</strong></span> <span class='ocrx_word' id='word_1_450' title='bbox 1818 3664 2083 3762; x_wconf 69' lang='lat' dir='ltr'><strong>doctrinis</strong></span> 
     </span>
    </p>
   </div>
   <div class='ocr_carea' id='block_1_55' title="bbox 483 3754 2083 3846">
    <p class='ocr_par' dir='ltr' id='par_1_55' title="bbox 483 3754 2083 3846">
     <span class='ocr_line' id='line_1_55' title="bbox 483 3754 2083 3846; baseline -0.019 -7"><span class='ocrx_word' id='word_1_451' title='bbox 483 3754 597 3839; x_wconf 72' lang='lat' dir='ltr'><strong>suis</strong></span> <span class='ocrx_word' id='word_1_452' title='bbox 624 3779 724 3834; x_wconf 88' lang='lat' dir='ltr'><strong>sub</strong></span> <span class='ocrx_word' id='word_1_453' title='bbox 747 3754 994 3846; x_wconf 67' lang='lat' dir='ltr'><strong>Apostoli</strong></span> <span class='ocrx_word' id='word_1_454' title='bbox 1018 3770 1236 3825; x_wconf 91' lang='lat' dir='ltr'><strong>nomine</strong></span> <span class='ocrx_word' id='word_1_455' title='bbox 1270 3769 1585 3833; x_wconf 88' lang='lat' dir='ltr'><strong>perstruont</strong></span> <span class='ocrx_word' id='word_1_456' title='bbox 1612 3757 1923 3813; x_wconf 72' lang='lat' dir='ltr'><strong>falsitatem.</strong></span> <span class='ocrx_word' id='word_1_457' title='bbox 1949 3754 2083 3810; x_wconf 87' lang='lat' dir='ltr'><strong>Nam</strong></span> 
     </span>
    </p>
   </div>
   <div class='ocr_carea' id='block_1_56' title="bbox 482 3846 2082 3931">
    <p class='ocr_par' dir='ltr' id='par_1_56' title="bbox 482 3846 2082 3931">
     <span class='ocr_line' id='line_1_56' title="bbox 482 3846 2082 3931; baseline -0.019 1"><span class='ocrx_word' id='word_1_458' title='bbox 482 3873 607 3931; x_wconf 85' lang='lat' dir='ltr'><strong>talis</strong></span> <span class='ocrx_word' id='word_1_459' title='bbox 631 3878 716 3929; x_wconf 86' lang='lat' dir='ltr'><strong>est</strong></span> <span class='ocrx_word' id='word_1_460' title='bbox 743 3867 876 3925; x_wconf 91' lang='lat' dir='ltr'><strong>ordo</strong></span> <span class='ocrx_word' id='word_1_461' title='bbox 898 3865 1167 3922; x_wconf 89' lang='lat' dir='ltr'><strong>dictorum</strong></span> <span class='ocrx_word' id='word_1_462' title='bbox 1192 3877 1206 3914; x_wconf 85' lang='lat'><strong>:</strong></span> <span class='ocrx_word' id='word_1_463' title='bbox 1234 3856 1337 3923; x_wconf 83' lang='lat' dir='ltr'><strong>Qui</strong></span> <span class='ocrx_word' id='word_1_464' title='bbox 1360 3863 1435 3911; x_wconf 90' lang='lat' dir='ltr'><strong>est</strong></span> <span class='ocrx_word' id='word_1_465' title='bbox 1463 3853 1635 3926; x_wconf 86' lang='lat' dir='ltr'><strong>imago</strong></span> <span class='ocrx_word' id='word_1_466' title='bbox 1659 3846 1763 3904; x_wconf 79' lang='lat' dir='ltr'><strong>Dei</strong></span> <span class='ocrx_word' id='word_1_467' title='bbox 1788 3846 2082 3914; x_wconf 78' lang='lat' dir='ltr'><strong>invisibilis,</strong></span> 
     </span>
    </p>
   </div>
   <div class='ocr_carea' id='block_1_57' title="bbox 525 3967 2080 4051">
    <p class='ocr_par' dir='ltr' id='par_1_57' title="bbox 525 3967 2080 4051">
     <span class='ocr_line' id='line_1_57' title="bbox 525 3967 2080 4051; baseline -0.018 -5"><span class='ocrx_word' id='word_1_468' title='bbox 525 3991 614 4048; x_wconf 91' lang='lat' dir='ltr'><strong>uid</strong></span> <span class='ocrx_word' id='word_1_469' title='bbox 645 3985 984 4051; x_wconf 89' lang='lat' dir='ltr'><strong>mutandum,</strong></span> <span class='ocrx_word' id='word_1_470' title='bbox 1033 3980 1206 4051; x_wconf 89' lang='lat' dir='ltr'><strong>magis</strong></span> <span class='ocrx_word' id='word_1_471' title='bbox 1255 3972 1521 4051; x_wconf 70' lang='lat' dir='ltr'><strong>arridet-et</strong></span> <span class='ocrx_word' id='word_1_472' title='bbox 1550 3967 1896 4051; x_wconf 74' lang='lat' dir='ltr'><strong>intentionis,</strong></span> <span class='ocrx_word' id='word_1_473' title='bbox 1953 3973 2080 4051; x_wconf 65' lang='lat' dir='ltr'><strong>puta</strong></span> 
     </span>
    </p>
   </div>
   <div class='ocr_carea' id='block_1_58' title="bbox 533 4038 2083 4126">
    <p class='ocr_par' dir='ltr' id='par_1_58' title="bbox 533 4038 2083 4126">
     <span class='ocr_line' id='line_1_58' title="bbox 533 4038 2083 4126; baseline -0.02 -6"><span class='ocrx_word' id='word_1_474' title='bbox 533 4038 887 4120; x_wconf 54' lang='lat' dir='ltr'><strong>iiéni&#39;iianii?</strong></span> <span class='ocrx_word' id='word_1_475' title='bbox 914 4038 1006 4126; x_wconf 76' lang='lat' dir='ltr'><strong>qui</strong></span> <span class='ocrx_word' id='word_1_476' title='bbox 1037 4038 1234 4126; x_wconf 66' lang='lat' dir='ltr'><strong>Sirmio</strong></span> <span class='ocrx_word' id='word_1_477' title='bbox 1260 4045 1661 4126; x_wconf 50' lang='lat' dir='ltr'><strong>rescribentes,</strong></span> <span class='ocrx_word' id='word_1_478' title='bbox 1705 4038 1845 4126; x_wconf 64' lang='lat' dir='ltr'><strong>tidei</strong></span> <span class='ocrx_word' id='word_1_479' title='bbox 1868 4039 2083 4126; x_wconf 69' lang='lat' dir='ltr'><strong>contes-</strong></span> 
     </span>
    </p>
   </div>
   <div class='ocr_carea' id='block_1_59' title="bbox 483 4108 2082 4190">
    <p class='ocr_par' dir='ltr' id='par_1_59' title="bbox 483 4108 2082 4190">
     <span class='ocr_line' id='line_1_59' title="bbox 483 4108 2082 4190; baseline -0.018 1"><span class='ocrx_word' id='word_1_480' title='bbox 483 4108 949 4190; x_wconf 54' lang='lat' dir='ltr'><strong>éb&#39;ﬁéiﬁ&#39;oﬁﬁiiiui</strong></span> <span class='ocrx_word' id='word_1_481' title='bbox 966 4123 1164 4180; x_wconf 89' lang='lat' dir='ltr'><strong>nudam</strong></span> <span class='ocrx_word' id='word_1_482' title='bbox 1208 4134 1271 4175; x_wconf 89' lang='lat' dir='ltr'><strong>ac</strong></span> <span class='ocrx_word' id='word_1_483' title='bbox 1309 4116 1552 4189; x_wconf 78' lang='lat' dir='ltr'><strong>jejunum</strong></span> <span class='ocrx_word' id='word_1_484' title='bbox 1582 4110 1799 4168; x_wconf 89' lang='lat' dir='ltr'><strong>Photini</strong></span> <span class='ocrx_word' id='word_1_485' title='bbox 1825 4108 2082 4166; x_wconf 87' lang='lat' dir='ltr'><strong>condem-</strong></span> 
     </span>
    </p>
   </div>
   <div class='ocr_carea' id='block_1_60' title="bbox 486 4202 1869 4265">
    <p class='ocr_par' dir='ltr' id='par_1_60' title="bbox 486 4202 1869 4265">
     <span class='ocr_line' id='line_1_60' title="bbox 486 4202 1869 4265; baseline -0.006 -6"><span class='ocrx_word' id='word_1_486' title='bbox 486 4206 691 4260; x_wconf 88' lang='lat' dir='ltr'><strong>nationi</strong></span> <span class='ocrx_word' id='word_1_487' title='bbox 721 4202 1205 4265; x_wconf 81' lang='lat' dir='ltr'><strong>snbnexuerunt.__</strong></span> <span class='ocrx_word' id='word_1_488' title='bbox 1336 4258 1370 4265; x_wconf 88' lang='lat'><strong>__</strong></span> <span class='ocrx_word' id='word_1_489' title='bbox 1443 4257 1476 4265; x_wconf 52' lang='grc' dir='ltr'>η</span> <span class='ocrx_word' id='word_1_490' title='bbox 1615 4262 1623 4265; x_wconf 94' lang='lat'><em>_</em></span> <span class='ocrx_word' id='word_1_491' title='bbox 1857 4253 1869 4265; x_wconf 68' lang='grc'><em>,</em></span> 
     </span>
    </p>
   </div>
   <div class='ocr_carea' id='block_1_61' title="bbox 556 4251 2082 4347">
    <p class='ocr_par' dir='ltr' id='par_1_61' title="bbox 556 4251 2082 4347">
     <span class='ocr_line' id='line_1_61' title="bbox 556 4251 2082 4347; baseline -0.015 -17"><span class='ocrx_word' id='word_1_492' title='bbox 556 4251 1114 4347; x_wconf 39' lang='grc' dir='ltr'><strong>(ὧᾜίξέξῖἡορςηρεα.</strong></span> <span class='ocrx_word' id='word_1_493' title='bbox 1158 4262 1277 4347; x_wconf 81' lang='lat' dir='ltr'><strong>Non</strong></span> <span class='ocrx_word' id='word_1_494' title='bbox 1319 4257 1631 4347; x_wconf 62' lang='lat' dir='ltr'><strong>displiceret</strong></span> <span class='ocrx_word' id='word_1_495' title='bbox 1659 4251 2082 4347; x_wconf 50' lang='lat' dir='ltr'><strong>co_ngenitteLvel</strong></span> 
     </span>
    </p>
   </div>
   <div class='ocr_carea' id='block_1_62' title="bbox 487 4335 2081 4417">
    <p class='ocr_par' dir='ltr' id='par_1_62' title="bbox 487 4335 2081 4417">
     <span class='ocr_line' id='line_1_62' title="bbox 487 4335 2081 4417; baseline -0.016 -14"><span class='ocrx_word' id='word_1_496' title='bbox 487 4349 541 4402; x_wconf 89' lang='lat' dir='ltr'><strong>in</strong></span> <span class='ocrx_word' id='word_1_497' title='bbox 562 4335 626 4401; x_wconf 71' lang='lat' dir='ltr'><strong>eo</strong></span> <span class='ocrx_word' id='word_1_498' title='bbox 666 4345 868 4417; x_wconf 69' lang='lat' dir='ltr'><strong>genitis.</strong></span> <span class='ocrx_word' id='word_1_499' title='bbox 916 4335 972 4393; x_wconf 78' lang='lat' dir='ltr'><strong>lti</strong></span> <span class='ocrx_word' id='word_1_500' title='bbox 1017 4339 1342 4417; x_wconf 81' lang='lat' dir='ltr'><strong>ipso_autem</strong></span> <span class='ocrx_word' id='word_1_501' title='bbox 1369 4335 2081 4417; x_wconf 25' lang='lat' dir='ltr'><strong>nascente‘creatauomma</strong></span> 
     </span>
    </p>
   </div>
   <div class='ocr_carea' id='block_1_63' title="bbox 2192 1801 3801 1873">
    <p class='ocr_par' dir='ltr' id='par_1_63' title="bbox 2192 1801 3801 1873">
     <span class='ocr_line' id='line_1_63' title="bbox 2192 1801 3801 1873; baseline 0.001 -15"><span class='ocrx_word' id='word_1_502' title='bbox 2192 1805 2246 1859; x_wconf 90' lang='lat' dir='ltr'><strong>in</strong></span> <span class='ocrx_word' id='word_1_503' title='bbox 2291 1803 2481 1860; x_wconf 89' lang='lat' dir='ltr'><strong>ordine</strong></span> <span class='ocrx_word' id='word_1_504' title='bbox 2526 1812 2893 1859; x_wconf 86' lang='lat' dir='ltr'><strong>creaturarum</strong></span> <span class='ocrx_word' id='word_1_505' title='bbox 2922 1844 2939 1868; x_wconf 91' lang='lat'><strong>,</strong></span> <span class='ocrx_word' id='word_1_506' title='bbox 2984 1818 3105 1873; x_wconf 73' lang='lat' dir='ltr'><strong>quze</strong></span> <span class='ocrx_word' id='word_1_507' title='bbox 3147 1803 3199 1857; x_wconf 94' lang='lat' dir='ltr'><strong>in</strong></span> <span class='ocrx_word' id='word_1_508' title='bbox 3243 1801 3436 1860; x_wconf 88' lang='lat' dir='ltr'><strong>ordine</strong></span> <span class='ocrx_word' id='word_1_509' title='bbox 3476 1804 3801 1860; x_wconf 61' lang='lat' dir='ltr'><strong>constituta</strong></span> 
     </span>
    </p>
   </div>
   <div class='ocr_carea' id='block_1_64' title="bbox 2190 1893 3810 1966">
    <p class='ocr_par' dir='ltr' id='par_1_64' title="bbox 2190 1893 3810 1966">
     <span class='ocr_line' id='line_1_64' title="bbox 2190 1893 3810 1966; baseline 0 -15"><span class='ocrx_word' id='word_1_510' title='bbox 2190 1906 2336 1965; x_wconf 86' lang='lat' dir='ltr'><strong>sunt,</strong></span> <span class='ocrx_word' id='word_1_511' title='bbox 2367 1898 2572 1966; x_wconf 90' lang='lat' dir='ltr'><strong>primus</strong></span> <span class='ocrx_word' id='word_1_512' title='bbox 2625 1896 2679 1950; x_wconf 90' lang='lat' dir='ltr'><strong>in</strong></span> <span class='ocrx_word' id='word_1_513' title='bbox 2706 1908 2937 1950; x_wconf 90' lang='lat' dir='ltr'><strong>numero</strong></span> <span class='ocrx_word' id='word_1_514' title='bbox 2962 1904 3084 1949; x_wconf 87' lang='lat' dir='ltr'><strong>est:</strong></span> <span class='ocrx_word' id='word_1_515' title='bbox 3109 1893 3203 1950; x_wconf 88' lang='lat' dir='ltr'><strong>sed</strong></span> <span class='ocrx_word' id='word_1_516' title='bbox 3233 1895 3350 1962; x_wconf 86' lang='lat' dir='ltr'><strong>ipse</strong></span> <span class='ocrx_word' id='word_1_517' title='bbox 3375 1893 3553 1965; x_wconf 85' lang='lat' dir='ltr'><strong>imago</strong></span> <span class='ocrx_word' id='word_1_518' title='bbox 3593 1895 3686 1951; x_wconf 88' lang='lat' dir='ltr'><strong>Dei</strong></span> <span class='ocrx_word' id='word_1_519' title='bbox 3713 1896 3810 1951; x_wconf 88' lang='lat' dir='ltr'><strong>in-</strong></span> 
     </span>
    </p>
   </div>
   <div class='ocr_carea' id='block_1_65' title="bbox 2190 1984 3806 2057">
    <p class='ocr_par' dir='ltr' id='par_1_65' title="bbox 2190 1984 3806 2057">
     <span class='ocr_line' id='line_1_65' title="bbox 2190 1984 3806 2057; baseline 0 -14"><span class='ocrx_word' id='word_1_520' title='bbox 2190 1986 2445 2053; x_wconf 81' lang='lat' dir='ltr'><strong>visibilis,</strong></span> <span class='ocrx_word' id='word_1_521' title='bbox 2477 2002 2701 2043; x_wconf 89' lang='lat' dir='ltr'><strong>manens</strong></span> <span class='ocrx_word' id='word_1_522' title='bbox 2747 2002 2842 2055; x_wconf 87' lang='lat' dir='ltr'><strong>per</strong></span> <span class='ocrx_word' id='word_1_523' title='bbox 2873 1986 3125 2042; x_wconf 79' lang='lat' dir='ltr'><strong>virtutem</strong></span> <span class='ocrx_word' id='word_1_524' title='bbox 3178 1984 3448 2041; x_wconf 80' lang='lat' dir='ltr'><strong>efﬁciendi</strong></span> <span class='ocrx_word' id='word_1_525' title='bbox 3480 2001 3706 2057; x_wconf 88' lang='lat' dir='ltr'><strong>semper</strong></span> <span class='ocrx_word' id='word_1_526' title='bbox 3745 1988 3806 2043; x_wconf 92' lang='lat' dir='ltr'><strong>in</strong></span> 
     </span>
    </p>
   </div>
   <div class='ocr_carea' id='block_1_66' title="bbox 2190 2077 3810 2152">
    <p class='ocr_par' dir='ltr' id='par_1_66' title="bbox 2190 2077 3810 2152">
     <span class='ocr_line' id='line_1_66' title="bbox 2190 2077 3810 2152; baseline -0.002 -15"><span class='ocrx_word' id='word_1_527' title='bbox 2190 2082 2331 2152; x_wconf 90' lang='lat' dir='ltr'><strong>ipso,</strong></span> <span class='ocrx_word' id='word_1_528' title='bbox 2363 2096 2423 2137; x_wconf 89' lang='lat' dir='ltr'><strong>se</strong></span> <span class='ocrx_word' id='word_1_529' title='bbox 2450 2080 2866 2151; x_wconf 75' lang='lat' dir='ltr'><strong>primogenitum</strong></span> <span class='ocrx_word' id='word_1_530' title='bbox 2896 2077 3150 2134; x_wconf 87' lang='lat' dir='ltr'><strong>habuerit</strong></span> <span class='ocrx_word' id='word_1_531' title='bbox 3187 2092 3401 2145; x_wconf 90' lang='lat' dir='ltr'><strong>eorum,</strong></span> <span class='ocrx_word' id='word_1_532' title='bbox 3446 2094 3568 2150; x_wconf 69' lang='lat' dir='ltr'><strong>qum</strong></span> <span class='ocrx_word' id='word_1_533' title='bbox 3595 2093 3695 2150; x_wconf 91' lang='lat' dir='ltr'><strong>per</strong></span> <span class='ocrx_word' id='word_1_534' title='bbox 3718 2079 3810 2151; x_wconf 83' lang='lat' dir='ltr'><strong>ip-</strong></span> 
     </span>
    </p>
   </div>
   <div class='ocr_carea' id='block_1_67' title="bbox 2192 2171 3808 2231">
    <p class='ocr_par' dir='ltr' id='par_1_67' title="bbox 2192 2171 3808 2231">
     <span class='ocr_line' id='line_1_67' title="bbox 2192 2171 3808 2231; baseline 0 -2"><span class='ocrx_word' id='word_1_535' title='bbox 2192 2189 2311 2231; x_wconf 91' lang='lat' dir='ltr'><strong>sum</strong></span> <span class='ocrx_word' id='word_1_536' title='bbox 2350 2173 2403 2229; x_wconf 93' lang='lat' dir='ltr'><strong>in</strong></span> <span class='ocrx_word' id='word_1_537' title='bbox 2433 2173 2576 2230; x_wconf 75' lang='lat' dir='ltr'><strong>ctelo</strong></span> <span class='ocrx_word' id='word_1_538' title='bbox 2617 2181 2672 2230; x_wconf 91' lang='lat' dir='ltr'><strong>et</strong></span> <span class='ocrx_word' id='word_1_539' title='bbox 2699 2173 2752 2228; x_wconf 90' lang='lat' dir='ltr'><strong>in</strong></span> <span class='ocrx_word' id='word_1_540' title='bbox 2785 2181 2927 2226; x_wconf 92' lang='lat' dir='ltr'><strong>terra</strong></span> <span class='ocrx_word' id='word_1_541' title='bbox 2958 2171 3192 2226; x_wconf 88' lang='lat' dir='ltr'><strong>visibilia</strong></span> <span class='ocrx_word' id='word_1_542' title='bbox 3234 2179 3291 2228; x_wconf 89' lang='lat' dir='ltr'><strong>et</strong></span> <span class='ocrx_word' id='word_1_543' title='bbox 3323 2171 3614 2227; x_wconf 75' lang='lat' dir='ltr'><strong>invisibilia</strong></span> <span class='ocrx_word' id='word_1_544' title='bbox 3646 2186 3808 2229; x_wconf 82' lang='lat' dir='ltr'><strong>crea-</strong></span> 
     </span>
    </p>
   </div>
   <div class='ocr_carea' id='block_1_68' title="bbox 2198 2269 2710 2326">
    <p class='ocr_par' dir='ltr' id='par_1_68' title="bbox 2198 2269 2710 2326">
     <span class='ocr_line' id='line_1_68' title="bbox 2198 2269 2710 2326; baseline -0.008 0"><span class='ocrx_word' id='word_1_545' title='bbox 2198 2276 2394 2326; x_wconf 89' lang='lat' dir='ltr'><strong>rentur</strong></span> <span class='ocrx_word' id='word_1_546' title='bbox 2421 2269 2710 2324; x_wconf 84' lang='lat' dir='ltr'><strong>exstantia.</strong></span> 
     </span>
    </p>
   </div>
   <div class='ocr_carea' id='block_1_69' title="bbox 2259 2357 3805 2430">
    <p class='ocr_par' dir='ltr' id='par_1_69' title="bbox 2259 2357 3805 2430">
     <span class='ocr_line' id='line_1_69' title="bbox 2259 2357 3805 2430; baseline -0.001 -14"><span class='ocrx_word' id='word_1_547' title='bbox 2259 2361 2350 2417; x_wconf 69' lang='lat'><strong>51.</strong></span> <span class='ocrx_word' id='word_1_548' title='bbox 2380 2359 2607 2415; x_wconf 76' lang='lat' dir='ltr'><strong>Trinitas</strong></span> <span class='ocrx_word' id='word_1_549' title='bbox 2653 2360 2740 2429; x_wconf 85' lang='lat' dir='ltr'><strong>qui</strong></span> <span class='ocrx_word' id='word_1_550' title='bbox 2788 2359 2969 2430; x_wconf 79' lang='lat' dir='ltr'><strong>dispar</strong></span> <span class='ocrx_word' id='word_1_551' title='bbox 3005 2357 3421 2415; x_wconf 58' lang='lat' dir='ltr'><strong>induculam—1</strong></span> <span class='ocrx_word' id='word_1_552' title='bbox 3452 2358 3592 2428; x_wconf 87' lang='lat' dir='ltr'><strong>Quin</strong></span> <span class='ocrx_word' id='word_1_553' title='bbox 3631 2358 3805 2415; x_wconf 87' lang='lat' dir='ltr'><strong>etiam</strong></span> 
     </span>
    </p>
   </div>
   <div class='ocr_carea' id='block_1_70' title="bbox 2191 2451 3807 2523">
    <p class='ocr_par' dir='ltr' id='par_1_70' title="bbox 2191 2451 3807 2523">
     <span class='ocr_line' id='line_1_70' title="bbox 2191 2451 3807 2523; baseline -0.001 -13"><span class='ocrx_word' id='word_1_554' title='bbox 2191 2454 2337 2511; x_wconf 89' lang='lat' dir='ltr'><strong>haud</strong></span> <span class='ocrx_word' id='word_1_555' title='bbox 2387 2454 2688 2519; x_wconf 88' lang='lat' dir='ltr'><strong>dissimilis,</strong></span> <span class='ocrx_word' id='word_1_556' title='bbox 2722 2452 2776 2508; x_wconf 92' lang='lat' dir='ltr'><strong>in</strong></span> <span class='ocrx_word' id='word_1_557' title='bbox 2802 2453 3089 2508; x_wconf 88' lang='lat' dir='ltr'><strong>Trinitatis</strong></span> <span class='ocrx_word' id='word_1_558' title='bbox 3121 2452 3555 2523; x_wconf 84' lang='lat' dir='ltr'><strong>nuncupatione,</strong></span> <span class='ocrx_word' id='word_1_559' title='bbox 3595 2451 3807 2509; x_wconf 79' lang='lat' dir='ltr'><strong>falsita-</strong></span> 
     </span>
    </p>
   </div>
   <div class='ocr_carea' id='block_1_71' title="bbox 2191 2542 3808 2602">
    <p class='ocr_par' dir='ltr' id='par_1_71' title="bbox 2191 2542 3808 2602">
     <span class='ocr_line' id='line_1_71' title="bbox 2191 2542 3808 2602; baseline -0.001 -1"><span class='ocrx_word' id='word_1_560' title='bbox 2191 2551 2258 2601; x_wconf 89' lang='lat' dir='ltr'><strong>tis</strong></span> <span class='ocrx_word' id='word_1_561' title='bbox 2279 2561 2467 2600; x_wconf 91' lang='lat' dir='ltr'><strong>eornm</strong></span> <span class='ocrx_word' id='word_1_562' title='bbox 2497 2552 2786 2602; x_wconf 83' lang='lat' dir='ltr'><strong>contextus</strong></span> <span class='ocrx_word' id='word_1_563' title='bbox 2812 2551 2917 2600; x_wconf 88' lang='lat' dir='ltr'><strong>est.</strong></span> <span class='ocrx_word' id='word_1_564' title='bbox 2945 2542 3043 2601; x_wconf 75' lang='lat' dir='ltr'><strong>libi</strong></span> <span class='ocrx_word' id='word_1_565' title='bbox 3070 2544 3214 2601; x_wconf 89' lang='lat' dir='ltr'><strong>enim</strong></span> <span class='ocrx_word' id='word_1_566' title='bbox 3240 2557 3271 2598; x_wconf 91' lang='lat' dir='ltr'><strong>a</strong></span> <span class='ocrx_word' id='word_1_567' title='bbox 3292 2543 3526 2600; x_wconf 83' lang='lat' dir='ltr'><strong>diversis</strong></span> <span class='ocrx_word' id='word_1_568' title='bbox 3545 2544 3808 2600; x_wconf 86' lang='lat' dir='ltr'><strong>substan—</strong></span> 
     </span>
    </p>
   </div>
   <div class='ocr_carea' id='block_1_72' title="bbox 2189 2636 3803 2708">
    <p class='ocr_par' dir='ltr' id='par_1_72' title="bbox 2189 2636 3803 2708">
     <span class='ocr_line' id='line_1_72' title="bbox 2189 2636 3803 2708; baseline -0.001 -15"><span class='ocrx_word' id='word_1_569' title='bbox 2189 2638 2281 2695; x_wconf 91' lang='lat' dir='ltr'><strong>tiis</strong></span> <span class='ocrx_word' id='word_1_570' title='bbox 2310 2638 2502 2693; x_wconf 83' lang='lat' dir='ltr'><strong>Filium</strong></span> <span class='ocrx_word' id='word_1_571' title='bbox 2544 2653 2574 2693; x_wconf 88' lang='lat' dir='ltr'><strong>a</strong></span> <span class='ocrx_word' id='word_1_572' title='bbox 2617 2637 2799 2703; x_wconf 87' lang='lat' dir='ltr'><strong>Patre,</strong></span> <span class='ocrx_word' id='word_1_573' title='bbox 2834 2636 2996 2707; x_wconf 90' lang='lat' dir='ltr'><strong>impio</strong></span> <span class='ocrx_word' id='word_1_574' title='bbox 3021 2643 3079 2691; x_wconf 87' lang='lat' dir='ltr'><strong>ct</strong></span> <span class='ocrx_word' id='word_1_575' title='bbox 3107 2637 3373 2692; x_wconf 85' lang='lat' dir='ltr'><strong>maledico</strong></span> <span class='ocrx_word' id='word_1_576' title='bbox 3403 2651 3498 2693; x_wconf 90' lang='lat' dir='ltr'><strong>ore</strong></span> <span class='ocrx_word' id='word_1_577' title='bbox 3529 2636 3603 2708; x_wconf 90' lang='lat' dir='ltr'><strong>(c)</strong></span> <span class='ocrx_word' id='word_1_578' title='bbox 3633 2637 3803 2694; x_wconf 89' lang='lat' dir='ltr'><strong>disci-</strong></span> 
     </span>
    </p>
   </div>
   <div class='ocr_carea' id='block_1_73' title="bbox 2190 2729 3801 2801">
    <p class='ocr_par' dir='ltr' id='par_1_73' title="bbox 2190 2729 3801 2801">
     <span class='ocr_line' id='line_1_73' title="bbox 2190 2729 3801 2801; baseline 0.001 -16"><span class='ocrx_word' id='word_1_579' title='bbox 2190 2731 2406 2798; x_wconf 89' lang='lat' dir='ltr'><strong>derint,</strong></span> <span class='ocrx_word' id='word_1_580' title='bbox 2449 2741 2501 2787; x_wconf 90' lang='lat' dir='ltr'><strong>et</strong></span> <span class='ocrx_word' id='word_1_581' title='bbox 2541 2730 2594 2785; x_wconf 90' lang='lat' dir='ltr'><strong>in</strong></span> <span class='ocrx_word' id='word_1_582' title='bbox 2643 2730 2910 2801; x_wconf 85' lang='lat' dir='ltr'><strong>separatis</strong></span> <span class='ocrx_word' id='word_1_583' title='bbox 2934 2729 3162 2784; x_wconf 76' lang='lat' dir='ltr'><strong>&#39;duobus</strong></span> <span class='ocrx_word' id='word_1_584' title='bbox 3197 2732 3419 2786; x_wconf 85' lang='lat' dir='ltr'><strong>assistat</strong></span> <span class='ocrx_word' id='word_1_585' title='bbox 3465 2732 3801 2800; x_wconf 80' lang='lat' dir='ltr'><strong>auctoritas,</strong></span> 
     </span>
    </p>
   </div>
   <div class='ocr_carea' id='block_1_74' title="bbox 2190 2822 3806 2896">
    <p class='ocr_par' dir='ltr' id='par_1_74' title="bbox 2190 2822 3806 2896">
     <span class='ocr_line' id='line_1_74' title="bbox 2190 2822 3806 2896; baseline 0.002 -19"><span class='ocrx_word' id='word_1_586' title='bbox 2190 2826 2350 2879; x_wconf 85' lang='lat' dir='ltr'><strong>tertia</strong></span> <span class='ocrx_word' id='word_1_587' title='bbox 2405 2824 2781 2880; x_wconf 87' lang='lat' dir='ltr'><strong>dinumeratur</strong></span> <span class='ocrx_word' id='word_1_588' title='bbox 2820 2823 2875 2877; x_wconf 88' lang='lat' dir='ltr'><strong>itt</strong></span> <span class='ocrx_word' id='word_1_589' title='bbox 2910 2822 3113 2892; x_wconf 84' lang='lat' dir='ltr'><strong>Spiritu</strong></span> <span class='ocrx_word' id='word_1_590' title='bbox 3146 2839 3159 2875; x_wconf 88' lang='lat'><strong>:</strong></span> <span class='ocrx_word' id='word_1_591' title='bbox 3187 2830 3245 2878; x_wconf 90' lang='lat' dir='ltr'><strong>et</strong></span> <span class='ocrx_word' id='word_1_592' title='bbox 3262 2822 3345 2896; x_wconf 83' lang='lat' dir='ltr'><strong>(cl)</strong></span> <span class='ocrx_word' id='word_1_593' title='bbox 3377 2839 3500 2879; x_wconf 89' lang='lat' dir='ltr'><strong>cum</strong></span> <span class='ocrx_word' id='word_1_594' title='bbox 3543 2826 3604 2879; x_wconf 86' lang='lat' dir='ltr'><strong>lit</strong></span> <span class='ocrx_word' id='word_1_595' title='bbox 3642 2824 3806 2881; x_wconf 80' lang='lat' dir='ltr'><strong>Pater</strong></span> 
     </span>
    </p>
   </div>
   <div class='ocr_carea' id='block_1_75' title="bbox 2190 2916 3802 2990">
    <p class='ocr_par' dir='ltr' id='par_1_75' title="bbox 2190 2916 3802 2990">
     <span class='ocr_line' id='line_1_75' title="bbox 2190 2916 3802 2990; baseline 0.002 -17"><span class='ocrx_word' id='word_1_596' title='bbox 2190 2918 2242 2973; x_wconf 92' lang='lat' dir='ltr'><strong>in</strong></span> <span class='ocrx_word' id='word_1_597' title='bbox 2273 2916 2408 2972; x_wconf 86' lang='lat' dir='ltr'><strong>Filio</strong></span> <span class='ocrx_word' id='word_1_598' title='bbox 2435 2924 2492 2972; x_wconf 90' lang='lat' dir='ltr'><strong>et</strong></span> <span class='ocrx_word' id='word_1_599' title='bbox 2514 2916 2687 2972; x_wconf 86' lang='lat' dir='ltr'><strong>Filius</strong></span> <span class='ocrx_word' id='word_1_600' title='bbox 2714 2916 2766 2971; x_wconf 91' lang='lat' dir='ltr'><strong>in</strong></span> <span class='ocrx_word' id='word_1_601' title='bbox 2789 2916 2971 2984; x_wconf 86' lang='lat' dir='ltr'><strong>Patre,</strong></span> <span class='ocrx_word' id='word_1_602' title='bbox 2997 2924 3054 2973; x_wconf 90' lang='lat' dir='ltr'><strong>et</strong></span> <span class='ocrx_word' id='word_1_603' title='bbox 3072 2916 3308 2985; x_wconf 86' lang='lat' dir='ltr'><strong>Spiritus</strong></span> <span class='ocrx_word' id='word_1_604' title='bbox 3321 2926 3541 2973; x_wconf 89' lang='lat' dir='ltr'><strong>sanctus</strong></span> <span class='ocrx_word' id='word_1_605' title='bbox 3568 2919 3802 2990; x_wconf 83' lang='lat' dir='ltr'><strong>accipiat</strong></span> 
     </span>
    </p>
   </div>
   <div class='ocr_carea' id='block_1_76' title="bbox 2190 3009 3805 3084">
    <p class='ocr_par' dir='ltr' id='par_1_76' title="bbox 2190 3009 3805 3084">
     <span class='ocr_line' id='line_1_76' title="bbox 2190 3009 3805 3084; baseline 0.001 -16"><span class='ocrx_word' id='word_1_606' title='bbox 2190 3028 2256 3068; x_wconf 76' lang='lat' dir='ltr'><strong>ex</strong></span> <span class='ocrx_word' id='word_1_607' title='bbox 2284 3020 2545 3084; x_wconf 87' lang='lat' dir='ltr'><strong>utroque;</strong></span> <span class='ocrx_word' id='word_1_608' title='bbox 2575 3013 2627 3066; x_wconf 94' lang='lat' dir='ltr'><strong>in</strong></span> <span class='ocrx_word' id='word_1_609' title='bbox 2656 3028 2724 3068; x_wconf 91' lang='lat' dir='ltr'><strong>eo</strong></span> <span class='ocrx_word' id='word_1_610' title='bbox 2743 3053 2759 3079; x_wconf 92' lang='lat'><strong>,</strong></span> <span class='ocrx_word' id='word_1_611' title='bbox 2788 3011 2929 3083; x_wconf 90' lang='lat' dir='ltr'><strong>quod</strong></span> <span class='ocrx_word' id='word_1_612' title='bbox 2962 3009 3198 3079; x_wconf 89' lang='lat' dir='ltr'><strong>Spiritus</strong></span> <span class='ocrx_word' id='word_1_613' title='bbox 3232 3011 3555 3078; x_wconf 71' lang='lat' dir='ltr'><strong>exiit-imitor</strong></span> <span class='ocrx_word' id='word_1_614' title='bbox 3596 3021 3805 3070; x_wconf 64' lang='lat' dir='ltr'><strong>sancta:</strong></span> 
     </span>
    </p>
   </div>
   <div class='ocr_carea' id='block_1_77' title="bbox 2112 3100 3804 3175">
    <p class='ocr_par' dir='ltr' id='par_1_77' title="bbox 2112 3100 3804 3175">
     <span class='ocr_line' id='line_1_77' title="bbox 2112 3100 3804 3175; baseline 0.002 -16"><span class='ocrx_word' id='word_1_615' title='bbox 2112 3107 2158 3171; x_wconf 72' lang='grc' dir='ltr'><strong>ρ</strong></span> <span class='ocrx_word' id='word_1_616' title='bbox 2194 3104 2352 3175; x_wconf 87' lang='lat' dir='ltr'><strong>hujus</strong></span> <span class='ocrx_word' id='word_1_617' title='bbox 2386 3103 2710 3159; x_wconf 88' lang='lat' dir='ltr'><strong>inviolabilis</strong></span> <span class='ocrx_word' id='word_1_618' title='bbox 2734 3103 2912 3159; x_wconf 87' lang='lat' dir='ltr'><strong>unitas</strong></span> <span class='ocrx_word' id='word_1_619' title='bbox 2943 3101 3010 3175; x_wconf 77' lang='grc' dir='ltr'><strong>(Ῑ.</strong></span> <span class='ocrx_word' id='word_1_620' title='bbox 3030 3101 3156 3157; x_wconf 86' lang='lat' dir='ltr'><strong>add.</strong></span> <span class='ocrx_word' id='word_1_621' title='bbox 3180 3100 3510 3174; x_wconf 85' lang='lat' dir='ltr'><strong>Trinitatis),</strong></span> <span class='ocrx_word' id='word_1_622' title='bbox 3543 3104 3804 3162; x_wconf 63' lang='lat' dir='ltr'><strong>haeretica</strong></span> 
     </span>
    </p>
   </div>
   <div class='ocr_carea' id='block_1_78' title="bbox 2193 3194 3805 3270">
    <p class='ocr_par' dir='ltr' id='par_1_78' title="bbox 2193 3194 3805 3270">
     <span class='ocr_line' id='line_1_78' title="bbox 2193 3194 3805 3270; baseline 0.002 -18"><span class='ocrx_word' id='word_1_623' title='bbox 2193 3206 2343 3268; x_wconf 86' lang='lat' dir='ltr'><strong>parte</strong></span> <span class='ocrx_word' id='word_1_624' title='bbox 2384 3196 2646 3268; x_wconf 88' lang='lat' dir='ltr'><strong>parturiat</strong></span> <span class='ocrx_word' id='word_1_625' title='bbox 2685 3196 2922 3251; x_wconf 85' lang='lat' dir='ltr'><strong>Trinitas</strong></span> <span class='ocrx_word' id='word_1_626' title='bbox 2960 3197 3275 3267; x_wconf 86' lang='lat' dir='ltr'><strong>pronuntiat</strong></span> <span class='ocrx_word' id='word_1_627' title='bbox 3309 3194 3375 3269; x_wconf 78' lang='lat' dir='ltr'><strong>(f.</strong></span> <span class='ocrx_word' id='word_1_628' title='bbox 3412 3197 3805 3270; x_wconf 71' lang='lat' dir='ltr'><strong>pt&#39;ouunciata)</strong></span> 
     </span>
    </p>
   </div>
   <div class='ocr_carea' id='block_1_79' title="bbox 2190 3290 3159 3346">
    <p class='ocr_par' dir='ltr' id='par_1_79' title="bbox 2190 3290 3159 3346">
     <span class='ocr_line' id='line_1_79' title="bbox 2190 3290 3159 3346; baseline -0.002 -1"><span class='ocrx_word' id='word_1_629' title='bbox 2190 3290 2494 3346; x_wconf 85' lang='lat' dir='ltr'><strong>dissidium.</strong></span> <span class='ocrx_word' id='word_1_630' title='bbox 3150 3308 3159 3315; x_wconf 86' lang='grc'><strong>·</strong></span> 
     </span>
    </p>
   </div>
   <div class='ocr_carea' id='block_1_80' title="bbox 2257 3380 3802 3453">
    <p class='ocr_par' dir='ltr' id='par_1_80' title="bbox 2257 3380 3802 3453">
     <span class='ocr_line' id='line_1_80' title="bbox 2257 3380 3802 3453; baseline -0.001 -14"><span class='ocrx_word' id='word_1_631' title='bbox 2257 3382 2347 3439; x_wconf 73' lang='grc'><strong>52.</strong></span> <span class='ocrx_word' id='word_1_632' title='bbox 2381 3380 2628 3436; x_wconf 64' lang='lat' dir='ltr'><strong>Nicetius</strong></span> <span class='ocrx_word' id='word_1_633' title='bbox 2655 3390 2902 3437; x_wconf 84' lang='lat' dir='ltr'><strong>tractatus</strong></span> <span class='ocrx_word' id='word_1_634' title='bbox 2929 3397 3085 3453; x_wconf 89' lang='lat' dir='ltr'><strong>quam</strong></span> <span class='ocrx_word' id='word_1_635' title='bbox 3104 3391 3403 3437; x_wconf 87' lang='lat' dir='ltr'><strong>accuratus.</strong></span> <span class='ocrx_word' id='word_1_636' title='bbox 3432 3412 3499 3423; x_wconf 91' lang='lat'><strong>—</strong></span> <span class='ocrx_word' id='word_1_637' title='bbox 3535 3401 3554 3436; x_wconf 72' lang='grc' dir='ltr'>ι</span> <span class='ocrx_word' id='word_1_638' title='bbox 3579 3381 3690 3440; x_wconf 83' lang='lat' dir='ltr'><strong>Sed</strong></span> <span class='ocrx_word' id='word_1_639' title='bbox 3718 3383 3802 3438; x_wconf 88' lang='lat' dir='ltr'><strong>di-</strong></span> 
     </span>
    </p>
   </div>
   <div class='ocr_carea' id='block_1_81' title="bbox 2189 3473 3804 3547">
    <p class='ocr_par' dir='ltr' id='par_1_81' title="bbox 2189 3473 3804 3547">
     <span class='ocr_line' id='line_1_81' title="bbox 2189 3473 3804 3547; baseline 0.001 -17"><span class='ocrx_word' id='word_1_640' title='bbox 2189 3476 2362 3547; x_wconf 83' lang='lat' dir='ltr'><strong>ligens</strong></span> <span class='ocrx_word' id='word_1_641' title='bbox 2392 3473 2594 3529; x_wconf 70' lang='lat' dir='ltr'><strong>Nicmni</strong></span> <span class='ocrx_word' id='word_1_642' title='bbox 2624 3480 2887 3529; x_wconf 84' lang='lat' dir='ltr'><strong>tractatus</strong></span> <span class='ocrx_word' id='word_1_643' title='bbox 2910 3473 3291 3546; x_wconf 81' lang='lat' dir='ltr'><strong>perfectusque</strong></span> <span class='ocrx_word' id='word_1_644' title='bbox 3316 3490 3497 3530; x_wconf 89' lang='lat' dir='ltr'><strong>sermo</strong></span> <span class='ocrx_word' id='word_1_645' title='bbox 3522 3476 3804 3532; x_wconf 82' lang='lat' dir='ltr'><strong>artissimo</strong></span> 
     </span>
    </p>
   </div>
   <div class='ocr_carea' id='block_1_82' title="bbox 2192 3566 3803 3639">
    <p class='ocr_par' dir='ltr' id='par_1_82' title="bbox 2192 3566 3803 3639">
     <span class='ocr_line' id='line_1_82' title="bbox 2192 3566 3803 3639; baseline 0.001 -17"><span class='ocrx_word' id='word_1_646' title='bbox 2192 3567 2436 3622; x_wconf 86' lang='lat' dir='ltr'><strong>veritatis</strong></span> <span class='ocrx_word' id='word_1_647' title='bbox 2504 3566 2843 3636; x_wconf 67' lang='lat' dir='ltr'><strong>prtescripto,</strong></span> <span class='ocrx_word' id='word_1_648' title='bbox 2901 3566 3083 3621; x_wconf 87' lang='lat' dir='ltr'><strong>omnia</strong></span> <span class='ocrx_word' id='word_1_649' title='bbox 3139 3566 3524 3623; x_wconf 76' lang='lat' dir='ltr'><strong>luereticarum</strong></span> <span class='ocrx_word' id='word_1_650' title='bbox 3576 3567 3803 3639; x_wconf 82' lang='lat' dir='ltr'><strong>ingenia</strong></span> 
     </span>
    </p>
   </div>
   <div class='ocr_carea' id='block_1_83' title="bbox 2191 3656 3803 3733">
    <p class='ocr_par' dir='ltr' id='par_1_83' title="bbox 2191 3656 3803 3733">
     <span class='ocr_line' id='line_1_83' title="bbox 2191 3656 3803 3733; baseline -0.001 -20"><span class='ocrx_word' id='word_1_651' title='bbox 2191 3658 2264 3733; x_wconf 85' lang='lat' dir='ltr'><strong>(c)</strong></span> <span class='ocrx_word' id='word_1_652' title='bbox 2280 3657 2566 3721; x_wconf 85' lang='lat' dir='ltr'><strong>conclusit,</strong></span> <span class='ocrx_word' id='word_1_653' title='bbox 2589 3657 2663 3712; x_wconf 87' lang='lat' dir='ltr'><strong>ita</strong></span> <span class='ocrx_word' id='word_1_654' title='bbox 2691 3671 2899 3728; x_wconf 88' lang='lat' dir='ltr'><strong>ponens</strong></span> <span class='ocrx_word' id='word_1_655' title='bbox 2926 3656 3229 3714; x_wconf 82' lang='lat' dir='ltr'><strong>:Credimus</strong></span> <span class='ocrx_word' id='word_1_656' title='bbox 3248 3658 3302 3713; x_wconf 85' lang='lat' dir='ltr'><strong>in</strong></span> <span class='ocrx_word' id='word_1_657' title='bbox 3323 3674 3484 3713; x_wconf 84' lang='lat' dir='ltr'><strong>unum</strong></span> <span class='ocrx_word' id='word_1_658' title='bbox 3508 3657 3678 3714; x_wconf 71' lang='lat' dir='ltr'><strong>Deum</strong></span> <span class='ocrx_word' id='word_1_659' title='bbox 3703 3674 3803 3730; x_wconf 86' lang='lat' dir='ltr'><strong>pa-</strong></span> 
     </span>
    </p>
   </div>
   <div class='ocr_carea' id='block_1_84' title="bbox 2192 3744 3799 3825">
    <p class='ocr_par' dir='ltr' id='par_1_84' title="bbox 2192 3744 3799 3825">
     <span class='ocr_line' id='line_1_84' title="bbox 2192 3744 3799 3825; baseline 0.001 -19"><span class='ocrx_word' id='word_1_660' title='bbox 2192 3761 2343 3819; x_wconf 87' lang='lat' dir='ltr'><strong>trem,</strong></span> <span class='ocrx_word' id='word_1_661' title='bbox 2367 3760 2415 3807; x_wconf 79' lang='grc' dir='ltr'><strong>ει</strong></span> <span class='ocrx_word' id='word_1_662' title='bbox 2441 3744 2493 3806; x_wconf 86' lang='lat' dir='ltr'><strong>in</strong></span> <span class='ocrx_word' id='word_1_663' title='bbox 2519 3766 2682 3807; x_wconf 87' lang='lat' dir='ltr'><strong>unum</strong></span> <span class='ocrx_word' id='word_1_664' title='bbox 2710 3751 2876 3821; x_wconf 81' lang='lat' dir='ltr'><strong>[ilium</strong></span> <span class='ocrx_word' id='word_1_665' title='bbox 2915 3755 3026 3825; x_wconf 84' lang='lat' dir='ltr'><strong>ejus</strong></span> <span class='ocrx_word' id='word_1_666' title='bbox 3073 3751 3256 3807; x_wconf 74' lang='lat' dir='ltr'><strong>Iesum</strong></span> <span class='ocrx_word' id='word_1_667' title='bbox 3300 3752 3587 3807; x_wconf 79' lang='lat' dir='ltr'><strong>Christum.</strong></span> <span class='ocrx_word' id='word_1_668' title='bbox 3616 3751 3799 3809; x_wconf 87' lang='lat' dir='ltr'><strong>Unum</strong></span> 
     </span>
    </p>
   </div>
   <div class='ocr_carea' id='block_1_85' title="bbox 2195 3843 3801 3919">
    <p class='ocr_par' dir='ltr' id='par_1_85' title="bbox 2195 3843 3801 3919">
     <span class='ocr_line' id='line_1_85' title="bbox 2195 3843 3801 3919; baseline 0.002 -20"><span class='ocrx_word' id='word_1_669' title='bbox 2195 3844 2379 3911; x_wconf 85' lang='lat' dir='ltr'><strong>ambo,</strong></span> <span class='ocrx_word' id='word_1_670' title='bbox 2409 3850 2467 3900; x_wconf 88' lang='lat' dir='ltr'><strong>et</strong></span> <span class='ocrx_word' id='word_1_671' title='bbox 2494 3853 2724 3915; x_wconf 87' lang='lat' dir='ltr'><strong>uterque</strong></span> <span class='ocrx_word' id='word_1_672' title='bbox 2753 3858 2944 3914; x_wconf 85' lang='lat' dir='ltr'><strong>unum,</strong></span> <span class='ocrx_word' id='word_1_673' title='bbox 2976 3843 3048 3917; x_wconf 79' lang='grc' dir='ltr'><strong>(Ῑ)</strong></span> <span class='ocrx_word' id='word_1_674' title='bbox 3092 3855 3149 3901; x_wconf 89' lang='lat' dir='ltr'><strong>et</strong></span> <span class='ocrx_word' id='word_1_675' title='bbox 3188 3845 3240 3901; x_wconf 93' lang='lat' dir='ltr'><strong>in</strong></span> <span class='ocrx_word' id='word_1_676' title='bbox 3275 3844 3548 3919; x_wconf 73' lang='lat' dir='ltr'><strong>personali</strong></span> <span class='ocrx_word' id='word_1_677' title='bbox 3579 3846 3801 3902; x_wconf 83' lang='lat' dir='ltr'><strong>nomine</strong></span> 
     </span>
    </p>
   </div>
   <div class='ocr_carea' id='block_1_86' title="bbox 2193 3961 3799 4032">
    <p class='ocr_par' dir='ltr' id='par_1_86' title="bbox 2193 3961 3799 4032">
     <span class='ocr_line' id='line_1_86' title="bbox 2193 3961 3799 4032; baseline 0.003 -13"><span class='ocrx_word' id='word_1_678' title='bbox 2193 3972 2281 4019; x_wconf 91' lang='lat' dir='ltr'><strong>tur</strong></span> <span class='ocrx_word' id='word_1_679' title='bbox 2306 3962 2645 4017; x_wconf 81' lang='lat' dir='ltr'><strong>discederent.</strong></span> <span class='ocrx_word' id='word_1_680' title='bbox 2672 3961 2879 4019; x_wconf 88' lang='lat' dir='ltr'><strong>Sensus</strong></span> <span class='ocrx_word' id='word_1_681' title='bbox 2911 3965 3148 4032; x_wconf 86' lang='lat' dir='ltr'><strong>postulat</strong></span> <span class='ocrx_word' id='word_1_682' title='bbox 3169 3963 3467 4021; x_wconf 83' lang='lat' dir='ltr'><strong>disciderint</strong></span> <span class='ocrx_word' id='word_1_683' title='bbox 3485 3979 3507 4018; x_wconf 88' lang='lat'><strong><em>:</em></strong></span> <span class='ocrx_word' id='word_1_684' title='bbox 3528 3971 3586 4021; x_wconf 86' lang='lat' dir='ltr'><strong>et</strong></span> <span class='ocrx_word' id='word_1_685' title='bbox 3605 3966 3799 4024; x_wconf 79' lang='lat' dir='ltr'><strong>crebra</strong></span> 
     </span>
    </p>
   </div>
   <div class='ocr_carea' id='block_1_87' title="bbox 2190 4034 3796 4106">
    <p class='ocr_par' dir='ltr' id='par_1_87' title="bbox 2190 4034 3796 4106">
     <span class='ocr_line' id='line_1_87' title="bbox 2190 4034 3796 4106; baseline 0.002 -15"><span class='ocrx_word' id='word_1_686' title='bbox 2190 4043 2274 4091; x_wconf 90' lang='lat' dir='ltr'><strong>est</strong></span> <span class='ocrx_word' id='word_1_687' title='bbox 2299 4035 2354 4089; x_wconf 91' lang='lat' dir='ltr'><strong>in</strong></span> <span class='ocrx_word' id='word_1_688' title='bbox 2386 4049 2518 4106; x_wconf 76' lang='lat' dir='ltr'><strong>mss.</strong></span> <span class='ocrx_word' id='word_1_689' title='bbox 2547 4035 2566 4086; x_wconf 89' lang='lat' dir='ltr'><strong>i</strong></span> <span class='ocrx_word' id='word_1_690' title='bbox 2595 4035 2646 4088; x_wconf 92' lang='lat' dir='ltr'><strong>in</strong></span> <span class='ocrx_word' id='word_1_691' title='bbox 2674 4050 2701 4088; x_wconf 90' lang='lat' dir='ltr'><strong>e</strong></span> <span class='ocrx_word' id='word_1_692' title='bbox 2725 4037 2986 4103; x_wconf 85' lang='lat' dir='ltr'><strong>mutatio;</strong></span> <span class='ocrx_word' id='word_1_693' title='bbox 3018 4034 3178 4092; x_wconf 91' lang='lat' dir='ltr'><strong>sicuti</strong></span> <span class='ocrx_word' id='word_1_694' title='bbox 3206 4038 3325 4093; x_wconf 91' lang='lat' dir='ltr'><strong>loco</strong></span> <span class='ocrx_word' id='word_1_695' title='bbox 3350 4046 3405 4090; x_wconf 87' lang='lat' dir='ltr'><strong>ut</strong></span> <span class='ocrx_word' id='word_1_696' title='bbox 3433 4050 3581 4106; x_wconf 69' lang='lat' dir='ltr'><strong>saepe</strong></span> <span class='ocrx_word' id='word_1_697' title='bbox 3600 4052 3796 4094; x_wconf 86' lang='lat' dir='ltr'><strong>occur-</strong></span> 
     </span>
    </p>
   </div>
   <div class='ocr_carea' id='block_1_88' title="bbox 2192 4104 3799 4178">
    <p class='ocr_par' dir='ltr' id='par_1_88' title="bbox 2192 4104 3799 4178">
     <span class='ocr_line' id='line_1_88' title="bbox 2192 4104 3799 4178; baseline 0.003 -17"><span class='ocrx_word' id='word_1_698' title='bbox 2192 4108 2262 4162; x_wconf 88' lang='lat' dir='ltr'><strong>rit</strong></span> <span class='ocrx_word' id='word_1_699' title='bbox 2319 4116 2413 4178; x_wconf 7' lang='lat' dir='ltr'><strong>et.)</strong></span> <span class='ocrx_word' id='word_1_700' title='bbox 2439 4104 2697 4178; x_wconf 80' lang='lat' dir='ltr'><strong>Adeoque</strong></span> <span class='ocrx_word' id='word_1_701' title='bbox 2725 4109 2969 4175; x_wconf 78' lang='lat' dir='ltr'><strong>proxime</strong></span> <span class='ocrx_word' id='word_1_702' title='bbox 3012 4108 3297 4178; x_wconf 88' lang='lat' dir='ltr'><strong>legendum</strong></span> <span class='ocrx_word' id='word_1_703' title='bbox 3330 4104 3579 4177; x_wconf 81' lang='lat' dir='ltr'><strong>putamus</strong></span> <span class='ocrx_word' id='word_1_704' title='bbox 3601 4150 3617 4172; x_wconf 90' lang='lat'><strong>,</strong></span> <span class='ocrx_word' id='word_1_705' title='bbox 3655 4121 3711 4162; x_wconf 83' lang='lat' dir='ltr'><strong>ut</strong></span> <span class='ocrx_word' id='word_1_706' title='bbox 3744 4110 3799 4166; x_wconf 87' lang='lat' dir='ltr'><strong>in</strong></span> 
     </span>
    </p>
   </div>
   <div class='ocr_carea' id='block_1_89' title="bbox 2190 4176 3795 4249">
    <p class='ocr_par' dir='ltr' id='par_1_89' title="bbox 2190 4176 3795 4249">
     <span class='ocr_line' id='line_1_89' title="bbox 2190 4176 3795 4249; baseline 0.003 -18"><span class='ocrx_word' id='word_1_707' title='bbox 2190 4176 2442 4249; x_wconf 80' lang='lat' dir='ltr'><strong>separatis</strong></span> <span class='ocrx_word' id='word_1_708' title='bbox 2469 4176 2666 4230; x_wconf 86' lang='lat' dir='ltr'><strong>duobus</strong></span> <span class='ocrx_word' id='word_1_709' title='bbox 2712 4178 2921 4249; x_wconf 82' lang='lat' dir='ltr'><strong>assistat</strong></span> <span class='ocrx_word' id='word_1_710' title='bbox 2962 4176 3241 4235; x_wconf 72' lang='lat' dir='ltr'><strong>auctoritas</strong></span> <span class='ocrx_word' id='word_1_711' title='bbox 3276 4195 3294 4233; x_wconf 90' lang='lat'><strong><em>:</em></strong></span> <span class='ocrx_word' id='word_1_712' title='bbox 3323 4176 3464 4249; x_wconf 86' lang='lat' dir='ltr'><strong>quod</strong></span> <span class='ocrx_word' id='word_1_713' title='bbox 3498 4189 3680 4249; x_wconf 77' lang='lat' dir='ltr'><strong>petest</strong></span> <span class='ocrx_word' id='word_1_714' title='bbox 3722 4180 3795 4237; x_wconf 86' lang='lat' dir='ltr'><strong>ita</strong></span> 
     </span>
    </p>
   </div>
   <div class='ocr_carea' id='block_1_90' title="bbox 2191 4247 3795 4322">
    <p class='ocr_par' dir='ltr' id='par_1_90' title="bbox 2191 4247 3795 4322">
     <span class='ocr_line' id='line_1_90' title="bbox 2191 4247 3795 4322; baseline 0.004 -19"><span class='ocrx_word' id='word_1_715' title='bbox 2191 4247 2441 4319; x_wconf 88' lang='lat' dir='ltr'><strong>intelligi,</strong></span> <span class='ocrx_word' id='word_1_716' title='bbox 2510 4257 2569 4302; x_wconf 91' lang='lat' dir='ltr'><strong>ut</strong></span> <span class='ocrx_word' id='word_1_717' title='bbox 2619 4247 2934 4322; x_wconf 82' lang='lat' dir='ltr'><strong>auctoritas,</strong></span> <span class='ocrx_word' id='word_1_718' title='bbox 2986 4267 3055 4322; x_wconf 81' lang='lat' dir='ltr'><strong>ex</strong></span> <span class='ocrx_word' id='word_1_719' title='bbox 3101 4266 3207 4322; x_wconf 90' lang='lat' dir='ltr'><strong>qua</strong></span> <span class='ocrx_word' id='word_1_720' title='bbox 3258 4247 3512 4321; x_wconf 74' lang='lat' dir='ltr'><strong>procedit</strong></span> <span class='ocrx_word' id='word_1_721' title='bbox 3554 4249 3795 4319; x_wconf 85' lang='lat' dir='ltr'><strong>Spiritus</strong></span> 
     </span>
    </p>
   </div>
   <div class='ocr_carea' id='block_1_91' title="bbox 2193 4319 3794 4391">
    <p class='ocr_par' dir='ltr' id='par_1_91' title="bbox 2193 4319 3794 4391">
     <span class='ocr_line' id='line_1_91' title="bbox 2193 4319 3794 4391; baseline 0.003 -16"><span class='ocrx_word' id='word_1_722' title='bbox 2193 4330 2435 4391; x_wconf 85' lang='lat' dir='ltr'><strong>sanctus,</strong></span> <span class='ocrx_word' id='word_1_723' title='bbox 2465 4334 2572 4373; x_wconf 91' lang='lat' dir='ltr'><strong>non</strong></span> <span class='ocrx_word' id='word_1_724' title='bbox 2613 4319 2684 4391; x_wconf 88' lang='lat' dir='ltr'><strong>sit</strong></span> <span class='ocrx_word' id='word_1_725' title='bbox 2706 4334 2831 4387; x_wconf 87' lang='lat' dir='ltr'><strong>una,</strong></span> <span class='ocrx_word' id='word_1_726' title='bbox 2862 4321 2959 4376; x_wconf 85' lang='lat' dir='ltr'><strong>sed</strong></span> <span class='ocrx_word' id='word_1_727' title='bbox 3003 4321 3055 4376; x_wconf 88' lang='lat' dir='ltr'><strong>in</strong></span> <span class='ocrx_word' id='word_1_728' title='bbox 3087 4319 3299 4379; x_wconf 81' lang='lat' dir='ltr'><strong>duobus</strong></span> <span class='ocrx_word' id='word_1_729' title='bbox 3321 4323 3585 4391; x_wconf 82' lang='lat' dir='ltr'><strong>separatis</strong></span> <span class='ocrx_word' id='word_1_730' title='bbox 3615 4324 3794 4380; x_wconf 79' lang='lat' dir='ltr'><strong>exsis-</strong></span> 
     </span>
    </p>
   </div>
   <div class='ocr_carea' id='block_1_92' title="bbox 487 4390 3791 4476">
    <p class='ocr_par' dir='ltr' id='par_1_92' title="bbox 487 4390 3791 4476">
     <span class='ocr_line' id='line_1_92' title="bbox 487 4390 3791 4476; baseline -0.008 -2"><span class='ocrx_word' id='word_1_731' title='bbox 487 4390 996 4475; x_wconf 57' lang='lat' dir='ltr'><strong>31.55.313&#39;éiaai&#39;éi</strong></span> <span class='ocrx_word' id='word_1_732' title='bbox 1022 4390 1663 4476; x_wconf 61' lang='lat' dir='ltr'><strong>qundamtnodogcnita:</strong></span> <span class='ocrx_word' id='word_1_733' title='bbox 1691 4398 1811 4476; x_wconf 67' lang='lat' dir='ltr'><strong>quia</strong></span> <span class='ocrx_word' id='word_1_734' title='bbox 1836 4395 2081 4476; x_wconf 48' lang='lat' dir='ltr'><strong>nasceQa-</strong></span> <span class='ocrx_word' id='word_1_735' title='bbox 2104 4398 2160 4460; x_wconf 81' lang='lat'><strong>1)</strong></span> <span class='ocrx_word' id='word_1_736' title='bbox 2186 4400 2289 4476; x_wconf 37' lang='lat' dir='ltr'><strong>ttat.</strong></span> <span class='ocrx_word' id='word_1_737' title='bbox 2323 4390 2464 4474; x_wconf 37' lang='lat' dir='ltr'><strong>.Tunt</strong></span> <span class='ocrx_word' id='word_1_738' title='bbox 2509 4390 2660 4445; x_wconf 88' lang='lat' dir='ltr'><strong>tertia</strong></span> <span class='ocrx_word' id='word_1_739' title='bbox 2703 4392 2921 4464; x_wconf 88' lang='lat' dir='ltr'><strong>(supple</strong></span> <span class='ocrx_word' id='word_1_740' title='bbox 2969 4393 3279 4469; x_wconf 75' lang='lat' dir='ltr'><strong>substantia)</strong></span> <span class='ocrx_word' id='word_1_741' title='bbox 3330 4390 3685 4449; x_wconf 78' lang='lat' dir='ltr'><strong>dinumeratur</strong></span> <span class='ocrx_word' id='word_1_742' title='bbox 3736 4395 3791 4452; x_wconf 77' lang='lat' dir='ltr'><strong>in</strong></span> 
     </span>
    </p>
   </div>
   <div class='ocr_carea' id='block_1_93' title="bbox 486 4466 2075 4550">
    <p class='ocr_par' dir='ltr' id='par_1_93' title="bbox 486 4466 2075 4550">
     <span class='ocr_line' id='line_1_93' title="bbox 486 4466 2075 4550; baseline -0.016 -6"><span class='ocrx_word' id='word_1_743' title='bbox 486 4466 804 4544; x_wconf 40' lang='lat' dir='ltr'><strong>titur-creator</strong></span> <span class='ocrx_word' id='word_1_744' title='bbox 824 4482 982 4542; x_wconf 85' lang='lat' dir='ltr'><strong>Deus.</strong></span> <span class='ocrx_word' id='word_1_745' title='bbox 1015 4466 1073 4531; x_wconf 72' lang='lat' dir='ltr'><strong>ut</strong></span> <span class='ocrx_word' id='word_1_746' title='bbox 1102 4472 1396 4550; x_wconf 75' lang='lat' dir='ltr'><strong>exponitur</strong></span> <span class='ocrx_word' id='word_1_747' title='bbox 1425 4470 1518 4550; x_wconf 77' lang='lat' dir='ltr'><strong>lib.</strong></span> <span class='ocrx_word' id='word_1_748' title='bbox 1547 4482 1582 4520; x_wconf 80' lang='lat' dir='ltr'><strong>ri</strong></span> <span class='ocrx_word' id='word_1_749' title='bbox 1611 4469 1680 4550; x_wconf 81' lang='lat' dir='ltr'><strong>de</strong></span> <span class='ocrx_word' id='word_1_750' title='bbox 1702 4469 1853 4550; x_wconf 64' lang='lat' dir='ltr'><strong>Trin.</strong></span> <span class='ocrx_word' id='word_1_751' title='bbox 1880 4483 1933 4550; x_wconf 65' lang='grc' dir='ltr'><strong>η.</strong></span> <span class='ocrx_word' id='word_1_752' title='bbox 2062 4482 2075 4519; x_wconf 93' lang='lat'>:</span> 
     </span>
    </p>
   </div>
   <div class='ocr_carea' id='block_1_94' title="bbox 490 4537 2078 4633">
    <p class='ocr_par' dir='ltr' id='par_1_94' title="bbox 490 4537 2078 4633">
     <span class='ocr_line' id='line_1_94' title="bbox 490 4537 2078 4633; baseline -0.02 -16"><span class='ocrx_word' id='word_1_753' title='bbox 490 4537 875 4633; x_wconf 45' lang='lat' dir='ltr'><strong>Printoqenitus</strong></span> <span class='ocrx_word' id='word_1_754' title='bbox 916 4537 1086 4633; x_wconf 76' lang='lat' dir='ltr'><strong>itaque</strong></span> <span class='ocrx_word' id='word_1_755' title='bbox 1119 4537 1287 4630; x_wconf 54' lang='lat' dir='ltr'><strong>an&#39;tnis</strong></span> <span class='ocrx_word' id='word_1_756' title='bbox 1337 4546 1587 4633; x_wconf 61' lang='lat' dir='ltr'><strong>(1:80!!!th</strong></span> <span class='ocrx_word' id='word_1_757' title='bbox 1608 4546 1714 4621; x_wconf 67' lang='lat' dir='ltr'><strong>est.</strong></span> <span class='ocrx_word' id='word_1_758' title='bbox 1735 4537 2078 4633; x_wconf 36' lang='lat' dir='ltr'><strong>ninqtti‘tmli‘b;</strong></span> 
     </span>
    </p>
   </div>
   <div class='ocr_carea' id='block_1_95' title="bbox 486 4617 2082 4694">
    <p class='ocr_par' dir='ltr' id='par_1_95' title="bbox 486 4617 2082 4694">
     <span class='ocr_line' id='line_1_95' title="bbox 486 4617 2082 4694; baseline -0.009 -17"><span class='ocrx_word' id='word_1_759' title='bbox 486 4650 583 4689; x_wconf 72' lang='grc' dir='ltr'><strong>νιιι</strong></span> <span class='ocrx_word' id='word_1_760' title='bbox 607 4674 622 4694; x_wconf 66' lang='grc'>,</span> <span class='ocrx_word' id='word_1_761' title='bbox 675 4617 730 4686; x_wconf 73' lang='grc' dir='ltr'><strong>ἦ,</strong></span> <span class='ocrx_word' id='word_1_762' title='bbox 763 4629 855 4694; x_wconf 83' lang='lat'><strong>50,</strong></span> <span class='ocrx_word' id='word_1_763' title='bbox 908 4617 1027 4691; x_wconf 80' lang='lat' dir='ltr'><strong>quia</strong></span> <span class='ocrx_word' id='word_1_764' title='bbox 1050 4621 1105 4675; x_wconf 87' lang='lat' dir='ltr'><strong>in</strong></span> <span class='ocrx_word' id='word_1_765' title='bbox 1126 4622 1237 4692; x_wconf 86' lang='lat' dir='ltr'><strong>ipso</strong></span> <span class='ocrx_word' id='word_1_766' title='bbox 1258 4623 1432 4669; x_wconf 86' lang='lat' dir='ltr'><strong>creata</strong></span> <span class='ocrx_word' id='word_1_767' title='bbox 1449 4617 1634 4692; x_wconf 72' lang='lat' dir='ltr'><strong>omnia</strong></span> <span class='ocrx_word' id='word_1_768' title='bbox 1647 4617 1748 4663; x_wconf 81' lang='lat' dir='ltr'><strong>sint</strong></span> <span class='ocrx_word' id='word_1_769' title='bbox 1778 4617 1875 4694; x_wconf 68' lang='lat' dir='ltr'><strong>:_et</strong></span> <span class='ocrx_word' id='word_1_770' title='bbox 1897 4621 2082 4694; x_wconf 52' lang='lat' dir='ltr'><strong>paucis</strong></span> 
     </span>
    </p>
   </div>
   <div class='ocr_carea' id='block_1_96' title="bbox 485 4674 2079 4773">
    <p class='ocr_par' dir='ltr' id='par_1_96' title="bbox 485 4674 2079 4773">
     <span class='ocr_line' id='line_1_96' title="bbox 485 4674 2079 4773; baseline -0.003 -38"><span class='ocrx_word' id='word_1_771' title='bbox 485 4674 795 4773; x_wconf 63' lang='lat' dir='ltr'><strong>i‘,;&#39;,;,;je&#39;;.&#39;,,;</strong></span> <span class='ocrx_word' id='word_1_772' title='bbox 805 4674 1237 4764; x_wconf 47' lang='lat' dir='ltr'><strong>E&#39;Pﬁinogenitus</strong></span> <span class='ocrx_word' id='word_1_773' title='bbox 1255 4698 1481 4773; x_wconf 41' lang='lat' dir='ltr'><strong>.qnoquej</strong></span> <span class='ocrx_word' id='word_1_774' title='bbox 1490 4674 1937 4773; x_wconf 48' lang='lat' dir='ltr'><strong>pinnisr‘creatnlriv</strong></span> <span class='ocrx_word' id='word_1_775' title='bbox 1969 4687 2045 4760; x_wconf 75' lang='lat' dir='ltr'><strong>est</strong></span> <span class='ocrx_word' id='word_1_776' title='bbox 2063 4719 2079 4740; x_wconf 87' lang='lat'><strong>.</strong></span> 
     </span>
    </p>
   </div>
   <div class='ocr_carea' id='block_1_97' title="bbox 486 4751 2081 4833">
    <p class='ocr_par' dir='ltr' id='par_1_97' title="bbox 486 4751 2081 4833">
     <span class='ocr_line' id='line_1_97' title="bbox 486 4751 2081 4833; baseline -0.016 -3"><span class='ocrx_word' id='word_1_777' title='bbox 876 4784 928 4823; x_wconf 85' lang='lat' dir='ltr'><strong>se</strong></span> <span class='ocrx_word' id='word_1_778' title='bbox 951 4751 1299 4833; x_wconf 60' lang='lat' dir='ltr'><strong>unirersitatis</strong></span> <span class='ocrx_word' id='word_1_779' title='bbox 1323 4751 1628 4833; x_wconf 39' lang='lat' dir='ltr'><strong>exordium;</strong></span> <span class='ocrx_word' id='word_1_780' title='bbox 1664 4753 1735 4806; x_wconf 83' lang='lat' dir='ltr'><strong>Ex</strong></span> <span class='ocrx_word' id='word_1_781' title='bbox 1768 4751 1966 4833; x_wconf 76' lang='lat' dir='ltr'><strong>quibus</strong></span> <span class='ocrx_word' id='word_1_782' title='bbox 1993 4751 2081 4833; x_wconf 44' lang='lat' dir='ltr'><strong>.sic</strong></span> 
     </span>
    </p>
   </div>
   <div class='ocr_carea' id='block_1_98' title="bbox 489 4823 2075 4915">
    <p class='ocr_par' dir='ltr' id='par_1_98' title="bbox 489 4823 2075 4915">
     <span class='ocr_line' id='line_1_98' title="bbox 489 4823 2075 4915; baseline -0.019 -14"><span class='ocrx_word' id='word_1_783' title='bbox 793 4823 908 4915; x_wconf 82' lang='lat' dir='ltr'><strong>licet</strong></span> <span class='ocrx_word' id='word_1_784' title='bbox 947 4838 1086 4892; x_wconf 92' lang='lat' dir='ltr'><strong>hunc</strong></span> <span class='ocrx_word' id='word_1_785' title='bbox 1117 4823 1852 4915; x_wconf 41' lang='lat' dir='ltr'><strong>Ililarii‘li-tcumi</strong></span> 
     </span>
    </p>
   </div>
   <div class='ocr_carea' id='block_1_99' title="bbox 489 4891 2077 4980">
    <p class='ocr_par' dir='ltr' id='par_1_99' title="bbox 489 4891 2077 4980">
     <span class='ocr_line' id='line_1_99' title="bbox 489 4891 2077 4980; baseline -0.007 -22"><span class='ocrx_word' id='word_1_786' title='bbox 738 4891 1041 4980; x_wconf 40' lang='lat' dir='ltr'><strong>big-{imago</strong></span> <span class='ocrx_word' id='word_1_787' title='bbox 1057 4915 1160 4965; x_wconf 81' lang='lat' dir='ltr'><strong>est,</strong></span> <span class='ocrx_word' id='word_1_788' title='bbox 1179 4920 1242 4960; x_wconf 74' lang='lat' dir='ltr'><strong>ex</strong></span> <span class='ocrx_word' id='word_1_789' title='bbox 1263 4899 1428 4955; x_wconf 88' lang='lat' dir='ltr'><strong>niltilo</strong></span> <span class='ocrx_word' id='word_1_790' title='bbox 1457 4894 1722 4980; x_wconf 80' lang='lat' dir='ltr'><strong>putandus</strong></span> <span class='ocrx_word' id='word_1_791' title='bbox 1745 4891 1923 4976; x_wconf 35' lang='lat' dir='ltr'><strong>estnet</strong></span> <span class='ocrx_word' id='word_1_792' title='bbox 1943 4891 2077 4947; x_wconf 87' lang='lat' dir='ltr'><strong>ordo</strong></span> 
     </span>
    </p>
   </div>
   <div class='ocr_carea' id='block_1_100' title="bbox 488 4975 2076 5047">
    <p class='ocr_par' dir='ltr' id='par_1_100' title="bbox 488 4975 2076 5047">
     <span class='ocr_line' id='line_1_100' title="bbox 488 4975 2076 5047; baseline -0.018 -2"><span class='ocrx_word' id='word_1_793' title='bbox 488 5006 585 5045; x_wconf 82' lang='lat' dir='ltr'><strong>seu</strong></span> <span class='ocrx_word' id='word_1_794' title='bbox 615 4992 665 5041; x_wconf 88' lang='lat' dir='ltr'><strong>in</strong></span> <span class='ocrx_word' id='word_1_795' title='bbox 697 4988 888 5043; x_wconf 86' lang='lat' dir='ltr'><strong>ordine</strong></span> <span class='ocrx_word' id='word_1_796' title='bbox 917 4975 1094 5036; x_wconf 68' lang='lat' dir='ltr'><strong>rerum</strong></span> <span class='ocrx_word' id='word_1_797' title='bbox 1127 4984 1427 5047; x_wconf 73' lang='lat' dir='ltr'><strong>creatarunt</strong></span> <span class='ocrx_word' id='word_1_798' title='bbox 1475 4982 1618 5027; x_wconf 87' lang='lat' dir='ltr'><strong>esse.</strong></span> <span class='ocrx_word' id='word_1_799' title='bbox 1649 4975 1702 5021; x_wconf 87' lang='lat' dir='ltr'><strong>et</strong></span> <span class='ocrx_word' id='word_1_800' title='bbox 1732 4975 2076 5047; x_wconf 42' lang='lat' dir='ltr'><strong>CflfpiSSChcx</strong></span> 
     </span>
    </p>
   </div>
   <div class='ocr_carea' id='block_1_101' title="bbox 491 5042 2079 5129">
    <p class='ocr_par' dir='ltr' id='par_1_101' title="bbox 491 5042 2079 5129">
     <span class='ocr_line' id='line_1_101' title="bbox 491 5042 2079 5129; baseline -0.018 -13"><span class='ocrx_word' id='word_1_801' title='bbox 491 5042 775 5129; x_wconf 75' lang='lat' dir='ltr'><strong>tempore?</strong></span> <span class='ocrx_word' id='word_1_802' title='bbox 819 5056 927 5111; x_wconf 85' lang='lat' dir='ltr'><strong>Aut</strong></span> <span class='ocrx_word' id='word_1_803' title='bbox 970 5046 1230 5118; x_wconf 87' lang='lat' dir='ltr'><strong>numquid</strong></span> <span class='ocrx_word' id='word_1_804' title='bbox 1289 5043 1470 5129; x_wconf 61' lang='lat' dir='ltr'><strong>potius</strong></span> 
     </span>
    </p>
   </div>
   <div class='ocr_carea' id='block_1_102' title="bbox 487 5109 2077 5202">
    <p class='ocr_par' dir='ltr' id='par_1_102' title="bbox 487 5109 2077 5202">
     <span class='ocr_line' id='line_1_102' title="bbox 487 5109 2077 5202; baseline 0.001 -1"><span class='ocrx_word' id='word_1_805' title='bbox 487 5109 793 5202; x_wconf 50' lang='lat' dir='ltr'><strong>utamur</strong></span> <span class='ocrx_word' id='word_1_806' title='bbox 820 5109 997 5202; x_wconf 65' lang='grc' dir='ltr'><strong>διιιωε</strong></span> <span class='ocrx_word' id='word_1_807' title='bbox 1022 5109 2077 5202; x_wconf 45' lang='lat' dir='ltr'><strong>creémmEP&#39;dR‘l“!l‘1‘?£“£°11&#39;33§§3&#39;3</strong></span> 
     </span>
    </p>
   </div>
   <div class='ocr_carea' id='block_1_103' title="bbox 490 5186 2075 5271">
    <p class='ocr_par' dir='ltr' id='par_1_103' title="bbox 490 5186 2075 5271">
     <span class='ocr_line' id='line_1_103' title="bbox 490 5186 2075 5271; baseline -0.014 -18"><span class='ocrx_word' id='word_1_808' title='bbox 490 5186 858 5271; x_wconf 66' lang='grc' dir='ltr'><strong>(ξδἰίιιιιίιυωη</strong></span> <span class='ocrx_word' id='word_1_809' title='bbox 910 5197 961 5250; x_wconf 92' lang='lat' dir='ltr'><strong>in</strong></span> <span class='ocrx_word' id='word_1_810' title='bbox 993 5205 1152 5249; x_wconf 84' lang='lat' dir='ltr'><strong>causa</strong></span> <span class='ocrx_word' id='word_1_811' title='bbox 1192 5186 1488 5271; x_wconf 66' lang='lat' dir='ltr'><strong>crettionis</strong></span> <span class='ocrx_word' id='word_1_812' title='bbox 1509 5186 1688 5271; x_wconf 66' lang='lat' dir='ltr'><strong>omnis</strong></span> <span class='ocrx_word' id='word_1_813' title='bbox 1719 5186 2075 5271; x_wconf 45' lang='lat' dir='ltr'><strong>exprimit-ut;</strong></span> 
     </span>
    </p>
   </div>
   <div class='ocr_carea' id='block_1_104' title="bbox 487 5258 2078 5339">
    <p class='ocr_par' dir='ltr' id='par_1_104' title="bbox 487 5258 2078 5339">
     <span class='ocr_line' id='line_1_104' title="bbox 487 5258 2078 5339; baseline -0.019 -10"><span class='ocrx_word' id='word_1_814' title='bbox 487 5258 582 5329; x_wconf 67' lang='lat' dir='ltr'><strong>Sed</strong></span> <span class='ocrx_word' id='word_1_815' title='bbox 611 5258 732 5327; x_wconf 48' lang='lat' dir='ltr'><strong>non.</strong></span> <span class='ocrx_word' id='word_1_816' title='bbox 754 5268 996 5339; x_wconf 86' lang='lat' dir='ltr'><strong>sequitur</strong></span> <span class='ocrx_word' id='word_1_817' title='bbox 1028 5276 1150 5319; x_wconf 90' lang='lat' dir='ltr'><strong>eum</strong></span> <span class='ocrx_word' id='word_1_818' title='bbox 1189 5262 1261 5313; x_wconf 79' lang='lat' dir='ltr'><strong>ita</strong></span> <span class='ocrx_word' id='word_1_819' title='bbox 1291 5270 1415 5311; x_wconf 84' lang='lat' dir='ltr'><strong>esse</strong></span> <span class='ocrx_word' id='word_1_820' title='bbox 1445 5258 1855 5339; x_wconf 58' lang='lat' dir='ltr'><strong>primogenitum</strong></span> <span class='ocrx_word' id='word_1_821' title='bbox 1879 5258 2078 5339; x_wconf 36' lang='lat' dir='ltr'><strong>,gtli‘I‘t‘l</strong></span> 
     </span>
    </p>
   </div>
   <div class='ocr_carea' id='block_1_105' title="bbox 487 5320 2076 5401">
    <p class='ocr_par' dir='ltr' id='par_1_105' title="bbox 487 5320 2076 5401">
     <span class='ocr_line' id='line_1_105' title="bbox 487 5320 2076 5401; baseline -0.018 0"><span class='ocrx_word' id='word_1_822' title='bbox 487 5320 718 5401; x_wconf 54' lang='lat' dir='ltr'><strong>Elidis&quot;</strong></span> <span class='ocrx_word' id='word_1_823' title='bbox 737 5320 1035 5397; x_wconf 45' lang='lat' dir='ltr'><strong>sitjrerutn</strong></span> <span class='ocrx_word' id='word_1_824' title='bbox 1084 5339 1406 5388; x_wconf 85' lang='lat' dir='ltr'><strong>creatarum.</strong></span> <span class='ocrx_word' id='word_1_825' title='bbox 1446 5320 1639 5379; x_wconf 54' lang='lat' dir='ltr'><strong>&#39;llanc&#39;</strong></span> <span class='ocrx_word' id='word_1_826' title='bbox 1666 5320 2076 5392; x_wconf 77' lang='lat' dir='ltr'><strong>expltCationem</strong></span> 
     </span>
    </p>
   </div>
   <div class='ocr_carea' id='block_1_106' title="bbox 486 5411 1838 5475">
    <p class='ocr_par' dir='ltr' id='par_1_106' title="bbox 486 5411 1838 5475">
     <span class='ocr_line' id='line_1_106' title="bbox 486 5411 1838 5475; baseline -0.005 -4"><span class='ocrx_word' id='word_1_827' title='bbox 486 5417 808 5472; x_wconf 78' lang='lat' dir='ltr'><strong>conﬁrmant</strong></span> <span class='ocrx_word' id='word_1_828' title='bbox 837 5411 1096 5466; x_wconf 75' lang='lat' dir='ltr'><strong>subnetta.</strong></span> <span class='ocrx_word' id='word_1_829' title='bbox 1182 5474 1185 5475; x_wconf 19' lang='grc' dir='ltr'><em>ν</em></span> <span class='ocrx_word' id='word_1_830' title='bbox 1405 5467 1418 5475; x_wconf 90' lang='lat'>_</span> <span class='ocrx_word' id='word_1_831' title='bbox 1808 5462 1838 5475; x_wconf 70' lang='lat'><strong>_,</strong></span> 
     </span>
    </p>
   </div>
   <div class='ocr_carea' id='block_1_107' title="bbox 558 5467 2076 5558">
    <p class='ocr_par' dir='ltr' id='par_1_107' title="bbox 558 5467 2076 5558">
     <span class='ocr_line' id='line_1_107' title="bbox 558 5467 2076 5558; baseline -0.018 -17"><span class='ocrx_word' id='word_1_832' title='bbox 661 5467 716 5540; x_wconf 90' lang='lat' dir='ltr'><strong>lu</strong></span> <span class='ocrx_word' id='word_1_833' title='bbox 748 5481 1009 5558; x_wconf 66' lang='lat' dir='ltr'><strong>vulgatis,</strong></span> <span class='ocrx_word' id='word_1_834' title='bbox 1027 5474 1375 5558; x_wconf 72' lang='lat' dir='ltr'><strong>constituerat.</strong></span> <span class='ocrx_word' id='word_1_835' title='bbox 1404 5467 1457 5558; x_wconf 77' lang='lat' dir='ltr'><strong>In</strong></span> <span class='ocrx_word' id='word_1_836' title='bbox 1486 5467 2076 5558; x_wconf 31' lang='lat' dir='ltr'><strong>n1§§.,_tf‘dtt8lﬂtte‘rtt:ttf</strong></span> 
     </span>
    </p>
   </div>
   <div class='ocr_carea' id='block_1_108' title="bbox 486 5533 2074 5626">
    <p class='ocr_par' dir='ltr' id='par_1_108' title="bbox 486 5533 2074 5626">
     <span class='ocr_line' id='line_1_108' title="bbox 486 5533 2074 5626; baseline -0.003 -17"><span class='ocrx_word' id='word_1_837' title='bbox 486 5569 539 5610; x_wconf 82' lang='lat' dir='ltr'><strong>et</strong></span> <span class='ocrx_word' id='word_1_838' title='bbox 560 5533 722 5626; x_wconf 51' lang='lat' dir='ltr'><strong>ita};</strong></span> <span class='ocrx_word' id='word_1_839' title='bbox 748 5533 1009 5626; x_wconf 50' lang='lat' dir='ltr'><strong>satiati</strong></span> <span class='ocrx_word' id='word_1_840' title='bbox 1036 5550 1315 5626; x_wconf 56' lang='lat' dir='ltr'><strong>anguillas</strong></span> <span class='ocrx_word' id='word_1_841' title='bbox 1341 5546 1466 5606; x_wconf 75' lang='lat' dir='ltr'><strong>erat.</strong></span> <span class='ocrx_word' id='word_1_842' title='bbox 1495 5551 1784 5626; x_wconf 51' lang='lat'><strong>51993957;</strong></span> <span class='ocrx_word' id='word_1_843' title='bbox 1817 5535 1930 5589; x_wconf 81' lang='lat' dir='ltr'><strong>Duo</strong></span> <span class='ocrx_word' id='word_1_844' title='bbox 1981 5533 2074 5588; x_wconf 71' lang='lat' dir='ltr'><strong>illa</strong></span> 
     </span>
    </p>
   </div>
   <div class='ocr_carea' id='block_1_109' title="bbox 483 5615 1807 5690">
    <p class='ocr_par' dir='ltr' id='par_1_109' title="bbox 483 5615 1807 5690">
     <span class='ocr_line' id='line_1_109' title="bbox 483 5615 1807 5690; baseline -0.016 -10"><span class='ocrx_word' id='word_1_845' title='bbox 483 5615 646 5684; x_wconf 66' lang='lat' dir='ltr'><strong>verba</strong></span> <span class='ocrx_word' id='word_1_846' title='bbox 669 5642 774 5683; x_wconf 91' lang='lat' dir='ltr'><strong>non</strong></span> <span class='ocrx_word' id='word_1_847' title='bbox 802 5615 1011 5682; x_wconf 66' lang='lat' dir='ltr'><strong>temere</strong></span> <span class='ocrx_word' id='word_1_848' title='bbox 1039 5615 1194 5675; x_wconf 78' lang='lat' dir='ltr'><strong>nobis</strong></span> <span class='ocrx_word' id='word_1_849' title='bbox 1219 5615 1464 5690; x_wconf 80' lang='lat' dir='ltr'><strong>videmur</strong></span> <span class='ocrx_word' id='word_1_850' title='bbox 1483 5615 1807 5690; x_wconf 75' lang='lat' dir='ltr'><strong>correxisse.</strong></span> 
     </span>
    </p>
   </div>
   <div class='ocr_carea' id='block_1_110' title="bbox 560 5674 2071 5772">
    <p class='ocr_par' dir='ltr' id='par_1_110' title="bbox 560 5674 2071 5772">
     <span class='ocr_line' id='line_1_110' title="bbox 560 5674 2071 5772; baseline -0.023 -13"><span class='ocrx_word' id='word_1_851' title='bbox 668 5674 1417 5753; x_wconf 29' lang='lat' dir='ltr'><strong>lidi’tunineratdistenderent,</strong></span> <span class='ocrx_word' id='word_1_852' title='bbox 1457 5696 1580 5738; x_wconf 90' lang='lat' dir='ltr'><strong>cum</strong></span> <span class='ocrx_word' id='word_1_853' title='bbox 1619 5679 1674 5735; x_wconf 89' lang='lat' dir='ltr'><strong>in</strong></span> <span class='ocrx_word' id='word_1_854' title='bbox 1706 5692 1839 5734; x_wconf 88' lang='lat' dir='ltr'><strong>mss.</strong></span> <span class='ocrx_word' id='word_1_855' title='bbox 1868 5674 2071 5734; x_wconf 84' lang='lat' dir='ltr'><strong>habea.</strong></span> 
     </span>
    </p>
   </div>
   <div class='ocr_carea' id='block_1_111' title="bbox 2188 4462 3469 4533">
    <p class='ocr_par' dir='ltr' id='par_1_111' title="bbox 2188 4462 3469 4533">
     <span class='ocr_line' id='line_1_111' title="bbox 2188 4462 3469 4533; baseline -0.004 -17"><span class='ocrx_word' id='word_1_856' title='bbox 2188 4462 2400 4533; x_wconf 85' lang='lat' dir='ltr'><strong>Spiriru</strong></span> <span class='ocrx_word' id='word_1_857' title='bbox 2416 4506 2419 4511; x_wconf 51' lang='grc' dir='ltr'>π</span> <span class='ocrx_word' id='word_1_858' title='bbox 2592 4532 2595 4533; x_wconf 16' lang='grc' dir='ltr'><em>ν</em></span> <span class='ocrx_word' id='word_1_859' title='bbox 2836 4462 2847 4464; x_wconf 56' lang='grc'><strong><em>⁷</em></strong></span> <span class='ocrx_word' id='word_1_860' title='bbox 3259 4462 3270 4469; x_wconf 80' lang='grc'>⁷</span> <span class='ocrx_word' id='word_1_861' title='bbox 3452 4503 3469 4511; x_wconf 74' lang='lat'><strong>-</strong></span> 
     </span>
    </p>
   </div>
   <div class='ocr_carea' id='block_1_112' title="bbox 2260 4532 3792 4605">
    <p class='ocr_par' dir='ltr' id='par_1_112' title="bbox 2260 4532 3792 4605">
     <span class='ocr_line' id='line_1_112' title="bbox 2260 4532 3792 4605; baseline 0.006 -19"><span class='ocrx_word' id='word_1_862' title='bbox 2260 4533 2342 4605; x_wconf 80' lang='grc' dir='ltr'><strong>(ά)</strong></span> <span class='ocrx_word' id='word_1_863' title='bbox 2375 4533 2451 4589; x_wconf 85' lang='lat' dir='ltr'><strong>Ex</strong></span> <span class='ocrx_word' id='word_1_864' title='bbox 2476 4532 2799 4590; x_wconf 84' lang='lat' dir='ltr'><strong>lcetionihus</strong></span> <span class='ocrx_word' id='word_1_865' title='bbox 2828 4534 2995 4591; x_wconf 90' lang='lat' dir='ltr'><strong>Sirm.</strong></span> <span class='ocrx_word' id='word_1_866' title='bbox 3027 4535 3274 4593; x_wconf 87' lang='lat' dir='ltr'><strong>addimus</strong></span> <span class='ocrx_word' id='word_1_867' title='bbox 3294 4554 3413 4593; x_wconf 88' lang='lat' dir='ltr'><strong>cum</strong></span> <span class='ocrx_word' id='word_1_868' title='bbox 3440 4554 3459 4593; x_wconf 92' lang='lat'><strong><em>:</em></strong></span> <span class='ocrx_word' id='word_1_869' title='bbox 3484 4538 3579 4595; x_wconf 87' lang='lat' dir='ltr'><strong>sed</strong></span> <span class='ocrx_word' id='word_1_870' title='bbox 3611 4549 3667 4594; x_wconf 89' lang='lat' dir='ltr'><strong>et</strong></span> <span class='ocrx_word' id='word_1_871' title='bbox 3690 4554 3792 4594; x_wconf 83' lang='lat' dir='ltr'><strong>an-</strong></span> 
     </span>
    </p>
   </div>
   <div class='ocr_carea' id='block_1_113' title="bbox 2187 4606 3790 4678">
    <p class='ocr_par' dir='ltr' id='par_1_113' title="bbox 2187 4606 3790 4678">
     <span class='ocr_line' id='line_1_113' title="bbox 2187 4606 3790 4678; baseline 0.004 -18"><span class='ocrx_word' id='word_1_872' title='bbox 2187 4613 2270 4678; x_wconf 83' lang='lat' dir='ltr'><strong>tea</strong></span> <span class='ocrx_word' id='word_1_873' title='bbox 2294 4616 2350 4658; x_wconf 85' lang='lat' dir='ltr'><strong>ut</strong></span> <span class='ocrx_word' id='word_1_874' title='bbox 2376 4620 2472 4674; x_wconf 86' lang='lat' dir='ltr'><strong>pro</strong></span> <span class='ocrx_word' id='word_1_875' title='bbox 2515 4616 2564 4660; x_wconf 85' lang='lat' dir='ltr'><strong>et</strong></span> <span class='ocrx_word' id='word_1_876' title='bbox 2602 4606 2853 4663; x_wconf 85' lang='lat' dir='ltr'><strong>lubenter</strong></span> <span class='ocrx_word' id='word_1_877' title='bbox 2889 4607 3310 4678; x_wconf 89' lang='lat' dir='ltr'><strong>susciperemus.</strong></span> <span class='ocrx_word' id='word_1_878' title='bbox 3368 4611 3460 4667; x_wconf 87' lang='lat' dir='ltr'><strong>Sic</strong></span> <span class='ocrx_word' id='word_1_879' title='bbox 3506 4614 3651 4666; x_wconf 88' lang='lat' dir='ltr'><strong>enim</strong></span> <span class='ocrx_word' id='word_1_880' title='bbox 3704 4611 3790 4666; x_wconf 88' lang='lat' dir='ltr'><strong>hic</strong></span> 
     </span>
    </p>
   </div>
   <div class='ocr_carea' id='block_1_114' title="bbox 2186 4676 3785 4748">
    <p class='ocr_par' dir='ltr' id='par_1_114' title="bbox 2186 4676 3785 4748">
     <span class='ocr_line' id='line_1_114' title="bbox 2186 4676 3785 4748; baseline 0.004 -18"><span class='ocrx_word' id='word_1_881' title='bbox 2186 4676 2338 4748; x_wconf 81' lang='lat' dir='ltr'><strong>locus</strong></span> <span class='ocrx_word' id='word_1_882' title='bbox 2360 4679 2737 4733; x_wconf 89' lang='lat' dir='ltr'><strong>resarciendus</strong></span> <span class='ocrx_word' id='word_1_883' title='bbox 2769 4680 2977 4733; x_wconf 77' lang='lat' dir='ltr'><strong>videtur</strong></span> <span class='ocrx_word' id='word_1_884' title='bbox 3006 4696 3018 4731; x_wconf 89' lang='lat'>:</span> <span class='ocrx_word' id='word_1_885' title='bbox 3042 4676 3102 4734; x_wconf 81' lang='lat' dir='ltr'><strong>ut</strong></span> <span class='ocrx_word' id='word_1_886' title='bbox 3128 4696 3243 4735; x_wconf 82' lang='lat' dir='ltr'><strong>cum</strong></span> <span class='ocrx_word' id='word_1_887' title='bbox 3269 4682 3335 4735; x_wconf 84' lang='lat' dir='ltr'><strong>sit</strong></span> <span class='ocrx_word' id='word_1_888' title='bbox 3359 4679 3521 4737; x_wconf 83' lang='lat' dir='ltr'><strong>Pater</strong></span> <span class='ocrx_word' id='word_1_889' title='bbox 3544 4682 3595 4736; x_wconf 89' lang='lat' dir='ltr'><strong>in</strong></span> <span class='ocrx_word' id='word_1_890' title='bbox 3624 4680 3785 4748; x_wconf 79' lang='lat' dir='ltr'><strong>Filio,</strong></span> 
     </span>
    </p>
   </div>
   <div class='ocr_carea' id='block_1_115' title="bbox 2186 4747 3788 4824">
    <p class='ocr_par' dir='ltr' id='par_1_115' title="bbox 2186 4747 3788 4824">
     <span class='ocr_line' id='line_1_115' title="bbox 2186 4747 3788 4824; baseline 0.001 -18"><span class='ocrx_word' id='word_1_891' title='bbox 2186 4762 2233 4824; x_wconf 64' lang='lat' dir='ltr'><strong>et</strong></span> <span class='ocrx_word' id='word_1_892' title='bbox 2280 4747 2452 4803; x_wconf 84' lang='lat' dir='ltr'><strong>Filius</strong></span> <span class='ocrx_word' id='word_1_893' title='bbox 2490 4751 2544 4824; x_wconf 80' lang='lat' dir='ltr'><strong>in</strong></span> <span class='ocrx_word' id='word_1_894' title='bbox 2573 4747 2849 4824; x_wconf 32' lang='lat' dir='ltr'><strong>.Patre,_et</strong></span> <span class='ocrx_word' id='word_1_895' title='bbox 2900 4750 3131 4824; x_wconf 81' lang='lat' dir='ltr'><strong>Spiritus</strong></span> <span class='ocrx_word' id='word_1_896' title='bbox 3167 4754 3382 4824; x_wconf 80' lang='lat' dir='ltr'><strong>accipiat</strong></span> <span class='ocrx_word' id='word_1_897' title='bbox 3428 4769 3495 4808; x_wconf 75' lang='lat' dir='ltr'><strong>ea:</strong></span> <span class='ocrx_word' id='word_1_898' title='bbox 3540 4765 3788 4821; x_wconf 85' lang='lat' dir='ltr'><strong>utroque;</strong></span> 
     </span>
    </p>
   </div>
   <div class='ocr_carea' id='block_1_116' title="bbox 2185 4818 3787 4897">
    <p class='ocr_par' dir='ltr' id='par_1_116' title="bbox 2185 4818 3787 4897">
     <span class='ocr_line' id='line_1_116' title="bbox 2185 4818 3787 4897; baseline 0.003 -25"><span class='ocrx_word' id='word_1_899' title='bbox 2185 4819 2240 4873; x_wconf 87' lang='lat' dir='ltr'><strong>in</strong></span> <span class='ocrx_word' id='word_1_900' title='bbox 2268 4836 2348 4885; x_wconf 80' lang='lat' dir='ltr'><strong>eo,</strong></span> <span class='ocrx_word' id='word_1_901' title='bbox 2400 4822 2536 4888; x_wconf 82' lang='lat' dir='ltr'><strong>quod</strong></span> <span class='ocrx_word' id='word_1_902' title='bbox 2554 4818 2884 4897; x_wconf 60' lang='lat' dir='ltr'><strong>(secundum</strong></span> <span class='ocrx_word' id='word_1_903' title='bbox 2908 4818 3229 4897; x_wconf 55' lang='lat' dir='ltr'><strong>catholicos)</strong></span> <span class='ocrx_word' id='word_1_904' title='bbox 3272 4818 3502 4889; x_wconf 83' lang='lat' dir='ltr'><strong>Spiritus</strong></span> <span class='ocrx_word' id='word_1_905' title='bbox 3544 4818 3787 4897; x_wconf 49' lang='lat' dir='ltr'><strong>exprimi;</strong></span> 
     </span>
    </p>
   </div>
   <div class='ocr_carea' id='block_1_117' title="bbox 2189 4891 3788 4963">
    <p class='ocr_par' dir='ltr' id='par_1_117' title="bbox 2189 4891 3788 4963">
     <span class='ocr_line' id='line_1_117' title="bbox 2189 4891 3788 4963; baseline 0.005 -20"><span class='ocrx_word' id='word_1_906' title='bbox 2189 4900 2270 4963; x_wconf 83' lang='lat' dir='ltr'><strong>tur</strong></span> <span class='ocrx_word' id='word_1_907' title='bbox 2307 4902 2498 4945; x_wconf 72' lang='lat' dir='ltr'><strong>sancta:</strong></span> <span class='ocrx_word' id='word_1_908' title='bbox 2545 4891 2699 4952; x_wconf 81' lang='lat' dir='ltr'><strong>huius</strong></span> <span class='ocrx_word' id='word_1_909' title='bbox 2725 4892 3035 4947; x_wconf 80' lang='lat' dir='ltr'><strong>inviolabilis</strong></span> <span class='ocrx_word' id='word_1_910' title='bbox 3081 4891 3352 4949; x_wconf 84' lang='lat' dir='ltr'><strong>Trinitatis</strong></span> <span class='ocrx_word' id='word_1_911' title='bbox 3382 4897 3577 4963; x_wconf 82' lang='lat' dir='ltr'><strong>unitas,</strong></span> <span class='ocrx_word' id='word_1_912' title='bbox 3607 4891 3788 4951; x_wconf 52' lang='lat' dir='ltr'><strong>&#39;Ittzre-</strong></span> 
     </span>
    </p>
   </div>
   <div class='ocr_carea' id='block_1_118' title="bbox 2187 4962 3644 5034">
    <p class='ocr_par' dir='ltr' id='par_1_118' title="bbox 2187 4962 3644 5034">
     <span class='ocr_line' id='line_1_118' title="bbox 2187 4962 3644 5034; baseline 0.004 -19"><span class='ocrx_word' id='word_1_913' title='bbox 2187 4962 2290 5016; x_wconf 82' lang='lat' dir='ltr'><strong>lica</strong></span> <span class='ocrx_word' id='word_1_914' title='bbox 2316 4971 2460 5034; x_wconf 77' lang='lat' dir='ltr'><strong>parte</strong></span> <span class='ocrx_word' id='word_1_915' title='bbox 2492 4966 2744 5032; x_wconf 88' lang='lat' dir='ltr'><strong>parturiat</strong></span> <span class='ocrx_word' id='word_1_916' title='bbox 2768 4965 2973 5018; x_wconf 87' lang='lat' dir='ltr'><strong>trinitas</strong></span> <span class='ocrx_word' id='word_1_917' title='bbox 3001 4966 3331 5034; x_wconf 86' lang='lat' dir='ltr'><strong>pronuntiata</strong></span> <span class='ocrx_word' id='word_1_918' title='bbox 3356 4968 3644 5021; x_wconf 80' lang='lat' dir='ltr'><strong>dissidinnt.</strong></span> 
     </span>
    </p>
   </div>
   <div class='ocr_carea' id='block_1_119' title="bbox 2264 5032 3784 5104">
    <p class='ocr_par' dir='ltr' id='par_1_119' title="bbox 2264 5032 3784 5104">
     <span class='ocr_line' id='line_1_119' title="bbox 2264 5032 3784 5104; baseline 0.003 -18"><span class='ocrx_word' id='word_1_919' title='bbox 2264 5038 2337 5103; x_wconf 76' lang='grc' dir='ltr'><strong>(ε)</strong></span> <span class='ocrx_word' id='word_1_920' title='bbox 2365 5032 2420 5087; x_wconf 87' lang='lat' dir='ltr'><strong>In</strong></span> <span class='ocrx_word' id='word_1_921' title='bbox 2448 5033 2701 5104; x_wconf 69' lang='lat' dir='ltr'><strong>vulgatis,</strong></span> <span class='ocrx_word' id='word_1_922' title='bbox 2734 5036 2962 5089; x_wconf 84' lang='lat' dir='ltr'><strong>inclusit.</strong></span> <span class='ocrx_word' id='word_1_923' title='bbox 2997 5032 3326 5092; x_wconf 77' lang='lat' dir='ltr'><strong>Concittnins</strong></span> <span class='ocrx_word' id='word_1_924' title='bbox 3349 5048 3531 5093; x_wconf 87' lang='lat' dir='ltr'><strong>tamen</strong></span> <span class='ocrx_word' id='word_1_925' title='bbox 3550 5037 3606 5093; x_wconf 81' lang='lat' dir='ltr'><strong>in</strong></span> <span class='ocrx_word' id='word_1_926' title='bbox 3630 5051 3784 5101; x_wconf 85' lang='lat' dir='ltr'><strong>mss.,</strong></span> 
     </span>
    </p>
   </div>
   <div class='ocr_carea' id='block_1_120' title="bbox 2189 5104 3785 5177">
    <p class='ocr_par' dir='ltr' id='par_1_120' title="bbox 2189 5104 3785 5177">
     <span class='ocr_line' id='line_1_120' title="bbox 2189 5104 3785 5177; baseline 0.004 -21"><span class='ocrx_word' id='word_1_927' title='bbox 2189 5104 2473 5177; x_wconf 79' lang='lat' dir='ltr'><strong>conclusit,</strong></span> <span class='ocrx_word' id='word_1_928' title='bbox 2503 5106 2552 5159; x_wconf 91' lang='lat' dir='ltr'><strong>id</strong></span> <span class='ocrx_word' id='word_1_929' title='bbox 2587 5114 2693 5171; x_wconf 83' lang='lat' dir='ltr'><strong>est,</strong></span> <span class='ocrx_word' id='word_1_930' title='bbox 2723 5105 2799 5159; x_wconf 89' lang='lat' dir='ltr'><strong>ita</strong></span> <span class='ocrx_word' id='word_1_931' title='bbox 2823 5112 3167 5177; x_wconf 87' lang='lat' dir='ltr'><strong>compressit,</strong></span> <span class='ocrx_word' id='word_1_932' title='bbox 3210 5117 3270 5163; x_wconf 92' lang='lat' dir='ltr'><strong>ut</strong></span> <span class='ocrx_word' id='word_1_933' title='bbox 3304 5109 3485 5166; x_wconf 91' lang='lat' dir='ltr'><strong>nullus</strong></span> <span class='ocrx_word' id='word_1_934' title='bbox 3525 5109 3785 5166; x_wconf 85' lang='lat' dir='ltr'><strong>evadendi</strong></span> 
     </span>
    </p>
   </div>
   <div class='ocr_carea' id='block_1_121' title="bbox 2192 5176 3789 5254">
    <p class='ocr_par' dir='ltr' id='par_1_121' title="bbox 2192 5176 3789 5254">
     <span class='ocr_line' id='line_1_121' title="bbox 2192 5176 3789 5254; baseline 0.005 -25"><span class='ocrx_word' id='word_1_935' title='bbox 2192 5176 2341 5254; x_wconf 59' lang='lat' dir='ltr'><strong>locus</strong></span> <span class='ocrx_word' id='word_1_936' title='bbox 2382 5179 2801 5254; x_wconf 77' lang='lat' dir='ltr'><strong>relinqueretur.</strong></span> <span class='ocrx_word' id='word_1_937' title='bbox 2871 5176 3041 5254; x_wconf 81' lang='lat' dir='ltr'><strong>Paulo</strong></span> <span class='ocrx_word' id='word_1_938' title='bbox 3074 5186 3200 5235; x_wconf 89' lang='lat' dir='ltr'><strong>ante</strong></span> <span class='ocrx_word' id='word_1_939' title='bbox 3255 5182 3600 5252; x_wconf 87' lang='lat' dir='ltr'><strong>reposuimus</strong></span> <span class='ocrx_word' id='word_1_940' title='bbox 3655 5196 3789 5254; x_wconf 71' lang='lat' dir='ltr'><strong>prc-</strong></span> 
     </span>
    </p>
   </div>
   <div class='ocr_carea' id='block_1_122' title="bbox 2189 5246 3152 5320">
    <p class='ocr_par' dir='ltr' id='par_1_122' title="bbox 2189 5246 3152 5320">
     <span class='ocr_line' id='line_1_122' title="bbox 2189 5246 3152 5320; baseline 0.005 -21"><span class='ocrx_word' id='word_1_941' title='bbox 2189 5247 2400 5320; x_wconf 70' lang='lat' dir='ltr'><strong>scriptq.</strong></span> <span class='ocrx_word' id='word_1_942' title='bbox 2427 5247 2517 5320; x_wconf 82' lang='lat' dir='ltr'><strong>ubi</strong></span> <span class='ocrx_word' id='word_1_943' title='bbox 2546 5246 2827 5320; x_wconf 85' lang='lat' dir='ltr'><strong>obtinebat</strong></span> <span class='ocrx_word' id='word_1_944' title='bbox 2851 5249 3152 5320; x_wconf 80' lang='lat' dir='ltr'><strong>perscripto.</strong></span> 
     </span>
    </p>
   </div>
   <div class='ocr_carea' id='block_1_123' title="bbox 2259 5316 3780 5441">
    <p class='ocr_par' dir='ltr' id='par_1_123' title="bbox 2259 5316 3780 5441">
     <span class='ocr_line' id='line_1_123' title="bbox 2259 5316 3780 5441; baseline 0.007 -74"><span class='ocrx_word' id='word_1_945' title='bbox 2259 5317 2328 5441; x_wconf 35' lang='lat' dir='ltr'><strong>ﬁt)</strong></span> <span class='ocrx_word' id='word_1_946' title='bbox 2358 5316 2511 5385; x_wconf 85' lang='lat' dir='ltr'><strong>Quod</strong></span> <span class='ocrx_word' id='word_1_947' title='bbox 2538 5321 2623 5373; x_wconf 90' lang='lat' dir='ltr'><strong>hic</strong></span> <span class='ocrx_word' id='word_1_948' title='bbox 2652 5319 2829 5384; x_wconf 85' lang='lat' dir='ltr'><strong>deest,</strong></span> <span class='ocrx_word' id='word_1_949' title='bbox 2852 5316 3017 5375; x_wconf 61' lang='lat' dir='ltr'><strong>facile</strong></span> <span class='ocrx_word' id='word_1_950' title='bbox 3045 5316 3390 5393; x_wconf 72' lang='lat' dir='ltr'><strong>intelligitur,</strong></span> <span class='ocrx_word' id='word_1_951' title='bbox 3424 5322 3638 5379; x_wconf 85' lang='lat' dir='ltr'><strong>Patrem</strong></span> <span class='ocrx_word' id='word_1_952' title='bbox 3661 5323 3780 5380; x_wconf 90' lang='lat' dir='ltr'><strong>scil.</strong></span> 
     </span>
     <span class='ocr_line' id='line_1_124' title="bbox 2280 5386 3780 5441; baseline 0 0"><span class='ocrx_word' id='word_1_953' title='bbox 2280 5386 2452 5441; x_wconf 65' lang='lat' dir='ltr'><strong>‘ilium</strong></span> <span class='ocrx_word' id='word_1_954' title='bbox 2479 5404 2668 5441; x_wconf 88' lang='lat' dir='ltr'><strong>natura</strong></span> <span class='ocrx_word' id='word_1_955' title='bbox 2702 5406 2865 5441; x_wconf 88' lang='lat' dir='ltr'><strong>unum</strong></span> <span class='ocrx_word' id='word_1_956' title='bbox 2884 5405 3008 5441; x_wconf 84' lang='lat' dir='ltr'><strong>esse</strong></span> <span class='ocrx_word' id='word_1_957' title='bbox 3027 5408 3043 5441; x_wconf 88' lang='lat'>:</span> <span class='ocrx_word' id='word_1_958' title='bbox 3073 5408 3194 5441; x_wconf 70' lang='lat' dir='ltr'><strong>cnim</strong></span> <span class='ocrx_word' id='word_1_959' title='bbox 3227 5404 3452 5441; x_wconf 64' lang='lat' dir='ltr'><strong>interimo</strong></span> <span class='ocrx_word' id='word_1_960' title='bbox 3473 5409 3616 5441; x_wconf 74' lang='lat' dir='ltr'><strong>nnng</strong></span> <span class='ocrx_word' id='word_1_961' title='bbox 3647 5396 3780 5441; x_wconf 69' lang='lat' dir='ltr'><strong>neiis</strong></span> 
     </span>
    </p>
   </div>
   <div class='ocr_carea' id='block_1_124' title="bbox 2184 5386 3787 5461">
    <p class='ocr_par' dir='ltr' id='par_1_124' title="bbox 2184 5386 3787 5461">
     <span class='ocr_line' id='line_1_125' title="bbox 2184 5386 3787 5461; baseline 0.003 -18"><span class='ocrx_word' id='word_1_962' title='bbox 2184 5398 2239 5443; x_wconf 89' lang='lat' dir='ltr'><strong>et</strong></span> <span class='ocrx_word' id='word_1_963' title='bbox 2261 5386 2452 5441; x_wconf 84' lang='lat' dir='ltr'><strong>Filium</strong></span> <span class='ocrx_word' id='word_1_964' title='bbox 2479 5404 2668 5444; x_wconf 86' lang='lat' dir='ltr'><strong>natura</strong></span> <span class='ocrx_word' id='word_1_965' title='bbox 2702 5406 2865 5444; x_wconf 89' lang='lat' dir='ltr'><strong>unum</strong></span> <span class='ocrx_word' id='word_1_966' title='bbox 2884 5405 3043 5459; x_wconf 88' lang='lat' dir='ltr'><strong>esse;</strong></span> <span class='ocrx_word' id='word_1_967' title='bbox 3073 5408 3194 5447; x_wconf 91' lang='lat' dir='ltr'><strong>cum</strong></span> <span class='ocrx_word' id='word_1_968' title='bbox 3225 5386 3452 5461; x_wconf 72' lang='lat' dir='ltr'><strong>uterque</strong></span> <span class='ocrx_word' id='word_1_969' title='bbox 3473 5409 3616 5451; x_wconf 88' lang='lat' dir='ltr'><strong>unus</strong></span> <span class='ocrx_word' id='word_1_970' title='bbox 3647 5396 3787 5451; x_wconf 86' lang='lat' dir='ltr'><strong>Deus</strong></span> 
     </span>
    </p>
   </div>
   <div class='ocr_carea' id='block_1_125' title="bbox 2182 5461 3785 5536">
    <p class='ocr_par' dir='ltr' id='par_1_125' title="bbox 2182 5461 3785 5536">
     <span class='ocr_line' id='line_1_126' title="bbox 2182 5461 3785 5536; baseline 0.005 -23"><span class='ocrx_word' id='word_1_971' title='bbox 2182 5463 2273 5536; x_wconf 80' lang='lat' dir='ltr'><strong>sit,</strong></span> <span class='ocrx_word' id='word_1_972' title='bbox 2299 5461 2398 5513; x_wconf 83' lang='lat' dir='ltr'><strong>sub</strong></span> <span class='ocrx_word' id='word_1_973' title='bbox 2426 5463 2643 5536; x_wconf 73' lang='lat' dir='ltr'><strong>uomer</strong></span> <span class='ocrx_word' id='word_1_974' title='bbox 2665 5471 2842 5536; x_wconf 76' lang='lat' dir='ltr'><strong>tamen</strong></span> <span class='ocrx_word' id='word_1_975' title='bbox 2865 5477 2930 5517; x_wconf 89' lang='lat' dir='ltr'><strong>ac</strong></span> <span class='ocrx_word' id='word_1_976' title='bbox 2954 5463 3291 5536; x_wconf 83' lang='lat' dir='ltr'><strong>proprietate</strong></span> <span class='ocrx_word' id='word_1_977' title='bbox 3314 5467 3607 5536; x_wconf 82' lang='lat' dir='ltr'><strong>personali.</strong></span> <span class='ocrx_word' id='word_1_978' title='bbox 3630 5465 3785 5536; x_wconf 76' lang='lat' dir='ltr'><strong>Quod</strong></span> 
     </span>
    </p>
   </div>
   <div class='ocr_carea' id='block_1_126' title="bbox 2176 5531 3790 5607">
    <p class='ocr_par' dir='ltr' id='par_1_126' title="bbox 2176 5531 3790 5607">
     <span class='ocr_line' id='line_1_127' title="bbox 2176 5531 3790 5607; baseline 0.006 -24"><span class='ocrx_word' id='word_1_979' title='bbox 2176 5531 2287 5600; x_wconf 87' lang='lat' dir='ltr'><strong>jam</strong></span> <span class='ocrx_word' id='word_1_980' title='bbox 2345 5547 2494 5607; x_wconf 83' lang='lat' dir='ltr'><strong>num.</strong></span> <span class='ocrx_word' id='word_1_981' title='bbox 2540 5531 2651 5607; x_wconf 19' lang='lat' dir='ltr'><strong>25A</strong></span> <span class='ocrx_word' id='word_1_982' title='bbox 2685 5531 3164 5607; x_wconf 44' lang='lat' dir='ltr'><strong>declaratum_&#39;e5t</strong></span> <span class='ocrx_word' id='word_1_983' title='bbox 3215 5531 3583 5593; x_wconf 43' lang='lat' dir='ltr'><strong>bis-verbis:</strong></span> <span class='ocrx_word' id='word_1_984' title='bbox 3632 5531 3790 5607; x_wconf 70' lang='lat' dir='ltr'><strong>Fides</strong></span> 
     </span>
    </p>
   </div>
   <div class='ocr_carea' id='block_1_127' title="bbox 2177 5603 3791 5679">
    <p class='ocr_par' dir='ltr' id='par_1_127' title="bbox 2177 5603 3791 5679">
     <span class='ocr_line' id='line_1_128' title="bbox 2177 5603 3791 5679; baseline 0.006 -24"><span class='ocrx_word' id='word_1_985' title='bbox 2177 5612 2354 5679; x_wconf 62' lang='lat' dir='ltr'><strong>nostra</strong></span> <span class='ocrx_word' id='word_1_986' title='bbox 2381 5604 2496 5659; x_wconf 65' lang='lat' dir='ltr'><strong>hinc</strong></span> <span class='ocrx_word' id='word_1_987' title='bbox 2525 5605 2687 5679; x_wconf 75' lang='lat' dir='ltr'><strong>est,in</strong></span> <span class='ocrx_word' id='word_1_988' title='bbox 2716 5603 2890 5679; x_wconf 78' lang='lat' dir='ltr'><strong>Patris</strong></span> <span class='ocrx_word' id='word_1_989' title='bbox 2919 5615 2966 5659; x_wconf 87' lang='lat' dir='ltr'><strong>et</strong></span> <span class='ocrx_word' id='word_1_990' title='bbox 2990 5603 3791 5679; x_wconf 48' lang='lat' dir='ltr'><strong>Filiinominibqua&#39;sonisqns</strong></span> 
     </span>
    </p>
   </div>
   <div class='ocr_carea' id='block_1_128' title="bbox 2179 5670 3787 5751">
    <p class='ocr_par' dir='ltr' id='par_1_128' title="bbox 2179 5670 3787 5751">
     <span class='ocr_line' id='line_1_129' title="bbox 2179 5670 3787 5751; baseline 0.006 -25"><span class='ocrx_word' id='word_1_991' title='bbox 2179 5670 2322 5728; x_wconf 87' lang='lat' dir='ltr'><strong>Deus</strong></span> <span class='ocrx_word' id='word_1_992' title='bbox 2345 5690 2496 5730; x_wconf 85' lang='lat' dir='ltr'><strong>unus.</strong></span> <span class='ocrx_word' id='word_1_993' title='bbox 2536 5674 2688 5733; x_wconf 89' lang='lat' dir='ltr'><strong>Unde</strong></span> <span class='ocrx_word' id='word_1_994' title='bbox 2717 5677 3088 5747; x_wconf 87' lang='lat' dir='ltr'><strong>conjectamus</strong></span> <span class='ocrx_word' id='word_1_995' title='bbox 3120 5678 3409 5751; x_wconf 87' lang='lat' dir='ltr'><strong>legendum</strong></span> <span class='ocrx_word' id='word_1_996' title='bbox 3440 5670 3602 5751; x_wconf 61' lang='lat' dir='ltr'><strong>&#39;essc,</strong></span> <span class='ocrx_word' id='word_1_997' title='bbox 3628 5670 3787 5737; x_wconf 74' lang='lat' dir='ltr'><strong>unum</strong></span> 
     </span>
    </p>
   </div>
  </div>
