4100 6196
309 265 409 320 661

1252 258 1348 315 EX
1385 257 1616 317 OPERE
1660 258 2031 321 HISTORICO
2069 258 2547 319 FRAGMENTUM
2588 259 2679 319 ΙΙΙ.

3505 260 3610 316 662

301 384 495 434 contra
522 346 632 431 illis
658 388 727 431 ex
756 386 854 431 suo
884 370 1142 442 pestifero
1162 384 1323 428 sensu
1353 370 1680 443 applicabat,
1704 372 1901 443 quibus
1927 376 1983 445 Α
2006 385 2126 437 nus,
2158 374 2210 428 in
2240 372 2359 444 ipsa
2382 373 2654 429 sententia
2677 384 2841 428 manu
2864 370 3084 442 propria
3125 371 3566 445 conscripserunt
3591 392 3605 427 :

301 486 371 527 ex
414 469 581 527 rebus
619 474 811 537 aperte
864 463 1260 535 manifesteque
1299 463 1541 520 constitit
1590 463 1901 521 haereticus.

302 562 519 634 Quique
574 542 908 617 assertiones
975 572 1104 613 suas
1163 556 1485 629 quibusdam
1564 557 1908 628 squaloribus

303 655 575 719 miscens,
626 667 769 709 nunc
815 649 1136 706 ialsitatibus
1187 649 1434 719 Sabellii,
1491 664 1633 705 nunc
1686 650 1905 706 malitia

301 748 459 805 Pauli
488 743 920 805 Samosatensis.
961 757 1104 799 nunc
1131 741 1480 813 blas’phemiis
1517 742 1753 798 Montani
1796 742 1906 798 hae-

302 839 601 897 reticorutu
623 838 869 894 omnium
894 834 1049 891 ducis
1092 844 1280 906 aperte
1327 834 1680 905 permiscens,
1717 850 1906 890 unam-

302 947 415 1004 que
436 929 811 987 confusionem
832 928 900 983 de
921 925 1248 997 supradiCtis
1269 926 1493 992 faciens,
1516 935 1572 981 ut
1593 926 1906 997 imprudens

303 1026 503 1084 Galate
528 1025 584 1080 in
614 1022 761 1079 aliud
804 1021 1150 1091 Evangeliqu
1181 1019 1491 1083 declinavit,
1522 1020 1662 1091 quod
1687 1034 1795 1076 non
1821 1030 1906 1076 est

301 1118 471 1183 aliud,
501 1114 801 1174 secundum
830 1113 974 1191 quod
1016 1113 1207 1173 beatus
1254 1112 1449 1167 Paulus
1489 1112 1622 1167 tales
1647 1112 1907 1167 condem-

299 1224 441 1266 nans
466 1210 543 1264 ait
584 1225 598 1265 :
641 1204 754 1261 Etsi
780 1204 997 1279 angelus
1046 1204 1113 1259 de
1155 1204 1280 1259 cosio
1334 1203 1482 1259 aliter
1530 1203 1908 1258 annuntiaverit

297 1302 443 1358 vobis
494 1316 650 1373 quam
723 1297 860 1370 quod
925 1296 1192 1368 accepistis
1212 1338 1228 1363 ,
1294 1297 1567 1351 anathema
1624 1296 1691 1355 sit
1737 1293 1903 1369 (Gal.

297 1411 361 1466 ι,
411 1395 506 1466 8).
1788 1376 1803 1393 ⁷

369 1487 430 1544 '5.
460 1484 646 1541 Prima
665 1482 899 1558 ejusdem
932 1481 1307 1538 condemnatio.
1333 1479 1405 1536 In
1427 1482 1635 1537 archiva
1663 1482 1909 1540 Ecclesia

298 1588 593 1637 asseruntur
619 1577 871 1633 doctrina:
898 1576 1064 1649 ipsius
1089 1592 1328 1631 censura.
1379 1605 1451 1618 -—-
1491 1576 1677 1647 Magna
1724 1587 1907 1636 autem

298 1674 403 1730 fuit
427 1672 745 1744 parentibus
763 1680 923 1740 atque
951 1668 1250 1740 majoribus
1274 1670 1474 1725 nostris
1498 1669 1809 1727 sollicitudo
1838 1671 1909 1729 de

2009 478 2238 532 quorum
2281 478 2475 520 manus
2514 463 2701 520 valens
2741 471 2990 531 testatur,
3018 461 3179 522 ﬁdem
3209 464 3607 525 sanctissimam

2007 556 2159 613 nullo
2179 571 2377 628 genere
2396 558 2731 624 mutandam,
2752 571 2854 613 nec
2873 556 3177 613 Ecclesiam
3201 566 3443 615 sanctam
3472 573 3613 630 prte-

2007 649 2280 707 dicatione
2333 648 2473 706 falsa
2526 650 2946 707 subvertendam
2970 668 2986 716 ς
3010 665 3080 707 ne
3103 650 3208 708 hoc
3250 651 3415 708 modo
3442 653 3607 722 pestis

2007 760 2072 800 ac
2100 745 2217 803 lues
2248 744 2555 803 animarum
2602 744 2855 800 omnibus
2898 744 3216 815 gravissima
3261 744 3607 815 importetur,

2007 838 2177 895 Paulo
2207 838 2461 897 dicente:
2488 838 2613 894 Siue
2655 852 2774 904 nos,
2815 838 2918 892 siue
2945 837 3159 909 angelus
3187 838 3251 892 de
3293 838 3419 893 calo
3457 837 3610 893 aliter

2008 930 2387 985 annuntiaverit
2428 928 2566 983 vobis
2614 944 2770 999 quam
2816 928 2956 1001 quod
2996 929 3285 999 accepistis,
3334 928 3609 984 anathema

2010 1025 2078 1079 sit
2104 1022 2273 1095 (Gul.,
2298 1039 2335 1087 ι,
2367 1016 2447 1089 8).

2078 1116 2133 1172 4.
2164 1116 2445 1172 Marcellus
2473 1117 2748 1172 damnatus
2773 1133 2807 1170 a
2830 1116 3066 1187 pluribus
3104 1114 3354 1186 episcOpis
3380 1117 3435 1170 in
3468 1132 3609 1170 com.

2010 1212 2305 1266 munionem
2333 1212 2598 1281 recipitur.
2622 1240 2696 1253 -
2718 1209 3086 1268 Vehementer
3121 1218 3300 1264 autem
3355 1208 3608 1264 admirati

2009 1320 2218 1372 sumus,
2245 1314 2512 1375 quatenus
2541 1318 2695 1369 eum,
2731 1303 2823 1373 qui
2860 1302 3017 1358 aliter
3046 1316 3207 1372 quam
3253 1301 3308 1356 in
3345 1315 3478 1356 vero
3528 1309 3613 1357 est

2008 1398 2172 1465 audet
2220 1398 2569 1468 Evangelium
2610 1396 2909 1468 prmdicare
2932 1437 2950 1465 ,
3005 1395 3223 1467 quidam
3247 1436 3262 1463 ,
3288 1397 3379 1466 qui
3424 1410 3484 1451 se
3521 1410 3611 1451 ec-

2009 1489 2344 1547 clesiasticos
2390 1505 2513 1547 esse
2537 1490 2749 1557 volunt,
2773 1489 2931 1547 facile
2954 1489 3023 1546 ad
3061 1491 3497 1545 communionem
3526 1504 3613 1546 re-

2009 1584 2249 1654 cipiunt;
2282 1598 2383 1639 nec
2432 1582 2797 1652 blasphemias
2847 1582 2988 1655 ejus,
3034 1595 3157 1652 qua:
3181 1581 3238 1637 in
3269 1582 3438 1653 ipsius
3469 1580 3609 1637 libro

2011 1677 2234 1746 signata:
2288 1684 2450 1740 sunt,
2504 1675 2867 1743 inquirentes,
2926 1688 3028 1729 nec
3079 1674 3205 1739 illis,
3238 1674 3329 1744 qui
3380 1672 3612 1730 sollicite

301 1767 621 1839 supradicta
667 1765 1061 1836 praedicatione
1084 1764 1368 1835 sacrilega.
1407 1763 1725 1820 Condicitur
1751 1781 1897 1820 nam-
1931 1774 1983 1837 Β
2007 1776 2197 1824 cuncta
2228 1769 2710 1838 investigaverunt,
2742 1777 2798 1827 et
2848 1766 3190 1822 invenientes
3213 1765 3360 1836 juste
3390 1765 3612 1823 damna-

299 1877 408 1935 que
433 1861 547 1935 (an.
601 1858 733 1932 536)
784 1860 836 1915 in
885 1856 1415 1928 Constantinopolim
1469 1858 1744 1915 civitatem
1800 1860 1903 1917 sub

301 1956 594 2028 praesentia
623 1952 955 2010 beatissima;
976 1951 1255 2008 memoriae
1278 1949 1621 2006 Constantini
1663 1951 1903 2021 impera-

299 2050 437 2107 toris
491 2047 787 2105 concilium
841 2047 1243 2118 episcoporum,
1276 2045 1369 2115 qui
1397 2060 1463 2100 ex
1511 2044 1694 2100 multis
1715 2043 1905 2099 Orien-

298 2141 491 2198 talium
520 2138 820 2211 provinciis
851 2137 1210 2201 advenerunt,
1242 2143 1300 2191 ut
1328 2134 1606 2193 hominem
1634 2134 1790 2195 malis
1816 2150 1904 2192 re-

297 2233 401 2288 bus
424 2232 695 2289 imbutum
719 2229 926 2289 salubri
951 2228 1179 2285 consilio
1205 2228 1585 2293 relormarent,
1609 2236 1663 2283 et
1687 2225 1779 2283 ille
1808 2226 1903 2285 ad-

298 2325 604 2384 monitione
632 2324 971 2379 sanctissima
1010 2328 1292 2390 correptus
1321 2335 1349 2373 a
1381 2319 1762 2390 praedicatione
1810 2335 1902 2376 sa-

300 2417 502 2487 crilega
532 2414 880 2473 discederet:
909 2414 1108 2484 quique
1132 2412 1478 2482 increpantes
1510 2411 1685 2479 illum,
1715 2420 1770 2469 et
1808 2427 1904 2468 ex-

300 2509 668 2578 probrantes,
718 2521 934 2561 necnon
982 2504 1264 2560 charitatis
1311 2502 1508 2558 aﬂ'cclu
1566 2504 1905 2574 postulantes

300 2603 472 2659 multo
517 2614 780 2671 tempore,
810 2614 911 2656 nec
937 2598 1225 2669 quidquam
1256 2596 1629 2668 proficiebant.
1659 2597 1905 2669 Namque

298 2706 418 2767 post
448 2709 608 2751 unam
631 2704 684 2749 et
714 2692 1008 2748 secundam
1033 2691 1337 2759 multasque
1365 2690 1759 2759 correptiones,
1778 2705 1901 2745 cum

298 2788 432 2845 nihil
467 2786 731 2858 prolicere
761 2785 1063 2856 potuissent
1105 2780 1458 2855 (perdurabit
1500 2781 1645 2836 enim
1689 2790 1744 2836 et
1769 2796 1902 2835 con-

297 2880 606 2937 tradicebat
632 2891 794 2934 rectae
820 2876 967 2937 ﬁdei.
999 2884 1055 2932 et
1076 2874 1424 2930 contentione
1453 2873 1685 2944 maligna
1717 2873 1904 2929 Eccle-

294 2974 396 3029 sia:
422 2970 712 3027 catholica:
742 2964 1088 3038 resistebat);
1121 2965 1317 3022 exinde
1340 2965 1486 3018 illum
1535 2978 1725 3019 omnes
1771 2964 1900 3018 hor-

291 3082 423 3125 rere
444 3082 511 3123 ac
537 3067 709 3122 vitare
738 3073 1022 3136 cmperunl
1050 3079 1065 3118 :
1099 3070 1156 3119 et
1196 3060 1441 3117 videntes
1489 3060 1745 3130 quoniam
1774 3059 1902 3115 sub-

2006 1868 2236 1928 verunt,
2270 1873 2598 1916 consensum
2621 1857 3031 1914 accommodare
3054 1857 3363 1915 voluerunt.
3396 1855 3610 1912 Etenim

2004 1954 2313 2021 Marcellus,
2344 1969 2469 2009 cum
2492 1953 2632 2024 apud
2664 1966 2791 2008 suos
2832 1950 3121 2007 hatreticus
3172 1949 3483 2014 haberetur,
3518 1964 3611 2019 pc-

2006 2046 2389 2119 regrinationis
2419 2045 2495 2117 (c)
2517 2046 2718 2103 auxilia
2744 2044 3030 2117 requisivit
3058 2062 3071 2099 :
3094 2043 3303 2101 scilicet
3328 2051 3388 2098 ut
3414 2052 3466 2099 et
3490 2043 3612 2098 illos

2006 2141 2242 2208 falleret,
2274 2140 2365 2211 qui
2391 2150 2447 2196 et
2474 2142 2650 2211 ipsum
2674 2148 2730 2195 et
2769 2138 2886 2211 ejus
2940 2138 3140 2209 scripta
3171 2136 3424 2207 pestifera
3455 2134 3609 2206 igno-

2006 2242 2207 2291 rarent.
2260 2232 2370 2291 Sed
2415 2231 2676 2305 quidquid
2704 2231 2848 2303 apud
2906 2230 3028 2285 illos
3079 2228 3236 2301 agit,
3293 2229 3457 2299 impia
3513 2241 3611 2282 sua

2005 2329 2204 2399 scripta
2248 2341 2550 2396 sensusque
2579 2324 2835 2396 profanos
2880 2323 3117 2379 occultat
3166 2321 3303 2377 falsa
3333 2336 3428 2392 pro
3465 2319 3611 2376 veris

2006 2434 2308 2492 opponens,
2337 2428 2602 2491 quaestum
2626 2418 2728 2473 sibi
2778 2416 2846 2473 de
2872 2413 3210 2486 simplicibus
3251 2422 3412 2485 atque
3454 2413 3612 2469 inno-

2006 2512 2256 2569 ccntibus
2298 2511 2465 2577 fecit,
2519 2513 2717 2580 quique
2779 2508 2882 2565 sub
2907 2515 3173 2581 przetextu
3225 2506 3610 2561 ecclesiastica:

2007 2605 2207 2682 regula:
2252 2604 2451 2659 multos
2503 2601 2760 2656 Ecclesiae
2812 2610 3061 2668 pastores
3119 2596 3332 2667 induxit
3384 2602 3476 2667 (an
3518 2612 3611 2653 se-

2007 2695 2216 2768 duxit?)
2245 2714 2259 2750 :
2289 2709 2492 2766 eosque
2524 2695 2743 2748 insuam
2764 2691 3016 2762 redigens
3031 2689 3614 2760 potestatem,Sabellii

2008 2789 2248 2845 ha-retici
2301 2798 2502 2843 sectam
2535 2784 2794 2843 inducens
2821 2824 2839 2853 ,
2881 2783 3080 2839 callida
3135 2781 3325 2838 fraude
3368 2781 3608 2852 decepit,

2006 2888 2320 2935 restaurans
2365 2876 2516 2933 Pauli
2566 2876 2966 2933 Samosatensis
3013 2883 3069 2930 et
3110 2883 3253 2929 artes
3321 2884 3375 2928 et
3428 2872 3606 2935 dolos.

2006 2971 2172 3027 Mixta
2216 2975 2361 3025 enim
2407 2978 2493 3027 est
2536 2970 2778 3025 omnium
2830 2966 3212 3023 haereticorum
3258 2964 3419 3021 sectis
3472 2966 3612 3023 Mar-

2007 3066 2128 3121 celli
2159 3073 2419 3121 extranea
2462 3064 2701 3129 traditio,
2730 3063 2869 3119 sicut
2908 3076 3072 3139 supra
3111 3071 3471 3119 memoratum
3499 3070 3605 3131 est.

292 3172 493 3214 versus
521 3166 653 3217 esta
688 3162 932 3227 peccato,
962 3163 1017 3209 et
1064 3161 1147 3210 est
1191 3167 1219 3206 tl
1251 3153 1546 3223 semetipso
1587 3151 1895 3215 damnatus,
1927 3165 1974 3234 ρ
2008 3156 2157 3213 Unde
2179 3163 2527 3216 convenerat,
2560 3170 2748 3208 omnes
2791 3153 3047 3208 Ecclesia;
3092 3161 3295 3207 sancta:
3344 3154 3607 3222 praposi-

292 3251 436 3306 actis
487 3265 611 3307 eum
660 3245 1045 3305 ecclesiasticis
1092 3245 1507 3312 damnaverunt,
1558 3260 1625 3301 nc
1672 3243 1901 3300 ulterius

292 3359 431 3403 oves
459 3341 659 3401 ChriSti
711 3340 984 3413 pestiieris
1012 3339 1351 3396 contactibus
1382 3339 1548 3409 magis
1578 3338 1897 3394 macularet.

294 3436 453 3492 Tunc
480 3449 713 3506 namque
751 3434 913 3490 etiam
943 3432 1060 3503 ejus
1092 3430 1300 3503 aliquos
1334 3430 1683 3500 pravissimos
1709 3444 1901 3487 Sensus

294 3539 491 3586 contra
546 3529 707 3587 iidem
758 3538 958 3583 rectam
1012 3525 1418 3596 Ecclesiamque
1481 3524 1899 3593 sanctissimam,

294 3633 526 3695 propter
574 3622 888 3678 memoriam
938 3631 1276 3691 posterorum
1327 3621 1740 3692 cautelamqne,
1789 3620 1904 3677 suis

294 3715 660 3771 sanctissimis
686 3713 969 3785 scripturis
1015 3712 1068 3767 in
1111 3713 1333 3767 arcliivo
1354 3713 1614 3768 Ecclesia:
1637 3714 1901 3768 condide-

294 3815 451 3862 runt.
482 3806 587 3863 Sed
620 3807 736 3862 haec
785 3804 1001 3875 quidem
1053 3804 1350 3861 secundum
1384 3806 1715 3878 impietatem
1763 3806 1905 3862 Mar-

294 3899 429 3958 celli
455 3897 694 3955 haeretici
727 3899 898 3970 prima
924 3899 1174 3954 inerunt:
1206 3899 1390 3969 pejora
1413 3909 1539 3955 sunt
1560 3900 1755 3956 deinde
1776 3901 1905 3956 sub-

295 4001 509 4049 secuta.
529 3991 825 4069 650Nam
841 3993 960 4063 quis
979 3990 1213 4049 lidelinm
1232 3991 1545 4061 credat,aut
1564 3994 1796 4062 patiatur
1815 4009 1899 4063 ea,

294 4100 427 4156 qua:
442 4086 512 4141 ab
532 4089 647 4156 ipso
680 4084 820 4140 male
836 4095 984 4156 gesta
999 4096 1160 4156 atque
1177 4085 1482 4157 etinscripta
1504 4097 1649 4151 sunt,
1676 4102 1903 4157 quaeque

295 4178 464 4250 digne
496 4179 944 4234 anathematizata
987 4178 1149 4233 sunt?
1179 4179 1256 4248 (a)
1288 4176 1447 4253 [Nam
1485 4193 1605 4235 cum
1636 4179 1906 4250 ipsoMar-

294 4270 442 4327 cello
460 4286 491 4326 a
520 4272 834 4343 parentibus
864 4272 1062 4327 nostris
1096 4271 1148 4325 in
1166 4267 1686 4341 Cotistantinopolim
1713 4273 1904 4328 civita-

294 4362 462 4437 tem.]
484 4364 725 4433 Namque
753 4365 891 4420 liber
914 4363 1301 4419 sententiarum
1332 4373 1506 4419 exstat
1537 4366 1590 4418 in
1627 4364 1801 4434 ipsum
1835 4365 1903 4420 ab

293 4458 573 4528 episcopis
587 4457 922 4525 conscriptus
944 4473 957 4510 :
978 4456 1031 4510 in
1046 4469 1154 4527 quo
1177 4455 1316 4509 libro
1333 4456 1493 4511 etiam
1518 4457 1625 4523 isti,
1650 4457 1740 4528 qui
1762 4472 1903 4512 nunc

294 4567 433 4609 cum
462 4552 579 4623 ipso
597 4561 721 4609 sunt
750 4549 1000 4607 Marcello
1032 4560 1193 4621 atquc
1221 4549 1297 4607 illi
1326 4548 1525 4617 favent,
1556 4549 1609 4605 id
1637 4560 1738 4618 est,
1775 4552 1903 4606 l‘rn-

297 4657 531 4720 togenes
557 4644 796 4703 Serdicae
824 4643 1061 4701 civitatis
1104 4646 1391 4714 episcopus
1440 4654 1495 4698 et
1525 4642 1600 4715 (ὁ)
1631 4643 1907 4701 Siracusa—

294 4810 378 4871 ὥς
426 4805 568 4864 οὐδὲν
609 4808 783 4883 ἕτερστέ
808 4803 870 4883 ἧος
897 4804 924 4861 ὁ
950 4802 1267 4883 λόγος-ἓνδὸν
1293 4806 1453 4877 μένων
1488 4807 1540 4860 ἐν
1586 4806 1908 4883 ἡσυχάζονιςι

291 4889 381 4956 τῷ
408 4883 583 4956 Ilotrpi,
615 4874 721 4934 etc'.
750 4877 956 4947 Quibus
982 4874 1162 4929 verbis
1188 4874 1432 4956 non-tarn
1489 4874 1909 4956 negatur'exsti-

290 4945 445 5007 tisse
468 4991 485 5017 ,
511 4945 670 5020 quam
699 4945 982 5020 externum
1022 4961 1158 5016 Opus
1185 4946 1513 5020 exhibuisse.
1562 4946 1651 5002 Sic
1673 4959 1723 5000 ct
1758 4961 1908 5001 more

288 5018 541 5078 aliorum
598 5021 818 5075 Patrum
867 5018 1139 5075 afﬁrmare
1192 5020 1240 5071 ei
1288 5018 1544 5085 licuerit,
1620 5020 1905 5084 humanam

286 5092 510 5151 Christi
558 5104 800 5147 naturam
854 5106 951 5160 per
998 5087 1224 5160 gloriam
1278 5088 1333 5143 in
1365 5091 1527 5143 ltenm
1558 5089 1906 5144 transituram

290 5179 436 5222 esse
461 5162 683 5231 speciali
708 5163 935 5232 quadam
962 5175 1083 5216 cum
1107 5161 1218 5216 Deo
1242 5160 1643 5230 conjunctione,
1670 5163 1764 5217 sed
1792 5162 1909 5217 sine

290 5236 606 5292 abolitione
633 5235 802 5306 ipsius
847 5243 1074 5288 naturai.

384 5325 465 5402 (a)
496 5326 607 5382 Nisi
639 5339 1038 5402 supervacanea
1058 5396 1069 5402 _
1092 5331 1218 5402 sunt
1246 5340 1364 5396 qua:
1384 5323 1534 5402 intra
1568 5327 1793 5380 uncinos
1824 5324 1907 5402 in-

291 5395 622 5466 cluduntur,
652 5397 1028 5452 desiderantur
1058 5395 1142 5451 hic
1198 5395 1472 5450 nonnulla.
1505 5395 1612 5451 Aut
1651 5408 1797 5451 certe
1828 5398 1908 5451 le-

291 5471 545 5552 gendum
577 5487 591 5523 :
622 5467 1069 5552 Anatlternatiaata
1122 5479 1240 5549 sunt
1293 5484 1435 5552 cum.
1461 5470 1571 5552 ipso
1598 5466 1850 5552 yarcello
1875 5484 1909 5521 a

292 5538 604 5618 iurantibus
624 5541 815 5595 nostris
844 5541 896 5593 in
924 5538 1367 5608 Constantirwpoli
1390 5538 1589 5597 civitate
1605 5540 1631 5592 Ρ

399 5632 475 5705 (b)
506 5633 561 5689 in
602 5631 901 5705 archetypo
928 5647 1057 5697 ms.,
1091 5630 1514 5705 Siriacusanais:
1541 5629 1696 5705 unde
1726 5631 1769 5685 si
1799 5631 1920 5700 quis

308 5701 473 5763 volet
518 5703 916 5761 conﬁciendum
969 5701 1364 5774 esseCyriacus
1383 5702 1746 5774 Ανὶηιίηιιηδὶίςἓ
1768 5705 1925 5774 cujus

310 5791 613 5837 successor
641 5775 974 5834 Gaudentius
1030 5772 1173 5830 infra
1196 5773 1503 5843 damnatur,
1535 5774 1675 5845 quod
1700 5772 1930 5833 Marcel-

2006 3260 2089 3306 tns
2107 3248 2269 3322 651
2294 3262 2563 3303 memores
2589 3246 2856 3313 dietorum
2881 3245 3090 3303 Domini
3114 3244 3312 3300 Christi
3335 3243 3566 3301 dicentis
3590 3261 3608 3299 :

2004 3341 2187 3397 Cavete
2231 3358 2373 3395 vasa
2404 3340 2882 3412 pseudOprophetis,
2930 3339 3019 3409 qui
3063 3338 3270 3392 veniunt
3309 3336 3377 3391 ad
3423 3352 3511 3392 vos
3550 3337 3607 3392 iu

2003 3436 2183 3488 vestitu
2206 3434 2398 3499 ovium,
2424 3433 2735 3487 intrinsecus
2779 3442 2947 3486 autem
2987 3442 3104 3485 sunt
3148 3430 3261 3503 lupi
3309 3447 3544 3503 rapaces,
3574 3447 3610 3486 a

2005 3525 2254 3598 fructibus
2275 3542 2449 3580 eorum
2469 3525 2781 3597 cognoscetis
2806 3541 2888 3579 eos
2908 3523 3255 3596 (Mattlt.,vu,
3284 3523 3373 3586 l5,
3392 3523 3503 3595 16),
3530 3523 3608 3580 vi-

2002 3629 2121 3675 tare
2152 3620 2220 3675 ab
2270 3618 2576 3689 bujusntodi
2616 3628 2669 3673 et
2699 3619 2943 3686 horrere,
2978 3633 3077 3673 nec
3106 3617 3215 3673 illis
3262 3618 3418 3674 facile
3454 3632 3605 3673 com-

2006 3717 2302 3784 municare,
2333 3730 2629 3787 agnoscere
2663 3715 2786 3771 illos
2826 3730 2893 3769 ex
2934 3714 3143 3769 actibus
3181 3716 3315 3781 suis,
3355 3722 3518 3784 atque
3540 3729 3611 3770 ex

2006 3826 2194 3871 eorum
2253 3811 2471 3883 scriplis
2502 3810 2778 3879 sacrilegis
2830 3809 3220 3878 praedamnare.
3282 3805 3436 3861 Nunc
3478 3821 3608 3860 vero

2005 3904 2356 3959 vehementer
2393 3903 2706 3969 metuimus,
2748 3917 2815 3957 nc
2867 3901 3066 3955 nostris
3097 3897 3429 3968 temporibus
3459 3912 3606 3953 com-

2006 3998 2217 4067 pleatur
2245 3995 2388 4067 quod
2417 3994 2679 4066 scriptum
2730 4001 2849 4050 est:
2879 3992 3010 4049 Cum
3055 3993 3318 4055 dormiunt
3345 3991 3600 4056 homines,

2009 4088 2137 4143 venit
2185 4085 2424 4141 inimicus
2477 4096 2525 4140 et
2574 4086 2769 4157 spargit
2834 4087 3040 4139 zizania
3102 4086 3239 4138 inter
3291 4086 3610 4156 frumentum

2012 4179 2250 4252 (Matth.,
2276 4195 2393 4245 χιιι,
2420 4178 2536 4249 25).
2577 4177 2713 4234 Cum
2739 4179 2886 4234 enim
2937 4192 3044 4233 non
3092 4177 3316 4250 vigilant
3363 4176 3442 4245 lii,
3472 4189 3610 4245 quos

2012 4273 2237 4345 vigilare
2270 4272 2564 4343 oportetin
2613 4272 2858 4328 custodia
2914 4271 3212 4340 Ecclesiae;
3260 4269 3395 4325 falsa
3445 4268 3611 4325 verba

2010 4368 2087 4441 (tl)
2118 4369 2402 4432 imitantia,
2425 4366 2665 4422 funditus
2693 4367 2746 4421 id
2769 4369 2913 4437 quod
2939 4374 3150 4422 rectum
3180 4374 3266 4422 est
3303 4374 3537 4422 vertunt.

2080 4461 2134 4516 5.
2162 4459 2414 4515 Marcello
2440 4462 2674 4534 neganda
2694 4460 2987 4515 communio
3014 4461 3448 4516 denuntiatur.——
3467 4460 3614 4528 Qua-

1932 4556 1983 4617 D
2009 4563 2234 4624 propter
2255 4569 2373 4618 nos,
2398 4555 2487 4626 qui
2522 4554 2680 4624 plene
2703 4568 2769 4611 ex
2823 4553 2963 4609 libro
3003 4552 3239 4611 Marcelli
3266 4554 3381 4625 ejus
3410 4560 3613 4610 sectam

2015 4647 2329 4716 seeleraque
2376 4648 2748 4717 cognovimus,
2794 4646 3116 4714 scripsimus
3173 4646 3343 4711 vobis,
3374 4644 3617 4703 dilectis-

2012 4807 2123 4861 lum
2150 4806 2396 4874 recipiat,
2430 4807 2481 4862 in
2506 4820 2666 4876 quem
2723 4806 2812 4861 ille
2866 4805 3192 4865 sententiam
3240 4806 3449 4863 dixerat
3478 4823 3492 4869 ;
3521 4806 3616 4863 det

2017 4877 2105 4959 ille
2130 4892 2355 4959 necesse
2381 4887 2466 4932 est
2517 4876 2730 4959 Cyriaci
2760 4889 2868 4958 tum
2899 4877 3137 4932 defuncti
3168 4893 3363 4959 nomen
3397 4893 3495 4948 pro
3525 4893 3618 4934 ec-

2015 4950 2176 5002 clesia
2234 4964 2393 5017 quam
2461 4948 2602 5004 rexit
2647 4949 3044 5003 substitutum:
3105 4950 3258 5018 quasi
3312 4948 3610 5015 diceretur,

2012 5018 2251 5089 cpi-eupi
2281 5019 2620 5075 Sardicensis
2668 5029 2724 5073 et
2751 5018 3132 5085 Ariminensis,
3165 5019 3257 5088 qui
3287 5020 3448 5075 modo
3476 5020 3616 5075 Mar-

2013 5092 2150 5145 cello
2181 5092 2379 5156 favent,
2413 5092 2561 5159 prius
2611 5091 2663 5147 in
2694 5092 2862 5160 ipsum
2901 5092 3201 5147 sententiam
3224 5092 3326 5160 (sic
3354 5091 3499 5147 enim
3529 5090 3613 5147 lc-

2013 5092 2150 5145 cellu
2181 5092 2379 5156 favent,
2413 5092 2561 5159 prius
2611 5092 2663 5147 in
2694 5092 2862 5160 ipsum
2901 5092 3201 5147 sententiam
3248 5093 3326 5147 sic
3354 5092 3499 5147 enim
3529 5092 3613 5147 lc-

2011 5164 2244 5235 gendutn
2298 5164 2533 5235 videtur,
2571 5178 2683 5235 non,
2718 5166 2779 5235 in
2832 5164 2945 5233 ipsa
2974 5092 3256 5235 sententiagg
3298 5164 3616 5235 conscripsti»

2015 5243 2179 5302 runt;
2213 5232 2554 5290 Sardicensis
2602 5233 2818 5303 quidem
2852 5231 3088 5304 proprio
3117 5231 3355 5302 nomine,
3407 5231 3614 5289 Arimi-

2018 5306 2202 5360 neusis
2229 5320 2355 5360 vero
2384 5306 2434 5359 in
2458 5305 2687 5375 (Iyriaco
2708 5306 2997 5359 decessore
3026 5320 3146 5361 suo.

2096 5395 2168 5469 (ο)
2197 5397 2288 5454 Sic
2309 5396 2387 5452 illi
2415 5404 2610 5455 vocant
2638 5394 2875 5457 Marcelli
2904 5400 3026 5463 iter,
3051 5410 3160 5468 quo
3182 5394 3409 5455 Romam
3430 5394 3498 5453 ad
3522 5394 3621 5455 lu.

2020 5470 2149 5527 lium
2182 5469 2441 5540 perrexit.

2100 5560 2180 5634 (ei)
2206 5563 2262 5617 In
2299 5562 2548 5631 vulgatis,
2596 5562 2849 5634 nutantia.
2873 5562 2970 5625 Ex
2999 5575 3129 5619 mss.
3163 5576 3487 5634 revocamus
3505 5561 3627 5616 inti-

2033 5637 2216 5699 tentia,
2241 5644 2314 5697 et,
2349 5634 2393 5688 si
2421 5634 2630 5696 liceret,
2657 5633 2983 5689 addcremus
3012 5634 3292 5691 veritatem.
3316 5633 3438 5693 Mox
3464 5636 3626 5691 etiam

2034 5705 2200 5775 magis
2230 5707 2467 5778 placeret
2510 5713 2757 5773 avertunt,
2784 5720 2941 5776 quam
2972 5712 3191 5761 uertunt.
