4100 6196
512 250 620 307 €63

1723 248 1966 306 SANC'I‘I
2009 245 2264 305 HlLAHII
2307 245 2610 304 EPISCOPI

3716 244 3819 300 664

513 368 636 426 simi
658 368 897 434 Fratres.
929 378 989 426 ut
1016 382 1189 440 neque
1220 366 1557 435 Marcellum,
1588 381 1764 438 neque
1786 380 1883 422 eos
1902 365 1992 436 qui
2030 364 2108 419 illi
2137 368 2192 429 Α
2216 364 2390 436 primo
2419 362 2633 418 videtur
2659 376 2782 420 esse
2796 360 3106 418 condictum
3135 363 3247 437 (an.
3272 360 3400 430 554,
3446 370 3501 416 at
3539 376 3645 415 non
3689 362 3821 415 cete-

508 462 831 535 junguntur,
872 461 940 518 ad
981 461 1418 516 communionem
1474 468 1675 515 sanctae
1703 458 1963 517 Ecclesiae
2014 457 2114 513 ad-

514 558 741 613 mittatis
769 573 784 622 ;
815 568 1084 609 memores
1130 568 1345 625 quoque
1369 553 1489 609 sitis
1534 555 1811 624 propheta:
1841 553 2001 607 David
2032 552 2116 607 di-

513 649 685 705 centis
716 667 729 702 :
756 646 884 701 Dixi
931 648 1002 700 eis
1035 649 1121 717 qui
1152 648 1348 719 faciunt
1388 647 1615 718 facinus,
1638 662 1701 700 ne
1739 645 1959 715 feceritis
1989 645 2116 716 faci-

516 756 652 806 nus;
685 750 730 793 et
760 739 1190 810 delinquentibus,
1234 756 1299 793 ne
1325 739 1670 793 exultaveritis
1706 755 1890 792 cornu.
1938 736 2119 792 Nolite

516 834 569 887 in
597 832 759 886 altum
784 832 963 886 tollere
991 847 1152 886 cornu
1179 841 1434 888 vestrum:
1456 848 1522 887 ne
1548 830 1830 903 loquamini
1872 831 2117 885 adversus

515 925 794 980 Dominum
841 924 1023 997 iniqua
1052 924 1243 992 -(Psal.
1298 940 1484 990 LXXIV,
1539 927 1611 990 5,
1657 925 1734 995 6).
1798 926 1862 979 Et
1912 926 2118 981 credite

519 1018 793 1075 Salonioni
824 1016 1025 1072 dicenti
1058 1034 1070 1070 :
1100 1016 1281 1072 Nolite
1309 1021 1592 1090 transferre
1611 1019 1852 1072 terminos
1877 1028 2116 1085 internas,

513 1127 639 1179 quos
670 1111 1045 1167 constituerunt
1072 1121 1241 1182 putres
1269 1111 1423 1164 vestri
1444 1109 1652 1181 (Prov.,
1684 1126 1813 1177 ml,
1847 1108 1965 1182 28).
1987 1111 2120 1179 Quae

513 1219 636 1258 cum
670 1204 742 1257 ita
794 1203 922 1264 sint,
968 1204 1134 1258 nolite
1173 1202 1471 1272 supradiCIi
1518 1203 1760 1259 Marcelli
1815 1206 2117 1275 pravissitni

513 1297 668 1365 sequi
694 1311 935 1361 errores,
957 1305 1011 1351 et
1032 1312 1118 1361 ea,
1145 1277 1266 1367 quia
1287 1297 1354 1350 ab
1372 1296 1492 1365 ipso
1519 1296 1714 1367 injusta
1738 1298 2121 1367 praedicatione

515 1402 702 1446 contra
754 1391 1040 1444 Dominum
1068 1389 1346 1444 Christum
1377 1390 1597 1445 inventa
1624 1390 1927 1460 traditaque
1970 1398 2117 1459 sunt,

517 1484 927 1553 praedamnata;
976 1497 1043 1536 nc
1100 1479 1450 1550 blasphemiis
1505 1480 1910 1551 sceleribusque
1957 1481 2119 1536 etiam

514 1574 616 1645 ipsi
650 1573 939 1645 participes
960 1575 1098 1629 sitis.
1126 1572 1234 1629 Sed
1255 1585 1462 1644 prapter
1486 1575 1842 1644 compendium
1864 1572 1973 1628 haec
1999 1574 2123 1627 hac:

516 1678 662 1722 tenus
688 1670 751 1721 de
776 1665 1053 1720 Marcello.

2218 458 2442 530 brutum)
2474 476 2486 512 :
2521 468 2719 514 etcum
2769 457 2991 513 minime
3018 457 3087 513 ab
3117 458 3235 528 ipso
3253 456 3341 512 vel
3384 455 3454 512 ab
3497 453 3820 511 satellitibus

2217 552 2284 607 ad
2313 551 2679 619 supradictum
2700 551 2986 606 concilium
3017 560 3414 611 occurreretur.
3440 559 3562 619 post
3589 551 3820 605 alterum

2218 659 2417 699 annum
2445 646 2554 709 (an.
2603 639 2734 712 535.)
2784 646 2837 697 in
2885 642 3032 714 Tyro
3057 650 3278 713 propter
3311 643 3430 710 ejus
3460 641 3700 697 facinora
3730 657 3824 697 ne-

2219 735 2459 791 cessario
2514 737 2706 791 iterum
2737 735 3062 790 celebratur.
3103 734 3454 790 Advenerunt
3483 735 3726 805 episcOpi
3756 734 3824 791 de

2220 826 2531 882 Macedonia
2559 836 2613 881 et
2637 827 2704 881 de
2724 825 3025 891 Panonnia,
3045 826 3320 898 Bytbinia,
3348 837 3402 882 et
3424 826 3680 883 omnibus
3704 842 3824 896 par-

2223 921 2367 976 tibus
2394 920 2654 987 Orientis,
2679 919 3022 990 imperatoris
3053 919 3293 987 iussione
3333 919 3612 974 constricti
3645 936 3659 971 :
3706 917 3827 989 qui-

2220 1031 2325 1087 que
2351 1015 2485 1069 actis
2506 1013 2784 1070 Athanasii
2817 1013 3015 1084 ﬂagitia
3046 1013 3381 1083 criminaque
3400 1023 3822 1083 cognoscentes,

2224 1122 2328 1162 non
2359 1106 2561 1178 passim
2613 1120 2712 1161 uec
2761 1115 2966 1160 temere
3009 1104 3419 1160 accusatoribus
3447 1101 3699 1169 credunt,
3727 1101 3825 1158 sed

2222 1219 2322 1260 suo
2350 1203 2417 1259 de
2437 1201 2671 1258 Concilio
2717 1200 2974 1256 inlustres
3003 1206 3062 1254 et
3090 1199 3387 1254 laudabiles
3410 1199 3698 1269 episcopos
3725 1199 3826 1253 eli-

2223 1307 2373 1368 gunt,
2406 1306 2567 1366 atque
2595 1296 2650 1350 in
2692 1309 2805 1350 rem
2864 1303 3211 1364 praesentem,
3244 1293 3332 1347 ubi
3359 1308 3447 1349 res
3471 1303 3640 1363 gestas
3670 1302 3827 1348 erant

2222 1392 2291 1448 de
2330 1391 2524 1462 quibus
2566 1389 2895 1460 arguebatur
2926 1387 3270 1450 Athanasius,
3307 1386 3528 1441 mittunt
3566 1403 3583 1440 :
3621 1386 3826 1456 quique

2224 1483 2433 1539 oculata
2469 1482 2577 1537 fide
2621 1490 2817 1536 cuncta
2850 1479 3214 1549 adspicientes
3255 1486 3419 1549 atque
3465 1492 3592 1532 vera
3620 1493 3826 1549 cogno-

2223 1586 2459 1644 scentes,
2486 1575 2552 1632 ad
2584 1576 2881 1652 concilium.
2904 1574 3151 1640 redeunt,
3175 1573 3400 1643 ejusque
3423 1570 3678 1637 erimina,
3702 1587 3828 1642 qua:

2224 1672 2294 1726 ab
2322 1670 2730 1727 accusatoribus
2777 1668 3196 1740 objiciebautur,
3228 1682 3329 1723 suo
3357 1664 3669 1721 testimonio
3695 1678 3829 1719 vera

589 1758 643 1814 6.
679 1760 964 1815 Athanasio
992 1759 1212 1828 conﬁcta
1263 1759 1502 1815 crimina.
1532 1788 1601 1800 --
1624 1757 1825 1814 Verum
1853 1759 1921 1814 de
1950 1758 2118 1813 Allla-
2149 1760 2199 1821 B
2222 1766 2566 1823 conﬁrmant.
2622 1763 2866 1836 Unde(c)
2897 1766 2951 1819 iu
2980 1773 3300 1834 praesentem
3341 1762 3699 1818 Athanasium
3751 1760 3832 1815 di-

514 1861 668 1915 nasio
712 1861 982 1931 quondam
1042 1859 1382 1915 Alexandria:
1434 1860 1691 1931 episcopo
1739 1856 1967 1928 accipite
1995 1872 2118 1928 qua:

514 1962 665 2024 gesta
696 1963 840 2007 sunt.
866 1945 1287 2007 Accusatusest'
1308 1959 1546 2022 graviter
1560 1951 1712 2023 juxta
1743 1950 1918 2006 Deum
1948 1951 2119 2005 sacri-

518 2043 690 2115 legus,
724 2044 956 2114 etjuxta
1006 2045 1262 2115 mysteria
1291 2043 1550 2100 Ecclesiae
1596 2051 1799 2099 sanctae
1842 2042 2120 2112 profanus,

517 2140 718 2209 quique
745 2138 977 2208 prOpriis
1006 2136 1084 2210 (a)
1114 2136 1363 2192 manibus
1384 2135 1704 2192 comminuit
1736 2135 1988 2206 poculum
2014 2135 2124 2190 Deo

519 2241 576 2289 et
602 2233 820 2288 Christo
867 2233 1109 2288 dicatum
1136 2273 1151 2299 ,
1202 2234 1488 2301 ipsumque
1532 2230 1704 2286 altare
1753 2229 2122 2286 venerandum

515 2324 805 2397 confregit,
836 2323 1133 2394 sedemque
1171 2323 1564 2379 sacerdotalem
1592 2323 1858 2378 subvertit
1885 2323 2018 2391 ipse.
2044 2331 2126 2377 at-

519 2435 625 2491 que
655 2420 827 2490 ipsam
859 2418 1159 2480 basilicam.
1194 2419 1291 2474 Dei
1310 2418 1556 2487 domum,
1577 2418 1876 2475 Ecclesium
1899 2417 2119 2486 Christi,

518 2510 811 2568 demolitus
857 2526 1031 2582 usque
1078 2510 1147 2566 ad
1192 2512 1368 2567 solum
1419 2522 1521 2567 est.
1554 2512 1939 2585 Presbyterum
1996 2527 2125 2569 vero

518 2605 720 2672 ipsum,
774 2603 942 2658 virum
984 2618 1202 2674 gravem
1253 2613 1310 2659 et
1350 2602 1580 2673 justum,
1629 2606 1847 2659 nomine
1878 2605 2122 2661 Narchen

524 2694 864 2768 (lscbyram),
892 2694 1107 2749 tradidit
1131 2696 1392 2751 custodiae
1414 2696 1654 2753 militari.
1674 2694 1968 2754 Accusatus
1985 2715 2123 2768 prae-

521 2801 669 2846 terea
717 2797 803 2845 est.
847 2789 913 2844 de
961 2788 1192 2858 injuriis,
1254 2791 1535 2857 violentia,
1592 2791 1763 2857 caede,
1805 2802 1970 2862 atque
2009 2792 2123 2862 ipsa

523 2883 600 2954 (ὁ)
626 2880 1005 2953 episcoporum
1040 2882 1434 2940 internecione.
1466 2884 1679 2955 Quique
1730 2886 1895 2941 etiam
1934 2885 2126 2941 diebus

524 2974 904 3033 sacratissimis
923 2975 1145 3032 Pascha:
1160 2978 1444 3047 tyrannico
1458 2993 1609 3033 more
1623 2979 1873 3041 saeviens,
1892 2978 2127 3034 Ducibus

522 3080 687 3149 atque
710 3069 1010 3126 Comitibus
1032 3071 1254 3142 junctus
1284 3090 1296 3125 .'
1327 3071 1527 3142 quique
1578 3081 1798 3143 propter
1821 3072 1997 3143 ipsum
2028 3074 2126 3129 ali-

2223 1875 2384 1931 guam
2414 1875 2510 1930 pro
2528 1859 2847 1915 criminibus
2860 1858 3185 1914 sententiam
3205 1856 3412 1912 dicunt.
3431 1856 3667 1928 Propter
3680 1854 3827 1926 quod

2225 1954 2371 2026 Tyro
2419 1953 2628 2025 fugiens
2654 1994 2671 2022 ,
2718 1953 3103 2022 imperatorem
3146 1952 3404 2023 appellat.
3445 1952 3613 2006 Audit
3662 1950 3829 2006 etiam

2195 2044 2524 2117 'imperator
2553 2063 2566 2099 :
2599 2047 2795 2117 quique
2846 2046 3271 2116 interrogatione
3301 2043 3485 2099 habita
3511 2044 3696 2099 omnia
3712 2042 3834 2112 ejus

2226 2141 2428 2213 ﬂagitia
2450 2153 2866 2212 recognoscens,
2886 2153 2982 2195 sua
3012 2139 3160 2194 illum
3191 2138 3461 2194 sententia
3483 2137 3539 2192 in
3567 2136 3833 2193 exsilium

2230 2233 2533 2309 (Treviros)
2559 2233 2883 2306 deportavit.
2913 2232 3010 2289 His
3038 2248 3170 2305 ergo
3191 2236 3263 2288 ita
3299 2230 3620 2289 cadentibus
3642 2231 3834 2295 rebus,

2227 2342 2349 2384 cum
2399 2326 2730 2382 Athanasius
2770 2325 3058 2381 damnatus
3097 2324 3258 2396 digne
3286 2324 3340 2379 in
3370 2321 3573 2379 exsilio
3602 2323 3838 2377 babere-

2229 2430 2316 2476 tur
2336 2419 2407 2476 ub
2457 2419 2710 2474 meritum
2758 2416 3058 2473 facinorum
3109 2431 3332 2473 sitorum
3362 2455 3379 2484 ,
3432 2415 3732 2485 sacrilegus
3781 2414 3836 2469 in

2228 2512 2417 2579 Deum,
2447 2512 2501 2566 in
2548 2510 2803 2584 mysteria
2855 2524 3007 2566 sacra
3063 2509 3342 2580 profanus,
3378 2509 3430 2564 in
3474 2507 3835 2564 demolitione

2229 2606 2468 2661 basilicm
2490 2605 2791 2672 violentus,
2841 2603 2897 2659 in
2940 2604 3322 2674 episcoporum
3361 2601 3543 2658 exitiis
3571 2600 3841 2655 innocen-

2230 2702 2469 2770 tiumque
2495 2697 2718 2753 fratrum
2749 2708 3062 2767 persecutor
3084 2696 3149 2769 (f.
3177 2692 3576 2768 persecutione)
3604 2696 3841 2750 horren-

2229 2794 2330 2850 dus
2356 2811 2371 2862 ;
2402 2795 2471 2849 ab
2491 2793 2744 2849 omnibus
2764 2792 3036 2861 episcopis
3064 2792 3117 2846 in
3143 2791 3452 2861 rejiciendis
3472 2791 3634 2847 malis
3653 2788 3847 2846 serva-

2229 2896 2318 2943 tur
2358 2886 2649 2943 auctoritas
2676 2884 2829 2956 legis,
2852 2899 3025 2941 canon
3066 2884 3350 2951 Ecclesiae,
3378 2893 3433 2940 et
3462 2884 3843 2955 apostolorum

2230 2988 2423 3034 sancta
2467 2979 2705 3034 traditio.

2301 3072 2355 3127 8.
2389 3072 2659 3125 Athanasii
2680 3070 2742 3126 ab
2764 3070 2945 3126 exsilio
2970 3069 3181 3125 reditus.
3207 3097 3272 3112 -
3293 3067 3400 3125 Sed
3421 3067 3551 3125 dum
3596 3068 3846 3124 Athana-

523 3178 662 3232 quos
687 3163 737 3215 in
756 3162 1001 3218 custodia
1033 3162 1406 3231 recludebant,
1428 3164 1639 3233 aliquos
1661 3178 1791 3218 vero
1808 3164 2128 3219 verberibus
2153 3152 2199 3216 C
2231 3166 2345 3221 sius
2376 3175 2498 3235 post
2541 3164 2943 3220 damnationem
2991 3179 3143 3219 suam
3190 3163 3423 3219 reditum
3463 3161 3566 3217 sibi
3596 3162 3666 3218 de
3693 3162 3822 3218 exsi

522 3254 858 3326 ﬂagellisque
890 3255 1177 3318 vexabant,
1200 3256 1367 3330 652
1386 3266 1619 3312 caeteros
1645 3257 1874 3313 diversis
1899 3267 2134 3314 tormen-

526 3351 595 3406 tis
617 3351 683 3406 ad
711 3350 1148 3406 communionem
1174 3353 1291 3421 ejus
1318 3351 1635 3423 sacrilegam
1684 3354 1973 3424 adigebant
1996 3352 2132 3426 (Nec

525 3454 674 3501 actus
701 3446 961 3500 commissi
987 3462 1232 3516 umquam
1253 3445 1316 3500 ab
1344 3447 1695 3502 innocentibus
1717 3449 1977 3520 fuerant);
2011 3464 2135 3518 spe-

526 3536 778 3593 ranshoc
802 3535 965 3593 modo
992 3553 1119 3591 suos
1143 3553 1408 3609 suamque
1436 3540 1730 3609 praevnlere
1761 3554 1921 3607 posse
1946 3541 2136 3596 factio-

523 3644 668 3697 nem,
697 3639 756 3684 ut
787 3644 881 3699 per
913 3630 1085 3685 Duces
1114 3639 1168 3685 et
1196 3628 1415 3685 .ludices
1448 3646 1648 3701 perque
1671 3647 1922 3688 carceres
1953 3634 2124 3701 ipsos,

530 3723 679 3795 (add.
738 3721 815 3795 et)
863 3725 1087 3779 verbera
1139 3723 1462 3796 diversaque
1500 3733 1767 3781 tormenta
1818 3728 2018 3782 invitos
2063 3730 2128 3783 ad

526 3817 965 3872 communionem
1007 3832 1159 3873 suam
1189 3828 1429 3888 cogeret,
1460 3819 1708 3875 nolentes
1747 3819 2007 3892 adigeret,
2036 3837 2126 3877 re-

528 3926 830 3981 pugnantes
865 3922 1027 3981 atque
1056 3913 1371 3969 resistentes
1399 3912 1503 3969 sibi
1534 3914 1818 3985 tyrannico
1843 3931 1991 3970 more
2022 3923 2132 3971 ter-

527 4013 696 4059 reret.
731 4001 897 4058 Erant
931 4005 1138 4073 quidem
1162 4004 1255 4060 illa
1300 4006 1479 4079 gravia
1517 4015 1568 4061 et
1594 4006 1777 4061 acerba
1813 4007 1877 4062 ab
1920 4023 2130 4064 accusa-

532 4095 727 4152 toribus
754 4097 973 4170 objecta.

604 4191 657 4245 7.
680 4188 808 4260 Tyri
820 4201 1000 4246 contra
1014 4192 1349 4249 Athanasium
1366 4204 1607 4266 gesta.-—
1620 4194 1752 4250 Nam
1779 4211 1875 4266 pro
1884 4203 1999 4265 pter
2019 4194 2138 4251 haec

531 4283 838 4340 necessario
890 4285 1183 4341 concilium
1236 4288 1377 4358 apud
1438 4287 1742 4346 Caesaream
1790 4290 2136 4347 Palzestinam

2235 3258 2309 3314 lio
2353 3266 2750 3327 compararet,
2799 3256 2868 3312 de
2915 3255 3090 3312 Gallia
3157 3254 3224 3311 ad
3280 3255 3665 3311 Alexandriam
3714 3265 3850 3326 post

2236 3351 2528 3424 plurimum
2584 3360 2800 3421 tempus
2847 3349 3066 3406 advenit
3109 3349 3220 3424 (an.
3254 3350 3388 3423 558)
3420 3368 3435 3406 :
3466 3351 3668 3422 quique
3699 3366 3851 3420 pra:-

2237 3448 2394 3503 terita
2417 3448 2469 3502 in
2499 3446 2732 3502 nihilum
2784 3444 3011 3513 ducens,
3040 3447 3216 3502 acrius
3248 3448 3299 3501 in
3350 3449 3591 3519 nequitia
3623 3462 3850 3519 praeva-

2234 3545 2397 3601 lebat.
2453 3543 2587 3600 Nam
2640 3525 3052 3613 comparatione
3104 3542 3473 3614 sequentium,
3525 3540 3661 3596 levia
3709 3551 3853 3597 sunt

2234 3654 2357 3709 qum
2381 3638 2447 3693 ab
2471 3639 2588 3708 ipso
2627 3638 2801 3707 prima
2842 3637 3132 3691 commissa
3176 3643 3319 3689 sunt.
3354 3634 3567 3690 Etenim
3596 3648 3691 3702 per
3718 3647 3854 3689 orn-

2231 3746 2354 3787 nem
2381 3730 2521 3784 viam
2546 3730 2750 3785 reditus
2766 3730 2846 3783 sui
2874 3728 3108 3782 Ecclesia
3120 3744 3164 3782 ιιι
3178 3726 3342 3801 653
3365 3724 3446 3799 (ά)
3467 3726 3851 3791 subvertebat,

2232 3823 2516 3878 damnatos
2561 3821 2848 3891 episcopos
2886 3820 3098 3891 aliquos
3142 3819 3523 3886 restaurabat,
3569 3818 3853 3891 aliquibus

2232 3934 2383 3989 Spem
2412 3916 2479 3973 ad
2505 3917 2849 3987 episcopatus
2905 3914 3137 3970 reditum
3185 3913 3574 3983 promittebat,
3624 3912 3851 3981 aliquos

2234 4027 2299 4068 ex
2333 4009 2634 4067 inﬁdelibus
2673 4008 3035 4064 constituebat
3073 4007 3381 4077 episcopos,
3432 4007 3599 4061 salvis
3641 4012 3697 4059 et
3751 4004 3843 4060 in-

2239 4105 2404 4175 tegris
2454 4101 2893 4173 permanantibus
2922 4099 3337 4165 sacerdOtibus,
3386 4112 3482 4168 per
3526 4111 3736 4169 pugnas
3796 4108 3855 4153 et

2237 4198 2415 4253 caedes
2459 4195 2739 4267 gentilium
2767 4235 2783 4259 ,
2818 4192 2951 4247 nihil
3014 4192 3311 4262 respiciens
3363 4192 3528 4261 leges,
3582 4189 3855 4261 despera-

2245 4289 2378 4347 tioni
2409 4288 2649 4346 tribuens
2698 4294 2890 4342 totum.
2949 4284 3104 4343 Unde
3134 4299 3231 4356 per
3259 4286 3403 4352 vim,
3456 4298 3555 4356 per
3604 4282 3856 4351 easdem,

602 4483 677 4561 (a)
710 4484 827 4563 lion
870 4493 1203 4563 accusarunt
1232 4487 1554 4563 eum,_quod
1584 4490 1838 4563 propriis.
1865 4491 1961 4548 sed
1981 4492 2125 4563 quod
2151 4500 2207 4560 1)
2231 4507 2280 4547 c.
2312 4492 2345 4545 ’5
2376 4499 2431 4547 et
2455 4491 2541 4546 15.
2566 4487 2849 4563 Nonnulli,
2876 4490 2966 4561 qui
2992 4491 3106 4547 haec
3136 4493 3317 4549 omnia
3343 4494 3410 4550 ad
3438 4497 3673 4561 primum
3695 4495 3861 4552 illius

524 4556 743 4614 Mai-arii
794 4556 1095 4633 presbyteri
1122 4556 1207 4612 sui
1238 4557 1487 4633 manibus
1543 4556 1646 4615 hoc
1688 4556 1877 4617 scelus
1937 4556 2130 4633 perpe-

528 4639 766 4757 inisset“
812 4637 907 4683 aut
964 4632 1142 4698 potius
1198 4628 1360 4685 modo
1412 4629 1539 4698 hoc,
1598 4633 1761 4687 modo
1802 4628 2129 4690 illud—dicti-

555 4716 585 4756 a
626 4717 692 4755 an
726 4742 738 4754 .
1212 4716 1215 4719 ‘

604 4792 679 4867 (ὁ)
707 4792 886 4867 Edidit
908 4791 1102 4867 Faber,
1128 4794 1377 4867 episcapi;
1400 4796 1537 4851 bene
1556 4798 1799 4865 quidem.
1823 4799 1868 4853 si
1890 4801 2134 4855 veritatis

530 4866 719 4938 hostes
745 4866 1029 4938 calumniis
1068 4880 1100 4918 a
1142 4882 1201 4938 se
1230 4870 1552 4938 excogitatis
1594 4878 1837 4936 starent,
1875 4871 1961 4925 hic
1986 4873 2131 4926 enim

529 4936 836 5011 respiciunt
869 4937 935 5011 ad
971 4937 1149 4992 llctam
1178 4936 1391 4993 Arseuii
1439 4954 1650 4995 necem.
1683 4943 1750 4994 At
1777 4956 1901 4995 cum
1932 4942 2133 5011 ubique

526 5009 739 5080 priores
770 5006 1031 5063 lalsitates
1056 5021 1181 5063 suas
1207 5022 1558 5080 exaggerent,
1583 5013 1745 5065 etiam
1780 5012 1865 5067 llic
1894 5006 2136 5067 retinen-

529 5079 663 5134 dum
716 5088 968 5148 putamus
1015 5092 1139 5134 cum
1193 5079 1489 5153 archetypo
1542 5084 1841 5154 exemplari
1872 5085 2137 5158 episcopo-

530 5167 668 5205 rum.
2103 5182 2107 5185 τ

608 5244 680 5314 (c)
712 5243 953 5317 Falsuui
971 5243 1074 5317 hoc
1103 5258 1226 5300 esse
1246 5244 1507 5317 Liberius
1537 5247 1679 5317 apud
1711 5247 2140 5317 Theodoretum,

530 5316 699 5372 lib..n
748 5316 863 5371 Hist
914 5314 1091 5389 Eccl,
1114 5331 1165 5370 c.
1199 5315 1500 5389 16,gcoraui
1527 5314 1851 5374 constantio
1880 5314 2139 5389 asseruit,

528 5401 710 5456 neque
740 5389 851 5462 ipsi
893 5402 957 5441 ea
980 5388 1031 5441 in
1061 5402 1121 5462 re
1149 5398 1244 5441 aut
1271 5387 1643 5462 Constantius,
1665 5400 1759 5446 aut
1787 5393 1881 5462 qui
1911 5408 2036 5448 cum
2065 5387 2135 5450 eo

531 5468 713 5525 erant,
736 5459 856 5515 ausi
881 5468 1009 5514 sunt
1039 5459 1317 5515 reluctari.

603 5559 682 5627 (ά)
714 5552 807 5611 His
831 5550 1297 5627 criminationibus
1323 5551 1753 5627 locumdedere,
1783 5571 1904 5627 quae
1935 5565 2049 5611 tum
2077 5557 2130 5612 in

532 5622 708 5696 primo
739 5641 848 5682 ium
880 5622 1120 5679 secundo
1146 5622 1424 5680 Athanasii
1459 5625 1527 5681 ad
1556 5622 1841 5682 ecclesiam
1865 5643 2014 5683 suam
2041 5644 2128 5684 re-

532 5698 648 5752 ditu
680 5700 974 5766 contigere.
1022 5696 1078 5751 lu
1121 5707 1350 5765 utroque
1391 5697 1537 5751 enim
1585 5698 1759 5753 varias
1808 5698 2128 5757 Arianorum

525 5771 762 5829 factione
797 5768 1094 5828 seditiones
1113 5774 1261 5823 ortas
1288 5774 1406 5824 cSSc
1435 5770 1620 5824 narrat
1648 5769 1922 5840 Socrates,
1964 5771 2055 5827 lib.
2087 5787 2127 5840 ι,

2236 4563 2467 4618 reditum
2497 4565 2765 4638 referunt,
2800 4561 2872 4616 ob
2909 4564 3071 4617 verba
3092 4565 3486 4638 subsequentia
3524 4568 3857 4638 Opinantur,

2235 4649 2358 4690 eum
2389 4644 2515 4688 tunc
2540 4635 2810 4704 temporis
2842 4646 3025 4687 secum
3057 4634 3341 4704 plerosque
3384 4634 3602 4694 exsules
3634 4640 3688 4694 in
3715 4655 3861 4696 suas

2235 4706 2395 4761 sedes
2423 4705 2746 4779 reSIituisse.
2784 4703 3117 4779 Quamquam
3151 4705 3275 4762 hinc
3298 4709 3468 4764 videri
3499 4719 3677 4779 potest
3706 4713 3857 4765 insi-

2237 4779 2472 4853 mulatus
2507 4778 2661 4853 quod
2704 4775 3280 4853 damnatos_episcopos
3320 4775 3668 4846 restitui-abet,
3716 4784 3858 4853 quia

2240 4848 2456 4911 Paulus,
2494 4848 2774 4914 Asclepas,
2805 4846 3093 4903 Marcellus
3119 4846 3411 4907 ct’Lucius
3434 4855 3593 4909 simul
3619 4846 3753 4909 cuni
3783 4870 3859 4911 eo

2238 4919 2466 4973 Romam
2506 4918 2732 4987 proiecti
2754 4958 2770 4984 ,
2807 4917 2997 4973 iisdem
3028 4918 3156 4975 Julii
3198 4920 3397 4978 litteris
3420 4925 3685 4980 ecclesias
3716 4941 3857 4982 suas

2237 5000 2649 5064 recuperarunt.
2692 4988 2812 5064 βαι
2842 4989 3139 5064 quodpost
3165 4994 3432 5064 synodum
3464 4996 3857 5053 Sardicensem

2239 5072 2448 5135 gestum
2480 5062 2647 5135 rel'ert
2666 5060 2962 5135 Socrates.
2995 5063 3087 5117 lib.
3119 5060 3258 5130 u,'c.
3288 5065 3731 5123 ﬂlethanasius
3758 5087 3861 5135 per

2244 5131 2515 5211 Pelusium
2534 5131 2845 5211 iterfaciens
2871 5131 3260 5196 Alexandriam,
3282 5137 3339 5191 in
3353 5140 3575 5209 singulis
3602 5156 3695 5207 per
3713 5131 3862 5211 quas

2244 5202 2499 5257 transibat
2542 5202 2854 5267 civitatibus,
2890 5216 3100 5260 cunctos
3140 5202 3490 5264 commonebat
3527 5202 3856 5269 ut'Ariaisos

2242 5275 2862 5353 quide_m__attersttrentur2
2888 5291 2976 5330 eos
2996 5294 3112 5333 vero
3149 5282 3472 5353 susciperent
3511 5283 3598 5353 qui
3622 5286 3859 5339 consub-

2243 5344 2501 5423 stantialis
2533 5344 2687 5423 fidem
2728 5344 3105 5423 profiterentur.
3152 5347 3221 5404 In
3250 5344 3555 5423 quibusdam
3579 5355 3736 5410 etiam
3767 5373 3861 5411 ec-

2242 5416 2409 5490 clesiis
2455 5416 2802 5490 ordinationes
2847 5420 2989 5490 fecit.
3040 5420 3168 5488 Quae
3211 5416 3291 5477 res
3336 5424 3551 5479 alterius
3592 5427 3859 5490 adversus

2241 5487 2392 5566 illum
2423 5488 2796 5566 crimin‘ationis
2839 5487 3021 5566 irrisum
3047 5487 3280 5559 praebuit,
3311 5506 3581 5566 prapterea
3612 5498 3755 5565 quod
3772 5488 3779 5497 ’
3797 5501 3855 5554 in

2239 5560 2463 5638 aliorum
2494 5558 2731 5638 ecclesiis
2765 5562 3010 5638 ordinare
3047 5558 3321 5638 tentasset:
3350 5558 3467 5638 Hoc
3501 5558 3709 5638 ipsum,
3750 5582 3856 5626 aut

2238 5630 2440 5711 aliquid
2494 5630 2803 5701 bujusmodi
2844 5645 2974 5711 ante
3006 5630 3566 5711 eamdemisynodut'n
3610 5630 3856 5711 tib-ipsis

2240 5702 2537 5785 priest-itum
2566 5718 2686 5760 esse
2726 5719 2830 5759 non
2869 5705 3098 5762 obscure
3132 5702 3375 5765 inbuitur
3404 5712 3455 5765 in
3482 5711 3548 5767 iis
3579 5727 3698 5784 qua:
3724 5702 3857 5782 prie

2237 5773 2485 5831 manilius
2511 5786 2656 5832 sunt.
