4100 6196
345 229 454 287 66⁸3

1279 238 1373 295 EX
1409 238 1636 298 OPERE
1677 241 2038 302 HISTORICO
2077 246 2560 307 FRAGMENTUM
2592 251 2679 307 ll].

3548 261 3652 319 €66

340 362 440 419 per
493 347 716 417 bellum,
775 325 1265 412 Alexandrinorum
1292 355 1544 414 basilicas
1583 358 1945 430 deprtedatur.
1978 366 2027 424 Δ
2054 379 2267 422 cassum
2306 370 2622 439 provenisse
2658 384 3043 444 cognosceret,
3077 375 3143 432 ad
3182 375 3380 435 Julium
3423 378 3651 438 Romam

338 448 651 505 Constituto
688 451 801 522 jam
856 452 911 508 in
957 454 1076 523 ejus
1122 455 1298 512 locum
1346 473 1413 514 ex
1460 458 1665 529 judicio
1721 464 1946 519 concilii

342 542 486 615 (scil.
525 544 831 600 Antiochem'
856 563 943 600 an.
968 546 1100 617 5M)
1126 559 1316 605 sancto
1344 561 1398 606 et
1426 552 1638 624 integro
1663 556 1949 612 sacerdote

343 631 653 704 (Gregorio)
683 646 740 689 ut
785 636 1045 692 barbarus
1078 639 1268 705 hostis,
1298 651 1351 696 et
1377 653 1433 696 ut
1467 646 1634 713 pestis
1677 648 1937 717 sacrilega

338 723 593 780 adductis
636 725 923 796 gentilium
969 730 1182 800 populis
1235 731 1328 788 Dei
1362 736 1621 805 templum
1674 738 1937 808 incendit,

342 818 521 876 altare
546 822 887 889 comminuit,
917 832 973 879 et
1002 824 1144 880 clam
1168 827 1301 882 exiit
1327 827 1396 885 de
1419 830 1659 897 civitate,
1705 835 1945 891 occulte-

337 926 449 982 que
475 911 733 983 profugit.

409 1004 465 1060 9.
518 1003 789 1078 Episcopis
816 1007 937 1069 aliis
960 1009 1023 1063 ob
1059 1009 1243 1065 exsilio
1285 1016 1503 1069 reuersis
1527 1017 1696 1087 παίσω
1722 1020 1940 1076 scelera.

336 1094 539 1168 Corpus
569 1096 777 1152 Domini
798 1112 1170 1156 consecratum.
1199 1102 1535 1177 Sacriﬁcium
1556 1114 1945 1183 confectum.—

333 1188 443 1245 Sed
464 1190 536 1246 de
565 1192 736 1247 Paulo
765 1193 1376 1267 Constantinopolitanze
1411 1203 1644 1259 civitatis
1669 1208 1940 1277 quondam

333 1284 601 1354 episcopo
647 1295 767 1353 post
809 1287 1042 1343 reditum
1089 1292 1264 1347 exsilii
1315 1295 1397 1349 sui
1434 1298 1478 1351 si
1521 1298 1642 1368 quis
1686 1302 1938 1368 audierit,

334 1378 740 1448 perhorrescet.
774 1381 945 1437 Fuere
972 1400 1204 1455 namque
1232 1397 1287 1443 et
1326 1390 1375 1443 in
1410 1392 1619 1462 Ancyra
1650 1395 1941 1463 provinciae

333 1470 582 1539 Galativ,
633 1482 754 1543 post
789 1476 1021 1531 reditum
1070 1478 1302 1537 Marcelli
1349 1482 1608 1553 haeretici,
1654 1487 1938 1544 domorum

2055 462 2331 532 perrexit,
2358 463 2454 519 sed
2476 473 2531 520 et
2554 464 2620 520 ad
2648 465 2817 523 Italia:
2843 469 3101 538 quosdam
3132 471 3301 541 ipsius
3332 475 3502 541 partis
3529 477 3649 546 epi-

2051 570 2245 624 sc0p09
2281 575 2294 611 :
2345 574 2482 630 quos
2514 560 2778 617 seducens
2809 579 2906 632 per
2931 564 3279 630 epistolarutn
3316 566 3605 624 falsitatem
3630 611 3647 638 ,

2050 648 2119 702 ab
2158 651 2363 706 eisdem
2412 652 2667 720 perfacile
2717 656 2767 708 in
2809 658 3190 713 communione
3241 669 3491 728 receptus
3540 670 3647 717 est.

2052 740 2255 797 Deinde
2284 757 2501 812 ccipere
2532 744 2608 800 illi
2641 761 2749 800 non
2779 755 2885 801 tam
2920 764 3018 817 pro
3047 752 3186 819 ipso,
3219 767 3379 821 quam
3409 768 3508 822 pro
3535 755 3651 811 suis

2049 833 2257 888 actibus
2282 834 2531 891 laborare
2556 855 2569 891 :
2597 837 2739 904 quod
2773 838 2845 893 illi
2872 849 3175 906 pertemere
3200 842 3475 899 credendo
3496 860 3648 899 com-

2047 926 2473 983 municaverant.
2512 929 2726 985 Etenim
2756 932 2801 986 si
2835 932 3045 989 fuerant
3075 934 3182 989 illte
3218 935 3415 992 litterae
3441 938 3650 1009 aliquo-

2046 1032 2165 1072 rum
2190 1061 2206 1083 ,
2239 1036 2345 1075 non
2375 1032 2553 1087 tamen
2580 1038 2767 1078 eorum
2801 1026 2889 1095 qui
2922 1035 3015 1081 aut
3039 1026 3248 1097 judices
3272 1028 3483 1085 fuerant
3507 1074 3522 1097 ,
3557 1041 3652 1088 aut

2046 1112 2100 1165 in
2125 1114 2355 1169 concilio
2383 1116 2717 1172 assederunt.
2757 1118 2888 1187 Qua.-
2917 1121 3134 1191 quidem
3172 1123 3334 1177 etiam
3378 1125 3422 1179 si
3466 1136 3651 1182 essent

2042 1203 2368 1274 aliquorum,
2422 1216 2627 1263 temere
2668 1210 2742 1263 illi
2789 1210 2970 1274 fidem,
3010 1211 3082 1284 (ε)
3129 1228 3225 1281 pro
3272 1229 3332 1270 se
3378 1216 3643 1288 dicentes,

2045 1297 2245 1353 habere
2266 1314 2553 1369 numquam
2579 1300 2861 1358 deberent.
2896 1303 3000 1359 Sed
3034 1314 3087 1360 et
3112 1305 3345 1374 judices,
3377 1310 3466 1379 qui
3496 1310 3644 1365 illum

2041 1390 2526 1458 sententiaverunt,
2558 1392 2783 1449 credere
2810 1394 3125 1451 noluerunt.

2114 1483 2203 1537 11.
2252 1483 2327 1537 Ab
2375 1484 2582 1539 Arionis
2621 1488 2839 1558 depositi
2871 1490 2958 1559 qui
2998 1506 3053 1545 se
3099 1490 3396 1563 defendant.
3422 1494 3647 1551 -ldeo

332 1563 586 1620 incendia
614 1576 669 1622 et
694 1583 891 1638 genera
913 1570 1123 1627 diversa
1156 1573 1440 1631 bellorum.
1476 1577 1614 1635 Nudi
1640 1580 1710 1634 ab
1732 1581 1849 1651 ipso
1869 1583 1937 1638 ad
2041 1575 2165 1645 quia
2189 1584 2244 1630 ει
2270 1578 2359 1631 alii
2394 1578 2595 1648 quique
2621 1580 2699 1650 (ά)
2726 1580 2779 1635 in
2805 1583 3112 1649 ρι’ωιοτῑυητ
3140 1599 3237 1654 pro
3258 1586 3370 1640 suis
3395 1586 3650 1642 facinori-

332 1656 514 1712 forutn
548 1659 902 1717 trahebantur
924 1664 1346 1734 presbyteri,et,
1369 1671 1510 1738 quod
1535 1686 1654 1724 cum
1680 1672 1935 1744 lacrytnis
2041 1665 2144 1721 bus
2180 1666 2379 1722 δειναί
2418 1675 2564 1730 sunt.
2612 1687 2754 1725 nunc
2789 1687 2911 1726 cum
2954 1672 3208 1729 Marcello
3254 1686 3309 1731 el
3348 1678 3648 1735 Albanasio

330 1751 588 1823 luctuque
619 1755 906 1811 dicendurm
929 1800 944 1822 ,
978 1770 1355 1817 consecratum
1394 1763 1603 1817 Domini
1645 1779 1842 1835 corpus
1867 1767 1934 1822 ad
1967 1778 2013 1839 Β
2041 1758 2314 1829 θοηὶυηοίί
2344 1769 2503 1826 sum;
2531 1761 2774 1818 dOCimUS
2800 1776 2980 1820 alitem
3012 1766 3271 1836 Asclepas
3294 1780 3421 1824 anlc
3449 1771 3640 1827 decem

327 1848 674 1905 Sacerdotum
698 1851 835 1905 colla
867 1867 1189 1923 sitspensnm
1218 1856 1392 1925 palam
1416 1856 1733 1928 publiceque
1758 1861 1941 1930 profa—
2041 1862 2097 1907 et
2141 1864 2347 1922 septem
2390 1870 2561 1910 annos
2599 1859 2942 1929 episcopatus
2977 1859 3184 1917 honore
3225 1860 3525 1920 discinctus
3566 1876 3651 1922 est

327 1939 515 2005 nabat,
551 1939 896 2013 virginesque
933 1944 1304 2001 sanctissimas
1346 1947 1456 2002 Deo
1490 1948 1816 2021 Christoque
1850 1952 1937 2009 di-

328 2041 483 2090 catas
513 2034 728 2103 publice
758 2037 811 2091 in
842 2036 982 2105 foro,
1013 2040 1189 2094 media
1225 2041 1276 2095 in
1303 2042 1539 2110 civitate,
1566 2048 1939 2102 concurrenti-

323 2126 427 2185 bus
454 2130 691 2200 populis,
738 2131 1025 2190 abstractis
1065 2136 1330 2205 vestibus,
1374 2138 1643 2195 horrenda
1689 2140 1935 2200 foeditate

320 2224 584 2279 nudabat.
621 2225 728 2281 Sed
768 2226 823 2281 in
859 2228 1077 2285 civitate
1106 2229 1249 2286 Gaza
1297 2232 1593 2301 provincia:
1633 2234 1935 2293 Palaestinae

319 2328 448 2389 post
477 2319 715 2375 reditum
741 2335 896 2375 suum
944 2322 1200 2392 Asclepas
1240 2325 1409 2381 altare
1433 2329 1768 2395 comminuit,
1800 2331 1936 2385 mul-

321 2419 517 2481 tasque
547 2411 844 2469 seditiones
869 2413 1067 2470 elfecit.
1116 2415 1382 2473 Praeterea
1415 2419 1797 2492 Hadrianopoli
1829 2423 1936 2479 Lu-

324 2505 445 2562 cius
475 2516 601 2573 post
628 2508 860 2563 reditum
888 2525 1045 2565 suum
1073 2512 1398 2568 sacrificium
1428 2529 1459 2569 a
1481 2517 1686 2572 sanctis
1711 2527 1764 2572 et
1791 2517 1930 2573 inte-

319 2600 439 2669 gris
457 2600 832 2656 sacerdotibus
849 2602 1180 2672 confectum,
1198 2606 1244 2660 si
1272 2604 1355 2660 fas
1375 2617 1459 2661 est
1484 2607 1685 2676 dicere,
1710 2611 1934 2667 canibus

318 2693 719 2763 projiciendum
747 2694 989 2765 jnbebat.
1021 2696 1190 2768 Igitur
1216 2713 1338 2753 cum
1372 2699 1487 2755 haec
1513 2702 1584 2755 ita
1605 2703 1739 2769 sint,
1771 2719 1927 2759 num-

316 2786 578 2857 quidnam
619 2788 757 2860 lnpis
789 2790 967 2844 tantis
993 2806 1056 2845 ac
1090 2792 1285 2847 talibus
1319 2807 1450 2847 oves
1482 2794 1684 2849 Christi
1721 2796 1787 2850 ad
1827 2796 1933 2851 huc

318 2895 500 2950 usque
528 2880 819 2948 credimus,
842 2891 899 2939 et
926 2884 1166 2940 membra
1202 2882 1400 2941 Christi
1430 2887 1673 2942 membra
1700 2886 1930 2944 fornica-

319 2974 480 3030 tor-ite
503 2973 806 3030 faciemus?
835 2976 1009 3033 Absit.

399 3068 486 3126 10.
521 3069 792 3126 Athanasii
832 3070 1087 3143 facinora.
1137 3071 1181 3126 Α
1217 3070 1362 3127 Iulio
1389 3082 1438 3127 ct
1467 3071 1637 3128 Italiae
1675 3075 1930 3146 episcopis

2040 1942 2160 2014 (an.
2196 1944 2340 2016 550)
2367 1962 2381 2011 ;
2426 1947 2629 2004 deinde
2660 1949 2881 2005 Paulum
2913 1962 2963 2004 et
2995 1950 3259 2021 Lucium,
3305 1962 3362 2008 et
3388 1964 3651 2027 quotquot

2041 2038 2236 2093 talibus
2275 2040 2547 2109 conjuncti
2588 2050 2714 2097 sunt
2749 2043 3187 2100 :circumeuntes
3233 2046 3393 2101 simul
3433 2057 3649 2104 exteras

2040 2132 2309 2201 regiones.
2345 2132 3030 2205 persuadebantjudicibus
3048 2151 3152 2192 non
3183 2139 3645 2195 essecredendnm

2036 2223 2167 2287 illis,
2200 2224 2289 2294 qui
2321 2224 2375 2278 in
2395 2240 2491 2280 eos
2520 2227 2680 2298 digne
2705 2228 3028 2282 sententiam
3057 2228 3426 2297 protulerunt;
3459 2240 3517 2286 ut
3542 2231 3648 2289 hoc

2034 2331 2238 2385 genere
2259 2319 2570 2373 commercii
2598 2318 2699 2374 sibi
2732 2318 3019 2389 quemdam
3050 2320 3115 2375 ad
3138 2320 3481 2392 episcopatus
3504 2322 3650 2378 redi-

2036 2419 2148 2463 tum
2183 2419 2553 2476 procurarent.
2586 2410 2697 2483 Nec
2719 2412 2770 2466 in
2795 2411 2929 2481 ipsis
2956 2413 3110 2477 locis,
3141 2414 3191 2468 in
3219 2414 3418 2485 quibus
3447 2429 3642 2487 pecca-

2039 2512 2250 2568 verant,
2269 2518 2371 2559 nec
2388 2505 2437 2556 in
2455 2505 2736 2573 proximis,
2760 2506 2840 2558 vel
2866 2504 2952 2558 ubi
2978 2515 3323 2561 accusatores
3346 2505 3643 2576 habebant,

2035 2611 2097 2651 se
2127 2597 2525 2661 defendebant;
2565 2597 2660 2651 sed
2685 2597 2835 2666 juxta
2864 2598 3203 2668 peregrinos,
3229 2612 3282 2654 et
3308 2601 3463 2671 longe
3490 2617 3519 2656 a
3554 2618 3643 2661 re-

2034 2687 2283 2759 gionibus
2308 2688 2421 2743 suis
2449 2690 2650 2758 positos
2686 2689 2994 2760 ignorantes
3012 2703 3288 2759 gestorum
3308 2692 3467 2747 fidem
3489 2734 3502 2756 ,
3528 2694 3646 2763 jus-

2035 2789 2142 2836 tam
2175 2782 2497 2837 sententiam
2525 2783 2861 2837 conabantur
2888 2780 3237 2853 perfringere,
3255 2784 3321 2839 ad
3354 2784 3478 2841 illos
3507 2785 3646 2842 refe-

2035 2886 2216 2931 rentes
2232 2887 2386 2931 actus
2409 2889 2559 2937 suos.
2581 2876 2671 2945 qui
2696 2875 2815 2928 illos
2834 2890 2929 2944 per
2947 2876 3125 2929 omnia
3143 2877 3642 2952 ιιεδοὶθὺθιιιθξδ

2037 2972 2232 3025 Astute
2264 2970 2366 3025 hoc
2396 2967 2619 3024 faciunt.
2670 2969 2919 3025 Scientes
2961 2970 3105 3024 enim
3144 2969 3212 3025 de
3235 2970 3540 3041 judicibus,
3572 2972 3642 3026 d‘e

2036 3061 2465 3129 accusatoribus,
2509 3061 2580 3117 de
2629 3061 2857 3116 testibus
2898 3062 3097 3116 multos
3143 3062 3466 3127 decessisse,
3517 3072 3641 3135 post

313 3162 623 3233 suscipitur.
656 3192 729 3203 —
769 3162 900 3217 Nam
941 3174 1125 3232 postea
1152 3163 1480 3219 Athanasius
1513 3180 1808 3236 peragrans
1837 3181 1932 3236 per
1956 3164 2000 3228 (ζ
2038 3161 2118 3210 tot
2146 3164 2429 3225 tantasque
2455 3153 2777 3217 sententias,
2811 3164 3138 3223 putaverunt
3164 3154 3308 3210 aliud
3334 3165 3641 3211 restaurare

315 3256 569 3313 diversas
601 3267 778 3326 partes
805 3257 954 3313 orbis
984 3266 1272 3325 terrarum,
1305 3258 1512 3313 scilicet
1534 3259 1802 3313 seducens
1829 3259 1931 3313 ali-

2039 3246 2314 3318 iudicium,
2341 3248 2587 3304 volentes
2603 3246 2743 3316 apud
2770 3262 2867 3302 nos
2890 3261 3107 3304 Causam
3128 3248 3331 3314 dicere,
3357 3250 3446 3319 qui
3468 3265 3642 3319 neque

315 3362 466 3420 quos
492 3363 588 3418 per
609 3363 761 3404 suam
787 3346 1054 3403 fallaciam
1085 3348 1562 3420 adulationemque
1593 3351 1930 3421 pestiferam,

315 3440 603 3510 decipiens
625 3441 944 3497 innocentes
963 3441 1245 3512 episcopos
1267 3441 1357 3510 qui
1382 3443 1502 3510 ejus
1521 3441 1759 3498 facinora
1784 3444 1935 3513 igno-

316 3533 539 3601 rabant,
565 3533 645 3588 vel
665 3530 950 3605 Egyptios
966 3532 1135 3606 655
1148 3532 1355 3604 aliquos
1370 3533 1486 3602 ejus
1514 3543 1665 3589 actus
1686 3535 1938 3604 ignoran-

317 3637 431 3692 tes,
456 3626 653 3696 scripta
675 3642 702 3681 a
725 3625 945 3697 singulis
967 3626 1377 3690 etnendicando,
1404 3627 1661 3684 ecclesias
1689 3628 1934 3697 pacificus

320 3719 697 3789 perturbabat,
728 3727 819 3771 aut
864 3717 980 3789 ipse
1021 3717 1123 3772 sibi
1169 3731 1336 3771 novas
1364 3731 1460 3787 pro
1502 3733 1599 3774 sua
1636 3718 1920 3774 voluntate

321 3811 406 3885 (a)
436 3811 687 3881 ﬁngebat.
704 3808 847 3866 Nihil
872 3820 1050 3865 tamen
1072 3810 1174 3864 hoc
1189 3809 1371 3864 valere
1393 3808 1648 3880 po'tuitad
1662 3811 1928 3880 judicium

315 3904 641 3977 jamdudum
697 3919 727 3960 a
789 3904 1145 3960 sanctissimis
1197 3914 1250 3959 et
1304 3904 1619 3959 inlustribus
1661 3905 1930 3974 episcopis

321 4008 729 4055 consecratum.
758 3996 873 4052 Non
902 3996 1047 4053 enim
1076 3995 1475 4051 commendatio
1496 4012 1707 4062 eorum,
1730 3994 1808 4069 (b)
1840 4000 1930 4068 qui

323 4106 433 4147 nec
457 4092 511 4144 in
537 4090 769 4145 concilio
794 4088 1006 4159 judices
1037 4089 1274 4154 fuerunt,
1301 4102 1403 4143 nec
1430 4088 1643 4143 concilii
1668 4089 1929 4159 judicium

322 4184 636 4240 habuerunt
654 4182 967 4253 aliquando,
992 4196 1091 4236 nec
1119 4190 1417 4249 prtesentcs
1439 4196 1560 4235 cum
1586 4181 1929 4251 supradictus

324 4278 659 4338 Athanasius
689 4277 1002 4342 audiretur,
1051 4275 1221 4331 fuisse
1251 4281 1582 4341 noscuntur,
1614 4281 1710 4329 ant
1747 4275 1932 4331 valere

323 4374 412 4433 illi
454 4374 648 4446 potuit,
699 4382 793 4430 aut
819 4372 1098 4444 prodesse.
1145 4370 1386 4440 Denique
1431 4382 1552 4425 cum
1594 4370 1696 4426 sibi
1732 4370 1847 4425 haec
1877 4371 1929 4425 in

2035 3340 2161 3396 illos
2188 3341 2591 3408 excusavitnus,
2635 3355 2809 3410 neque
2841 3339 3224 3411 judicavimus,
3255 3340 3360 3409 Qui
3389 3341 3537 3398 enim
3554 3342 3642 3412 ju-

2038 3434 2377 3497 dicaverunt,
2396 3433 2508 3505 jam
2536 3432 2603 3488 ad
2635 3434 2920 3488 Dominum
2953 3449 3260 3502 perrexere.

2114 3528 2202 3584 12.
2256 3525 2640 3583 Insimulantur
2683 3528 2831 3598 quasi
2886 3526 3174 3582 Orientales
3224 3526 3641 3583 Occidentalibus

2039 3621 2334 3693 subjiciunt.
2378 3650 2452 3662 —
2490 3621 2792 3676 Voluerunt
2832 3630 3014 3676 autem
3060 3622 3221 3675 etiam
3272 3622 3640 3678 Orientalibus

2038 3717 2308 3785 episcopis
2339 3716 2412 3788 (e)
2445 3725 2499 3770 et
2521 3716 2743 3770 veniunt
2770 3730 2868 3785 pro
2891 3713 3161 3783 judicibus
3184 3715 3519 3783 defensores,
3541 3733 3639 3788 pro

2037 3806 2417 3863 defensoribus
2465 3808 2566 3872 rei,
2612 3823 2678 3862 eo
2721 3816 2963 3877 tempore
3002 3821 3124 3861 cum
3164 3822 3349 3862 eorum
3392 3809 3639 3866 defensio

2038 3912 2146 3952 non
2178 3898 2389 3952 valebat
2419 3916 2432 3953 :
2472 3899 2701 3954 maxime
2728 3913 2849 3953 cum
2883 3909 3010 3954 tnnc
3046 3898 3264 3955 defendi
3290 3899 3512 3957 minime
3538 3917 3636 3972 po-

2041 3998 2291 4055 tuerunt,
2321 3989 2539 4061 quando
2588 3990 2711 4044 illos
2738 4004 3087 4046 accusatores
3121 3992 3201 4045 sui
3243 3989 3435 4047 faciem
3462 3992 3528 4049 ad
3561 3992 3638 4047 fa-

2037 4086 2176 4140 eietn
2209 4085 2530 4154 arguebant.
2560 4084 2775 4139 Novam
2821 4085 2993 4152 legem
3041 4085 3386 4141 introducere
3415 4097 3635 4156 putave-

2038 4193 2196 4250 runt,
2241 4193 2297 4238 ut
2331 4183 2635 4239 Orientales
2674 4185 2914 4253 episcopi
2943 4186 3012 4239 ab
3040 4184 3478 4241 Occidentalibus
3493 4187 3639 4256 judi-

2036 4285 2312 4332 carentur.
2359 4277 2426 4332 Et
2477 4278 2736 4333 volebant
2782 4277 3041 4332 Ecclesia:
3083 4279 3350 4348 judicium
3398 4296 3497 4352 per
3541 4295 3639 4337 eos

2039 4384 2199 4440 posse
2221 4378 2498 4437 constare,
2543 4369 2634 4440 qui
2676 4387 2784 4425 non
2830 4378 2937 4425 tant
2970 4371 3187 4425 illorum
3217 4372 3636 4440 miserebantur,

411 4494 489 4568 (a)
518 4494 755 4551 Verbum
785 4494 1007 4566 ﬁngebat
1033 4490 1352 4568 supplemus
1377 4486 1745 4568 ex_Sirm_ondi
1769 4487 1933 4568 variis
1958 4494 2009 4553 ι)
2040 4488 2297 4568 munione
2343 4501 2466 4568 cum
2502 4484 2797 4568 Athanasio
2838 4485 3238 4568 incoltsidtst'ale
3280 4484 3456 4568 juncti
3496 4486 3636 4554 sint,

326 4559 675 4624 lectionibus.
707 4559 1332 4635 Qu'od'proximeaiunt.
1365 4559 1720 4635 Athanasium
1749 4559 1930 4613 diver-

323 4654 424 4715 sas
447 4639 601 4715 orbis
622 4630 799 4715 partes
826 4630 1165 4715 peragrando
1198 4633 1455 4715 scriptae
1490 4630 1711 4715 singulis
1739 4644 1929 4685 einen-

324 4712 566 4776 dicasse.
590 4710 788 4763 indicio
811 4705 893 4762 est
923 4705 1069 4761 illtttn
1101 4705 1202 4776 hoc
1222 4714 1338 4772 post
1367 4705 1593 4776 p‘ritnum
1616 4712 1706 4754 aut
1737 4716 1930 4755 secun-

322 4783 462 4845 dum
490 4773 1007 4854 reditutn‘ell'ecisse,
1032 4775 1172 4854 quod
1204 4783 1323 4842 post
1348 4773 1925 4854 tertiumhszostquem

326 4843 635 4924 presbyteri
666 4851 805 4924 illius
843 4843 1354 4924 Petrus,__lrteneus.
1376 4852 1507 4924 etcl,
1531 4843 1748 4924 litteras
1780 4843 1923 4922 paci-

324 4912 468 4981 licas
493 4912 591 4994 ipsi
622 4922 975 4991 undequaque
996 4919 1349 4994 collegerunt,
1382 4923 1440 4969 ut
1462 4912 1784 4969 Athanasius
1815 4915 1927 4982 ipse

326 4990 593 5052 Isletttorttl
624 4995 689 5049 ad
720 4990 956 5067 Solit.
989 4990 1116 5067 826.
1666 5065 1674 5067 _
1749 5056 1761 5067 '

408 5066 488 5140 (b)
538 5067 842 5121 Snblestam
893 5063 1198 5140 hic_facere_
1238 5066 1504 5140 conantur
1557 5063 1932 5140 auctoritatem

324 5127 664 5204 scfiptornm
700 5152 823 5191 cum
854 5140 924 5190 ab
963 5130 1340 5204 Alexandrinis
1361 5139 1537 5204 .__tutn_
1571 5143 1602 5181 a
1632 5127 1935 5182 Mareoticis

332 5199 673 5281 presbyteris
697 5216 753 5264 et
776 5206 1038 5281 diaconis,
1072 5212 1185 5258 tum
1224 5199 1779 5281 abnaliisntissm-um,
1812 5214 1934 5281 qua:

330 5273 687 5345 Athanasius,
730 5279 1214 5360 Αρυὶοεκιιηριικ.
1267 5273 1365 5327 79l
1415 5280 1469 5326 et
1497 5285 1650 5396 seqq.
1686 5273 1931 5352 inseruit,

330 5353 536 5396 ηιιίιηις
564 5351 859 5396 "arguentis
879 5348 1053 5396 Jttlms
1085 5361 1136 5396 in
1168 5344 1412 5396 Romano
1439 5343 1611 5396 conetl
1636 5355 1670 5396 0
1694 5357 1816 5396 eum
1848 5357 1930 5395 tn-

328 5353 536 5419 qnibus
563 5343 859 5421 perspectis
879 5343 1136 5421 Julins'_in
1168 5344 1412 5399 Romano
1439 5343 1670 5398 concilio
1694 5357 1816 5397 eum
1848 5343 1930 5395 in-

332 5417 503 5497 tentis
531 5417 847 5497 criminibus
874 5417 1121 5497 absolvit.
1409 5486 1422 5497 υ
1856 5482 1867 5493 ⁸

410 5496 487 5566 (c)
537 5494 690 5549 Hunc
723 5494 897 5566 locum
930 5506 998 5547 ex
1028 5490 1192 5566 Sirm.
1222 5490 1583 5566 resarcim‘uls:
1626 5490 1939 5566 cum_priu_s

335 5555 655 5625 decurtatns
685 5574 765 5618 est
788 5564 840 5618 in
869 5563 1013 5637 hunc
1064 5559 1281 5637 modum
1308 5598 1323 5637 ε
1352 5557 1431 5610 illi
1457 5555 1615 5637 [idem
1640 5557 1935 5637 proferunt.

336 5624 554 5695 credere
580 5638 871 5690 noluerunt.
905 5635 1138 5689 Litteras
1161 5632 1211 5686 in
1241 5624 1514 5683 Athanasii
1537 5624 1762 5697 gratiam
1785 5627 1938 5679 datas

340 5709 496 5766 aiunt
520 5751 534 5770 ,
567 5708 621 5763 l"
645 5707 890 5762 falsitatis
913 5721 1034 5761 esse
1059 5713 1334 5779 suspectas
1349 5715 1370 5779 ;_
1391 5698 1450 5752 ‘2."
1480 5714 1583 5752 non
1609 5714 1729 5752 esse
1751 5712 1935 5779 eorum

344 5782 438 5854 qui
472 5781 620 5837 illum
645 5780 1064 5851 judicavcrunt;
1096 5774 1153 5832 5°
1178 5790 1298 5831 cum
1329 5772 1435 5828 sint
1464 5784 1648 5827 eorum
1679 5772 1768 5839 qui
1789 5776 1937 5826 coni-

2040 4558 2149 4613 illis
2178 4574 2275 4628 pro
2302 4573 2362 4628 se
2382 4557 2704 4620 dicentibus,
2742 4573 2845 4611 non
2874 4572 2993 4611 esse
3028 4556 3134 4611 fide
3163 4556 3373 4627 dignas.
3411 4558 3631 4628 Demutn

2037 4626 2323 4696 culpantur
2348 4627 2487 4693 ltali,
2513 4628 2653 4695 quod
2684 4628 2749 4682 iis
2775 4628 3001 4684 credere
3030 4626 3321 4694 noluerint,
3349 4628 3438 4698 qui
3463 4626 3631 4681 Atha-

2039 4702 2247 4753 nasium
2281 4699 2715 4753 damnaverunt.-
3192 4708 3197 4711 ‘

2108 4769 2189 4842 (ά)
2218 4769 2345 4842 Haec
2368 4771 2435 4822 ita
2467 4769 2784 4842 corrigenda
2813 4770 3140 4842 arbitramur
3165 4785 3177 4823 :
3209 4770 3301 4842 alii
3321 4768 3525 4837 quique,
3549 4770 3637 4840 qui

2031 4843 2087 4893 in
2116 4840 2431 4913 prieteritnm
2473 4855 2567 4913 pro
2596 4841 2699 4913 suis
2746 4840 3277 4913 facittort'busjdejecti
3307 4849 3455 4913 sunt,
3502 4856 3637 4894 nunc

2031 4909 2145 4964 cum
2174 4909 2420 4965 Marcello
2448 4909 2494 4964 et
2524 4909 2805 4965 Athanasio
2827 4911 3088 4981 conjuncti
3109 4909 3261 4981 sunt:
3298 4910 3516 4965 dicimus
3541 4927 3637 4964 au-

2041 4992 2141 5037 tem
2178 4982 2469 5050 Asclcpam,
2520 4984 2609 5050 qui
2650 4992 2787 5044 ante,
2836 4980 2942 5035 etc.
2986 4981 3147 5034 Certe
3190 4980 3484 5051 hypocrita:
3533 4981 3632 5045 illi,

2039 5069 2309 5108 summum
2333 5053 2529 5123 ubique
2557 5052 2935 5108 ecclesiastica;
2957 5050 3253 5122 disciplinae
3271 5050 3514 5107 'stndium
3539 5053 3637 5107 ob-

2041 5125 2325 5180 tendentes
2347 5165 2360 5188 ,
2396 5124 2769 5192 prudentiores
2794 5134 2951 5178 erant
2972 5164 2986 5187 ,
3018 5138 3178 5192 quam
3209 5134 3261 5176 ιιι
3293 5124 3527 5192 praetorii
3549 5130 3635 5190 ju-

2038 5195 2237 5251 dicium
2260 5211 2319 5250 se
2337 5195 2951 5264 vindicarcjactitarent.
2976 5195 3080 5250 Sed
3104 5205 3156 5248 et
3178 5195 3334 5257 infra,
3367 5211 3513 5249 lllllll.
3544 5194 3632 5260 15,

2033 5267 2144 5337 jam
2173 5269 2291 5322 sine
2321 5268 2517 5322 tuendo
2547 5268 2722 5335 legere
2748 5276 2850 5329 est,
2878 5282 2939 5321 ea
2969 5266 3314 5320 anscoltanda
3340 5281 3481 5328 esse,
3514 5281 3635 5334 quae

2038 5355 2073 5393 α
2100 5339 2334 5410 patribus
2357 5349 2537 5393 contra
2556 5340 2704 5410 ipsos
2723 5338 2776 5392 in
2808 5340 3119 5410 pt‘wteritutn
3155 5340 3355 5408 fuerant
3374 5337 3631 5405 judicuta.

2114 5411 2188 5536 se)
2221 5411 2590 5481 Supplendum
2624 5409 2834 5464 videtur
2862 5411 2916 5463 id
2948 5409 3240 5478 imponere,
3285 5419 3375 5462 aut
3406 5409 3531 5478 quid
3564 5411 3636 5463 si-

2139 5499 2203 5536 e:
2242 5497 2304 5536 ac
2339 5482 2535 5536 deinde
2564 5480 2845 5536 leuandum
2876 5497 2997 5536 esse
3019 5523 3034 5536 .
3068 5491 3121 5534 ut
3147 5481 3347 5535 veniant
3380 5496 3473 5536 nro
3501 5481 3636 5536 iudi-

2040 5480 2203 5547 mile;
2242 5497 2304 5537 ac
2339 5480 2535 5538 deinde
2564 5480 2845 5550 legendum
2876 5497 2997 5536 esse
3019 5523 3034 5547 ,
3068 5491 3121 5534 ut
3147 5481 3347 5535 veniant
3380 5496 3473 5549 pro
3490 5481 3637 5550 judi-

2039 5553 2198 5618 cibus,
2226 5554 2328 5609 hoc
2355 5563 2438 5609 est
2467 5569 2588 5608 cum
2609 5553 2820 5622 judices
2843 5567 2964 5607 esse
2994 5552 3280 5618 deberent,
3317 5569 3419 5606 non
3444 5551 3634 5608 defen-

2038 5640 2191 5679 sores
2215 5635 2306 5679 aut
2337 5624 2412 5680 rei
2438 5644 2451 5678 :
2480 5634 2535 5680 et
2556 5625 2605 5678 id
2634 5623 2913 5678 voluerunt
2944 5638 3010 5676 eo
3032 5633 3297 5691 tempore,
3322 5638 3428 5692 quo
3447 5622 3637 5679 defen-

2037 5697 2120 5749 sio
2150 5712 2336 5750 eorum
2363 5712 2469 5751 non
2501 5696 2747 5760 valebat;
2778 5693 2921 5765 quod
2953 5709 3058 5748 non
3082 5694 3194 5766 jatn
3221 5695 3287 5749 ad
3312 5693 3637 5766 Orientales,

2039 5767 2135 5825 sed
2158 5768 2223 5825 ad
2253 5767 2604 5826 Athanasium
2625 5781 2687 5825 ac
2714 5767 2894 5823 socios
2913 5764 3277 5824 referendum.
