  <div class='ocr_page' id='page_1' title='image "/cluster/home/n/w/nwhite01/storage/ocr_20150623/10/hvd.32044096580394/339.png"; bbox 0 0 4100 6196; ppageno 0'>
   <div class='ocr_carea' id='block_1_1' title="bbox 444 212 551 269">
    <p class='ocr_par' dir='ltr' id='par_1_1' title="bbox 444 212 551 269">
     <span class='ocr_line' id='line_1_1' title="bbox 444 212 551 269; baseline 0 0"><span class='ocrx_word' id='word_1_1' title='bbox 444 212 551 269; x_wconf 79' lang='grc'><strong>667</strong></span> 
     </span>
    </p>
   </div>
   <div class='ocr_carea' id='block_1_2' title="bbox 1630 208 2527 271">
    <p class='ocr_par' dir='ltr' id='par_1_2' title="bbox 1630 208 2527 271">
     <span class='ocr_line' id='line_1_2' title="bbox 1630 208 2527 271; baseline 0.002 -3"><span class='ocrx_word' id='word_1_2' title='bbox 1630 210 1880 269; x_wconf 70' lang='lat' dir='ltr'><strong>SANCTI</strong></span> <span class='ocrx_word' id='word_1_3' title='bbox 1922 208 2183 271; x_wconf 76' lang='lat' dir='ltr'><strong>HILARH</strong></span> <span class='ocrx_word' id='word_1_4' title='bbox 2220 213 2527 271; x_wconf 78' lang='lat' dir='ltr'><strong>EPISCOPI</strong></span> 
     </span>
    </p>
   </div>
   <div class='ocr_carea' id='block_1_3' title="bbox 3643 219 3743 272">
    <p class='ocr_par' dir='ltr' id='par_1_3' title="bbox 3643 219 3743 272">
     <span class='ocr_line' id='line_1_3' title="bbox 3643 219 3743 272; baseline -0.01 -1"><span class='ocrx_word' id='word_1_5' title='bbox 3643 219 3743 272; x_wconf 63' lang='lat' dir='ltr'><strong>(itis</strong></span> 
     </span>
    </p>
   </div>
   <div class='ocr_carea' id='block_1_4' title="bbox 440 327 3743 413">
    <p class='ocr_par' dir='ltr' id='par_1_4' title="bbox 440 327 3743 413">
     <span class='ocr_line' id='line_1_4' title="bbox 440 327 3743 413; baseline -0.001 -25"><span class='ocrx_word' id='word_1_6' title='bbox 440 345 603 404; x_wconf 85' lang='lat' dir='ltr'><strong>quam</strong></span> <span class='ocrx_word' id='word_1_7' title='bbox 659 330 873 389; x_wconf 86' lang='lat' dir='ltr'><strong>actibus</strong></span> <span class='ocrx_word' id='word_1_8' title='bbox 911 329 1046 388; x_wconf 83' lang='lat' dir='ltr'><strong>suis.</strong></span> <span class='ocrx_word' id='word_1_9' title='bbox 1096 329 1173 404; x_wconf 86' lang='lat' dir='ltr'><strong>(a)</strong></span> <span class='ocrx_word' id='word_1_10' title='bbox 1220 329 1333 385; x_wconf 80' lang='lat' dir='ltr'><strong>Hoc</strong></span> <span class='ocrx_word' id='word_1_11' title='bbox 1370 328 1551 400; x_wconf 88' lang='lat' dir='ltr'><strong>itaque</strong></span> <span class='ocrx_word' id='word_1_12' title='bbox 1590 327 1745 385; x_wconf 72' lang='lat' dir='ltr'><strong>uetas</strong></span> <span class='ocrx_word' id='word_1_13' title='bbox 1780 328 2037 400; x_wconf 85' lang='lat' dir='ltr'><strong>quoniam</strong></span> <span class='ocrx_word' id='word_1_14' title='bbox 2067 332 2116 393; x_wconf 86' lang='lat' dir='ltr'><strong>A</strong></span> <span class='ocrx_word' id='word_1_15' title='bbox 2140 344 2280 400; x_wconf 81' lang='lat' dir='ltr'><strong>gene</strong></span> <span class='ocrx_word' id='word_1_16' title='bbox 2307 338 2361 386; x_wconf 92' lang='lat' dir='ltr'><strong>et</strong></span> <span class='ocrx_word' id='word_1_17' title='bbox 2383 328 2541 413; x_wconf 71' lang='lat' dir='ltr'><strong>Ossio</strong></span> <span class='ocrx_word' id='word_1_18' title='bbox 2571 328 2811 396; x_wconf 73' lang='lat' dir='ltr'><strong>fuerunt,</strong></span> <span class='ocrx_word' id='word_1_19' title='bbox 2842 337 2903 386; x_wconf 88' lang='lat' dir='ltr'><strong>ut</strong></span> <span class='ocrx_word' id='word_1_20' title='bbox 2929 329 3000 386; x_wconf 86' lang='lat' dir='ltr'><strong>de</strong></span> <span class='ocrx_word' id='word_1_21' title='bbox 3036 342 3139 386; x_wconf 86' lang='lat' dir='ltr'><strong>suo</strong></span> <span class='ocrx_word' id='word_1_22' title='bbox 3161 338 3311 387; x_wconf 73' lang='lat' dir='ltr'><strong>metu</strong></span> <span class='ocrx_word' id='word_1_23' title='bbox 3336 330 3623 387; x_wconf 86' lang='lat' dir='ltr'><strong>damnatos</strong></span> <span class='ocrx_word' id='word_1_24' title='bbox 3646 347 3743 388; x_wconf 59' lang='lat' dir='ltr'><strong>ex.</strong></span> 
     </span>
    </p>
   </div>
   <div class='ocr_carea' id='block_1_5' title="bbox 439 422 2039 497">
    <p class='ocr_par' dir='ltr' id='par_1_5' title="bbox 439 422 2039 497">
     <span class='ocr_line' id='line_1_5' title="bbox 439 422 2039 497; baseline -0.003 -14"><span class='ocrx_word' id='word_1_25' title='bbox 439 441 734 497; x_wconf 76' lang='lat' dir='ltr'><strong>numquam</strong></span> <span class='ocrx_word' id='word_1_26' title='bbox 756 427 964 495; x_wconf 90' lang='lat' dir='ltr'><strong>recepit</strong></span> <span class='ocrx_word' id='word_1_27' title='bbox 978 424 1349 482; x_wconf 88' lang='lat' dir='ltr'><strong>ecclesiastica</strong></span> <span class='ocrx_word' id='word_1_28' title='bbox 1369 422 1684 494; x_wconf 69' lang='lat' dir='ltr'><strong>disciplina;</strong></span> <span class='ocrx_word' id='word_1_29' title='bbox 1702 437 2039 493; x_wconf 61' lang='lat' dir='ltr'><strong>quaesumus,</strong></span> 
     </span>
    </p>
   </div>
   <div class='ocr_carea' id='block_1_6' title="bbox 441 515 2043 585">
    <p class='ocr_par' dir='ltr' id='par_1_6' title="bbox 441 515 2043 585">
     <span class='ocr_line' id='line_1_6' title="bbox 441 515 2043 585; baseline -0.004 -10"><span class='ocrx_word' id='word_1_30' title='bbox 441 518 785 575; x_wconf 72' lang='lat' dir='ltr'><strong>dilectissimi</strong></span> <span class='ocrx_word' id='word_1_31' title='bbox 805 518 1047 584; x_wconf 86' lang='lat' dir='ltr'><strong>Fratres,</strong></span> <span class='ocrx_word' id='word_1_32' title='bbox 1066 524 1124 572; x_wconf 91' lang='lat' dir='ltr'><strong>ut</strong></span> <span class='ocrx_word' id='word_1_33' title='bbox 1139 516 1464 573; x_wconf 73' lang='lat' dir='ltr'><strong>sceleratam</strong></span> <span class='ocrx_word' id='word_1_34' title='bbox 1484 515 1776 585; x_wconf 78' lang='lat' dir='ltr'><strong>perniciem</strong></span> <span class='ocrx_word' id='word_1_35' title='bbox 1795 521 2043 569; x_wconf 85' lang='lat' dir='ltr'><strong>conatus-</strong></span> 
     </span>
    </p>
   </div>
   <div class='ocr_carea' id='block_1_7' title="bbox 443 608 2041 683">
    <p class='ocr_par' dir='ltr' id='par_1_7' title="bbox 443 608 2041 683">
     <span class='ocr_line' id='line_1_7' title="bbox 443 608 2041 683; baseline -0.004 -15"><span class='ocrx_word' id='word_1_36' title='bbox 443 628 551 683; x_wconf 87' lang='lat' dir='ltr'><strong>que</strong></span> <span class='ocrx_word' id='word_1_37' title='bbox 575 609 885 667; x_wconf 71' lang='lat' dir='ltr'><strong>mortiferos</strong></span> <span class='ocrx_word' id='word_1_38' title='bbox 913 609 1250 680; x_wconf 83' lang='lat' dir='ltr'><strong>perditorum</strong></span> <span class='ocrx_word' id='word_1_39' title='bbox 1272 609 1554 667; x_wconf 87' lang='lat' dir='ltr'><strong>nobiscum</strong></span> <span class='ocrx_word' id='word_1_40' title='bbox 1576 609 1737 667; x_wconf 87' lang='lat' dir='ltr'><strong>etiam</strong></span> <span class='ocrx_word' id='word_1_41' title='bbox 1764 608 1867 681; x_wconf 84' lang='lat' dir='ltr'><strong>ipsi</strong></span> <span class='ocrx_word' id='word_1_42' title='bbox 1888 608 2041 664; x_wconf 85' lang='lat' dir='ltr'><strong>dam-</strong></span> 
     </span>
    </p>
   </div>
   <div class='ocr_carea' id='block_1_8' title="bbox 444 707 606 763">
    <p class='ocr_par' dir='ltr' id='par_1_8' title="bbox 444 707 606 763">
     <span class='ocr_line' id='line_1_8' title="bbox 444 707 606 763; baseline -0.019 0"><span class='ocrx_word' id='word_1_43' title='bbox 444 707 606 763; x_wconf 91' lang='lat' dir='ltr'><strong>netis.</strong></span> 
     </span>
    </p>
   </div>
   <div class='ocr_carea' id='block_1_9' title="bbox 518 794 2039 866">
    <p class='ocr_par' dir='ltr' id='par_1_9' title="bbox 518 794 2039 866">
     <span class='ocr_line' id='line_1_9' title="bbox 518 794 2039 866; baseline -0.005 -11"><span class='ocrx_word' id='word_1_44' title='bbox 518 799 606 855; x_wconf 73' lang='lat'><strong>13.</strong></span> <span class='ocrx_word' id='word_1_45' title='bbox 642 796 807 862; x_wconf 76' lang='lat' dir='ltr'><strong>Quasi</strong></span> <span class='ocrx_word' id='word_1_46' title='bbox 843 797 1212 853; x_wconf 72' lang='lat' dir='ltr'><strong>consentientes</strong></span> <span class='ocrx_word' id='word_1_47' title='bbox 1243 810 1359 849; x_wconf 87' lang='lat' dir='ltr'><strong>cum</strong></span> <span class='ocrx_word' id='word_1_48' title='bbox 1389 795 1457 853; x_wconf 78' lang='lat' dir='ltr'><strong>iis</strong></span> <span class='ocrx_word' id='word_1_49' title='bbox 1491 810 1619 866; x_wconf 83' lang='lat' dir='ltr'><strong>quos</strong></span> <span class='ocrx_word' id='word_1_50' title='bbox 1648 794 2039 851; x_wconf 78' lang='lat' dir='ltr'><strong>damnaverant.</strong></span> 
     </span>
    </p>
   </div>
   <div class='ocr_carea' id='block_1_10' title="bbox 444 886 2045 957">
    <p class='ocr_par' dir='ltr' id='par_1_10' title="bbox 444 886 2045 957">
     <span class='ocr_line' id='line_1_10' title="bbox 444 886 2045 957; baseline -0.002 -12"><span class='ocrx_word' id='word_1_51' title='bbox 444 919 515 933; x_wconf 87' lang='lat'><strong>—-</strong></span> <span class='ocrx_word' id='word_1_52' title='bbox 540 890 754 945; x_wconf 85' lang='lat' dir='ltr'><strong>Etenim</strong></span> <span class='ocrx_word' id='word_1_53' title='bbox 793 903 917 944; x_wconf 89' lang='lat' dir='ltr'><strong>cum</strong></span> <span class='ocrx_word' id='word_1_54' title='bbox 949 888 1126 944; x_wconf 87' lang='lat' dir='ltr'><strong>adhuc</strong></span> <span class='ocrx_word' id='word_1_55' title='bbox 1163 895 1312 944; x_wconf 89' lang='lat' dir='ltr'><strong>esset</strong></span> <span class='ocrx_word' id='word_1_56' title='bbox 1348 886 1638 957; x_wconf 82' lang='lat' dir='ltr'><strong>episcopus</strong></span> <span class='ocrx_word' id='word_1_57' title='bbox 1677 887 2005 943; x_wconf 88' lang='lat' dir='ltr'><strong>Athanasius</strong></span> <span class='ocrx_word' id='word_1_58' title='bbox 2029 928 2045 953; x_wconf 92' lang='lat'><strong>,</strong></span> 
     </span>
    </p>
   </div>
   <div class='ocr_carea' id='block_1_11' title="bbox 444 978 2042 1053">
    <p class='ocr_par' dir='ltr' id='par_1_11' title="bbox 444 978 2042 1053">
     <span class='ocr_line' id='line_1_11' title="bbox 444 978 2042 1053; baseline -0.004 -12"><span class='ocrx_word' id='word_1_59' title='bbox 444 984 730 1053; x_wconf 82' lang='lat' dir='ltr'><strong>Asclepam</strong></span> <span class='ocrx_word' id='word_1_60' title='bbox 759 982 1065 1051; x_wconf 88' lang='lat' dir='ltr'><strong>depositum</strong></span> <span class='ocrx_word' id='word_1_61' title='bbox 1091 994 1187 1037; x_wconf 87' lang='lat' dir='ltr'><strong>sua</strong></span> <span class='ocrx_word' id='word_1_62' title='bbox 1215 980 1481 1036; x_wconf 72' lang='lat' dir='ltr'><strong>sentt-otia</strong></span> <span class='ocrx_word' id='word_1_63' title='bbox 1510 979 1627 1051; x_wconf 89' lang='lat' dir='ltr'><strong>ipse</strong></span> <span class='ocrx_word' id='word_1_64' title='bbox 1651 978 1726 1053; x_wconf 89' lang='lat' dir='ltr'><strong>(b)</strong></span> <span class='ocrx_word' id='word_1_65' title='bbox 1751 979 2042 1035; x_wconf 76' lang='lat' dir='ltr'><strong>damnavit.</strong></span> 
     </span>
    </p>
   </div>
   <div class='ocr_carea' id='block_1_12' title="bbox 448 1073 2046 1142">
    <p class='ocr_par' dir='ltr' id='par_1_12' title="bbox 448 1073 2046 1142">
     <span class='ocr_line' id='line_1_12' title="bbox 448 1073 2046 1142; baseline -0.003 -10"><span class='ocrx_word' id='word_1_66' title='bbox 448 1076 553 1133; x_wconf 90' lang='lat' dir='ltr'><strong>Sed</strong></span> <span class='ocrx_word' id='word_1_67' title='bbox 582 1085 638 1130; x_wconf 90' lang='lat' dir='ltr'><strong>et</strong></span> <span class='ocrx_word' id='word_1_68' title='bbox 665 1074 951 1130; x_wconf 81' lang='lat' dir='ltr'><strong>Marcellus</strong></span> <span class='ocrx_word' id='word_1_69' title='bbox 983 1073 1237 1129; x_wconf 78' lang='lat' dir='ltr'><strong>similiter</strong></span> <span class='ocrx_word' id='word_1_70' title='bbox 1270 1088 1563 1142; x_wconf 91' lang='lat' dir='ltr'><strong>numquam</strong></span> <span class='ocrx_word' id='word_1_71' title='bbox 1602 1073 2046 1129; x_wconf 75' lang='lat' dir='ltr'><strong>communicavit.</strong></span> 
     </span>
    </p>
   </div>
   <div class='ocr_carea' id='block_1_13' title="bbox 447 1165 2053 1238">
    <p class='ocr_par' dir='ltr' id='par_1_13' title="bbox 447 1165 2053 1238">
     <span class='ocr_line' id='line_1_13' title="bbox 447 1165 2053 1238; baseline -0.001 -13"><span class='ocrx_word' id='word_1_72' title='bbox 447 1170 646 1227; x_wconf 86' lang='lat' dir='ltr'><strong>Paulus</strong></span> <span class='ocrx_word' id='word_1_73' title='bbox 670 1184 804 1226; x_wconf 85' lang='lat' dir='ltr'><strong>vero</strong></span> <span class='ocrx_word' id='word_1_74' title='bbox 826 1169 1103 1224; x_wconf 81' lang='lat' dir='ltr'><strong>Athanasii</strong></span> <span class='ocrx_word' id='word_1_75' title='bbox 1132 1166 1457 1236; x_wconf 75' lang='lat' dir='ltr'><strong>expositioni</strong></span> <span class='ocrx_word' id='word_1_76' title='bbox 1481 1165 1752 1231; x_wconf 78' lang='lat' dir='ltr'><strong>interfuit,</strong></span> <span class='ocrx_word' id='word_1_77' title='bbox 1779 1181 2053 1238; x_wconf 83' lang='lat' dir='ltr'><strong>manuque</strong></span> 
     </span>
    </p>
   </div>
   <div class='ocr_carea' id='block_1_14' title="bbox 448 1259 2050 1335">
    <p class='ocr_par' dir='ltr' id='par_1_14' title="bbox 448 1259 2050 1335">
     <span class='ocr_line' id='line_1_14' title="bbox 448 1259 2050 1335; baseline -0.002 -16"><span class='ocrx_word' id='word_1_78' title='bbox 448 1264 670 1335; x_wconf 88' lang='lat' dir='ltr'><strong>propria</strong></span> <span class='ocrx_word' id='word_1_79' title='bbox 700 1263 1022 1319; x_wconf 87' lang='lat' dir='ltr'><strong>sententiam</strong></span> <span class='ocrx_word' id='word_1_80' title='bbox 1051 1261 1321 1329; x_wconf 87' lang='lat' dir='ltr'><strong>scribens,</strong></span> <span class='ocrx_word' id='word_1_81' title='bbox 1347 1275 1469 1316; x_wconf 88' lang='lat' dir='ltr'><strong>cum</strong></span> <span class='ocrx_word' id='word_1_82' title='bbox 1492 1260 1709 1315; x_wconf 80' lang='lat' dir='ltr'><strong>caeteris</strong></span> <span class='ocrx_word' id='word_1_83' title='bbox 1734 1274 1858 1316; x_wconf 89' lang='lat' dir='ltr'><strong>eum</strong></span> <span class='ocrx_word' id='word_1_84' title='bbox 1887 1259 2050 1315; x_wconf 83' lang='lat' dir='ltr'><strong>etiam</strong></span> 
     </span>
    </p>
   </div>
   <div class='ocr_carea' id='block_1_15' title="bbox 449 1354 2053 1425">
    <p class='ocr_par' dir='ltr' id='par_1_15' title="bbox 449 1354 2053 1425">
     <span class='ocr_line' id='line_1_15' title="bbox 449 1354 2053 1425; baseline -0.002 -13"><span class='ocrx_word' id='word_1_85' title='bbox 449 1357 564 1425; x_wconf 87' lang='lat' dir='ltr'><strong>ipse</strong></span> <span class='ocrx_word' id='word_1_86' title='bbox 589 1357 888 1411; x_wconf 82' lang='lat' dir='ltr'><strong>damnavit.</strong></span> <span class='ocrx_word' id='word_1_87' title='bbox 917 1355 986 1410; x_wconf 83' lang='lat' dir='ltr'><strong>Et</strong></span> <span class='ocrx_word' id='word_1_88' title='bbox 1013 1354 1266 1425; x_wconf 87' lang='lat' dir='ltr'><strong>quamdiu</strong></span> <span class='ocrx_word' id='word_1_89' title='bbox 1290 1355 1520 1424; x_wconf 76' lang='lat' dir='ltr'><strong>quisque</strong></span> <span class='ocrx_word' id='word_1_90' title='bbox 1543 1369 1731 1409; x_wconf 90' lang='lat' dir='ltr'><strong>eorum</strong></span> <span class='ocrx_word' id='word_1_91' title='bbox 1761 1354 2053 1424; x_wconf 86' lang='lat' dir='ltr'><strong>cpiscopus</strong></span> 
     </span>
    </p>
   </div>
   <div class='ocr_carea' id='block_1_16' title="bbox 449 1445 2050 1519">
    <p class='ocr_par' dir='ltr' id='par_1_16' title="bbox 449 1445 2050 1519">
     <span class='ocr_line' id='line_1_16' title="bbox 449 1445 2050 1519; baseline -0.004 -13"><span class='ocrx_word' id='word_1_92' title='bbox 449 1449 567 1514; x_wconf 82' lang='lat' dir='ltr'><strong>fuit,</strong></span> <span class='ocrx_word' id='word_1_93' title='bbox 615 1464 709 1505; x_wconf 88' lang='lat' dir='ltr'><strong>sua</strong></span> <span class='ocrx_word' id='word_1_94' title='bbox 739 1449 941 1519; x_wconf 87' lang='lat' dir='ltr'><strong>judicia</strong></span> <span class='ocrx_word' id='word_1_95' title='bbox 977 1446 1340 1504; x_wconf 84' lang='lat' dir='ltr'><strong>conﬁrmavit.</strong></span> <span class='ocrx_word' id='word_1_96' title='bbox 1386 1446 1492 1503; x_wconf 85' lang='lat' dir='ltr'><strong>Sed</strong></span> <span class='ocrx_word' id='word_1_97' title='bbox 1532 1462 1655 1502; x_wconf 88' lang='lat' dir='ltr'><strong>cum</strong></span> <span class='ocrx_word' id='word_1_98' title='bbox 1704 1445 1940 1503; x_wconf 83' lang='lat' dir='ltr'><strong>diversis</strong></span> <span class='ocrx_word' id='word_1_99' title='bbox 1980 1461 2050 1502; x_wconf 74' lang='lat' dir='ltr'><strong>ex</strong></span> 
     </span>
    </p>
   </div>
   <div class='ocr_carea' id='block_1_17' title="bbox 449 1541 2055 1613">
    <p class='ocr_par' dir='ltr' id='par_1_17' title="bbox 449 1541 2055 1613">
     <span class='ocr_line' id='line_1_17' title="bbox 449 1541 2055 1613; baseline -0.002 -14"><span class='ocrx_word' id='word_1_100' title='bbox 449 1544 629 1600; x_wconf 89' lang='lat' dir='ltr'><strong>causis</strong></span> <span class='ocrx_word' id='word_1_101' title='bbox 666 1543 1008 1611; x_wconf 82' lang='lat' dir='ltr'><strong>diversisque</strong></span> <span class='ocrx_word' id='word_1_102' title='bbox 1050 1542 1388 1613; x_wconf 85' lang='lat' dir='ltr'><strong>temporibus</strong></span> <span class='ocrx_word' id='word_1_103' title='bbox 1427 1541 1624 1612; x_wconf 79' lang='lat' dir='ltr'><strong>singuli</strong></span> <span class='ocrx_word' id='word_1_104' title='bbox 1665 1556 1857 1598; x_wconf 89' lang='lat' dir='ltr'><strong>eorum</strong></span> <span class='ocrx_word' id='word_1_105' title='bbox 1893 1541 2055 1611; x_wconf 81' lang='lat' dir='ltr'><strong>digne</strong></span> 
     </span>
    </p>
   </div>
   <div class='ocr_carea' id='block_1_18' title="bbox 450 1633 2052 1706">
    <p class='ocr_par' dir='ltr' id='par_1_18' title="bbox 450 1633 2052 1706">
     <span class='ocr_line' id='line_1_18' title="bbox 450 1633 2052 1706; baseline -0.002 -14"><span class='ocrx_word' id='word_1_106' title='bbox 450 1637 520 1694; x_wconf 91' lang='lat' dir='ltr'><strong>de</strong></span> <span class='ocrx_word' id='word_1_107' title='bbox 576 1636 819 1694; x_wconf 83' lang='lat' dir='ltr'><strong>Ecclesia</strong></span> <span class='ocrx_word' id='word_1_108' title='bbox 864 1636 978 1691; x_wconf 83' lang='lat' dir='ltr'><strong>suis</strong></span> <span class='ocrx_word' id='word_1_109' title='bbox 1024 1650 1122 1706; x_wconf 90' lang='lat' dir='ltr'><strong>pro</strong></span> <span class='ocrx_word' id='word_1_110' title='bbox 1165 1634 1373 1691; x_wconf 88' lang='lat' dir='ltr'><strong>meritis</strong></span> <span class='ocrx_word' id='word_1_111' title='bbox 1411 1633 1764 1703; x_wconf 87' lang='lat' dir='ltr'><strong>pellerentur,</strong></span> <span class='ocrx_word' id='word_1_112' title='bbox 1793 1634 2052 1702; x_wconf 83' lang='lat' dir='ltr'><strong>majorem</strong></span> 
     </span>
    </p>
   </div>
   <div class='ocr_carea' id='block_1_19' title="bbox 2141 425 3746 497">
    <p class='ocr_par' dir='ltr' id='par_1_19' title="bbox 2141 425 3746 497">
     <span class='ocr_line' id='line_1_19' title="bbox 2141 425 3746 497; baseline 0.003 -17"><span class='ocrx_word' id='word_1_113' title='bbox 2141 425 2443 491; x_wconf 86' lang='lat' dir='ltr'><strong>eluderent,</strong></span> <span class='ocrx_word' id='word_1_114' title='bbox 2464 440 2643 497; x_wconf 83' lang='lat' dir='ltr'><strong>neque</strong></span> <span class='ocrx_word' id='word_1_115' title='bbox 2657 425 3031 495; x_wconf 84' lang='lat' dir='ltr'><strong>peccatoribus</strong></span> <span class='ocrx_word' id='word_1_116' title='bbox 3045 428 3530 483; x_wconf 74' lang='lat' dir='ltr'><strong>communicarent:</strong></span> <span class='ocrx_word' id='word_1_117' title='bbox 3551 426 3746 485; x_wconf 83' lang='lat' dir='ltr'><strong>deinde</strong></span> 
     </span>
    </p>
   </div>
   <div class='ocr_carea' id='block_1_20' title="bbox 2142 519 3749 591">
    <p class='ocr_par' dir='ltr' id='par_1_20' title="bbox 2142 519 3749 591">
     <span class='ocr_line' id='line_1_20' title="bbox 2142 519 3749 591; baseline 0.001 -14"><span class='ocrx_word' id='word_1_118' title='bbox 2142 537 2247 577; x_wconf 91' lang='lat' dir='ltr'><strong>una</strong></span> <span class='ocrx_word' id='word_1_119' title='bbox 2293 521 2577 577; x_wconf 88' lang='lat' dir='ltr'><strong>nobiscum</strong></span> <span class='ocrx_word' id='word_1_120' title='bbox 2613 519 2862 576; x_wconf 78' lang='lat' dir='ltr'><strong>audirent</strong></span> <span class='ocrx_word' id='word_1_121' title='bbox 2899 535 2987 586; x_wconf 87' lang='lat' dir='ltr'><strong>ea,</strong></span> <span class='ocrx_word' id='word_1_122' title='bbox 3030 535 3151 591; x_wconf 68' lang='lat' dir='ltr'><strong>quae</strong></span> <span class='ocrx_word' id='word_1_123' title='bbox 3193 536 3225 576; x_wconf 85' lang='lat' dir='ltr'><strong>a</strong></span> <span class='ocrx_word' id='word_1_124' title='bbox 3260 521 3506 591; x_wconf 86' lang='lat' dir='ltr'><strong>patribus</strong></span> <span class='ocrx_word' id='word_1_125' title='bbox 3546 521 3749 578; x_wconf 73' lang='lat' dir='ltr'><strong>nostris</strong></span> 
     </span>
    </p>
   </div>
   <div class='ocr_carea' id='block_1_21' title="bbox 2143 612 3748 684">
    <p class='ocr_par' dir='ltr' id='par_1_21' title="bbox 2143 612 3748 684">
     <span class='ocr_line' id='line_1_21' title="bbox 2143 612 3748 684; baseline 0 -14"><span class='ocrx_word' id='word_1_126' title='bbox 2143 621 2331 670; x_wconf 85' lang='lat' dir='ltr'><strong>contra</strong></span> <span class='ocrx_word' id='word_1_127' title='bbox 2391 614 2541 684; x_wconf 78' lang='lat' dir='ltr'><strong>ipSos</strong></span> <span class='ocrx_word' id='word_1_128' title='bbox 2599 613 2653 669; x_wconf 82' lang='lat' dir='ltr'><strong>in</strong></span> <span class='ocrx_word' id='word_1_129' title='bbox 2692 614 3025 684; x_wconf 61' lang='lat' dir='ltr'><strong>prmtcritum</strong></span> <span class='ocrx_word' id='word_1_130' title='bbox 3068 613 3277 668; x_wconf 76' lang='lat' dir='ltr'><strong>fuerant</strong></span> <span class='ocrx_word' id='word_1_131' title='bbox 3311 612 3552 684; x_wconf 74' lang='lat' dir='ltr'><strong>judicata</strong></span> <span class='ocrx_word' id='word_1_132' title='bbox 3603 614 3748 684; x_wconf 78' lang='lat' dir='ltr'><strong>(nam</strong></span> 
     </span>
    </p>
   </div>
   <div class='ocr_carea' id='block_1_22' title="bbox 2146 707 3751 777">
    <p class='ocr_par' dir='ltr' id='par_1_22' title="bbox 2146 707 3751 777">
     <span class='ocr_line' id='line_1_22' title="bbox 2146 707 3751 777; baseline -0.001 -14"><span class='ocrx_word' id='word_1_133' title='bbox 2146 708 2283 766; x_wconf 88' lang='lat' dir='ltr'><strong>liber</strong></span> <span class='ocrx_word' id='word_1_134' title='bbox 2311 707 2544 762; x_wconf 80' lang='lat' dir='ltr'><strong>Marcelli</strong></span> <span class='ocrx_word' id='word_1_135' title='bbox 2574 722 2682 762; x_wconf 92' lang='lat' dir='ltr'><strong>non</strong></span> <span class='ocrx_word' id='word_1_136' title='bbox 2707 707 3060 777; x_wconf 71' lang='lat' dir='ltr'><strong>exspectabat</strong></span> <span class='ocrx_word' id='word_1_137' title='bbox 3085 708 3491 763; x_wconf 75' lang='lat' dir='ltr'><strong>accusationem</strong></span> <span class='ocrx_word' id='word_1_138' title='bbox 3519 748 3535 771; x_wconf 91' lang='lat'><strong>,</strong></span> <span class='ocrx_word' id='word_1_139' title='bbox 3568 720 3667 776; x_wconf 86' lang='lat' dir='ltr'><strong>per</strong></span> <span class='ocrx_word' id='word_1_140' title='bbox 3688 720 3751 761; x_wconf 85' lang='lat' dir='ltr'><strong>se</strong></span> 
     </span>
    </p>
   </div>
   <div class='ocr_carea' id='block_1_23' title="bbox 2146 796 3754 870">
    <p class='ocr_par' dir='ltr' id='par_1_23' title="bbox 2146 796 3754 870">
     <span class='ocr_line' id='line_1_23' title="bbox 2146 796 3754 870; baseline -0.002 -15"><span class='ocrx_word' id='word_1_141' title='bbox 2146 800 2292 856; x_wconf 88' lang='lat' dir='ltr'><strong>enim</strong></span> <span class='ocrx_word' id='word_1_142' title='bbox 2328 806 2516 868; x_wconf 87' lang='lat' dir='ltr'><strong>aperte</strong></span> <span class='ocrx_word' id='word_1_143' title='bbox 2542 798 2830 855; x_wconf 75' lang='lat' dir='ltr'><strong>hmreticus</strong></span> <span class='ocrx_word' id='word_1_144' title='bbox 2856 796 3202 870; x_wconf 84' lang='lat' dir='ltr'><strong>noscebatur)</strong></span> <span class='ocrx_word' id='word_1_145' title='bbox 3229 816 3242 855; x_wconf 91' lang='lat'>:</span> <span class='ocrx_word' id='word_1_146' title='bbox 3274 807 3327 853; x_wconf 87' lang='lat' dir='ltr'><strong>et</strong></span> <span class='ocrx_word' id='word_1_147' title='bbox 3351 814 3419 853; x_wconf 90' lang='lat' dir='ltr'><strong>ne</strong></span> <span class='ocrx_word' id='word_1_148' title='bbox 3442 796 3597 852; x_wconf 78' lang='lat' dir='ltr'><strong>falsis</strong></span> <span class='ocrx_word' id='word_1_149' title='bbox 3627 811 3754 867; x_wconf 71' lang='lat' dir='ltr'><strong>sug-</strong></span> 
     </span>
    </p>
   </div>
   <div class='ocr_carea' id='block_1_24' title="bbox 2147 891 3754 963">
    <p class='ocr_par' dir='ltr' id='par_1_24' title="bbox 2147 891 3754 963">
     <span class='ocr_line' id='line_1_24' title="bbox 2147 891 3754 963; baseline -0.001 -17"><span class='ocrx_word' id='word_1_150' title='bbox 2147 891 2482 962; x_wconf 74' lang='lat' dir='ltr'><strong>gestionihus</strong></span> <span class='ocrx_word' id='word_1_151' title='bbox 2509 891 2797 946; x_wconf 85' lang='lat' dir='ltr'><strong>crederent</strong></span> <span class='ocrx_word' id='word_1_152' title='bbox 2822 933 2836 956; x_wconf 94' lang='lat'><strong>,</strong></span> <span class='ocrx_word' id='word_1_153' title='bbox 2867 891 2936 963; x_wconf 86' lang='lat' dir='ltr'><strong>(e)</strong></span> <span class='ocrx_word' id='word_1_154' title='bbox 2970 906 3076 945; x_wconf 88' lang='lat' dir='ltr'><strong>non</strong></span> <span class='ocrx_word' id='word_1_155' title='bbox 3100 905 3287 947; x_wconf 87' lang='lat' dir='ltr'><strong>eorum</strong></span> <span class='ocrx_word' id='word_1_156' title='bbox 3315 891 3599 962; x_wconf 79' lang='lat' dir='ltr'><strong>quisquam</strong></span> <span class='ocrx_word' id='word_1_157' title='bbox 3631 904 3754 961; x_wconf 82' lang='lat' dir='ltr'><strong>pra-</strong></span> 
     </span>
    </p>
   </div>
   <div class='ocr_carea' id='block_1_25' title="bbox 2150 983 3756 1055">
    <p class='ocr_par' dir='ltr' id='par_1_25' title="bbox 2150 983 3756 1055">
     <span class='ocr_line' id='line_1_25' title="bbox 2150 983 3756 1055; baseline -0.002 -16"><span class='ocrx_word' id='word_1_158' title='bbox 2150 985 2431 1045; x_wconf 70' lang='lat' dir='ltr'><strong>visSimam</strong></span> <span class='ocrx_word' id='word_1_159' title='bbox 2462 995 2700 1041; x_wconf 85' lang='lat' dir='ltr'><strong>mentem</strong></span> <span class='ocrx_word' id='word_1_160' title='bbox 2729 991 2950 1055; x_wconf 88' lang='lat' dir='ltr'><strong>propter</strong></span> <span class='ocrx_word' id='word_1_161' title='bbox 2983 984 3160 1038; x_wconf 85' lang='lat' dir='ltr'><strong>loctun</strong></span> <span class='ocrx_word' id='word_1_162' title='bbox 3190 983 3532 1053; x_wconf 81' lang='lat' dir='ltr'><strong>episcopatus</strong></span> <span class='ocrx_word' id='word_1_163' title='bbox 3558 983 3756 1037; x_wconf 83' lang='lat' dir='ltr'><strong>obscu—</strong></span> 
     </span>
    </p>
   </div>
   <div class='ocr_carea' id='block_1_26' title="bbox 2157 1075 3752 1141">
    <p class='ocr_par' dir='ltr' id='par_1_26' title="bbox 2157 1075 3752 1141">
     <span class='ocr_line' id='line_1_26' title="bbox 2157 1075 3752 1141; baseline -0.003 -8"><span class='ocrx_word' id='word_1_164' title='bbox 2157 1087 2302 1133; x_wconf 85' lang='lat' dir='ltr'><strong>rant.</strong></span> <span class='ocrx_word' id='word_1_165' title='bbox 2336 1077 2408 1133; x_wconf 91' lang='lat' dir='ltr'><strong>At</strong></span> <span class='ocrx_word' id='word_1_166' title='bbox 2438 1077 2529 1132; x_wconf 85' lang='lat' dir='ltr'><strong>-illi</strong></span> <span class='ocrx_word' id='word_1_167' title='bbox 2571 1084 2759 1132; x_wconf 87' lang='lat' dir='ltr'><strong>contra</strong></span> <span class='ocrx_word' id='word_1_168' title='bbox 2807 1076 2921 1130; x_wconf 77' lang='lat' dir='ltr'><strong>iure</strong></span> <span class='ocrx_word' id='word_1_169' title='bbox 2956 1075 3318 1131; x_wconf 84' lang='lat' dir='ltr'><strong>resistebant:</strong></span> <span class='ocrx_word' id='word_1_170' title='bbox 3363 1089 3470 1141; x_wconf 88' lang='lat' dir='ltr'><strong>qua</strong></span> <span class='ocrx_word' id='word_1_171' title='bbox 3518 1076 3752 1141; x_wconf 82' lang='lat' dir='ltr'><strong>ratione,</strong></span> 
     </span>
    </p>
   </div>
   <div class='ocr_carea' id='block_1_27' title="bbox 2151 1168 3757 1238">
    <p class='ocr_par' dir='ltr' id='par_1_27' title="bbox 2151 1168 3757 1238">
     <span class='ocr_line' id='line_1_27' title="bbox 2151 1168 3757 1238; baseline -0.002 -12"><span class='ocrx_word' id='word_1_172' title='bbox 2151 1171 2442 1227; x_wconf 85' lang='lat' dir='ltr'><strong>nescimus.</strong></span> <span class='ocrx_word' id='word_1_173' title='bbox 2477 1170 2586 1226; x_wconf 88' lang='lat' dir='ltr'><strong>Nec</strong></span> <span class='ocrx_word' id='word_1_174' title='bbox 2614 1185 2673 1225; x_wconf 87' lang='lat' dir='ltr'><strong>se</strong></span> <span class='ocrx_word' id='word_1_175' title='bbox 2702 1169 2985 1224; x_wconf 85' lang='lat' dir='ltr'><strong>voluerunt</strong></span> <span class='ocrx_word' id='word_1_176' title='bbox 3006 1168 3081 1223; x_wconf 84' lang='lat' dir='ltr'><strong>ah</strong></span> <span class='ocrx_word' id='word_1_177' title='bbox 3107 1169 3348 1238; x_wconf 82' lang='lat' dir='ltr'><strong>ipsorum</strong></span> <span class='ocrx_word' id='word_1_178' title='bbox 3369 1169 3757 1222; x_wconf 78' lang='lat' dir='ltr'><strong>communione</strong></span> 
     </span>
    </p>
   </div>
   <div class='ocr_carea' id='block_1_28' title="bbox 2154 1261 3759 1331">
    <p class='ocr_par' dir='ltr' id='par_1_28' title="bbox 2154 1261 3759 1331">
     <span class='ocr_line' id='line_1_28' title="bbox 2154 1261 3759 1331; baseline -0.002 -13"><span class='ocrx_word' id='word_1_179' title='bbox 2154 1278 2463 1331; x_wconf 83' lang='lat' dir='ltr'><strong>secernere,</strong></span> <span class='ocrx_word' id='word_1_180' title='bbox 2498 1262 2886 1318; x_wconf 88' lang='lat' dir='ltr'><strong>conlirmantes</strong></span> <span class='ocrx_word' id='word_1_181' title='bbox 2907 1261 3149 1318; x_wconf 76' lang='lat' dir='ltr'><strong>Marcelli</strong></span> <span class='ocrx_word' id='word_1_182' title='bbox 3172 1261 3412 1317; x_wconf 65' lang='lat' dir='ltr'><strong>haeretici</strong></span> <span class='ocrx_word' id='word_1_183' title='bbox 3436 1270 3674 1315; x_wconf 81' lang='lat' dir='ltr'><strong>sectam:</strong></span> <span class='ocrx_word' id='word_1_184' title='bbox 3700 1268 3759 1314; x_wconf 90' lang='lat' dir='ltr'><strong>et</strong></span> 
     </span>
    </p>
   </div>
   <div class='ocr_carea' id='block_1_29' title="bbox 2153 1352 3758 1424">
    <p class='ocr_par' dir='ltr' id='par_1_29' title="bbox 2153 1352 3758 1424">
     <span class='ocr_line' id='line_1_29' title="bbox 2153 1352 3758 1424; baseline -0.002 -12"><span class='ocrx_word' id='word_1_185' title='bbox 2153 1356 2395 1415; x_wconf 78' lang='lat' dir='ltr'><strong>facinora</strong></span> <span class='ocrx_word' id='word_1_186' title='bbox 2427 1355 2710 1412; x_wconf 83' lang='lat' dir='ltr'><strong>Athanasii</strong></span> <span class='ocrx_word' id='word_1_187' title='bbox 2738 1362 3168 1424; x_wconf 65' lang='lat' dir='ltr'><strong>cmtertirumquc</strong></span> <span class='ocrx_word' id='word_1_188' title='bbox 3191 1354 3400 1410; x_wconf 89' lang='lat' dir='ltr'><strong>scelera</strong></span> <span class='ocrx_word' id='word_1_189' title='bbox 3429 1352 3556 1408; x_wconf 82' lang='lat' dir='ltr'><strong>ﬁdei</strong></span> <span class='ocrx_word' id='word_1_190' title='bbox 3583 1352 3758 1408; x_wconf 67' lang='lat' dir='ltr'><strong>eccle~</strong></span> 
     </span>
    </p>
   </div>
   <div class='ocr_carea' id='block_1_30' title="bbox 2154 1448 3082 1520">
    <p class='ocr_par' dir='ltr' id='par_1_30' title="bbox 2154 1448 3082 1520">
     <span class='ocr_line' id='line_1_30' title="bbox 2154 1448 3082 1520; baseline -0.006 -12"><span class='ocrx_word' id='word_1_191' title='bbox 2154 1451 2387 1508; x_wconf 81' lang='lat' dir='ltr'><strong>siasticae</strong></span> <span class='ocrx_word' id='word_1_192' title='bbox 2417 1449 2642 1520; x_wconf 84' lang='lat' dir='ltr'><strong>pacique</strong></span> <span class='ocrx_word' id='word_1_193' title='bbox 2673 1448 3082 1520; x_wconf 81' lang='lat' dir='ltr'><strong>praeponebant.</strong></span> 
     </span>
    </p>
   </div>
   <div class='ocr_carea' id='block_1_31' title="bbox 2231 1540 3754 1616">
    <p class='ocr_par' dir='ltr' id='par_1_31' title="bbox 2231 1540 3754 1616">
     <span class='ocr_line' id='line_1_31' title="bbox 2231 1540 3754 1616; baseline -0.003 -16"><span class='ocrx_word' id='word_1_194' title='bbox 2231 1544 2313 1600; x_wconf 82' lang='grc'><strong>16.</strong></span> <span class='ocrx_word' id='word_1_195' title='bbox 2347 1544 2443 1600; x_wconf 81' lang='lat' dir='ltr'><strong>liis</strong></span> <span class='ocrx_word' id='word_1_196' title='bbox 2470 1544 2647 1612; x_wconf 82' lang='lat' dir='ltr'><strong>itaque</strong></span> <span class='ocrx_word' id='word_1_197' title='bbox 2670 1542 2922 1614; x_wconf 72' lang='lat' dir='ltr'><strong>cognitis.</strong></span> <span class='ocrx_word' id='word_1_198' title='bbox 2949 1557 3049 1598; x_wconf 89' lang='lat' dir='ltr'><strong>nos</strong></span> <span class='ocrx_word' id='word_1_199' title='bbox 3078 1542 3352 1613; x_wconf 73' lang='lat' dir='ltr'><strong>octoginta</strong></span> <span class='ocrx_word' id='word_1_200' title='bbox 3383 1540 3454 1616; x_wconf 68' lang='grc' dir='ltr'><strong>(Ι)</strong></span> <span class='ocrx_word' id='word_1_201' title='bbox 3483 1541 3754 1612; x_wconf 85' lang='lat' dir='ltr'><strong>episcopi,</strong></span> 
     </span>
    </p>
   </div>
   <div class='ocr_carea' id='block_1_32' title="bbox 2156 1633 3759 1710">
    <p class='ocr_par' dir='ltr' id='par_1_32' title="bbox 2156 1633 3759 1710">
     <span class='ocr_line' id='line_1_32' title="bbox 2156 1633 3759 1710; baseline -0.002 -17"><span class='ocrx_word' id='word_1_202' title='bbox 2156 1639 2246 1710; x_wconf 86' lang='lat' dir='ltr'><strong>qui</strong></span> <span class='ocrx_word' id='word_1_203' title='bbox 2277 1645 2499 1709; x_wconf 88' lang='lat' dir='ltr'><strong>propter</strong></span> <span class='ocrx_word' id='word_1_204' title='bbox 2528 1652 2714 1707; x_wconf 87' lang='lat' dir='ltr'><strong>pacem</strong></span> <span class='ocrx_word' id='word_1_205' title='bbox 2739 1635 3162 1692; x_wconf 81' lang='lat' dir='ltr'><strong>conﬁrmandam</strong></span> <span class='ocrx_word' id='word_1_206' title='bbox 3194 1636 3451 1692; x_wconf 71' lang='lat' dir='ltr'><strong>Ecclesiae</strong></span> <span class='ocrx_word' id='word_1_207' title='bbox 3474 1650 3543 1690; x_wconf 76' lang='lat' dir='ltr'><strong>ex</strong></span> <span class='ocrx_word' id='word_1_208' title='bbox 3574 1633 3759 1690; x_wconf 85' lang='lat' dir='ltr'><strong>diver-</strong></span> 
     </span>
    </p>
   </div>
   <div class='ocr_carea' id='block_1_33' title="bbox 450 1727 3763 1803">
    <p class='ocr_par' dir='ltr' id='par_1_33' title="bbox 450 1727 3763 1803">
     <span class='ocr_line' id='line_1_33' title="bbox 450 1727 3763 1803; baseline -0 -18"><span class='ocrx_word' id='word_1_209' title='bbox 450 1729 803 1787; x_wconf 89' lang='lat' dir='ltr'><strong>concordiam</strong></span> <span class='ocrx_word' id='word_1_210' title='bbox 860 1743 967 1785; x_wconf 87' lang='lat' dir='ltr'><strong>una</strong></span> <span class='ocrx_word' id='word_1_211' title='bbox 1013 1729 1417 1796; x_wconf 88' lang='lat' dir='ltr'><strong>conspiratione</strong></span> <span class='ocrx_word' id='word_1_212' title='bbox 1454 1727 1742 1794; x_wconf 78' lang='lat' dir='ltr'><strong>fecerunt;</strong></span> <span class='ocrx_word' id='word_1_213' title='bbox 1789 1727 2053 1783; x_wconf 82' lang='lat' dir='ltr'><strong>donantes</strong></span> <span class='ocrx_word' id='word_1_214' title='bbox 2083 1730 2133 1792; x_wconf 86' lang='lat' dir='ltr'><strong>B</strong></span> <span class='ocrx_word' id='word_1_215' title='bbox 2158 1733 2232 1787; x_wconf 87' lang='lat' dir='ltr'><strong>sis</strong></span> <span class='ocrx_word' id='word_1_216' title='bbox 2274 1732 2689 1802; x_wconf 75' lang='lat' dir='ltr'><strong>longinquisque</strong></span> <span class='ocrx_word' id='word_1_217' title='bbox 2746 1731 3042 1803; x_wconf 79' lang='lat' dir='ltr'><strong>provinciis</strong></span> <span class='ocrx_word' id='word_1_218' title='bbox 3085 1746 3211 1786; x_wconf 87' lang='lat' dir='ltr'><strong>cum</strong></span> <span class='ocrx_word' id='word_1_219' title='bbox 3261 1730 3461 1803; x_wconf 74' lang='lat' dir='ltr'><strong>ingenti</strong></span> <span class='ocrx_word' id='word_1_220' title='bbox 3500 1729 3651 1785; x_wconf 70' lang='lat' dir='ltr'><strong>exitu</strong></span> <span class='ocrx_word' id='word_1_221' title='bbox 3705 1736 3763 1784; x_wconf 86' lang='lat' dir='ltr'><strong>et</strong></span> 
     </span>
    </p>
   </div>
   <div class='ocr_carea' id='block_1_34' title="bbox 450 1820 2052 1892">
    <p class='ocr_par' dir='ltr' id='par_1_34' title="bbox 450 1820 2052 1892">
     <span class='ocr_line' id='line_1_34' title="bbox 450 1820 2052 1892; baseline 0 -15"><span class='ocrx_word' id='word_1_222' title='bbox 450 1820 551 1877; x_wconf 83' lang='lat' dir='ltr'><strong>sibi</strong></span> <span class='ocrx_word' id='word_1_223' title='bbox 581 1822 810 1892; x_wconf 88' lang='lat' dir='ltr'><strong>quisque</strong></span> <span class='ocrx_word' id='word_1_224' title='bbox 834 1820 1031 1877; x_wconf 87' lang='lat' dir='ltr'><strong>delicta</strong></span> <span class='ocrx_word' id='word_1_225' title='bbox 1054 1861 1070 1888; x_wconf 89' lang='lat'><strong>,</strong></span> <span class='ocrx_word' id='word_1_226' title='bbox 1114 1836 1234 1890; x_wconf 71' lang='lat' dir='ltr'><strong>qua:</strong></span> <span class='ocrx_word' id='word_1_227' title='bbox 1270 1836 1395 1876; x_wconf 89' lang='lat' dir='ltr'><strong>cum</strong></span> <span class='ocrx_word' id='word_1_228' title='bbox 1427 1820 1669 1891; x_wconf 80' lang='lat' dir='ltr'><strong>episcOpi</strong></span> <span class='ocrx_word' id='word_1_229' title='bbox 1697 1827 1915 1887; x_wconf 86' lang='lat' dir='ltr'><strong>essent,</strong></span> <span class='ocrx_word' id='word_1_230' title='bbox 1953 1834 2052 1891; x_wconf 89' lang='lat' dir='ltr'><strong>pro</strong></span> 
     </span>
    </p>
   </div>
   <div class='ocr_carea' id='block_1_35' title="bbox 450 1912 1348 1971">
    <p class='ocr_par' dir='ltr' id='par_1_35' title="bbox 450 1912 1348 1971">
     <span class='ocr_line' id='line_1_35' title="bbox 450 1912 1348 1971; baseline -0.001 -2"><span class='ocrx_word' id='word_1_231' title='bbox 450 1915 774 1971; x_wconf 86' lang='lat' dir='ltr'><strong>auctoritate</strong></span> <span class='ocrx_word' id='word_1_232' title='bbox 799 1912 980 1969; x_wconf 88' lang='lat' dir='ltr'><strong>divina</strong></span> <span class='ocrx_word' id='word_1_233' title='bbox 1003 1913 1348 1971; x_wconf 84' lang='lat' dir='ltr'><strong>damnarunt.</strong></span> 
     </span>
    </p>
   </div>
   <div class='ocr_carea' id='block_1_36' title="bbox 526 2005 2051 2077">
    <p class='ocr_par' dir='ltr' id='par_1_36' title="bbox 526 2005 2051 2077">
     <span class='ocr_line' id='line_1_36' title="bbox 526 2005 2051 2077; baseline -0.001 -13"><span class='ocrx_word' id='word_1_234' title='bbox 526 2008 612 2064; x_wconf 71' lang='grc' dir='ltr'><strong>Μ.</strong></span> <span class='ocrx_word' id='word_1_235' title='bbox 644 2006 973 2064; x_wconf 79' lang='lat' dir='ltr'><strong>Sardicensis</strong></span> <span class='ocrx_word' id='word_1_236' title='bbox 994 2008 1202 2063; x_wconf 78' lang='lat' dir='ltr'><strong>concilii</strong></span> <span class='ocrx_word' id='word_1_237' title='bbox 1231 2008 1404 2063; x_wconf 78' lang='lat' dir='ltr'><strong>initia.</strong></span> <span class='ocrx_word' id='word_1_238' title='bbox 1434 2033 1505 2048; x_wconf 74' lang='grc' dir='ltr'><strong>-ι</strong></span> <span class='ocrx_word' id='word_1_239' title='bbox 1531 2006 1775 2077; x_wconf 86' lang='lat' dir='ltr'><strong>Namque</strong></span> <span class='ocrx_word' id='word_1_240' title='bbox 1795 2005 2051 2075; x_wconf 89' lang='lat' dir='ltr'><strong>quoniam</strong></span> 
     </span>
    </p>
   </div>
   <div class='ocr_carea' id='block_1_37' title="bbox 452 2100 2058 2172">
    <p class='ocr_par' dir='ltr' id='par_1_37' title="bbox 452 2100 2058 2172">
     <span class='ocr_line' id='line_1_37' title="bbox 452 2100 2058 2172; baseline -0.001 -16"><span class='ocrx_word' id='word_1_241' title='bbox 452 2100 788 2158; x_wconf 83' lang='lat' dir='ltr'><strong>Athanasius</strong></span> <span class='ocrx_word' id='word_1_242' title='bbox 821 2102 876 2156; x_wconf 91' lang='lat' dir='ltr'><strong>in</strong></span> <span class='ocrx_word' id='word_1_243' title='bbox 916 2101 1122 2171; x_wconf 84' lang='lat' dir='ltr'><strong>Italiam</strong></span> <span class='ocrx_word' id='word_1_244' title='bbox 1158 2110 1215 2157; x_wconf 91' lang='lat' dir='ltr'><strong>et</strong></span> <span class='ocrx_word' id='word_1_245' title='bbox 1256 2100 1487 2157; x_wconf 81' lang='lat' dir='ltr'><strong>Galliam</strong></span> <span class='ocrx_word' id='word_1_246' title='bbox 1519 2115 1752 2172; x_wconf 76' lang='lat' dir='ltr'><strong>pergens</strong></span> <span class='ocrx_word' id='word_1_247' title='bbox 1781 2100 1882 2156; x_wconf 84' lang='lat' dir='ltr'><strong>sibi</strong></span> <span class='ocrx_word' id='word_1_248' title='bbox 1910 2100 2058 2170; x_wconf 85' lang='lat' dir='ltr'><strong>judi-</strong></span> 
     </span>
    </p>
   </div>
   <div class='ocr_carea' id='block_1_38' title="bbox 453 2193 2057 2264">
    <p class='ocr_par' dir='ltr' id='par_1_38' title="bbox 453 2193 2057 2264">
     <span class='ocr_line' id='line_1_38' title="bbox 453 2193 2057 2264; baseline 0 -16"><span class='ocrx_word' id='word_1_249' title='bbox 453 2193 600 2248; x_wconf 88' lang='lat' dir='ltr'><strong>cium</strong></span> <span class='ocrx_word' id='word_1_250' title='bbox 623 2193 1004 2263; x_wconf 84' lang='lat' dir='ltr'><strong>comparavit;</strong></span> <span class='ocrx_word' id='word_1_251' title='bbox 1040 2203 1160 2262; x_wconf 89' lang='lat' dir='ltr'><strong>post</strong></span> <span class='ocrx_word' id='word_1_252' title='bbox 1188 2202 1417 2259; x_wconf 85' lang='lat' dir='ltr'><strong>mortem</strong></span> <span class='ocrx_word' id='word_1_253' title='bbox 1440 2193 1745 2264; x_wconf 90' lang='lat' dir='ltr'><strong>aliquorum</strong></span> <span class='ocrx_word' id='word_1_254' title='bbox 1773 2202 2057 2249; x_wconf 88' lang='lat' dir='ltr'><strong>accusato-</strong></span> 
     </span>
    </p>
   </div>
   <div class='ocr_carea' id='block_1_39' title="bbox 453 2286 2057 2357">
    <p class='ocr_par' dir='ltr' id='par_1_39' title="bbox 453 2286 2057 2357">
     <span class='ocr_line' id='line_1_39' title="bbox 453 2286 2057 2357; baseline 0.002 -17"><span class='ocrx_word' id='word_1_255' title='bbox 453 2302 596 2354; x_wconf 90' lang='lat' dir='ltr'><strong>rum,</strong></span> <span class='ocrx_word' id='word_1_256' title='bbox 624 2288 869 2352; x_wconf 89' lang='lat' dir='ltr'><strong>testium,</strong></span> <span class='ocrx_word' id='word_1_257' title='bbox 895 2286 1264 2357; x_wconf 88' lang='lat' dir='ltr'><strong>judicumqne,</strong></span> <span class='ocrx_word' id='word_1_258' title='bbox 1287 2295 1342 2341; x_wconf 91' lang='lat' dir='ltr'><strong>et</strong></span> <span class='ocrx_word' id='word_1_259' title='bbox 1361 2286 1592 2342; x_wconf 89' lang='lat' dir='ltr'><strong>credidit</strong></span> <span class='ocrx_word' id='word_1_260' title='bbox 1614 2302 1775 2356; x_wconf 86' lang='lat' dir='ltr'><strong>posse</strong></span> <span class='ocrx_word' id='word_1_261' title='bbox 1794 2302 1854 2343; x_wconf 87' lang='lat' dir='ltr'><strong>se</strong></span> <span class='ocrx_word' id='word_1_262' title='bbox 1877 2286 2057 2344; x_wconf 88' lang='lat' dir='ltr'><strong>denuo</strong></span> 
     </span>
    </p>
   </div>
   <div class='ocr_carea' id='block_1_40' title="bbox 456 2377 2057 2450">
    <p class='ocr_par' dir='ltr' id='par_1_40' title="bbox 456 2377 2057 2450">
     <span class='ocr_line' id='line_1_40' title="bbox 456 2377 2057 2450; baseline 0.001 -15"><span class='ocrx_word' id='word_1_263' title='bbox 456 2389 701 2450; x_wconf 87' lang='lat' dir='ltr'><strong>tempore</strong></span> <span class='ocrx_word' id='word_1_264' title='bbox 726 2381 896 2436; x_wconf 85' lang='lat' dir='ltr'><strong>audiri</strong></span> <span class='ocrx_word' id='word_1_265' title='bbox 920 2421 933 2444; x_wconf 93' lang='lat'><strong>,</strong></span> <span class='ocrx_word' id='word_1_266' title='bbox 968 2380 1113 2449; x_wconf 92' lang='lat' dir='ltr'><strong>quod</strong></span> <span class='ocrx_word' id='word_1_267' title='bbox 1142 2380 1259 2450; x_wconf 87' lang='lat' dir='ltr'><strong>ejus</strong></span> <span class='ocrx_word' id='word_1_268' title='bbox 1288 2377 1490 2450; x_wconf 77' lang='lat' dir='ltr'><strong>ﬂagitia</strong></span> <span class='ocrx_word' id='word_1_269' title='bbox 1520 2389 1765 2433; x_wconf 86' lang='lat' dir='ltr'><strong>vetustas</strong></span> <span class='ocrx_word' id='word_1_270' title='bbox 1796 2380 2057 2449; x_wconf 84' lang='lat' dir='ltr'><strong>temporis</strong></span> 
     </span>
    </p>
   </div>
   <div class='ocr_carea' id='block_1_41' title="bbox 454 2472 2054 2539">
    <p class='ocr_par' dir='ltr' id='par_1_41' title="bbox 454 2472 2054 2539">
     <span class='ocr_line' id='line_1_41' title="bbox 454 2472 2054 2539; baseline -0.001 -10"><span class='ocrx_word' id='word_1_271' title='bbox 454 2472 792 2530; x_wconf 88' lang='lat' dir='ltr'><strong>obscuraret.</strong></span> <span class='ocrx_word' id='word_1_272' title='bbox 827 2472 926 2528; x_wconf 87' lang='lat' dir='ltr'><strong>Cui</strong></span> <span class='ocrx_word' id='word_1_273' title='bbox 954 2487 1278 2528; x_wconf 87' lang='lat' dir='ltr'><strong>consensum</strong></span> <span class='ocrx_word' id='word_1_274' title='bbox 1311 2472 1718 2527; x_wconf 81' lang='lat' dir='ltr'><strong>commodantes</strong></span> <span class='ocrx_word' id='word_1_275' title='bbox 1747 2488 1856 2527; x_wconf 89' lang='lat' dir='ltr'><strong>non</strong></span> <span class='ocrx_word' id='word_1_276' title='bbox 1887 2480 2054 2539; x_wconf 86' lang='lat' dir='ltr'><strong>recte,</strong></span> 
     </span>
    </p>
   </div>
   <div class='ocr_carea' id='block_1_42' title="bbox 453 2563 2056 2636">
    <p class='ocr_par' dir='ltr' id='par_1_42' title="bbox 453 2563 2056 2636">
     <span class='ocr_line' id='line_1_42' title="bbox 453 2563 2056 2636; baseline -0.001 -15"><span class='ocrx_word' id='word_1_277' title='bbox 453 2565 624 2621; x_wconf 87' lang='lat' dir='ltr'><strong>Julius</strong></span> <span class='ocrx_word' id='word_1_278' title='bbox 672 2566 822 2621; x_wconf 88' lang='lat' dir='ltr'><strong>urbis</strong></span> <span class='ocrx_word' id='word_1_279' title='bbox 866 2566 1053 2620; x_wconf 67' lang='lat' dir='ltr'><strong>Romae</strong></span> <span class='ocrx_word' id='word_1_280' title='bbox 1095 2565 1400 2635; x_wconf 85' lang='lat' dir='ltr'><strong>episcopus,</strong></span> <span class='ocrx_word' id='word_1_281' title='bbox 1454 2564 1720 2620; x_wconf 83' lang='lat' dir='ltr'><strong>Maximus</strong></span> <span class='ocrx_word' id='word_1_282' title='bbox 1781 2563 2056 2636; x_wconf 76' lang='lat' dir='ltr'><strong>(Maximi-</strong></span> 
     </span>
    </p>
   </div>
   <div class='ocr_carea' id='block_1_43' title="bbox 455 2655 2057 2730">
    <p class='ocr_par' dir='ltr' id='par_1_43' title="bbox 455 2655 2057 2730">
     <span class='ocr_line' id='line_1_43' title="bbox 455 2655 2057 2730; baseline -0.001 -17"><span class='ocrx_word' id='word_1_283' title='bbox 455 2673 559 2713; x_wconf 90' lang='lat' dir='ltr'><strong>nus</strong></span> <span class='ocrx_word' id='word_1_284' title='bbox 580 2655 816 2730; x_wconf 84' lang='lat' dir='ltr'><strong>Trevir.)</strong></span> <span class='ocrx_word' id='word_1_285' title='bbox 837 2667 894 2713; x_wconf 88' lang='lat' dir='ltr'><strong>et</strong></span> <span class='ocrx_word' id='word_1_286' title='bbox 918 2655 1132 2721; x_wconf 84' lang='lat' dir='ltr'><strong>Ossius,</strong></span> <span class='ocrx_word' id='word_1_287' title='bbox 1150 2656 1440 2727; x_wconf 67' lang='lat' dir='ltr'><strong>caeterique</strong></span> <span class='ocrx_word' id='word_1_288' title='bbox 1460 2656 1770 2726; x_wconf 84' lang='lat' dir='ltr'><strong>complures</strong></span> <span class='ocrx_word' id='word_1_289' title='bbox 1788 2655 2057 2726; x_wconf 86' lang='lat' dir='ltr'><strong>ipsorum,</strong></span> 
     </span>
    </p>
   </div>
   <div class='ocr_carea' id='block_1_44' title="bbox 456 2749 2061 2820">
    <p class='ocr_par' dir='ltr' id='par_1_44' title="bbox 456 2749 2061 2820">
     <span class='ocr_line' id='line_1_44' title="bbox 456 2749 2061 2820; baseline -0.001 -13"><span class='ocrx_word' id='word_1_290' title='bbox 456 2752 749 2807; x_wconf 88' lang='lat' dir='ltr'><strong>concilium</strong></span> <span class='ocrx_word' id='word_1_291' title='bbox 775 2750 918 2819; x_wconf 86' lang='lat' dir='ltr'><strong>apud</strong></span> <span class='ocrx_word' id='word_1_292' title='bbox 948 2750 1226 2808; x_wconf 88' lang='lat' dir='ltr'><strong>Serdicam</strong></span> <span class='ocrx_word' id='word_1_293' title='bbox 1264 2749 1381 2805; x_wconf 86' lang='lat' dir='ltr'><strong>ﬁeri</strong></span> <span class='ocrx_word' id='word_1_294' title='bbox 1425 2766 1492 2806; x_wconf 79' lang='lat' dir='ltr'><strong>ex</strong></span> <span class='ocrx_word' id='word_1_295' title='bbox 1522 2751 1866 2820; x_wconf 83' lang='lat' dir='ltr'><strong>imperatoris</strong></span> <span class='ocrx_word' id='word_1_296' title='bbox 1909 2750 2061 2807; x_wconf 83' lang='lat' dir='ltr'><strong>beni-</strong></span> 
     </span>
    </p>
   </div>
   <div class='ocr_carea' id='block_1_45' title="bbox 455 2843 2065 2918">
    <p class='ocr_par' dir='ltr' id='par_1_45' title="bbox 455 2843 2065 2918">
     <span class='ocr_line' id='line_1_45' title="bbox 455 2843 2065 2918; baseline 0.001 -18"><span class='ocrx_word' id='word_1_297' title='bbox 455 2847 659 2914; x_wconf 77' lang='lat' dir='ltr'><strong>gnitate</strong></span> <span class='ocrx_word' id='word_1_298' title='bbox 673 2845 842 2918; x_wconf 67' lang='lat'><strong>356</strong></span> <span class='ocrx_word' id='word_1_299' title='bbox 854 2855 1226 2915; x_wconf 86' lang='lat' dir='ltr'><strong>sumpserunt.</strong></span> <span class='ocrx_word' id='word_1_300' title='bbox 1243 2844 1587 2900; x_wconf 89' lang='lat' dir='ltr'><strong>Occurrimus</strong></span> <span class='ocrx_word' id='word_1_301' title='bbox 1602 2845 1668 2899; x_wconf 89' lang='lat' dir='ltr'><strong>ad</strong></span> <span class='ocrx_word' id='word_1_302' title='bbox 1691 2843 1969 2901; x_wconf 84' lang='lat' dir='ltr'><strong>Serdicam</strong></span> <span class='ocrx_word' id='word_1_303' title='bbox 1983 2845 2065 2901; x_wconf 84' lang='lat' dir='ltr'><strong>lit-</strong></span> 
     </span>
    </p>
   </div>
   <div class='ocr_carea' id='block_1_46' title="bbox 457 2937 2060 3007">
    <p class='ocr_par' dir='ltr' id='par_1_46' title="bbox 457 2937 2060 3007">
     <span class='ocr_line' id='line_1_46' title="bbox 457 2937 2060 3007; baseline -0.001 -13"><span class='ocrx_word' id='word_1_304' title='bbox 457 2938 589 2994; x_wconf 81' lang='lat' dir='ltr'><strong>teris</strong></span> <span class='ocrx_word' id='word_1_305' title='bbox 609 2937 949 3006; x_wconf 85' lang='lat' dir='ltr'><strong>imperatoris</strong></span> <span class='ocrx_word' id='word_1_306' title='bbox 961 2938 1233 2992; x_wconf 86' lang='lat' dir='ltr'><strong>conventi.</strong></span> <span class='ocrx_word' id='word_1_307' title='bbox 1265 2937 1382 3007; x_wconf 84' lang='lat' dir='ltr'><strong>Quo</strong></span> <span class='ocrx_word' id='word_1_308' title='bbox 1401 2952 1524 2992; x_wconf 89' lang='lat' dir='ltr'><strong>cum</strong></span> <span class='ocrx_word' id='word_1_309' title='bbox 1540 2939 1903 3003; x_wconf 82' lang='lat' dir='ltr'><strong>venissemus,</strong></span> <span class='ocrx_word' id='word_1_310' title='bbox 1920 2937 2060 2993; x_wconf 88' lang='lat' dir='ltr'><strong>didi-</strong></span> 
     </span>
    </p>
   </div>
   <div class='ocr_carea' id='block_1_47' title="bbox 457 3029 2059 3097">
    <p class='ocr_par' dir='ltr' id='par_1_47' title="bbox 457 3029 2059 3097">
     <span class='ocr_line' id='line_1_47' title="bbox 457 3029 2059 3097; baseline 0.001 -11"><span class='ocrx_word' id='word_1_311' title='bbox 457 3029 631 3087; x_wconf 88' lang='lat' dir='ltr'><strong>cimus</strong></span> <span class='ocrx_word' id='word_1_312' title='bbox 648 3032 700 3085; x_wconf 89' lang='lat' dir='ltr'><strong>in</strong></span> <span class='ocrx_word' id='word_1_313' title='bbox 724 3030 901 3085; x_wconf 86' lang='lat' dir='ltr'><strong>media</strong></span> <span class='ocrx_word' id='word_1_314' title='bbox 920 3030 1154 3086; x_wconf 86' lang='lat' dir='ltr'><strong>ecclesia</strong></span> <span class='ocrx_word' id='word_1_315' title='bbox 1183 3030 1559 3097; x_wconf 81' lang='lat' dir='ltr'><strong>Athanasium,</strong></span> <span class='ocrx_word' id='word_1_316' title='bbox 1584 3030 1920 3097; x_wconf 78' lang='lat' dir='ltr'><strong>Marcellum,</strong></span> <span class='ocrx_word' id='word_1_317' title='bbox 1938 3046 2059 3087; x_wconf 61' lang='lat' dir='ltr'><strong>omo</strong></span> 
     </span>
    </p>
   </div>
   <div class='ocr_carea' id='block_1_48' title="bbox 2155 1823 3763 1890">
    <p class='ocr_par' dir='ltr' id='par_1_48' title="bbox 2155 1823 3763 1890">
     <span class='ocr_line' id='line_1_48' title="bbox 2155 1823 3763 1890; baseline -0.002 -9"><span class='ocrx_word' id='word_1_318' title='bbox 2155 1825 2343 1881; x_wconf 88' lang='lat' dir='ltr'><strong>labore</strong></span> <span class='ocrx_word' id='word_1_319' title='bbox 2379 1825 2447 1880; x_wconf 92' lang='lat' dir='ltr'><strong>ad</strong></span> <span class='ocrx_word' id='word_1_320' title='bbox 2493 1824 2774 1881; x_wconf 81' lang='lat' dir='ltr'><strong>Serdicam</strong></span> <span class='ocrx_word' id='word_1_321' title='bbox 2818 1839 3180 1890; x_wconf 82' lang='lat' dir='ltr'><strong>veneramus,</strong></span> <span class='ocrx_word' id='word_1_322' title='bbox 3224 1823 3472 1879; x_wconf 82' lang='lat' dir='ltr'><strong>videntes</strong></span> <span class='ocrx_word' id='word_1_323' title='bbox 3500 1823 3621 1880; x_wconf 66' lang='lat' dir='ltr'><strong>haec</strong></span> <span class='ocrx_word' id='word_1_324' title='bbox 3652 1836 3763 1877; x_wconf 79' lang='lat' dir='ltr'><strong>non</strong></span> 
     </span>
    </p>
   </div>
   <div class='ocr_carea' id='block_1_49' title="bbox 2156 1915 3763 1989">
    <p class='ocr_par' dir='ltr' id='par_1_49' title="bbox 2156 1915 3763 1989">
     <span class='ocr_line' id='line_1_49' title="bbox 2156 1915 3763 1989; baseline -0.001 -16"><span class='ocrx_word' id='word_1_325' title='bbox 2156 1919 2274 1973; x_wconf 88' lang='lat' dir='ltr'><strong>sine</strong></span> <span class='ocrx_word' id='word_1_326' title='bbox 2305 1918 2558 1989; x_wconf 81' lang='lat' dir='ltr'><strong>lacrymis</strong></span> <span class='ocrx_word' id='word_1_327' title='bbox 2585 1915 2911 1972; x_wconf 79' lang='lat' dir='ltr'><strong>ferebamus.</strong></span> <span class='ocrx_word' id='word_1_328' title='bbox 2936 1915 3079 1972; x_wconf 84' lang='lat' dir='ltr'><strong>Leve</strong></span> <span class='ocrx_word' id='word_1_329' title='bbox 3099 1917 3247 1972; x_wconf 87' lang='lat' dir='ltr'><strong>enim</strong></span> <span class='ocrx_word' id='word_1_330' title='bbox 3269 1930 3375 1972; x_wconf 90' lang='lat' dir='ltr'><strong>non</strong></span> <span class='ocrx_word' id='word_1_331' title='bbox 3398 1924 3542 1979; x_wconf 81' lang='lat' dir='ltr'><strong>erat,</strong></span> <span class='ocrx_word' id='word_1_332' title='bbox 3563 1915 3710 1986; x_wconf 84' lang='lat' dir='ltr'><strong>quod</strong></span> <span class='ocrx_word' id='word_1_333' title='bbox 3729 1929 3763 1971; x_wconf 85' lang='lat' dir='ltr'><strong>a</strong></span> 
     </span>
    </p>
   </div>
   <div class='ocr_carea' id='block_1_50' title="bbox 2156 2007 3765 2079">
    <p class='ocr_par' dir='ltr' id='par_1_50' title="bbox 2156 2007 3765 2079">
     <span class='ocr_line' id='line_1_50' title="bbox 2156 2007 3765 2079; baseline -0.002 -13"><span class='ocrx_word' id='word_1_334' title='bbox 2156 2025 2216 2067; x_wconf 88' lang='lat' dir='ltr'><strong>se</strong></span> <span class='ocrx_word' id='word_1_335' title='bbox 2242 2026 2338 2069; x_wconf 72' lang='lat' dir='ltr'><strong>eas</strong></span> <span class='ocrx_word' id='word_1_336' title='bbox 2365 2009 2643 2067; x_wconf 83' lang='lat' dir='ltr'><strong>dimittere</strong></span> <span class='ocrx_word' id='word_1_337' title='bbox 2661 2010 2885 2066; x_wconf 88' lang='lat' dir='ltr'><strong>omnino</strong></span> <span class='ocrx_word' id='word_1_338' title='bbox 2908 2008 3199 2079; x_wconf 76' lang='lat' dir='ltr'><strong>negabant,</strong></span> <span class='ocrx_word' id='word_1_339' title='bbox 3221 2023 3358 2079; x_wconf 84' lang='lat' dir='ltr'><strong>quos</strong></span> <span class='ocrx_word' id='word_1_340' title='bbox 3379 2016 3562 2079; x_wconf 79' lang='lat' dir='ltr'><strong>patres</strong></span> <span class='ocrx_word' id='word_1_341' title='bbox 3589 2007 3765 2063; x_wconf 81' lang='lat' dir='ltr'><strong>nostri</strong></span> 
     </span>
    </p>
   </div>
   <div class='ocr_carea' id='block_1_51' title="bbox 2159 2100 3767 2173">
    <p class='ocr_par' dir='ltr' id='par_1_51' title="bbox 2159 2100 3767 2173">
     <span class='ocr_line' id='line_1_51' title="bbox 2159 2100 3767 2173; baseline -0.004 -12"><span class='ocrx_word' id='word_1_342' title='bbox 2159 2104 2358 2162; x_wconf 88' lang='lat' dir='ltr'><strong>merito</strong></span> <span class='ocrx_word' id='word_1_343' title='bbox 2379 2105 2492 2162; x_wconf 87' lang='lat' dir='ltr'><strong>suis</strong></span> <span class='ocrx_word' id='word_1_344' title='bbox 2525 2118 2627 2173; x_wconf 90' lang='lat' dir='ltr'><strong>pro</strong></span> <span class='ocrx_word' id='word_1_345' title='bbox 2653 2103 2970 2161; x_wconf 89' lang='lat' dir='ltr'><strong>criminibus</strong></span> <span class='ocrx_word' id='word_1_346' title='bbox 2994 2111 3121 2160; x_wconf 83' lang='lat' dir='ltr'><strong>ante</strong></span> <span class='ocrx_word' id='word_1_347' title='bbox 3147 2101 3496 2160; x_wconf 87' lang='lat' dir='ltr'><strong>damnarunt.</strong></span> <span class='ocrx_word' id='word_1_348' title='bbox 3540 2100 3639 2157; x_wconf 84' lang='lat' dir='ltr'><strong>llis</strong></span> <span class='ocrx_word' id='word_1_349' title='bbox 3662 2101 3767 2155; x_wconf 85' lang='lat' dir='ltr'><strong>ita-</strong></span> 
     </span>
    </p>
   </div>
   <div class='ocr_carea' id='block_1_52' title="bbox 2157 2196 3768 2272">
    <p class='ocr_par' dir='ltr' id='par_1_52' title="bbox 2157 2196 3768 2272">
     <span class='ocr_line' id='line_1_52' title="bbox 2157 2196 3768 2272; baseline -0.002 -16"><span class='ocrx_word' id='word_1_350' title='bbox 2157 2216 2264 2272; x_wconf 89' lang='lat' dir='ltr'><strong>que</strong></span> <span class='ocrx_word' id='word_1_351' title='bbox 2285 2199 2687 2256; x_wconf 87' lang='lat' dir='ltr'><strong>comomnicare</strong></span> <span class='ocrx_word' id='word_1_352' title='bbox 2717 2198 2871 2255; x_wconf 81' lang='lat' dir='ltr'><strong>nefas</strong></span> <span class='ocrx_word' id='word_1_353' title='bbox 2904 2198 3187 2264; x_wconf 74' lang='lat' dir='ltr'><strong>duximus,</strong></span> <span class='ocrx_word' id='word_1_354' title='bbox 3220 2212 3400 2268; x_wconf 87' lang='lat' dir='ltr'><strong>neque</strong></span> <span class='ocrx_word' id='word_1_355' title='bbox 3430 2212 3557 2254; x_wconf 87' lang='lat' dir='ltr'><strong>cum</strong></span> <span class='ocrx_word' id='word_1_356' title='bbox 3582 2196 3768 2266; x_wconf 73' lang='lat' dir='ltr'><strong>prela-</strong></span> 
     </span>
    </p>
   </div>
   <div class='ocr_carea' id='block_1_53' title="bbox 2159 2292 3767 2357">
    <p class='ocr_par' dir='ltr' id='par_1_53' title="bbox 2159 2292 3767 2357">
     <span class='ocr_line' id='line_1_53' title="bbox 2159 2292 3767 2357; baseline -0.002 -6"><span class='ocrx_word' id='word_1_357' title='bbox 2159 2297 2244 2351; x_wconf 89' lang='lat' dir='ltr'><strong>nis</strong></span> <span class='ocrx_word' id='word_1_358' title='bbox 2291 2294 2560 2351; x_wconf 87' lang='lat' dir='ltr'><strong>voluinms</strong></span> <span class='ocrx_word' id='word_1_359' title='bbox 2606 2303 2792 2349; x_wconf 87' lang='lat' dir='ltr'><strong>sancta</strong></span> <span class='ocrx_word' id='word_1_360' title='bbox 2841 2293 3053 2348; x_wconf 82' lang='lat' dir='ltr'><strong>Domini</strong></span> <span class='ocrx_word' id='word_1_361' title='bbox 3104 2302 3439 2349; x_wconf 67' lang='lat' dir='ltr'><strong>sacramenta</strong></span> <span class='ocrx_word' id='word_1_362' title='bbox 3488 2292 3767 2357; x_wconf 80' lang='lat' dir='ltr'><strong>miscere,</strong></span> 
     </span>
    </p>
   </div>
   <div class='ocr_carea' id='block_1_54' title="bbox 2159 2384 3772 2458">
    <p class='ocr_par' dir='ltr' id='par_1_54' title="bbox 2159 2384 3772 2458">
     <span class='ocr_line' id='line_1_54' title="bbox 2159 2384 3772 2458; baseline -0.002 -15"><span class='ocrx_word' id='word_1_363' title='bbox 2159 2388 2441 2445; x_wconf 74' lang='lat' dir='ltr'><strong>servantes</strong></span> <span class='ocrx_word' id='word_1_364' title='bbox 2484 2395 2540 2442; x_wconf 90' lang='lat' dir='ltr'><strong>et</strong></span> <span class='ocrx_word' id='word_1_365' title='bbox 2588 2396 2836 2443; x_wconf 89' lang='lat' dir='ltr'><strong>tenentes</strong></span> <span class='ocrx_word' id='word_1_366' title='bbox 2892 2386 3133 2458; x_wconf 75' lang='lat' dir='ltr'><strong>regulam</strong></span> <span class='ocrx_word' id='word_1_367' title='bbox 3178 2384 3567 2442; x_wconf 66' lang='lat' dir='ltr'><strong>ecclesiasticae</strong></span> <span class='ocrx_word' id='word_1_368' title='bbox 3604 2384 3772 2440; x_wconf 84' lang='lat' dir='ltr'><strong>disci-</strong></span> 
     </span>
    </p>
   </div>
   <div class='ocr_carea' id='block_1_55' title="bbox 2163 2473 3771 2552">
    <p class='ocr_par' dir='ltr' id='par_1_55' title="bbox 2163 2473 3771 2552">
     <span class='ocr_line' id='line_1_55' title="bbox 2163 2473 3771 2552; baseline -0.001 -16"><span class='ocrx_word' id='word_1_369' title='bbox 2163 2483 2342 2552; x_wconf 76' lang='lat' dir='ltr'><strong>plinae.</strong></span> <span class='ocrx_word' id='word_1_370' title='bbox 2384 2481 2517 2538; x_wconf 88' lang='lat' dir='ltr'><strong>Nam</strong></span> <span class='ocrx_word' id='word_1_371' title='bbox 2548 2491 2603 2537; x_wconf 92' lang='lat' dir='ltr'><strong>ut</strong></span> <span class='ocrx_word' id='word_1_372' title='bbox 2632 2482 2969 2551; x_wconf 77' lang='lat' dir='ltr'><strong>supradictas</strong></span> <span class='ocrx_word' id='word_1_373' title='bbox 3003 2480 3218 2538; x_wconf 87' lang='lat' dir='ltr'><strong>Ossium</strong></span> <span class='ocrx_word' id='word_1_374' title='bbox 3246 2495 3277 2536; x_wconf 89' lang='lat' dir='ltr'><strong>a</strong></span> <span class='ocrx_word' id='word_1_375' title='bbox 3298 2495 3361 2535; x_wconf 88' lang='lat' dir='ltr'><strong>se</strong></span> <span class='ocrx_word' id='word_1_376' title='bbox 3381 2473 3771 2549; x_wconf 49' lang='lat' dir='ltr'><strong>Protogenen»</strong></span> 
     </span>
    </p>
   </div>
   <div class='ocr_carea' id='block_1_56' title="bbox 2160 2564 3769 2648">
    <p class='ocr_par' dir='ltr' id='par_1_56' title="bbox 2160 2564 3769 2648">
     <span class='ocr_line' id='line_1_56' title="bbox 2160 2564 3769 2648; baseline -0.004 -15"><span class='ocrx_word' id='word_1_377' title='bbox 2160 2591 2267 2648; x_wconf 89' lang='lat' dir='ltr'><strong>que</strong></span> <span class='ocrx_word' id='word_1_378' title='bbox 2289 2591 2397 2632; x_wconf 90' lang='lat' dir='ltr'><strong>non</strong></span> <span class='ocrx_word' id='word_1_379' title='bbox 2418 2575 2769 2642; x_wconf 86' lang='lat' dir='ltr'><strong>dimitterent,</strong></span> <span class='ocrx_word' id='word_1_380' title='bbox 2798 2564 2880 2647; x_wconf 31' lang='lat' dir='ltr'><strong>&#39;(g)</strong></span> <span class='ocrx_word' id='word_1_381' title='bbox 2900 2575 3231 2631; x_wconf 73' lang='lat' dir='ltr'><strong>conscientia</strong></span> <span class='ocrx_word' id='word_1_382' title='bbox 3256 2576 3396 2630; x_wconf 83' lang='lat' dir='ltr'><strong>torte</strong></span> <span class='ocrx_word' id='word_1_383' title='bbox 3416 2574 3579 2641; x_wconf 86' lang='lat' dir='ltr'><strong>mala,</strong></span> <span class='ocrx_word' id='word_1_384' title='bbox 3599 2573 3769 2646; x_wconf 68' lang='lat'><strong>357</strong></span> 
     </span>
    </p>
   </div>
   <div class='ocr_carea' id='block_1_57' title="bbox 2161 2665 3769 2738">
    <p class='ocr_par' dir='ltr' id='par_1_57' title="bbox 2161 2665 3769 2738">
     <span class='ocr_line' id='line_1_57' title="bbox 2161 2665 3769 2738; baseline -0.001 -15"><span class='ocrx_word' id='word_1_385' title='bbox 2161 2683 2323 2738; x_wconf 85' lang='lat' dir='ltr'><strong>quam</strong></span> <span class='ocrx_word' id='word_1_386' title='bbox 2351 2667 2454 2722; x_wconf 90' lang='lat' dir='ltr'><strong>sibi</strong></span> <span class='ocrx_word' id='word_1_387' title='bbox 2481 2683 2671 2723; x_wconf 85' lang='lat' dir='ltr'><strong>eorum</strong></span> <span class='ocrx_word' id='word_1_388' title='bbox 2696 2667 3063 2737; x_wconf 84' lang='lat' dir='ltr'><strong>unusquisque</strong></span> <span class='ocrx_word' id='word_1_389' title='bbox 3080 2666 3311 2723; x_wconf 86' lang='lat' dir='ltr'><strong>debebat</strong></span> <span class='ocrx_word' id='word_1_390' title='bbox 3341 2665 3533 2722; x_wconf 88' lang='lat' dir='ltr'><strong>nudari</strong></span> <span class='ocrx_word' id='word_1_391' title='bbox 3557 2668 3769 2735; x_wconf 84' lang='lat' dir='ltr'><strong>aliquo,</strong></span> 
     </span>
    </p>
   </div>
   <div class='ocr_carea' id='block_1_58' title="bbox 2164 2747 3774 2832">
    <p class='ocr_par' dir='ltr' id='par_1_58' title="bbox 2164 2747 3774 2832">
     <span class='ocr_line' id='line_1_58' title="bbox 2164 2747 3774 2832; baseline 0 -15"><span class='ocrx_word' id='word_1_392' title='bbox 2164 2777 2324 2832; x_wconf 89' lang='lat' dir='ltr'><strong>quam</strong></span> <span class='ocrx_word' id='word_1_393' title='bbox 2353 2762 2418 2817; x_wconf 85' lang='lat' dir='ltr'><strong>ad</strong></span> <span class='ocrx_word' id='word_1_394' title='bbox 2450 2762 2625 2831; x_wconf 88' lang='lat' dir='ltr'><strong>palam</strong></span> <span class='ocrx_word' id='word_1_395' title='bbox 2654 2761 2770 2817; x_wconf 88' lang='lat' dir='ltr'><strong>lieri</strong></span> <span class='ocrx_word' id='word_1_396' title='bbox 2799 2776 3127 2831; x_wconf 75' lang='lat' dir='ltr'><strong>magnopere</strong></span> <span class='ocrx_word' id='word_1_397' title='bbox 3149 2747 3606 2831; x_wconf 78' lang='lat' dir='ltr'><strong>pertimescebant</strong></span> <span class='ocrx_word' id='word_1_398' title='bbox 3630 2778 3642 2814; x_wconf 96' lang='lat'>:</span> <span class='ocrx_word' id='word_1_399' title='bbox 3668 2776 3774 2817; x_wconf 86' lang='lat' dir='ltr'><strong>nec</strong></span> 
     </span>
    </p>
   </div>
   <div class='ocr_carea' id='block_1_59' title="bbox 2164 2855 3774 2927">
    <p class='ocr_par' dir='ltr' id='par_1_59' title="bbox 2164 2855 3774 2927">
     <span class='ocr_line' id='line_1_59' title="bbox 2164 2855 3774 2927; baseline 0 -16"><span class='ocrx_word' id='word_1_400' title='bbox 2164 2857 2243 2912; x_wconf 90' lang='lat' dir='ltr'><strong>sic</strong></span> <span class='ocrx_word' id='word_1_401' title='bbox 2270 2860 2324 2912; x_wconf 91' lang='lat' dir='ltr'><strong>in</strong></span> <span class='ocrx_word' id='word_1_402' title='bbox 2355 2871 2450 2912; x_wconf 88' lang='lat' dir='ltr'><strong>eos</strong></span> <span class='ocrx_word' id='word_1_403' title='bbox 2477 2856 2713 2912; x_wconf 83' lang='lat' dir='ltr'><strong>audebat</strong></span> <span class='ocrx_word' id='word_1_404' title='bbox 2741 2870 2928 2911; x_wconf 80' lang='lat' dir='ltr'><strong>eorum</strong></span> <span class='ocrx_word' id='word_1_405' title='bbox 2961 2855 3160 2927; x_wconf 84' lang='lat' dir='ltr'><strong>aliquis</strong></span> <span class='ocrx_word' id='word_1_406' title='bbox 3184 2855 3513 2911; x_wconf 78' lang='lat' dir='ltr'><strong>sententiam</strong></span> <span class='ocrx_word' id='word_1_407' title='bbox 3540 2855 3732 2911; x_wconf 73' lang='lat' dir='ltr'><strong>dicere</strong></span> <span class='ocrx_word' id='word_1_408' title='bbox 3758 2894 3774 2920; x_wconf 89' lang='lat'><strong>,</strong></span> 
     </span>
    </p>
   </div>
   <div class='ocr_carea' id='block_1_60' title="bbox 2165 2944 3773 3019">
    <p class='ocr_par' dir='ltr' id='par_1_60' title="bbox 2165 2944 3773 3019">
     <span class='ocr_line' id='line_1_60' title="bbox 2165 2944 3773 3019; baseline -0.001 -16"><span class='ocrx_word' id='word_1_409' title='bbox 2165 2964 2235 3005; x_wconf 89' lang='lat' dir='ltr'><strong>ne</strong></span> <span class='ocrx_word' id='word_1_410' title='bbox 2263 2958 2317 3005; x_wconf 89' lang='lat' dir='ltr'><strong>et</strong></span> <span class='ocrx_word' id='word_1_411' title='bbox 2339 2964 2399 3004; x_wconf 90' lang='lat' dir='ltr'><strong>se</strong></span> <span class='ocrx_word' id='word_1_412' title='bbox 2431 2949 2548 3019; x_wconf 85' lang='lat' dir='ltr'><strong>ipse</strong></span> <span class='ocrx_word' id='word_1_413' title='bbox 2574 2944 2877 3012; x_wconf 81' lang='lat' dir='ltr'><strong>damnaret,</strong></span> <span class='ocrx_word' id='word_1_414' title='bbox 2907 2947 3049 3016; x_wconf 88' lang='lat' dir='ltr'><strong>quod</strong></span> <span class='ocrx_word' id='word_1_415' title='bbox 3082 2947 3190 3004; x_wconf 86' lang='lat' dir='ltr'><strong>illis</strong></span> <span class='ocrx_word' id='word_1_416' title='bbox 3209 2957 3399 3004; x_wconf 85' lang='lat' dir='ltr'><strong>contra</strong></span> <span class='ocrx_word' id='word_1_417' title='bbox 3421 2947 3773 3003; x_wconf 76' lang='lat' dir='ltr'><strong>interdictum</strong></span> 
     </span>
    </p>
   </div>
   <div class='ocr_carea' id='block_1_61' title="bbox 2167 3038 3776 3110">
    <p class='ocr_par' dir='ltr' id='par_1_61' title="bbox 2167 3038 3776 3110">
     <span class='ocr_line' id='line_1_61' title="bbox 2167 3038 3776 3110; baseline -0.001 -13"><span class='ocrx_word' id='word_1_418' title='bbox 2167 3041 2692 3109; x_wconf 85' lang='lat' dir='ltr'><strong>communicassent,</strong></span> <span class='ocrx_word' id='word_1_419' title='bbox 2734 3039 2929 3110; x_wconf 84' lang='lat' dir='ltr'><strong>quibus</strong></span> <span class='ocrx_word' id='word_1_420' title='bbox 2955 3039 3358 3097; x_wconf 84' lang='lat' dir='ltr'><strong>communicare</strong></span> <span class='ocrx_word' id='word_1_421' title='bbox 3385 3038 3538 3100; x_wconf 85' lang='lat' dir='ltr'><strong>nullo</strong></span> <span class='ocrx_word' id='word_1_422' title='bbox 3565 3052 3776 3109; x_wconf 72' lang='lat' dir='ltr'><strong>genere</strong></span> 
     </span>
    </p>
   </div>
   <div class='ocr_carea' id='block_1_62' title="bbox 458 3122 2459 3204">
    <p class='ocr_par' dir='ltr' id='par_1_62' title="bbox 458 3122 2459 3204">
     <span class='ocr_line' id='line_1_62' title="bbox 458 3122 2459 3204; baseline 0.003 -26"><span class='ocrx_word' id='word_1_423' title='bbox 458 3138 556 3178; x_wconf 89' lang='lat' dir='ltr'><strong>nes</strong></span> <span class='ocrx_word' id='word_1_424' title='bbox 594 3124 889 3179; x_wconf 85' lang='lat' dir='ltr'><strong>sceleratos</strong></span> <span class='ocrx_word' id='word_1_425' title='bbox 936 3123 1151 3178; x_wconf 86' lang='lat' dir='ltr'><strong>concilii</strong></span> <span class='ocrx_word' id='word_1_426' title='bbox 1188 3124 1461 3180; x_wconf 77' lang='lat' dir='ltr'><strong>sententia</strong></span> <span class='ocrx_word' id='word_1_427' title='bbox 1503 3126 1718 3192; x_wconf 84' lang='lat' dir='ltr'><strong>pulsos,</strong></span> <span class='ocrx_word' id='word_1_428' title='bbox 1762 3135 1821 3180; x_wconf 90' lang='lat' dir='ltr'><strong>et</strong></span> <span class='ocrx_word' id='word_1_429' title='bbox 1863 3126 2059 3181; x_wconf 85' lang='lat' dir='ltr'><strong>merito</strong></span> <span class='ocrx_word' id='word_1_430' title='bbox 2085 3122 2131 3187; x_wconf 89' lang='lat' dir='ltr'>C</span> <span class='ocrx_word' id='word_1_431' title='bbox 2162 3142 2459 3204; x_wconf 78' lang='lat' dir='ltr'><strong>oporteret.</strong></span> 
     </span>
    </p>
   </div>
   <div class='ocr_carea' id='block_1_63' title="bbox 457 3214 2061 3286">
    <p class='ocr_par' dir='ltr' id='par_1_63' title="bbox 457 3214 2061 3286">
     <span class='ocr_line' id='line_1_63' title="bbox 457 3214 2061 3286; baseline 0.003 -17"><span class='ocrx_word' id='word_1_432' title='bbox 457 3214 700 3285; x_wconf 77' lang='lat' dir='ltr'><strong>singulos</strong></span> <span class='ocrx_word' id='word_1_433' title='bbox 727 3229 827 3285; x_wconf 93' lang='lat' dir='ltr'><strong>pro</strong></span> <span class='ocrx_word' id='word_1_434' title='bbox 845 3214 960 3269; x_wconf 88' lang='lat' dir='ltr'><strong>suis</strong></span> <span class='ocrx_word' id='word_1_435' title='bbox 986 3214 1321 3270; x_wconf 79' lang='lat' dir='ltr'><strong>facinoribus</strong></span> <span class='ocrx_word' id='word_1_436' title='bbox 1352 3216 1775 3286; x_wconf 68' lang='lat' dir='ltr'><strong>prazdamnatos,</strong></span> <span class='ocrx_word' id='word_1_437' title='bbox 1807 3232 1929 3274; x_wconf 88' lang='lat' dir='ltr'><strong>cum</strong></span> <span class='ocrx_word' id='word_1_438' title='bbox 1954 3217 2061 3274; x_wconf 82' lang='lat' dir='ltr'><strong>Os-</strong></span> 
     </span>
    </p>
   </div>
   <div class='ocr_carea' id='block_1_64' title="bbox 458 3307 2064 3382">
    <p class='ocr_par' dir='ltr' id='par_1_64' title="bbox 458 3307 2064 3382">
     <span class='ocr_line' id='line_1_64' title="bbox 458 3307 2064 3382; baseline 0.003 -20"><span class='ocrx_word' id='word_1_439' title='bbox 458 3308 541 3362; x_wconf 88' lang='lat' dir='ltr'><strong>sio</strong></span> <span class='ocrx_word' id='word_1_440' title='bbox 569 3318 622 3363; x_wconf 90' lang='lat' dir='ltr'><strong>et</strong></span> <span class='ocrx_word' id='word_1_441' title='bbox 653 3308 956 3378; x_wconf 70' lang='lat' dir='ltr'><strong>Pretogene</strong></span> <span class='ocrx_word' id='word_1_442' title='bbox 990 3307 1182 3363; x_wconf 82' lang='lat' dir='ltr'><strong>sedere</strong></span> <span class='ocrx_word' id='word_1_443' title='bbox 1224 3309 1386 3364; x_wconf 86' lang='lat' dir='ltr'><strong>simul</strong></span> <span class='ocrx_word' id='word_1_444' title='bbox 1411 3318 1466 3365; x_wconf 86' lang='lat' dir='ltr'><strong>et</strong></span> <span class='ocrx_word' id='word_1_445' title='bbox 1500 3310 1806 3380; x_wconf 85' lang='lat' dir='ltr'><strong>disputare,</strong></span> <span class='ocrx_word' id='word_1_446' title='bbox 1837 3321 1891 3366; x_wconf 92' lang='lat' dir='ltr'><strong>et</strong></span> <span class='ocrx_word' id='word_1_447' title='bbox 1918 3310 2064 3382; x_wconf 86' lang='lat' dir='ltr'><strong>quod</strong></span> 
     </span>
    </p>
   </div>
   <div class='ocr_carea' id='block_1_65' title="bbox 458 3402 2068 3476">
    <p class='ocr_par' dir='ltr' id='par_1_65' title="bbox 458 3402 2068 3476">
     <span class='ocr_line' id='line_1_65' title="bbox 458 3402 2068 3476; baseline 0.002 -19"><span class='ocrx_word' id='word_1_448' title='bbox 458 3410 545 3457; x_wconf 91' lang='lat' dir='ltr'><strong>est</strong></span> <span class='ocrx_word' id='word_1_449' title='bbox 569 3402 832 3467; x_wconf 88' lang='lat' dir='ltr'><strong>deterius,</strong></span> <span class='ocrx_word' id='word_1_450' title='bbox 867 3402 1049 3458; x_wconf 86' lang='lat' dir='ltr'><strong>divina</strong></span> <span class='ocrx_word' id='word_1_451' title='bbox 1078 3405 1333 3476; x_wconf 85' lang='lat' dir='ltr'><strong>mysteria</strong></span> <span class='ocrx_word' id='word_1_452' title='bbox 1363 3405 1663 3460; x_wconf 86' lang='lat' dir='ltr'><strong>celebrare.</strong></span> <span class='ocrx_word' id='word_1_453' title='bbox 1695 3404 1807 3461; x_wconf 88' lang='lat' dir='ltr'><strong>Nec</strong></span> <span class='ocrx_word' id='word_1_454' title='bbox 1834 3404 2068 3462; x_wconf 79' lang='lat' dir='ltr'><strong>contun-</strong></span> 
     </span>
    </p>
   </div>
   <div class='ocr_carea' id='block_1_66' title="bbox 457 3495 2065 3569">
    <p class='ocr_par' dir='ltr' id='par_1_66' title="bbox 457 3495 2065 3569">
     <span class='ocr_line' id='line_1_66' title="bbox 457 3495 2065 3569; baseline 0.003 -18"><span class='ocrx_word' id='word_1_455' title='bbox 457 3495 688 3551; x_wconf 88' lang='lat' dir='ltr'><strong>debatur</strong></span> <span class='ocrx_word' id='word_1_456' title='bbox 707 3495 1041 3567; x_wconf 80' lang='lat' dir='ltr'><strong>Protogenes</strong></span> <span class='ocrx_word' id='word_1_457' title='bbox 1072 3498 1323 3554; x_wconf 84' lang='lat' dir='ltr'><strong>Serdices</strong></span> <span class='ocrx_word' id='word_1_458' title='bbox 1344 3498 1634 3569; x_wconf 86' lang='lat' dir='ltr'><strong>episcopus</strong></span> <span class='ocrx_word' id='word_1_459' title='bbox 1658 3501 2065 3557; x_wconf 88' lang='lat' dir='ltr'><strong>communicare</strong></span> 
     </span>
    </p>
   </div>
   <div class='ocr_carea' id='block_1_67' title="bbox 457 3587 2062 3662">
    <p class='ocr_par' dir='ltr' id='par_1_67' title="bbox 457 3587 2062 3662">
     <span class='ocr_line' id='line_1_67' title="bbox 457 3587 2062 3662; baseline 0.004 -21"><span class='ocrx_word' id='word_1_460' title='bbox 457 3587 710 3643; x_wconf 79' lang='lat' dir='ltr'><strong>Marcello</strong></span> <span class='ocrx_word' id='word_1_461' title='bbox 735 3587 1015 3657; x_wconf 71' lang='lat' dir='ltr'><strong>ha&#39;relico,</strong></span> <span class='ocrx_word' id='word_1_462' title='bbox 1045 3591 1199 3661; x_wconf 89' lang='lat' dir='ltr'><strong>cujus</strong></span> <span class='ocrx_word' id='word_1_463' title='bbox 1224 3600 1279 3646; x_wconf 91' lang='lat' dir='ltr'><strong>et</strong></span> <span class='ocrx_word' id='word_1_464' title='bbox 1305 3603 1507 3647; x_wconf 84' lang='lat' dir='ltr'><strong>sectam</strong></span> <span class='ocrx_word' id='word_1_465' title='bbox 1534 3601 1590 3647; x_wconf 87' lang='lat' dir='ltr'><strong>et</strong></span> <span class='ocrx_word' id='word_1_466' title='bbox 1619 3593 1910 3662; x_wconf 86' lang='lat' dir='ltr'><strong>reprobum</strong></span> <span class='ocrx_word' id='word_1_467' title='bbox 1934 3607 2062 3648; x_wconf 83' lang='lat' dir='ltr'><strong>scn-</strong></span> 
     </span>
    </p>
   </div>
   <div class='ocr_carea' id='block_1_68' title="bbox 458 3680 2061 3757">
    <p class='ocr_par' dir='ltr' id='par_1_68' title="bbox 458 3680 2061 3757">
     <span class='ocr_line' id='line_1_68' title="bbox 458 3680 2061 3757; baseline 0.004 -21"><span class='ocrx_word' id='word_1_468' title='bbox 458 3699 602 3750; x_wconf 91' lang='lat' dir='ltr'><strong>sum,</strong></span> <span class='ocrx_word' id='word_1_469' title='bbox 628 3680 682 3737; x_wconf 90' lang='lat' dir='ltr'><strong>in</strong></span> <span class='ocrx_word' id='word_1_470' title='bbox 723 3684 957 3739; x_wconf 89' lang='lat' dir='ltr'><strong>concilio</strong></span> <span class='ocrx_word' id='word_1_471' title='bbox 1007 3683 1080 3757; x_wconf 89' lang='lat' dir='ltr'><strong>(c)</strong></span> <span class='ocrx_word' id='word_1_472' title='bbox 1124 3694 1319 3754; x_wconf 89' lang='lat' dir='ltr'><strong>quater</strong></span> <span class='ocrx_word' id='word_1_473' title='bbox 1356 3685 1644 3741; x_wconf 88' lang='lat' dir='ltr'><strong>sententiis</strong></span> <span class='ocrx_word' id='word_1_474' title='bbox 1681 3687 2061 3757; x_wconf 86' lang='lat' dir='ltr'><strong>episcoporum</strong></span> 
     </span>
    </p>
   </div>
   <div class='ocr_carea' id='block_1_69' title="bbox 458 3775 2062 3848">
    <p class='ocr_par' dir='ltr' id='par_1_69' title="bbox 458 3775 2062 3848">
     <span class='ocr_line' id='line_1_69' title="bbox 458 3775 2062 3848; baseline 0.004 -18"><span class='ocrx_word' id='word_1_475' title='bbox 458 3775 827 3842; x_wconf 73' lang='lat' dir='ltr'><strong>subscribens,</strong></span> <span class='ocrx_word' id='word_1_476' title='bbox 878 3776 1096 3847; x_wconf 89' lang='lat' dir='ltr'><strong>propria</strong></span> <span class='ocrx_word' id='word_1_477' title='bbox 1138 3793 1276 3833; x_wconf 90' lang='lat' dir='ltr'><strong>voce</strong></span> <span class='ocrx_word' id='word_1_478' title='bbox 1321 3777 1437 3848; x_wconf 89' lang='lat' dir='ltr'><strong>ipse</strong></span> <span class='ocrx_word' id='word_1_479' title='bbox 1480 3778 1854 3835; x_wconf 85' lang='lat' dir='ltr'><strong>damnaverat.</strong></span> <span class='ocrx_word' id='word_1_480' title='bbox 1905 3779 2062 3836; x_wconf 86' lang='lat' dir='ltr'><strong>Unde</strong></span> 
     </span>
    </p>
   </div>
   <div class='ocr_carea' id='block_1_70' title="bbox 459 3869 2065 3941">
    <p class='ocr_par' dir='ltr' id='par_1_70' title="bbox 459 3869 2065 3941">
     <span class='ocr_line' id='line_1_70' title="bbox 459 3869 2065 3941; baseline 0.002 -16"><span class='ocrx_word' id='word_1_481' title='bbox 459 3869 804 3925; x_wconf 79' lang='lat' dir='ltr'><strong>manifestum</strong></span> <span class='ocrx_word' id='word_1_482' title='bbox 834 3880 939 3936; x_wconf 88' lang='lat' dir='ltr'><strong>est,</strong></span> <span class='ocrx_word' id='word_1_483' title='bbox 963 3872 1089 3941; x_wconf 89' lang='lat' dir='ltr'><strong>quia</strong></span> <span class='ocrx_word' id='word_1_484' title='bbox 1111 3884 1232 3927; x_wconf 86' lang='lat' dir='ltr'><strong>sese</strong></span> <span class='ocrx_word' id='word_1_485' title='bbox 1260 3873 1373 3940; x_wconf 89' lang='lat' dir='ltr'><strong>ipse</strong></span> <span class='ocrx_word' id='word_1_486' title='bbox 1395 3887 1488 3927; x_wconf 90' lang='lat' dir='ltr'><strong>sua</strong></span> <span class='ocrx_word' id='word_1_487' title='bbox 1510 3873 1778 3928; x_wconf 81' lang='lat' dir='ltr'><strong>sententia</strong></span> <span class='ocrx_word' id='word_1_488' title='bbox 1806 3873 2065 3929; x_wconf 59' lang='lat' dir='ltr'><strong>condent.</strong></span> 
     </span>
    </p>
   </div>
   <div class='ocr_carea' id='block_1_71' title="bbox 459 3963 1990 4035">
    <p class='ocr_par' dir='ltr' id='par_1_71' title="bbox 459 3963 1990 4035">
     <span class='ocr_line' id='line_1_71' title="bbox 459 3963 1990 4035; baseline 0.001 -18"><span class='ocrx_word' id='word_1_489' title='bbox 459 3965 630 4029; x_wconf 89' lang='lat' dir='ltr'><strong>navit,</strong></span> <span class='ocrx_word' id='word_1_490' title='bbox 661 3978 785 4018; x_wconf 89' lang='lat' dir='ltr'><strong>cum</strong></span> <span class='ocrx_word' id='word_1_491' title='bbox 818 3979 877 4019; x_wconf 89' lang='lat' dir='ltr'><strong>se</strong></span> <span class='ocrx_word' id='word_1_492' title='bbox 906 3963 985 4019; x_wconf 89' lang='lat' dir='ltr'><strong>illi</strong></span> <span class='ocrx_word' id='word_1_493' title='bbox 1014 3963 1464 4021; x_wconf 87' lang='lat' dir='ltr'><strong>communicando</strong></span> <span class='ocrx_word' id='word_1_494' title='bbox 1492 3965 1812 4035; x_wconf 88' lang='lat' dir='ltr'><strong>participem</strong></span> <span class='ocrx_word' id='word_1_495' title='bbox 1842 3964 1990 4020; x_wconf 78' lang='lat' dir='ltr'><strong>fecit.</strong></span> 
     </span>
    </p>
   </div>
   <div class='ocr_carea' id='block_1_72' title="bbox 533 4056 2066 4113">
    <p class='ocr_par' dir='ltr' id='par_1_72' title="bbox 533 4056 2066 4113">
     <span class='ocr_line' id='line_1_72' title="bbox 533 4056 2066 4113; baseline 0 -1"><span class='ocrx_word' id='word_1_496' title='bbox 533 4057 618 4113; x_wconf 76' lang='grc'><strong>15.</strong></span> <span class='ocrx_word' id='word_1_497' title='bbox 662 4056 1009 4113; x_wconf 76' lang='lat' dir='ltr'><strong>Orientalium</strong></span> <span class='ocrx_word' id='word_1_498' title='bbox 1052 4068 1271 4113; x_wconf 85' lang='lat' dir='ltr'><strong>conatus</strong></span> <span class='ocrx_word' id='word_1_499' title='bbox 1309 4068 1367 4112; x_wconf 82' lang='lat' dir='ltr'><strong>ut</strong></span> <span class='ocrx_word' id='word_1_500' title='bbox 1397 4057 1736 4113; x_wconf 73' lang='lat' dir='ltr'><strong>Athanasium</strong></span> <span class='ocrx_word' id='word_1_501' title='bbox 1779 4067 1831 4113; x_wconf 77' lang='lat' dir='ltr'><strong>et</strong></span> <span class='ocrx_word' id='word_1_502' title='bbox 1868 4058 2001 4113; x_wconf 80' lang='lat' dir='ltr'><strong>alios</strong></span> <span class='ocrx_word' id='word_1_503' title='bbox 2033 4073 2066 4112; x_wconf 77' lang='grc' dir='ltr'><strong><em>α</em></strong></span> 
     </span>
    </p>
   </div>
   <div class='ocr_carea' id='block_1_73' title="bbox 460 4150 2068 4223">
    <p class='ocr_par' dir='ltr' id='par_1_73' title="bbox 460 4150 2068 4223">
     <span class='ocr_line' id='line_1_73' title="bbox 460 4150 2068 4223; baseline 0.004 -22"><span class='ocrx_word' id='word_1_504' title='bbox 460 4150 661 4219; x_wconf 79' lang='lat' dir='ltr'><strong>synodo</strong></span> <span class='ocrx_word' id='word_1_505' title='bbox 688 4151 922 4223; x_wconf 78' lang='lat' dir='ltr'><strong>ejiciant.</strong></span> <span class='ocrx_word' id='word_1_506' title='bbox 953 4180 1027 4192; x_wconf 89' lang='lat'><strong><em>—</em></strong></span> <span class='ocrx_word' id='word_1_507' title='bbox 1047 4150 1247 4206; x_wconf 82' lang='lat' dir='ltr'><strong>Verum</strong></span> <span class='ocrx_word' id='word_1_508' title='bbox 1282 4165 1381 4206; x_wconf 91' lang='lat' dir='ltr'><strong>nos</strong></span> <span class='ocrx_word' id='word_1_509' title='bbox 1410 4159 1659 4207; x_wconf 86' lang='lat' dir='ltr'><strong>tenentes</strong></span> <span class='ocrx_word' id='word_1_510' title='bbox 1682 4150 2068 4207; x_wconf 67' lang='lat' dir='ltr'><strong>ecclesiasticae</strong></span> 
     </span>
    </p>
   </div>
   <div class='ocr_carea' id='block_1_74' title="bbox 462 4243 2069 4314">
    <p class='ocr_par' dir='ltr' id='par_1_74' title="bbox 462 4243 2069 4314">
     <span class='ocr_line' id='line_1_74' title="bbox 462 4243 2069 4314; baseline 0.001 -17"><span class='ocrx_word' id='word_1_511' title='bbox 462 4243 664 4309; x_wconf 72' lang='lat' dir='ltr'><strong>regulae</strong></span> <span class='ocrx_word' id='word_1_512' title='bbox 697 4243 1037 4314; x_wconf 85' lang='lat' dir='ltr'><strong>disciplinam</strong></span> <span class='ocrx_word' id='word_1_513' title='bbox 1059 4285 1075 4311; x_wconf 91' lang='lat'><strong>,</strong></span> <span class='ocrx_word' id='word_1_514' title='bbox 1108 4254 1161 4300; x_wconf 91' lang='lat' dir='ltr'><strong>et</strong></span> <span class='ocrx_word' id='word_1_515' title='bbox 1199 4245 1445 4300; x_wconf 87' lang='lat' dir='ltr'><strong>volentes</strong></span> <span class='ocrx_word' id='word_1_516' title='bbox 1475 4245 1707 4300; x_wconf 85' lang='lat' dir='ltr'><strong>miseros</strong></span> <span class='ocrx_word' id='word_1_517' title='bbox 1737 4244 1790 4299; x_wconf 93' lang='lat' dir='ltr'><strong>in</strong></span> <span class='ocrx_word' id='word_1_518' title='bbox 1821 4244 2069 4314; x_wconf 82' lang='lat' dir='ltr'><strong>aliquau-</strong></span> 
     </span>
    </p>
   </div>
   <div class='ocr_carea' id='block_1_75' title="bbox 465 4337 2068 4409">
    <p class='ocr_par' dir='ltr' id='par_1_75' title="bbox 465 4337 2068 4409">
     <span class='ocr_line' id='line_1_75' title="bbox 465 4337 2068 4409; baseline 0.001 -17"><span class='ocrx_word' id='word_1_519' title='bbox 465 4337 631 4393; x_wconf 88' lang='lat' dir='ltr'><strong>tulum</strong></span> <span class='ocrx_word' id='word_1_520' title='bbox 660 4338 742 4409; x_wconf 70' lang='grc' dir='ltr'><strong>(Δ)</strong></span> <span class='ocrx_word' id='word_1_521' title='bbox 773 4341 957 4394; x_wconf 86' lang='lat' dir='ltr'><strong>vivere</strong></span> <span class='ocrx_word' id='word_1_522' title='bbox 980 4379 996 4404; x_wconf 94' lang='lat'><strong>,</strong></span> <span class='ocrx_word' id='word_1_523' title='bbox 1023 4340 1397 4395; x_wconf 85' lang='lat' dir='ltr'><strong>mandavimus</strong></span> <span class='ocrx_word' id='word_1_524' title='bbox 1423 4339 1532 4394; x_wconf 91' lang='lat' dir='ltr'><strong>illis</strong></span> <span class='ocrx_word' id='word_1_525' title='bbox 1551 4378 1568 4406; x_wconf 95' lang='lat'><strong>,</strong></span> <span class='ocrx_word' id='word_1_526' title='bbox 1598 4339 1691 4409; x_wconf 90' lang='lat' dir='ltr'><strong>qui</strong></span> <span class='ocrx_word' id='word_1_527' title='bbox 1720 4354 1844 4395; x_wconf 88' lang='lat' dir='ltr'><strong>cum</strong></span> <span class='ocrx_word' id='word_1_528' title='bbox 1871 4338 2068 4394; x_wconf 71' lang='lat' dir='ltr'><strong>Proto~</strong></span> 
     </span>
    </p>
   </div>
   <div class='ocr_carea' id='block_1_76' title="bbox 2241 3207 3783 3293">
    <p class='ocr_par' dir='ltr' id='par_1_76' title="bbox 2241 3207 3783 3293">
     <span class='ocr_line' id='line_1_76' title="bbox 2241 3207 3783 3293; baseline -0.001 -13"><span class='ocrx_word' id='word_1_529' title='bbox 2241 3207 2329 3280; x_wconf 72' lang='lat' dir='ltr'><strong>i7.</strong></span> <span class='ocrx_word' id='word_1_530' title='bbox 2359 3224 2555 3279; x_wconf 82' lang='lat' dir='ltr'><strong>Verum</strong></span> <span class='ocrx_word' id='word_1_531' title='bbox 2584 3237 2683 3280; x_wconf 86' lang='lat' dir='ltr'><strong>nos</strong></span> <span class='ocrx_word' id='word_1_532' title='bbox 2719 3223 2915 3278; x_wconf 84' lang='lat' dir='ltr'><strong>iterum</strong></span> <span class='ocrx_word' id='word_1_533' title='bbox 2942 3222 3065 3279; x_wconf 86' lang='lat' dir='ltr'><strong>illos</strong></span> <span class='ocrx_word' id='word_1_534' title='bbox 3105 3231 3266 3293; x_wconf 82' lang='lat' dir='ltr'><strong>atque</strong></span> <span class='ocrx_word' id='word_1_535' title='bbox 3303 3222 3502 3277; x_wconf 88' lang='lat' dir='ltr'><strong>iterum</strong></span> <span class='ocrx_word' id='word_1_536' title='bbox 3544 3222 3783 3293; x_wconf 59' lang='lat' dir='ltr'><strong>rogabat.</strong></span> 
     </span>
    </p>
   </div>
   <div class='ocr_carea' id='block_1_77' title="bbox 2167 3313 3781 3384">
    <p class='ocr_par' dir='ltr' id='par_1_77' title="bbox 2167 3313 3781 3384">
     <span class='ocr_line' id='line_1_77' title="bbox 2167 3313 3781 3384; baseline -0.002 -11"><span class='ocrx_word' id='word_1_537' title='bbox 2167 3333 2288 3373; x_wconf 86' lang='lat' dir='ltr'><strong>mus</strong></span> <span class='ocrx_word' id='word_1_538' title='bbox 2312 3357 2328 3382; x_wconf 91' lang='lat'><strong>,</strong></span> <span class='ocrx_word' id='word_1_539' title='bbox 2364 3330 2433 3370; x_wconf 90' lang='lat' dir='ltr'><strong>ne</strong></span> <span class='ocrx_word' id='word_1_540' title='bbox 2463 3318 2615 3371; x_wconf 88' lang='lat' dir='ltr'><strong>lirma</strong></span> <span class='ocrx_word' id='word_1_541' title='bbox 2645 3314 2929 3384; x_wconf 88' lang='lat' dir='ltr'><strong>solidaque</strong></span> <span class='ocrx_word' id='word_1_542' title='bbox 2957 3323 3349 3381; x_wconf 89' lang='lat' dir='ltr'><strong>concuterent,</strong></span> <span class='ocrx_word' id='word_1_543' title='bbox 3380 3328 3449 3369; x_wconf 91' lang='lat' dir='ltr'><strong>ne</strong></span> <span class='ocrx_word' id='word_1_544' title='bbox 3487 3313 3781 3369; x_wconf 84' lang='lat' dir='ltr'><strong>subverte-</strong></span> 
     </span>
    </p>
   </div>
   <div class='ocr_carea' id='block_1_78' title="bbox 2166 3406 3783 3479">
    <p class='ocr_par' dir='ltr' id='par_1_78' title="bbox 2166 3406 3783 3479">
     <span class='ocr_line' id='line_1_78' title="bbox 2166 3406 3783 3479; baseline -0.001 -15"><span class='ocrx_word' id='word_1_545' title='bbox 2166 3421 2288 3466; x_wconf 90' lang='lat' dir='ltr'><strong>rent</strong></span> <span class='ocrx_word' id='word_1_546' title='bbox 2319 3409 2526 3479; x_wconf 75' lang='lat' dir='ltr'><strong>legem,</strong></span> <span class='ocrx_word' id='word_1_547' title='bbox 2560 3422 2662 3465; x_wconf 87' lang='lat' dir='ltr'><strong>nec</strong></span> <span class='ocrx_word' id='word_1_548' title='bbox 2703 3407 2824 3477; x_wconf 88' lang='lat' dir='ltr'><strong>jura</strong></span> <span class='ocrx_word' id='word_1_549' title='bbox 2874 3407 3053 3462; x_wconf 87' lang='lat' dir='ltr'><strong>divina</strong></span> <span class='ocrx_word' id='word_1_550' title='bbox 3110 3406 3409 3472; x_wconf 90' lang='lat' dir='ltr'><strong>turbarent,</strong></span> <span class='ocrx_word' id='word_1_551' title='bbox 3452 3419 3524 3460; x_wconf 90' lang='lat' dir='ltr'><strong>ne</strong></span> <span class='ocrx_word' id='word_1_552' title='bbox 3578 3416 3783 3462; x_wconf 81' lang='lat' dir='ltr'><strong>cuncta</strong></span> 
     </span>
    </p>
   </div>
   <div class='ocr_carea' id='block_1_79' title="bbox 2167 3497 3785 3570">
    <p class='ocr_par' dir='ltr' id='par_1_79' title="bbox 2167 3497 3785 3570">
     <span class='ocr_line' id='line_1_79' title="bbox 2167 3497 3785 3570; baseline -0.002 -14"><span class='ocrx_word' id='word_1_553' title='bbox 2167 3499 2590 3561; x_wconf 80' lang='lat' dir='ltr'><strong>confunderent,</strong></span> <span class='ocrx_word' id='word_1_554' title='bbox 2617 3508 2779 3570; x_wconf 89' lang='lat' dir='ltr'><strong>atque</strong></span> <span class='ocrx_word' id='word_1_555' title='bbox 2807 3497 3151 3555; x_wconf 90' lang='lat' dir='ltr'><strong>traditionem</strong></span> <span class='ocrx_word' id='word_1_556' title='bbox 3175 3497 3432 3557; x_wconf 63' lang='lat' dir='ltr'><strong>Ecclesiae</strong></span> <span class='ocrx_word' id='word_1_557' title='bbox 3460 3511 3529 3553; x_wconf 87' lang='lat' dir='ltr'><strong>ne</strong></span> <span class='ocrx_word' id='word_1_558' title='bbox 3552 3497 3785 3568; x_wconf 80' lang='lat' dir='ltr'><strong>quidem</strong></span> 
     </span>
    </p>
   </div>
   <div class='ocr_carea' id='block_1_80' title="bbox 2172 3590 3785 3666">
    <p class='ocr_par' dir='ltr' id='par_1_80' title="bbox 2172 3590 3785 3666">
     <span class='ocr_line' id='line_1_80' title="bbox 2172 3590 3785 3666; baseline -0.005 -13"><span class='ocrx_word' id='word_1_559' title='bbox 2172 3595 2381 3653; x_wconf 84' lang='lat' dir='ltr'><strong>modica</strong></span> <span class='ocrx_word' id='word_1_560' title='bbox 2411 3608 2546 3663; x_wconf 88' lang='lat' dir='ltr'><strong>pace</strong></span> <span class='ocrx_word' id='word_1_561' title='bbox 2575 3590 2595 3665; x_wconf 93' lang='lat'><strong>(</strong></span> <span class='ocrx_word' id='word_1_562' title='bbox 2614 3595 2653 3664; x_wconf 69' lang='grc' dir='ltr'><strong>Ι.</strong></span> <span class='ocrx_word' id='word_1_563' title='bbox 2687 3592 2875 3666; x_wconf 87' lang='lat' dir='ltr'><strong>parte)</strong></span> <span class='ocrx_word' id='word_1_564' title='bbox 2908 3591 3233 3649; x_wconf 74' lang='lat' dir='ltr'><strong>frustrarem</strong></span> <span class='ocrx_word' id='word_1_565' title='bbox 3263 3592 3401 3654; x_wconf 84' lang='lat' dir='ltr'><strong>:_sed</strong></span> <span class='ocrx_word' id='word_1_566' title='bbox 3434 3606 3536 3646; x_wconf 89' lang='lat' dir='ltr'><strong>nec</strong></span> <span class='ocrx_word' id='word_1_567' title='bbox 3574 3606 3785 3651; x_wconf 80' lang='lat' dir='ltr'><strong>novam</strong></span> 
     </span>
    </p>
   </div>
   <div class='ocr_carea' id='block_1_81' title="bbox 2171 3684 3787 3756">
    <p class='ocr_par' dir='ltr' id='par_1_81' title="bbox 2171 3684 3787 3756">
     <span class='ocr_line' id='line_1_81' title="bbox 2171 3684 3787 3756; baseline -0.002 -11"><span class='ocrx_word' id='word_1_568' title='bbox 2171 3696 2373 3745; x_wconf 87' lang='lat' dir='ltr'><strong>sectam</strong></span> <span class='ocrx_word' id='word_1_569' title='bbox 2406 3687 2724 3743; x_wconf 82' lang='lat' dir='ltr'><strong>inducerent</strong></span> <span class='ocrx_word' id='word_1_570' title='bbox 2743 3728 2757 3752; x_wconf 92' lang='lat'><strong>,</strong></span> <span class='ocrx_word' id='word_1_571' title='bbox 2790 3694 2884 3742; x_wconf 89' lang='lat' dir='ltr'><strong>aut</strong></span> <span class='ocrx_word' id='word_1_572' title='bbox 2901 3685 3269 3742; x_wconf 88' lang='lat' dir='ltr'><strong>Orientalibus</strong></span> <span class='ocrx_word' id='word_1_573' title='bbox 3291 3684 3565 3756; x_wconf 88' lang='lat' dir='ltr'><strong>episcopis</strong></span> <span class='ocrx_word' id='word_1_574' title='bbox 3589 3685 3787 3742; x_wconf 75' lang='lat' dir='ltr'><strong>conci-</strong></span> 
     </span>
    </p>
   </div>
   <div class='ocr_carea' id='block_1_82' title="bbox 2170 3776 3787 3849">
    <p class='ocr_par' dir='ltr' id='par_1_82' title="bbox 2170 3776 3787 3849">
     <span class='ocr_line' id='line_1_82' title="bbox 2170 3776 3787 3849; baseline -0.004 -11"><span class='ocrx_word' id='word_1_575' title='bbox 2170 3782 2367 3849; x_wconf 86' lang='lat' dir='ltr'><strong>liisque</strong></span> <span class='ocrx_word' id='word_1_576' title='bbox 2394 3778 2755 3837; x_wconf 84' lang='lat' dir='ltr'><strong>sanctissimis</strong></span> <span class='ocrx_word' id='word_1_577' title='bbox 2783 3778 2852 3834; x_wconf 92' lang='lat' dir='ltr'><strong>de</strong></span> <span class='ocrx_word' id='word_1_578' title='bbox 2879 3777 3176 3835; x_wconf 87' lang='lat' dir='ltr'><strong>Occidente</strong></span> <span class='ocrx_word' id='word_1_579' title='bbox 3204 3777 3485 3841; x_wconf 76' lang='lat' dir='ltr'><strong>venientes</strong></span> <span class='ocrx_word' id='word_1_580' title='bbox 3511 3776 3689 3847; x_wconf 85' lang='lat' dir='ltr'><strong>aliqua</strong></span> <span class='ocrx_word' id='word_1_581' title='bbox 3717 3776 3787 3837; x_wconf 77' lang='lat' dir='ltr'><strong>in</strong></span> 
     </span>
    </p>
   </div>
   <div class='ocr_carea' id='block_1_83' title="bbox 2170 3871 3772 3945">
    <p class='ocr_par' dir='ltr' id='par_1_83' title="bbox 2170 3871 3772 3945">
     <span class='ocr_line' id='line_1_83' title="bbox 2170 3871 3772 3945; baseline -0.002 -14"><span class='ocrx_word' id='word_1_582' title='bbox 2170 3886 2321 3944; x_wconf 88' lang='lat' dir='ltr'><strong>parte</strong></span> <span class='ocrx_word' id='word_1_583' title='bbox 2353 3882 2754 3945; x_wconf 68' lang='lat' dir='ltr'><strong>prmponerent.</strong></span> <span class='ocrx_word' id='word_1_584' title='bbox 2783 3874 2850 3929; x_wconf 88' lang='lat' dir='ltr'><strong>At</strong></span> <span class='ocrx_word' id='word_1_585' title='bbox 2884 3874 2960 3929; x_wconf 87' lang='lat' dir='ltr'><strong>illi</strong></span> <span class='ocrx_word' id='word_1_586' title='bbox 3001 3882 3188 3929; x_wconf 83' lang='lat' dir='ltr'><strong>contra</strong></span> <span class='ocrx_word' id='word_1_587' title='bbox 3231 3871 3596 3943; x_wconf 87' lang='lat' dir='ltr'><strong>despicientes</strong></span> <span class='ocrx_word' id='word_1_588' title='bbox 3622 3873 3772 3939; x_wconf 68' lang='lat' dir='ltr'><strong>haec,</strong></span> 
     </span>
    </p>
   </div>
   <div class='ocr_carea' id='block_1_84' title="bbox 2173 3956 3785 4030">
    <p class='ocr_par' dir='ltr' id='par_1_84' title="bbox 2173 3956 3785 4030">
     <span class='ocr_line' id='line_1_84' title="bbox 2173 3956 3785 4030; baseline -0.004 -3"><span class='ocrx_word' id='word_1_589' title='bbox 2173 3956 2329 4027; x_wconf 86' lang='lat' dir='ltr'><strong>nobis</strong></span> <span class='ocrx_word' id='word_1_590' title='bbox 2357 3968 2721 4030; x_wconf 85' lang='lat' dir='ltr'><strong>minabantur,</strong></span> <span class='ocrx_word' id='word_1_591' title='bbox 2744 3977 2800 4022; x_wconf 91' lang='lat' dir='ltr'><strong>et</strong></span> <span class='ocrx_word' id='word_1_592' title='bbox 2831 3981 2893 4023; x_wconf 87' lang='lat' dir='ltr'><strong>se</strong></span> <span class='ocrx_word' id='word_1_593' title='bbox 2924 3966 3277 4023; x_wconf 80' lang='lat' dir='ltr'><strong>Athanasium</strong></span> <span class='ocrx_word' id='word_1_594' title='bbox 3305 3975 3361 4019; x_wconf 84' lang='lat' dir='ltr'><strong>et</strong></span> <span class='ocrx_word' id='word_1_595' title='bbox 3398 3972 3629 4020; x_wconf 63' lang='lat' dir='ltr'><strong>caeteros</strong></span> <span class='ocrx_word' id='word_1_596' title='bbox 3654 3979 3785 4021; x_wconf 52' lang='lat' dir='ltr'><strong>sco.</strong></span> 
     </span>
    </p>
   </div>
   <div class='ocr_carea' id='block_1_85' title="bbox 2174 4055 3787 4128">
    <p class='ocr_par' dir='ltr' id='par_1_85' title="bbox 2174 4055 3787 4128">
     <span class='ocr_line' id='line_1_85' title="bbox 2174 4055 3787 4128; baseline -0.001 -11"><span class='ocrx_word' id='word_1_597' title='bbox 2174 4063 2375 4118; x_wconf 79' lang='lat' dir='ltr'><strong>levatos</strong></span> <span class='ocrx_word' id='word_1_598' title='bbox 2407 4060 2777 4115; x_wconf 76' lang='lat' dir='ltr'><strong>vindicaturus</strong></span> <span class='ocrx_word' id='word_1_599' title='bbox 2822 4058 3235 4128; x_wconf 87' lang='lat' dir='ltr'><strong>pollicebantur.</strong></span> <span class='ocrx_word' id='word_1_600' title='bbox 3264 4056 3430 4126; x_wconf 81' lang='lat' dir='ltr'><strong>Quasi</strong></span> <span class='ocrx_word' id='word_1_601' title='bbox 3474 4071 3603 4112; x_wconf 81' lang='lat' dir='ltr'><strong>vero</strong></span> <span class='ocrx_word' id='word_1_602' title='bbox 3628 4055 3787 4115; x_wconf 79' lang='lat' dir='ltr'><strong>aliud</strong></span> 
     </span>
    </p>
   </div>
   <div class='ocr_carea' id='block_1_86' title="bbox 2176 4150 3787 4222">
    <p class='ocr_par' dir='ltr' id='par_1_86' title="bbox 2176 4150 3787 4222">
     <span class='ocr_line' id='line_1_86' title="bbox 2176 4150 3787 4222; baseline -0.004 -14"><span class='ocrx_word' id='word_1_603' title='bbox 2176 4154 2353 4209; x_wconf 76' lang='lat' dir='ltr'><strong>facere</strong></span> <span class='ocrx_word' id='word_1_604' title='bbox 2381 4159 2471 4207; x_wconf 85' lang='lat' dir='ltr'><strong>aut</strong></span> <span class='ocrx_word' id='word_1_605' title='bbox 2498 4151 2678 4208; x_wconf 88' lang='lat' dir='ltr'><strong>dicere</strong></span> <span class='ocrx_word' id='word_1_606' title='bbox 2706 4158 2962 4222; x_wconf 83' lang='lat' dir='ltr'><strong>possent,</strong></span> <span class='ocrx_word' id='word_1_607' title='bbox 2990 4151 3080 4220; x_wconf 88' lang='lat' dir='ltr'><strong>qui</strong></span> <span class='ocrx_word' id='word_1_608' title='bbox 3125 4150 3422 4204; x_wconf 86' lang='lat' dir='ltr'><strong>sceleratos</strong></span> <span class='ocrx_word' id='word_1_609' title='bbox 3470 4162 3661 4207; x_wconf 75' lang='lat' dir='ltr'><strong>omnes</strong></span> <span class='ocrx_word' id='word_1_610' title='bbox 3708 4160 3787 4211; x_wconf 78' lang='lat' dir='ltr'><strong>ac</strong></span> 
     </span>
    </p>
   </div>
   <div class='ocr_carea' id='block_1_87' title="bbox 2176 4240 3783 4316">
    <p class='ocr_par' dir='ltr' id='par_1_87' title="bbox 2176 4240 3783 4316">
     <span class='ocr_line' id='line_1_87' title="bbox 2176 4240 3783 4316; baseline -0.004 -15"><span class='ocrx_word' id='word_1_611' title='bbox 2176 4245 2417 4316; x_wconf 88' lang='lat' dir='ltr'><strong>perditos</strong></span> <span class='ocrx_word' id='word_1_612' title='bbox 2447 4246 2499 4298; x_wconf 93' lang='lat' dir='ltr'><strong>iu</strong></span> <span class='ocrx_word' id='word_1_613' title='bbox 2539 4258 2695 4297; x_wconf 90' lang='lat' dir='ltr'><strong>suum</strong></span> <span class='ocrx_word' id='word_1_614' title='bbox 2747 4242 3077 4298; x_wconf 85' lang='lat' dir='ltr'><strong>consortium</strong></span> <span class='ocrx_word' id='word_1_615' title='bbox 3122 4249 3469 4310; x_wconf 82' lang='lat' dir='ltr'><strong>receperunt.</strong></span> <span class='ocrx_word' id='word_1_616' title='bbox 3502 4240 3783 4307; x_wconf 65' lang='lat' dir='ltr'><strong>Prmterea</strong></span> 
     </span>
    </p>
   </div>
   <div class='ocr_carea' id='block_1_88' title="bbox 2177 4330 3784 4408">
    <p class='ocr_par' dir='ltr' id='par_1_88' title="bbox 2177 4330 3784 4408">
     <span class='ocr_line' id='line_1_88' title="bbox 2177 4330 3784 4408; baseline -0.002 -16"><span class='ocrx_word' id='word_1_617' title='bbox 2177 4338 2392 4408; x_wconf 71' lang='lat' dir='ltr'><strong>ingente</strong></span> <span class='ocrx_word' id='word_1_618' title='bbox 2426 4334 2530 4392; x_wconf 89' lang='lat' dir='ltr'><strong>hoc</strong></span> <span class='ocrx_word' id='word_1_619' title='bbox 2558 4342 2770 4391; x_wconf 89' lang='lat' dir='ltr'><strong>tumore</strong></span> <span class='ocrx_word' id='word_1_620' title='bbox 2790 4342 3116 4405; x_wconf 88' lang='lat' dir='ltr'><strong>proponunt,</strong></span> <span class='ocrx_word' id='word_1_621' title='bbox 3146 4331 3372 4391; x_wconf 85' lang='lat' dir='ltr'><strong>audacia</strong></span> <span class='ocrx_word' id='word_1_622' title='bbox 3395 4330 3573 4404; x_wconf 84' lang='lat' dir='ltr'><strong>potius</strong></span> <span class='ocrx_word' id='word_1_623' title='bbox 3595 4346 3661 4388; x_wconf 88' lang='lat' dir='ltr'><strong>ac</strong></span> <span class='ocrx_word' id='word_1_624' title='bbox 3686 4339 3784 4389; x_wconf 87' lang='lat' dir='ltr'><strong>te-</strong></span> 
     </span>
    </p>
   </div>
   <div class='ocr_carea' id='block_1_89' title="bbox 536 4488 3783 4575">
    <p class='ocr_par' dir='ltr' id='par_1_89' title="bbox 536 4488 3783 4575">
     <span class='ocr_line' id='line_1_89' title="bbox 536 4488 3783 4575; baseline -0.003 -18"><span class='ocrx_word' id='word_1_625' title='bbox 536 4502 611 4575; x_wconf 83' lang='lat' dir='ltr'><strong>(a)</strong></span> <span class='ocrx_word' id='word_1_626' title='bbox 645 4502 842 4570; x_wconf 83' lang='lat' dir='ltr'><strong>Faber,</strong></span> <span class='ocrx_word' id='word_1_627' title='bbox 870 4501 1133 4558; x_wconf 79' lang='lat' dir='ltr'><strong>asterisco</strong></span> <span class='ocrx_word' id='word_1_628' title='bbox 1155 4503 1351 4573; x_wconf 88' lang='lat' dir='ltr'><strong>posito,</strong></span> <span class='ocrx_word' id='word_1_629' title='bbox 1381 4501 1625 4574; x_wconf 80' lang='lat' dir='ltr'><strong>qna-dam</strong></span> <span class='ocrx_word' id='word_1_630' title='bbox 1650 4501 1738 4557; x_wconf 89' lang='lat' dir='ltr'><strong>hic</strong></span> <span class='ocrx_word' id='word_1_631' title='bbox 1751 4501 1947 4558; x_wconf 87' lang='lat' dir='ltr'><strong>deesse</strong></span> <span class='ocrx_word' id='word_1_632' title='bbox 1960 4514 2066 4575; x_wconf 32' lang='lat' dir='ltr'><strong>‘no-</strong></span> <span class='ocrx_word' id='word_1_633' title='bbox 2090 4501 2145 4562; x_wconf 86' lang='grc'>1)</span> <span class='ocrx_word' id='word_1_634' title='bbox 2171 4498 2284 4575; x_wconf 74' lang='lat' dir='ltr'><strong>rius</strong></span> <span class='ocrx_word' id='word_1_635' title='bbox 2310 4512 2379 4575; x_wconf 73' lang='lat' dir='ltr'><strong>ex</strong></span> <span class='ocrx_word' id='word_1_636' title='bbox 2414 4495 2526 4551; x_wconf 91' lang='lat' dir='ltr'><strong>sola</strong></span> <span class='ocrx_word' id='word_1_637' title='bbox 2556 4492 2769 4575; x_wconf 76' lang='lat' dir='ltr'><strong>illorum</strong></span> <span class='ocrx_word' id='word_1_638' title='bbox 2802 4492 2904 4548; x_wconf 77' lang='lat' dir='ltr'><strong>[ide</strong></span> <span class='ocrx_word' id='word_1_639' title='bbox 2940 4489 3253 4553; x_wconf 89' lang='lat' dir='ltr'><strong>asseruerit,</strong></span> <span class='ocrx_word' id='word_1_640' title='bbox 3280 4488 3470 4563; x_wconf 65' lang='lat' dir='ltr'><strong>fragm.</strong></span> <span class='ocrx_word' id='word_1_641' title='bbox 3501 4505 3563 4558; x_wconf 83' lang='lat' dir='ltr'><strong>tt,</strong></span> <span class='ocrx_word' id='word_1_642' title='bbox 3594 4507 3647 4544; x_wconf 92' lang='lat' dir='ltr'><strong>n.</strong></span> <span class='ocrx_word' id='word_1_643' title='bbox 3679 4490 3783 4563; x_wconf 77' lang='grc'><strong>21,</strong></span> 
     </span>
    </p>
   </div>
   <div class='ocr_carea' id='block_1_90' title="bbox 462 4569 2055 4647">
    <p class='ocr_par' dir='ltr' id='par_1_90' title="bbox 462 4569 2055 4647">
     <span class='ocr_line' id='line_1_90' title="bbox 462 4569 2055 4647; baseline -0.003 -17"><span class='ocrx_word' id='word_1_644' title='bbox 462 4569 614 4647; x_wconf 72' lang='lat' dir='ltr'><strong>tavit.</strong></span> <span class='ocrx_word' id='word_1_645' title='bbox 651 4569 863 4647; x_wconf 70' lang='lat' dir='ltr'><strong>lntvgra</strong></span> <span class='ocrx_word' id='word_1_646' title='bbox 896 4586 1074 4629; x_wconf 88' lang='lat' dir='ltr'><strong>tamen</strong></span> <span class='ocrx_word' id='word_1_647' title='bbox 1103 4569 1258 4630; x_wconf 83' lang='lat' dir='ltr'><strong>uohls</strong></span> <span class='ocrx_word' id='word_1_648' title='bbox 1281 4569 1492 4630; x_wconf 80' lang='lat' dir='ltr'><strong>videtur</strong></span> <span class='ocrx_word' id='word_1_649' title='bbox 1520 4575 1784 4628; x_wconf 86' lang='lat' dir='ltr'><strong>sententia</strong></span> <span class='ocrx_word' id='word_1_650' title='bbox 1811 4591 1824 4647; x_wconf 68' lang='grc' dir='ltr'>ς</span> <span class='ocrx_word' id='word_1_651' title='bbox 1865 4581 1922 4626; x_wconf 92' lang='lat' dir='ltr'><strong>ut</strong></span> <span class='ocrx_word' id='word_1_652' title='bbox 1951 4569 2055 4647; x_wconf 75' lang='lat' dir='ltr'><strong>Qe-</strong></span> 
     </span>
    </p>
   </div>
   <div class='ocr_carea' id='block_1_91' title="bbox 461 4640 2059 4716">
    <p class='ocr_par' dir='ltr' id='par_1_91' title="bbox 461 4640 2059 4716">
     <span class='ocr_line' id='line_1_91' title="bbox 461 4640 2059 4716; baseline -0.003 -15"><span class='ocrx_word' id='word_1_653' title='bbox 461 4640 795 4714; x_wconf 54' lang='lat' dir='ltr'><strong>cidentales;</strong></span> <span class='ocrx_word' id='word_1_654' title='bbox 823 4647 934 4716; x_wconf 90' lang='lat' dir='ltr'><strong>qui,</strong></span> <span class='ocrx_word' id='word_1_655' title='bbox 989 4662 1137 4700; x_wconf 91' lang='lat' dir='ltr'><strong>num.</strong></span> <span class='ocrx_word' id='word_1_656' title='bbox 1188 4648 1276 4709; x_wconf 76' lang='lat'><strong>10,</strong></span> <span class='ocrx_word' id='word_1_657' title='bbox 1316 4654 1559 4701; x_wconf 88' lang='lat' dir='ltr'><strong>nontam</strong></span> <span class='ocrx_word' id='word_1_658' title='bbox 1594 4660 1691 4716; x_wconf 90' lang='lat' dir='ltr'><strong>pro</strong></span> <span class='ocrx_word' id='word_1_659' title='bbox 1740 4640 2059 4708; x_wconf 83' lang='lat' dir='ltr'><strong>Athanasio,</strong></span> 
     </span>
    </p>
   </div>
   <div class='ocr_carea' id='block_1_92' title="bbox 460 4716 2065 4790">
    <p class='ocr_par' dir='ltr' id='par_1_92' title="bbox 460 4716 2065 4790">
     <span class='ocr_line' id='line_1_92' title="bbox 460 4716 2065 4790; baseline -0.002 -19"><span class='ocrx_word' id='word_1_660' title='bbox 460 4735 616 4790; x_wconf 84' lang='lat' dir='ltr'><strong>quam</strong></span> <span class='ocrx_word' id='word_1_661' title='bbox 642 4736 737 4789; x_wconf 83' lang='lat' dir='ltr'><strong>pro</strong></span> <span class='ocrx_word' id='word_1_662' title='bbox 761 4719 867 4774; x_wconf 78' lang='lat' dir='ltr'><strong>suis</strong></span> <span class='ocrx_word' id='word_1_663' title='bbox 894 4716 1091 4790; x_wconf 82' lang='lat' dir='ltr'><strong>actibus</strong></span> <span class='ocrx_word' id='word_1_664' title='bbox 1116 4718 1356 4774; x_wconf 77' lang='lat' dir='ltr'><strong>laborare</strong></span> <span class='ocrx_word' id='word_1_665' title='bbox 1379 4719 1614 4789; x_wconf 69' lang='lat' dir='ltr'><strong>cmpisse</strong></span> <span class='ocrx_word' id='word_1_666' title='bbox 1638 4716 1768 4771; x_wconf 89' lang='lat' dir='ltr'><strong>dicti</strong></span> <span class='ocrx_word' id='word_1_667' title='bbox 1803 4724 1948 4790; x_wconf 79' lang='lat' dir='ltr'><strong>sunt,</strong></span> <span class='ocrx_word' id='word_1_668' title='bbox 1973 4729 2065 4768; x_wconf 85' lang='lat' dir='ltr'><strong>co-</strong></span> 
     </span>
    </p>
   </div>
   <div class='ocr_carea' id='block_1_93' title="bbox 461 4788 2063 4846">
    <p class='ocr_par' dir='ltr' id='par_1_93' title="bbox 461 4788 2063 4846">
     <span class='ocr_line' id='line_1_93' title="bbox 461 4788 2063 4846; baseline -0.003 -1"><span class='ocrx_word' id='word_1_669' title='bbox 461 4788 585 4845; x_wconf 87' lang='lat' dir='ltr'><strong>dem</strong></span> <span class='ocrx_word' id='word_1_670' title='bbox 617 4788 778 4846; x_wconf 87' lang='lat' dir='ltr'><strong>sensu</strong></span> <span class='ocrx_word' id='word_1_671' title='bbox 807 4806 949 4845; x_wconf 89' lang='lat' dir='ltr'><strong>nunc</strong></span> <span class='ocrx_word' id='word_1_672' title='bbox 977 4789 1224 4846; x_wconf 88' lang='lat' dir='ltr'><strong>dicantur</strong></span> <span class='ocrx_word' id='word_1_673' title='bbox 1251 4806 1355 4846; x_wconf 91' lang='lat' dir='ltr'><strong>non</strong></span> <span class='ocrx_word' id='word_1_674' title='bbox 1385 4788 1494 4846; x_wconf 88' lang='lat' dir='ltr'><strong>tam</strong></span> <span class='ocrx_word' id='word_1_675' title='bbox 1533 4790 1678 4845; x_wconf 89' lang='lat' dir='ltr'><strong>illius</strong></span> <span class='ocrx_word' id='word_1_676' title='bbox 1701 4803 1766 4844; x_wconf 88' lang='lat' dir='ltr'><strong>ac</strong></span> <span class='ocrx_word' id='word_1_677' title='bbox 1792 4788 2063 4843; x_wconf 88' lang='lat' dir='ltr'><strong>sociorum</strong></span> 
     </span>
    </p>
   </div>
   <div class='ocr_carea' id='block_1_94' title="bbox 463 4860 1324 4931">
    <p class='ocr_par' dir='ltr' id='par_1_94' title="bbox 463 4860 1324 4931">
     <span class='ocr_line' id='line_1_94' title="bbox 463 4860 1324 4931; baseline 0.005 -16"><span class='ocrx_word' id='word_1_678' title='bbox 463 4860 694 4921; x_wconf 85' lang='lat' dir='ltr'><strong>actibus.</strong></span> <span class='ocrx_word' id='word_1_679' title='bbox 728 4877 888 4931; x_wconf 88' lang='lat' dir='ltr'><strong>quam</strong></span> <span class='ocrx_word' id='word_1_680' title='bbox 916 4861 1030 4916; x_wconf 87' lang='lat' dir='ltr'><strong>suis</strong></span> <span class='ocrx_word' id='word_1_681' title='bbox 1057 4863 1324 4919; x_wconf 88' lang='lat' dir='ltr'><strong>misereri.</strong></span> 
     </span>
    </p>
   </div>
   <div class='ocr_carea' id='block_1_95' title="bbox 540 4948 2064 5026">
    <p class='ocr_par' dir='ltr' id='par_1_95' title="bbox 540 4948 2064 5026">
     <span class='ocr_line' id='line_1_95' title="bbox 540 4948 2064 5026; baseline -0.001 -20"><span class='ocrx_word' id='word_1_682' title='bbox 540 4953 617 5026; x_wconf 74' lang='lat' dir='ltr'><strong>(b)</strong></span> <span class='ocrx_word' id='word_1_683' title='bbox 674 4950 1158 5026; x_wconf 75' lang='lat' dir='ltr'><strong>Condemnationis</strong></span> <span class='ocrx_word' id='word_1_684' title='bbox 1202 4954 1360 5026; x_wconf 88' lang='lat' dir='ltr'><strong>hujus</strong></span> <span class='ocrx_word' id='word_1_685' title='bbox 1406 4954 1611 5026; x_wconf 88' lang='lat' dir='ltr'><strong>nullum</strong></span> <span class='ocrx_word' id='word_1_686' title='bbox 1660 4962 1744 5026; x_wconf 89' lang='lat' dir='ltr'><strong>est</strong></span> <span class='ocrx_word' id='word_1_687' title='bbox 1786 4959 1878 5026; x_wconf 85' lang='lat' dir='ltr'><strong>aut</strong></span> <span class='ocrx_word' id='word_1_688' title='bbox 1923 4948 2064 5020; x_wconf 87' lang='lat' dir='ltr'><strong>apud</strong></span> 
     </span>
    </p>
   </div>
   <div class='ocr_carea' id='block_1_96' title="bbox 465 5022 2065 5091">
    <p class='ocr_par' dir='ltr' id='par_1_96' title="bbox 465 5022 2065 5091">
     <span class='ocr_line' id='line_1_96' title="bbox 465 5022 2065 5091; baseline -0.002 -11"><span class='ocrx_word' id='word_1_689' title='bbox 465 5024 839 5087; x_wconf 84' lang='lat' dir='ltr'><strong>Athanasium,</strong></span> <span class='ocrx_word' id='word_1_690' title='bbox 866 5035 958 5078; x_wconf 89' lang='lat' dir='ltr'><strong>aut</strong></span> <span class='ocrx_word' id='word_1_691' title='bbox 983 5026 1124 5091; x_wconf 87' lang='lat' dir='ltr'><strong>aptul</strong></span> <span class='ocrx_word' id='word_1_692' title='bbox 1151 5022 1287 5080; x_wconf 77' lang='lat' dir='ltr'><strong>alios</strong></span> <span class='ocrx_word' id='word_1_693' title='bbox 1305 5042 1472 5080; x_wconf 66' lang='lat' dir='ltr'><strong>sacrae</strong></span> <span class='ocrx_word' id='word_1_694' title='bbox 1501 5025 1743 5080; x_wconf 70' lang='lat' dir='ltr'><strong>historia:</strong></span> <span class='ocrx_word' id='word_1_695' title='bbox 1768 5022 2065 5091; x_wconf 85' lang='lat' dir='ltr'><strong>scriptores</strong></span> 
     </span>
    </p>
   </div>
   <div class='ocr_carea' id='block_1_97' title="bbox 464 5094 2065 5163">
    <p class='ocr_par' dir='ltr' id='par_1_97' title="bbox 464 5094 2065 5163">
     <span class='ocr_line' id='line_1_97' title="bbox 464 5094 2065 5163; baseline -0.001 -15"><span class='ocrx_word' id='word_1_696' title='bbox 464 5096 771 5163; x_wconf 69' lang='lat' dir='ltr'><strong>vestigium.</strong></span> <span class='ocrx_word' id='word_1_697' title='bbox 799 5094 909 5150; x_wconf 88' lang='lat' dir='ltr'><strong>Nec</strong></span> <span class='ocrx_word' id='word_1_698' title='bbox 932 5096 1047 5150; x_wconf 89' lang='lat' dir='ltr'><strong>veri</strong></span> <span class='ocrx_word' id='word_1_699' title='bbox 1070 5097 1280 5152; x_wconf 86' lang='lat' dir='ltr'><strong>videtur</strong></span> <span class='ocrx_word' id='word_1_700' title='bbox 1306 5099 1505 5160; x_wconf 88' lang='lat' dir='ltr'><strong>simile,</strong></span> <span class='ocrx_word' id='word_1_701' title='bbox 1534 5110 1589 5151; x_wconf 91' lang='lat' dir='ltr'><strong>ut</strong></span> <span class='ocrx_word' id='word_1_702' title='bbox 1618 5095 1942 5150; x_wconf 89' lang='lat' dir='ltr'><strong>Athanasius</strong></span> <span class='ocrx_word' id='word_1_703' title='bbox 1964 5096 2065 5147; x_wconf 83' lang='lat' dir='ltr'><strong>As-</strong></span> 
     </span>
    </p>
   </div>
   <div class='ocr_carea' id='block_1_98' title="bbox 464 5167 2060 5239">
    <p class='ocr_par' dir='ltr' id='par_1_98' title="bbox 464 5167 2060 5239">
     <span class='ocr_line' id='line_1_98' title="bbox 464 5167 2060 5239; baseline -0.003 -18"><span class='ocrx_word' id='word_1_704' title='bbox 464 5167 673 5235; x_wconf 90' lang='lat' dir='ltr'><strong>clepam</strong></span> <span class='ocrx_word' id='word_1_705' title='bbox 704 5167 1121 5239; x_wconf 77' lang='lat' dir='ltr'><strong>damnaverit,</strong></span> <span class='ocrx_word' id='word_1_706' title='bbox 1154 5184 1314 5239; x_wconf 88' lang='lat' dir='ltr'><strong>quem</strong></span> <span class='ocrx_word' id='word_1_707' title='bbox 1367 5167 1720 5239; x_wconf 84' lang='lat' dir='ltr'><strong>reprehendit</strong></span> <span class='ocrx_word' id='word_1_708' title='bbox 1763 5180 2060 5239; x_wconf 74' lang='lat' dir='ltr'><strong>nusquam,</strong></span> 
     </span>
    </p>
   </div>
   <div class='ocr_carea' id='block_1_99' title="bbox 466 5236 2061 5310">
    <p class='ocr_par' dir='ltr' id='par_1_99' title="bbox 466 5236 2061 5310">
     <span class='ocr_line' id='line_1_99' title="bbox 466 5236 2061 5310; baseline -0.001 -18"><span class='ocrx_word' id='word_1_709' title='bbox 466 5240 665 5307; x_wconf 84' lang='lat' dir='ltr'><strong>passim</strong></span> <span class='ocrx_word' id='word_1_710' title='bbox 699 5238 949 5293; x_wconf 85' lang='lat' dir='ltr'><strong>laudibus</strong></span> <span class='ocrx_word' id='word_1_711' title='bbox 984 5236 1212 5310; x_wconf 75' lang='lat' dir='ltr'><strong>extollit.</strong></span> <span class='ocrx_word' id='word_1_712' title='bbox 1262 5236 1518 5310; x_wconf 71' lang='lat' dir='ltr'><strong>Ejusdem</strong></span> <span class='ocrx_word' id='word_1_713' title='bbox 1564 5240 1754 5293; x_wconf 76' lang='lat' dir='ltr'><strong>farina:</strong></span> <span class='ocrx_word' id='word_1_714' title='bbox 1792 5236 2061 5310; x_wconf 59' lang='lat' dir='ltr'><strong>egtseuda</strong></span> 
     </span>
    </p>
   </div>
   <div class='ocr_carea' id='block_1_100' title="bbox 465 5306 2065 5378">
    <p class='ocr_par' dir='ltr' id='par_1_100' title="bbox 465 5306 2065 5378">
     <span class='ocr_line' id='line_1_100' title="bbox 465 5306 2065 5378; baseline -0.003 -13"><span class='ocrx_word' id='word_1_715' title='bbox 465 5306 611 5376; x_wconf 82' lang='lat' dir='ltr'><strong>sunt,</strong></span> <span class='ocrx_word' id='word_1_716' title='bbox 638 5326 759 5378; x_wconf 69' lang='lat' dir='ltr'><strong>qute</strong></span> <span class='ocrx_word' id='word_1_717' title='bbox 787 5310 855 5365; x_wconf 88' lang='lat' dir='ltr'><strong>de</strong></span> <span class='ocrx_word' id='word_1_718' title='bbox 882 5309 1136 5376; x_wconf 81' lang='lat' dir='ltr'><strong>Marcello</strong></span> <span class='ocrx_word' id='word_1_719' title='bbox 1161 5323 1213 5365; x_wconf 88' lang='lat' dir='ltr'><strong>et</strong></span> <span class='ocrx_word' id='word_1_720' title='bbox 1243 5306 1410 5364; x_wconf 78' lang='lat' dir='ltr'><strong>Paulo</strong></span> <span class='ocrx_word' id='word_1_721' title='bbox 1426 5311 1804 5377; x_wconf 84' lang='lat' dir='ltr'><strong>subjiciuntur.</strong></span> <span class='ocrx_word' id='word_1_722' title='bbox 1837 5308 1902 5363; x_wconf 84' lang='lat' dir='ltr'><strong>Et</strong></span> <span class='ocrx_word' id='word_1_723' title='bbox 1927 5306 2065 5361; x_wconf 80' lang='lat' dir='ltr'><strong>Pau-</strong></span> 
     </span>
    </p>
   </div>
   <div class='ocr_carea' id='block_1_101' title="bbox 468 5379 2070 5451">
    <p class='ocr_par' dir='ltr' id='par_1_101' title="bbox 468 5379 2070 5451">
     <span class='ocr_line' id='line_1_101' title="bbox 468 5379 2070 5451; baseline -0.003 -16"><span class='ocrx_word' id='word_1_724' title='bbox 468 5381 577 5435; x_wconf 91' lang='lat' dir='ltr'><strong>lum</strong></span> <span class='ocrx_word' id='word_1_725' title='bbox 612 5379 830 5450; x_wconf 73' lang='lat' dir='ltr'><strong>quidem</strong></span> <span class='ocrx_word' id='word_1_726' title='bbox 860 5423 874 5446; x_wconf 88' lang='lat'><strong>,</strong></span> <span class='ocrx_word' id='word_1_727' title='bbox 914 5383 1229 5451; x_wconf 87' lang='lat' dir='ltr'><strong>priusquam</strong></span> <span class='ocrx_word' id='word_1_728' title='bbox 1268 5384 1336 5436; x_wconf 88' lang='lat' dir='ltr'><strong>ab</strong></span> <span class='ocrx_word' id='word_1_729' title='bbox 1369 5384 1679 5450; x_wconf 86' lang='lat' dir='ltr'><strong>episcopatu</strong></span> <span class='ocrx_word' id='word_1_730' title='bbox 1708 5380 2032 5451; x_wconf 89' lang='lat' dir='ltr'><strong>dejiceretur</strong></span> <span class='ocrx_word' id='word_1_731' title='bbox 2054 5421 2070 5445; x_wconf 86' lang='lat'><strong>,</strong></span> 
     </span>
    </p>
   </div>
   <div class='ocr_carea' id='block_1_102' title="bbox 470 5450 2074 5509">
    <p class='ocr_par' dir='ltr' id='par_1_102' title="bbox 470 5450 2074 5509">
     <span class='ocr_line' id='line_1_102' title="bbox 470 5450 2074 5509; baseline -0.001 -4"><span class='ocrx_word' id='word_1_732' title='bbox 470 5465 656 5506; x_wconf 89' lang='lat' dir='ltr'><strong>secum</strong></span> <span class='ocrx_word' id='word_1_733' title='bbox 677 5450 1109 5507; x_wconf 79' lang='lat' dir='ltr'><strong>communicasse</strong></span> <span class='ocrx_word' id='word_1_734' title='bbox 1132 5454 1264 5508; x_wconf 86' lang='lat' dir='ltr'><strong>satis</strong></span> <span class='ocrx_word' id='word_1_735' title='bbox 1290 5454 1490 5509; x_wconf 87' lang='lat' dir='ltr'><strong>indicat</strong></span> <span class='ocrx_word' id='word_1_736' title='bbox 1517 5454 1844 5507; x_wconf 79' lang='lat' dir='ltr'><strong>Athanasius</strong></span> <span class='ocrx_word' id='word_1_737' title='bbox 1876 5450 1943 5503; x_wconf 86' lang='lat' dir='ltr'><strong>ad</strong></span> <span class='ocrx_word' id='word_1_738' title='bbox 1973 5451 2074 5504; x_wconf 81' lang='lat' dir='ltr'><strong>So-</strong></span> 
     </span>
    </p>
   </div>
   <div class='ocr_carea' id='block_1_103' title="bbox 470 5520 2073 5594">
    <p class='ocr_par' dir='ltr' id='par_1_103' title="bbox 470 5520 2073 5594">
     <span class='ocr_line' id='line_1_103' title="bbox 470 5520 2073 5594; baseline 0.002 -19"><span class='ocrx_word' id='word_1_739' title='bbox 470 5523 550 5577; x_wconf 91' lang='lat' dir='ltr'><strong>lit.</strong></span> <span class='ocrx_word' id='word_1_740' title='bbox 599 5539 649 5590; x_wconf 89' lang='lat' dir='ltr'><strong>p.</strong></span> <span class='ocrx_word' id='word_1_741' title='bbox 694 5524 820 5581; x_wconf 77' lang='lat'><strong>815.</strong></span> <span class='ocrx_word' id='word_1_742' title='bbox 859 5524 993 5580; x_wconf 86' lang='lat' dir='ltr'><strong>Hinc</strong></span> <span class='ocrx_word' id='word_1_743' title='bbox 1032 5536 1217 5579; x_wconf 80' lang='lat' dir='ltr'><strong>nostra</strong></span> <span class='ocrx_word' id='word_1_744' title='bbox 1261 5532 1490 5591; x_wconf 74' lang='lat' dir='ltr'><strong>augetur</strong></span> <span class='ocrx_word' id='word_1_745' title='bbox 1529 5524 1785 5594; x_wconf 86' lang='lat' dir='ltr'><strong>suspicio,</strong></span> <span class='ocrx_word' id='word_1_746' title='bbox 1827 5538 1895 5577; x_wconf 90' lang='lat' dir='ltr'><strong>ne</strong></span> <span class='ocrx_word' id='word_1_747' title='bbox 1935 5520 2073 5594; x_wconf 81' lang='lat' dir='ltr'><strong>forte</strong></span> 
     </span>
    </p>
   </div>
   <div class='ocr_carea' id='block_1_104' title="bbox 476 5592 2066 5659">
    <p class='ocr_par' dir='ltr' id='par_1_104' title="bbox 476 5592 2066 5659">
     <span class='ocr_line' id='line_1_104' title="bbox 476 5592 2066 5659; baseline -0.001 -12"><span class='ocrx_word' id='word_1_748' title='bbox 476 5594 684 5659; x_wconf 85' lang='lat' dir='ltr'><strong>Ariani,</strong></span> <span class='ocrx_word' id='word_1_749' title='bbox 724 5596 922 5651; x_wconf 89' lang='lat' dir='ltr'><strong>Sirmio</strong></span> <span class='ocrx_word' id='word_1_750' title='bbox 958 5597 1321 5653; x_wconf 87' lang='lat' dir='ltr'><strong>rescribentes</strong></span> <span class='ocrx_word' id='word_1_751' title='bbox 1356 5597 1423 5653; x_wconf 86' lang='lat' dir='ltr'><strong>de</strong></span> <span class='ocrx_word' id='word_1_752' title='bbox 1449 5592 1795 5652; x_wconf 85' lang='lat' dir='ltr'><strong>damnatione</strong></span> <span class='ocrx_word' id='word_1_753' title='bbox 1830 5592 2066 5658; x_wconf 88' lang='lat' dir='ltr'><strong>Photiui,</strong></span> 
     </span>
    </p>
   </div>
   <div class='ocr_carea' id='block_1_105' title="bbox 472 5662 2071 5727">
    <p class='ocr_par' dir='ltr' id='par_1_105' title="bbox 472 5662 2071 5727">
     <span class='ocr_line' id='line_1_105' title="bbox 472 5662 2071 5727; baseline 0.005 -6"><span class='ocrx_word' id='word_1_754' title='bbox 472 5662 826 5721; x_wconf 79' lang='lat' dir='ltr'><strong>Athanasium</strong></span> <span class='ocrx_word' id='word_1_755' title='bbox 878 5684 908 5722; x_wconf 88' lang='lat' dir='ltr'><strong>a</strong></span> <span class='ocrx_word' id='word_1_756' title='bbox 959 5668 1198 5726; x_wconf 82' lang='lat' dir='ltr'><strong>Marcelli</strong></span> <span class='ocrx_word' id='word_1_757' title='bbox 1253 5672 1637 5726; x_wconf 88' lang='lat' dir='ltr'><strong>communione</strong></span> <span class='ocrx_word' id='word_1_758' title='bbox 1688 5684 1748 5725; x_wconf 88' lang='lat' dir='ltr'><strong>se</strong></span> <span class='ocrx_word' id='word_1_759' title='bbox 1798 5664 2071 5727; x_wconf 63' lang='lat' dir='ltr'><strong>abstinere</strong></span> 
     </span>
    </p>
   </div>
   <div class='ocr_carea' id='block_1_106' title="bbox 475 5735 2071 5814">
    <p class='ocr_par' dir='ltr' id='par_1_106' title="bbox 475 5735 2071 5814">
     <span class='ocr_line' id='line_1_106' title="bbox 475 5735 2071 5814; baseline 0.001 -23"><span class='ocrx_word' id='word_1_760' title='bbox 475 5735 807 5795; x_wconf 87' lang='lat' dir='ltr'><strong>mendaciter</strong></span> <span class='ocrx_word' id='word_1_761' title='bbox 834 5741 1162 5808; x_wconf 84' lang='lat' dir='ltr'><strong>inseruerint</strong></span> <span class='ocrx_word' id='word_1_762' title='bbox 1181 5782 1198 5809; x_wconf 91' lang='lat'><strong>,</strong></span> <span class='ocrx_word' id='word_1_763' title='bbox 1241 5740 1402 5813; x_wconf 87' lang='lat' dir='ltr'><strong>idque</strong></span> <span class='ocrx_word' id='word_1_764' title='bbox 1427 5743 1589 5814; x_wconf 89' lang='lat' dir='ltr'><strong>paulo</strong></span> <span class='ocrx_word' id='word_1_765' title='bbox 1616 5738 1889 5800; x_wconf 89' lang='lat' dir='ltr'><strong>credulior</strong></span> <span class='ocrx_word' id='word_1_766' title='bbox 1925 5736 2071 5793; x_wconf 72' lang='lat' dir='ltr'><strong>llila-</strong></span> 
     </span>
    </p>
   </div>
   <div class='ocr_carea' id='block_1_107' title="bbox 2172 4567 3811 4624">
    <p class='ocr_par' dir='ltr' id='par_1_107' title="bbox 2172 4567 3811 4624">
     <span class='ocr_line' id='line_1_107' title="bbox 2172 4567 3811 4624; baseline -0.012 0"><span class='ocrx_word' id='word_1_767' title='bbox 2172 4579 2227 4624; x_wconf 88' lang='lat' dir='ltr'><strong>ut</strong></span> <span class='ocrx_word' id='word_1_768' title='bbox 2250 4569 2379 4624; x_wconf 87' lang='lat' dir='ltr'><strong>ibid.</strong></span> <span class='ocrx_word' id='word_1_769' title='bbox 2415 4567 2742 4621; x_wconf 83' lang='lat' dir='ltr'><strong>monuimus.</strong></span> <span class='ocrx_word' id='word_1_770' title='bbox 3792 4592 3811 4612; x_wconf 79' lang='lat'><strong>,</strong></span> 
     </span>
    </p>
   </div>
   <div class='ocr_carea' id='block_1_108' title="bbox 2241 4632 3777 4716">
    <p class='ocr_par' dir='ltr' id='par_1_108' title="bbox 2241 4632 3777 4716">
     <span class='ocr_line' id='line_1_108' title="bbox 2241 4632 3777 4716; baseline -0.007 -20"><span class='ocrx_word' id='word_1_771' title='bbox 2241 4638 2478 4716; x_wconf 58' lang='lat' dir='ltr'><strong>(leuid</strong></span> <span class='ocrx_word' id='word_1_772' title='bbox 2505 4639 2620 4716; x_wconf 68' lang='lat' dir='ltr'><strong>sibi</strong></span> <span class='ocrx_word' id='word_1_773' title='bbox 2635 4637 2768 4693; x_wconf 70' lang='lat' dir='ltr'><strong>velit</strong></span> <span class='ocrx_word' id='word_1_774' title='bbox 2808 4635 2936 4689; x_wconf 89' lang='lat' dir='ltr'><strong>illud</strong></span> <span class='ocrx_word' id='word_1_775' title='bbox 2974 4643 3180 4716; x_wconf 53' lang='lat' dir='ltr'><strong>quater,</strong></span> <span class='ocrx_word' id='word_1_776' title='bbox 3210 4645 3317 4688; x_wconf 89' lang='lat' dir='ltr'><strong>non</strong></span> <span class='ocrx_word' id='word_1_777' title='bbox 3350 4632 3505 4716; x_wconf 61' lang='lat' dir='ltr'><strong>facile</strong></span> <span class='ocrx_word' id='word_1_778' title='bbox 3532 4632 3777 4716; x_wconf 45' lang='lat' dir='ltr'><strong>(livoris;</strong></span> 
     </span>
    </p>
   </div>
   <div class='ocr_carea' id='block_1_109' title="bbox 2168 4704 3779 4777">
    <p class='ocr_par' dir='ltr' id='par_1_109' title="bbox 2168 4704 3779 4777">
     <span class='ocr_line' id='line_1_109' title="bbox 2168 4704 3779 4777; baseline -0.007 -8"><span class='ocrx_word' id='word_1_779' title='bbox 2168 4704 2305 4769; x_wconf 73' lang='lat' dir='ltr'><strong>cum</strong></span> <span class='ocrx_word' id='word_1_780' title='bbox 2320 4704 2571 4773; x_wconf 68' lang='lat' dir='ltr'><strong>Hilarius,</strong></span> <span class='ocrx_word' id='word_1_781' title='bbox 2596 4709 2898 4777; x_wconf 68' lang='lat' dir='ltr'><strong>fragmento</strong></span> <span class='ocrx_word' id='word_1_782' title='bbox 2916 4704 3202 4777; x_wconf 77' lang='lat' dir='ltr'><strong>superiori,</strong></span> <span class='ocrx_word' id='word_1_783' title='bbox 3224 4721 3373 4758; x_wconf 89' lang='lat' dir='ltr'><strong>uttm.</strong></span> <span class='ocrx_word' id='word_1_784' title='bbox 3402 4704 3495 4769; x_wconf 72' lang='lat'><strong>22,</strong></span> <span class='ocrx_word' id='word_1_785' title='bbox 3516 4704 3779 4770; x_wconf 76' lang='lat' dir='ltr'><strong>aflirmet,</strong></span> 
     </span>
    </p>
   </div>
   <div class='ocr_carea' id='block_1_110' title="bbox 2172 4776 3787 4849">
    <p class='ocr_par' dir='ltr' id='par_1_110' title="bbox 2172 4776 3787 4849">
     <span class='ocr_line' id='line_1_110' title="bbox 2172 4776 3787 4849; baseline -0.005 -10"><span class='ocrx_word' id='word_1_786' title='bbox 2172 4784 2369 4839; x_wconf 82' lang='lat' dir='ltr'><strong>nullam</strong></span> <span class='ocrx_word' id='word_1_787' title='bbox 2400 4797 2638 4846; x_wconf 80' lang='lat' dir='ltr'><strong>umquam</strong></span> <span class='ocrx_word' id='word_1_788' title='bbox 2665 4776 2909 4835; x_wconf 71' lang='lat' dir='ltr'><strong>adversus</strong></span> <span class='ocrx_word' id='word_1_789' title='bbox 2939 4776 3265 4849; x_wconf 75' lang='lat' dir='ltr'><strong>Marcellum,</strong></span> <span class='ocrx_word' id='word_1_790' title='bbox 3290 4786 3497 4849; x_wconf 67' lang='lat' dir='ltr'><strong>prater</strong></span> <span class='ocrx_word' id='word_1_791' title='bbox 3529 4792 3636 4829; x_wconf 79' lang='lat' dir='ltr'><strong>eain</strong></span> <span class='ocrx_word' id='word_1_792' title='bbox 3662 4793 3787 4845; x_wconf 73' lang='lat' dir='ltr'><strong>qua:</strong></span> 
     </span>
    </p>
   </div>
   <div class='ocr_carea' id='block_1_111' title="bbox 2175 4847 3785 4919">
    <p class='ocr_par' dir='ltr' id='par_1_111' title="bbox 2175 4847 3785 4919">
     <span class='ocr_line' id='line_1_111' title="bbox 2175 4847 3785 4919; baseline -0.005 -8"><span class='ocrx_word' id='word_1_793' title='bbox 2175 4852 2568 4911; x_wconf 72' lang='lat' dir='ltr'><strong>Surdicensibus</strong></span> <span class='ocrx_word' id='word_1_794' title='bbox 2594 4860 2665 4906; x_wconf 77' lang='lat' dir='ltr'><strong>est</strong></span> <span class='ocrx_word' id='word_1_795' title='bbox 2683 4850 2936 4905; x_wconf 80' lang='lat' dir='ltr'><strong>dissoluta</strong></span> <span class='ocrx_word' id='word_1_796' title='bbox 2962 4847 3243 4912; x_wconf 78' lang='lat' dir='ltr'><strong>sententiis,</strong></span> <span class='ocrx_word' id='word_1_797' title='bbox 3264 4847 3503 4916; x_wconf 77' lang='lat' dir='ltr'><strong>deinceps</strong></span> <span class='ocrx_word' id='word_1_798' title='bbox 3523 4849 3785 4919; x_wconf 73' lang='lat' dir='ltr'><strong>synodum</strong></span> 
     </span>
    </p>
   </div>
   <div class='ocr_carea' id='block_1_112' title="bbox 2173 4928 2693 4999">
    <p class='ocr_par' dir='ltr' id='par_1_112' title="bbox 2173 4928 2693 4999">
     <span class='ocr_line' id='line_1_112' title="bbox 2173 4928 2693 4999; baseline -0.012 -17"><span class='ocrx_word' id='word_1_799' title='bbox 2173 4928 2333 4999; x_wconf 78' lang='lat' dir='ltr'><strong>fuisse</strong></span> <span class='ocrx_word' id='word_1_800' title='bbox 2360 4935 2693 4999; x_wconf 75' lang='lat' dir='ltr'><strong>contractam.</strong></span> 
     </span>
    </p>
   </div>
   <div class='ocr_carea' id='block_1_113' title="bbox 2248 4991 3418 5069">
    <p class='ocr_par' dir='ltr' id='par_1_113' title="bbox 2248 4991 3418 5069">
     <span class='ocr_line' id='line_1_113' title="bbox 2248 4991 3418 5069; baseline -0.01 -13"><span class='ocrx_word' id='word_1_801' title='bbox 2248 4998 2325 5069; x_wconf 78' lang='grc' dir='ltr'><strong>(ά)</strong></span> <span class='ocrx_word' id='word_1_802' title='bbox 2360 4997 2540 5069; x_wconf 73' lang='lat' dir='ltr'><strong>Forte,</strong></span> <span class='ocrx_word' id='word_1_803' title='bbox 2573 4993 2957 5069; x_wconf 68' lang='lat' dir='ltr'><strong>removere,_vel</strong></span> <span class='ocrx_word' id='word_1_804' title='bbox 2988 5000 3209 5045; x_wconf 78' lang='lat' dir='ltr'><strong>remotos</strong></span> <span class='ocrx_word' id='word_1_805' title='bbox 3236 4991 3418 5069; x_wconf 66' lang='lat' dir='ltr'><strong>vivere.</strong></span> 
     </span>
    </p>
   </div>
   <div class='ocr_carea' id='block_1_114' title="bbox 2242 5058 3784 5154">
    <p class='ocr_par' dir='ltr' id='par_1_114' title="bbox 2242 5058 3784 5154">
     <span class='ocr_line' id='line_1_114' title="bbox 2242 5058 3784 5154; baseline -0.008 -30"><span class='ocrx_word' id='word_1_806' title='bbox 2242 5058 2313 5154; x_wconf 70' lang='grc' dir='ltr'><strong>ξε)</strong></span> <span class='ocrx_word' id='word_1_807' title='bbox 2357 5064 2899 5154; x_wconf 34' lang='lat' dir='ltr'><strong>Meudosaolcctiosic</strong></span> <span class='ocrx_word' id='word_1_808' title='bbox 2912 5071 3112 5154; x_wconf 61' lang='lat' dir='ltr'><strong>potest</strong></span> <span class='ocrx_word' id='word_1_809' title='bbox 3136 5063 3340 5154; x_wconf 57' lang='lat' dir='ltr'><strong>corrigi</strong></span> <span class='ocrx_word' id='word_1_810' title='bbox 3351 5079 3404 5154; x_wconf 36' lang='lat' dir='ltr'><strong>Et</strong></span> 
     </span>
    </p>
   </div>
   <div class='ocr_carea' id='block_1_115' title="bbox 2169 5131 3785 5212">
    <p class='ocr_par' dir='ltr' id='par_1_115' title="bbox 2169 5131 3785 5212">
     <span class='ocr_line' id='line_1_115' title="bbox 2169 5131 3785 5212; baseline -0.007 -15"><span class='ocrx_word' id='word_1_811' title='bbox 2169 5131 2383 5212; x_wconf 70' lang='lat' dir='ltr'><strong>quisque</strong></span> <span class='ocrx_word' id='word_1_812' title='bbox 2409 5138 2764 5212; x_wconf 73' lang='lat' dir='ltr'><strong>probissimum</strong></span> <span class='ocrx_word' id='word_1_813' title='bbox 2789 5131 3009 5212; x_wconf 72' lang='lat' dir='ltr'><strong>mentem</strong></span> <span class='ocrx_word' id='word_1_814' title='bbox 3043 5173 3053 5187; x_wconf 94' lang='lat'><strong>.</strong></span> <span class='ocrx_word' id='word_1_815' title='bbox 3084 5173 3098 5187; x_wconf 97' lang='lat'><strong>.</strong></span> <span class='ocrx_word' id='word_1_816' title='bbox 3129 5174 3141 5187; x_wconf 92' lang='lat'><strong>.</strong></span> <span class='ocrx_word' id='word_1_817' title='bbox 3173 5133 3502 5199; x_wconf 73' lang='lat' dir='ltr'><strong>occultabat;</strong></span> <span class='ocrx_word' id='word_1_818' title='bbox 3532 5131 3638 5196; x_wconf 88' lang='lat' dir='ltr'><strong>vel,</strong></span> <span class='ocrx_word' id='word_1_819' title='bbox 3663 5148 3785 5186; x_wconf 69' lang='lat' dir='ltr'><strong>cum</strong></span> 
     </span>
    </p>
   </div>
   <div class='ocr_carea' id='block_1_116' title="bbox 2171 5209 3073 5279">
    <p class='ocr_par' dir='ltr' id='par_1_116' title="bbox 2171 5209 3073 5279">
     <span class='ocr_line' id='line_1_116' title="bbox 2171 5209 3073 5279; baseline -0.012 -11"><span class='ocrx_word' id='word_1_820' title='bbox 2171 5209 2345 5267; x_wconf 74' lang='lat' dir='ltr'><strong>eorum</strong></span> <span class='ocrx_word' id='word_1_821' title='bbox 2378 5209 2588 5279; x_wconf 78' lang='lat' dir='ltr'><strong>quisque</strong></span> <span class='ocrx_word' id='word_1_822' title='bbox 2622 5250 2635 5263; x_wconf 90' lang='lat'><strong>.</strong></span> <span class='ocrx_word' id='word_1_823' title='bbox 2675 5247 2688 5260; x_wconf 95' lang='lat'><strong>.</strong></span> <span class='ocrx_word' id='word_1_824' title='bbox 2726 5245 2741 5260; x_wconf 96' lang='lat'><strong>.</strong></span> <span class='ocrx_word' id='word_1_825' title='bbox 2774 5209 3073 5279; x_wconf 67' lang='lat' dir='ltr'><strong>occultaret.</strong></span> 
     </span>
    </p>
   </div>
   <div class='ocr_carea' id='block_1_117' title="bbox 2246 5273 3786 5353">
    <p class='ocr_par' dir='ltr' id='par_1_117' title="bbox 2246 5273 3786 5353">
     <span class='ocr_line' id='line_1_117' title="bbox 2246 5273 3786 5353; baseline -0.008 -14"><span class='ocrx_word' id='word_1_826' title='bbox 2246 5284 2312 5353; x_wconf 66' lang='grc' dir='ltr'><strong>(Γ)</strong></span> <span class='ocrx_word' id='word_1_827' title='bbox 2344 5273 2595 5338; x_wconf 62' lang='lat' dir='ltr'><strong>Socrates</strong></span> <span class='ocrx_word' id='word_1_828' title='bbox 2630 5280 2720 5353; x_wconf 83' lang='lat' dir='ltr'><strong>lib.</strong></span> <span class='ocrx_word' id='word_1_829' title='bbox 2754 5294 2814 5343; x_wconf 89' lang='grc' dir='ltr'><strong>ιι,</strong></span> <span class='ocrx_word' id='word_1_830' title='bbox 2843 5293 2895 5332; x_wconf 92' lang='lat' dir='ltr'><strong>c.</strong></span> <span class='ocrx_word' id='word_1_831' title='bbox 2935 5276 3027 5341; x_wconf 75' lang='grc' dir='ltr'><strong>ΞΟ,</strong></span> <span class='ocrx_word' id='word_1_832' title='bbox 3069 5288 3133 5353; x_wconf 60' lang='grc' dir='ltr'><strong>εξ</strong></span> <span class='ocrx_word' id='word_1_833' title='bbox 3179 5274 3367 5353; x_wconf 73' lang='lat' dir='ltr'><strong>Sabini</strong></span> <span class='ocrx_word' id='word_1_834' title='bbox 3400 5273 3503 5353; x_wconf 70' lang='lat' dir='ltr'><strong>[ide</strong></span> <span class='ocrx_word' id='word_1_835' title='bbox 3527 5284 3786 5353; x_wconf 59' lang='lat' dir='ltr'><strong>recenset</strong></span> 
     </span>
    </p>
   </div>
   <div class='ocr_carea' id='block_1_118' title="bbox 2183 5345 3787 5423">
    <p class='ocr_par' dir='ltr' id='par_1_118' title="bbox 2183 5345 3787 5423">
     <span class='ocr_line' id='line_1_118' title="bbox 2183 5345 3787 5423; baseline -0.005 -14"><span class='ocrx_word' id='word_1_836' title='bbox 2183 5345 2384 5409; x_wconf 70' lang='lat' dir='ltr'><strong>tantum</strong></span> <span class='ocrx_word' id='word_1_837' title='bbox 2426 5351 2758 5423; x_wconf 82' lang='lat' dir='ltr'><strong>septuaginta</strong></span> <span class='ocrx_word' id='word_1_838' title='bbox 2790 5365 2883 5403; x_wconf 83' lang='lat' dir='ltr'><strong>sex</strong></span> <span class='ocrx_word' id='word_1_839' title='bbox 2906 5390 2922 5415; x_wconf 94' lang='lat'><strong>,</strong></span> <span class='ocrx_word' id='word_1_840' title='bbox 2966 5361 3066 5402; x_wconf 91' lang='lat' dir='ltr'><strong>uec</strong></span> <span class='ocrx_word' id='word_1_841' title='bbox 3111 5347 3381 5403; x_wconf 84' lang='lat' dir='ltr'><strong>habentur</strong></span> <span class='ocrx_word' id='word_1_842' title='bbox 3409 5345 3547 5401; x_wconf 77' lang='lat' dir='ltr'><strong>infra</strong></span> <span class='ocrx_word' id='word_1_843' title='bbox 3579 5345 3680 5400; x_wconf 86' lang='lat' dir='ltr'><strong>nisi</strong></span> <span class='ocrx_word' id='word_1_844' title='bbox 3712 5346 3787 5401; x_wconf 74' lang='lat'><strong>75</strong></span> 
     </span>
    </p>
   </div>
   <div class='ocr_carea' id='block_1_119' title="bbox 2180 5426 2624 5496">
    <p class='ocr_par' dir='ltr' id='par_1_119' title="bbox 2180 5426 2624 5496">
     <span class='ocr_line' id='line_1_119' title="bbox 2180 5426 2624 5496; baseline -0.016 -11"><span class='ocrx_word' id='word_1_845' title='bbox 2180 5426 2624 5496; x_wconf 74' lang='lat' dir='ltr'><strong>subacriptiones.</strong></span> 
     </span>
    </p>
   </div>
   <div class='ocr_carea' id='block_1_120' title="bbox 2254 5509 3788 5593">
    <p class='ocr_par' dir='ltr' id='par_1_120' title="bbox 2254 5509 3788 5593">
     <span class='ocr_line' id='line_1_120' title="bbox 2254 5509 3788 5593; baseline -0.005 -18"><span class='ocrx_word' id='word_1_846' title='bbox 2254 5518 2333 5593; x_wconf 86' lang='lat' dir='ltr'><strong>(g)</strong></span> <span class='ocrx_word' id='word_1_847' title='bbox 2364 5518 2721 5593; x_wconf 30' lang='lat' dir='ltr'><strong>ludms.,_cm_n</strong></span> <span class='ocrx_word' id='word_1_848' title='bbox 2747 5511 2978 5593; x_wconf 75' lang='lat' dir='ltr'><strong>scicntia.</strong></span> <span class='ocrx_word' id='word_1_849' title='bbox 3005 5509 3222 5593; x_wconf 58' lang='lat' dir='ltr'><strong>Plenior</strong></span> <span class='ocrx_word' id='word_1_850' title='bbox 3239 5510 3331 5593; x_wconf 41' lang='lat' dir='ltr'><strong>sic.</strong></span> <span class='ocrx_word' id='word_1_851' title='bbox 3345 5519 3492 5566; x_wconf 81' lang='lat' dir='ltr'><strong>esset</strong></span> <span class='ocrx_word' id='word_1_852' title='bbox 3523 5510 3635 5565; x_wconf 67' lang='lat' dir='ltr'><strong>lucc</strong></span> <span class='ocrx_word' id='word_1_853' title='bbox 3656 5525 3788 5567; x_wconf 80' lang='lat' dir='ltr'><strong>scn-</strong></span> 
     </span>
    </p>
   </div>
   <div class='ocr_carea' id='block_1_121' title="bbox 2182 5581 3790 5672">
    <p class='ocr_par' dir='ltr' id='par_1_121' title="bbox 2182 5581 3790 5672">
     <span class='ocr_line' id='line_1_121' title="bbox 2182 5581 3790 5672; baseline -0.006 -26"><span class='ocrx_word' id='word_1_854' title='bbox 2182 5581 2378 5646; x_wconf 58' lang='lat' dir='ltr'><strong>teti&#39;t&#39;t&#39;a:</strong></span> <span class='ocrx_word' id='word_1_855' title='bbox 2413 5588 2733 5672; x_wconf 66' lang='lat' dir='ltr'><strong>Conscientia</strong></span> <span class='ocrx_word' id='word_1_856' title='bbox 2773 5587 2903 5672; x_wconf 62' lang='lat' dir='ltr'><strong>forte</strong></span> <span class='ocrx_word' id='word_1_857' title='bbox 2929 5584 3067 5672; x_wconf 58' lang='lat' dir='ltr'><strong>mala</strong></span> <span class='ocrx_word' id='word_1_858' title='bbox 3099 5581 3522 5672; x_wconf 48' lang='lat' dir='ltr'><strong>prohibebantur,</strong></span> <span class='ocrx_word' id='word_1_859' title='bbox 3562 5597 3660 5651; x_wconf 82' lang='lat' dir='ltr'><strong>qua</strong></span> <span class='ocrx_word' id='word_1_860' title='bbox 3685 5597 3790 5672; x_wconf 49' lang='lat' dir='ltr'><strong>&#39;co-</strong></span> 
     </span>
    </p>
   </div>
   <div class='ocr_carea' id='block_1_122' title="bbox 2178 5653 3789 5808">
    <p class='ocr_par' dir='ltr' id='par_1_122' title="bbox 2178 5653 3789 5808">
     <span class='ocr_line' id='line_1_122' title="bbox 2178 5653 3789 5808; baseline -0.006 -92"><span class='ocrx_word' id='word_1_861' title='bbox 2178 5680 2295 5808; x_wconf 44' lang='lat' dir='ltr'><strong>gum.</strong></span> <span class='ocrx_word' id='word_1_862' title='bbox 2316 5662 2660 5791; x_wconf 50' lang='lat' dir='ltr'><strong>uirtusququ</strong></span> <span class='ocrx_word' id='word_1_863' title='bbox 2689 5653 2895 5717; x_wconf 79' lang='lat' dir='ltr'><strong>timebat</strong></span> <span class='ocrx_word' id='word_1_864' title='bbox 2932 5653 3118 5717; x_wconf 80' lang='lat' dir='ltr'><strong>nudari</strong></span> <span class='ocrx_word' id='word_1_865' title='bbox 3154 5655 3215 5711; x_wconf 85' lang='lat' dir='ltr'><strong>ab</strong></span> <span class='ocrx_word' id='word_1_866' title='bbox 3237 5655 3434 5729; x_wconf 77' lang='lat' dir='ltr'><strong>aliqua,</strong></span> <span class='ocrx_word' id='word_1_867' title='bbox 3462 5667 3579 5725; x_wconf 68' lang='lat' dir='ltr'><strong>qua!</strong></span> <span class='ocrx_word' id='word_1_868' title='bbox 3608 5653 3789 5729; x_wconf 71' lang='lat' dir='ltr'><strong>palaris</strong></span> 
     </span>
     <span class='ocr_line' id='line_1_123' title="bbox 2220 5748 2447 5805; baseline -0.009 -13"><span class='ocrx_word' id='word_1_869' title='bbox 2220 5750 2316 5805; x_wconf 75' lang='lat' dir='ltr'><strong>ert,</strong></span> <span class='ocrx_word' id='word_1_870' title='bbox 2340 5749 2371 5792; x_wconf 85' lang='lat' dir='ltr'><strong>c</strong></span> <span class='ocrx_word' id='word_1_871' title='bbox 2398 5748 2447 5790; x_wconf 90' lang='lat' dir='ltr'><strong>c.</strong></span> 
     </span>
    </p>
   </div>
   <div class='ocr_carea' id='block_1_123' title="bbox 2299 5772 2447 5805">
    <p class='ocr_par' dir='ltr' id='par_1_123' title="bbox 2299 5772 2447 5805">
     <span class='ocr_line' id='line_1_124' title="bbox 2299 5772 2447 5805; baseline -0.014 -13"><span class='ocrx_word' id='word_1_872' title='bbox 2299 5774 2316 5805; x_wconf 72' lang='lat'><strong>’</strong></span> <span class='ocrx_word' id='word_1_873' title='bbox 2340 5772 2447 5792; x_wconf 67' lang='grc' dir='ltr'><strong>νυνι</strong></span> 
     </span>
    </p>
   </div>
  </div>
