4100 6196
354 226 466 283 669

1292 223 1387 283 EX
1425 223 1655 281 OPERE
1692 222 2054 295 HISTORKIO
2093 224 2570 284 FRAGMENTUM
2612 225 2697 282 ill.

3543 226 3648 284 67)

348 344 627 413 meritate,
655 358 822 415 quam
867 342 1105 416 legitima
1149 345 1360 401 ratione
1404 343 1664 415 possessi.
1694 343 1951 403 Videntes
1976 352 2027 407 Α
2055 345 2371 402 volebamus
2411 346 2609 403 talibus
2635 343 2926 417 aliquando
2951 342 3206 416 conjungi
3247 363 3260 398 ;
3290 344 3437 415 iique
3464 345 3646 415 vulgo,

351 442 501 499 enim
548 439 691 512 quod
746 438 803 507 ii,
836 439 925 509 qui
954 438 1241 496 damnatos
1286 437 1576 509 recipiunt,
1609 436 1667 494 in
1694 436 1953 497 oti‘ensatn

346 534 670 604 crimenque
697 533 975 589 incurrunt
1003 539 1063 587 ut
1091 530 1385 587 violatores
1412 530 1713 589 ctelestiutn
1739 530 1949 602 legum;

348 626 445 683 tali
474 625 1080 694 auctoritatcjudicium
1125 625 1456 680 constituere
1494 624 1868 689 conabantur,
1898 629 1956 678 ut

345 732 474 775 sese
496 717 708 787 iudices
732 716 976 789 iudicum
1024 717 1206 772 dicere
1255 716 1488 780 vellent,
1522 725 1686 786 atque
1731 731 1951 783 eorum,

346 814 443 884 qui
472 812 589 884 jam
624 827 751 868 cum
782 811 894 866 Deo
932 819 1080 877 sunt,
1103 811 1151 866 si
1179 809 1263 867 fas
1299 818 1406 873 est.
1431 812 1756 869 sententiam
1796 810 1955 866 refri-

347 920 502 962 care.
530 904 643 961 Nos
663 920 792 961 vero
812 905 1138 975 rogabamus
1166 904 1289 960 illos
1319 919 1415 975 per
1442 905 1703 975 plurimos
1725 904 1867 973 dies,
1898 913 1956 961 ut

346 1014 379 1053 a
401 1014 464 1056 se
487 997 774 1054 damnatos
800 998 1119 1069 abjicerent,
1147 1008 1202 1054 et
1231 1014 1292 1054 se
1318 1000 1576 1057 Ecclesiae
1600 1011 1803 1056 sanetae
1824 1017 1957 1057 con-

342 1091 658 1163 iungerent.
682 1099 847 1160 atque
873 1092 1116 1161 patribus
1138 1106 1262 1147 vera
1292 1091 1599 1148 dicentibus
1628 1107 1957 1150 consensum

344 1181 851 1241 accommodarent.
889 1181 995 1239 Sed
1025 1182 1105 1237 illi
1132 1196 1195 1238 sc
1221 1183 1322 1239 hoc
1348 1182 1588 1240 facturos
1613 1184 1833 1241 omnino
1858 1200 1957 1242 nc~

347 1275 573 1347 gabant.

423 1368 514 1423 i8.
545 1364 818 1437 Delegatos
841 1382 906 1421 ea:
934 1373 1154 1436 utroque
1177 1376 1323 1438 parte
1364 1366 1650 1424 Mareotam
1678 1368 1955 1428 mittendos

347 1468 674 1530 proponunt.
698 1480 775 1499 ·-
804 1458 1206 1515 Altercautibns
1229 1459 1392 1528 igitur
1410 1459 1589 1526 nobis,
1614 1470 1957 1517 emerserunt

345 1553 590 1627 quinque
612 1552 853 1623 episcopi
875 1567 942 1608 ex
975 1551 1215 1621 partibus
1246 1551 1448 1607 nostris
1470 1593 1486 1618 ,
1517 1553 1611 1624 qui
1636 1554 1958 1625 superstites

347 1644 421 1701 de
457 1655 615 1701 sexto
643 1659 873 1703 numero
901 1659 1123 1708 eorum.
1156 1645 1245 1714 qui
1299 1645 1366 1699 ad
1417 1644 1706 1701 Mareotam
1761 1646 1957 1703 directi

2057 440 2417 512 omnibusque
2443 441 2696 512 gentibus
2723 441 2802 513 (γ’.
2833 440 3247 513 hominibusque
3284 440 3647 513 gentilibus),

2056 531 2111 587 id
2141 533 2283 603 quod
2310 533 2451 590 inter
2490 548 2590 591 nos
2618 532 2794 590 fuerat
2834 534 3165 599 referebant,
3195 548 3297 603 pro
3336 534 3475 593 veris
3518 533 3647 588 falsa

2059 624 2353 696 ﬁngentes;
2378 641 2477 683 nec
2515 626 2845 683 discordiam
2873 627 3011 683 inter
3039 641 3137 681 nos
3161 641 3225 685 ex
3257 640 3425 683 causa
3450 627 3539 683 Dei
3563 643 3653 681 ur-

2058 728 2190 787 tam,
2227 718 2322 774 sed
2349 736 2415 774 ex
2458 719 2692 775 humana
2722 720 3142 790 praesumptione
3169 720 3480 777 narrabant.
3511 720 3654 775 Divi-

2058 812 2144 866 nis
2170 809 2405 867 bumana
2434 812 2757 883 miscentes,
2775 824 2831 868 et
2859 811 3245 868 ecclesiasticis
3278 812 3443 868 rebus
3474 813 3651 882 priva-

2057 910 2141 959 tas
2165 902 2549 974 adjungctites,
2581 904 2813 968 civitatis
2854 902 3009 959 nobis
3058 913 3379 959 concentum
3420 903 3643 959 seditio-

2058 1011 2290 1067 nemque
2318 994 2621 1051 connarunt
2641 1038 2656 1062 ,
2684 995 2925 1051 dicentes
2955 1010 3053 1050 nos
3095 1009 3311 1066 gravem
3356 995 3650 1053 schismate

2057 1090 2261 1145 civitati
2306 1091 2622 1161 importassc
2671 1090 2961 1159 injuriam,
2994 1090 3094 1144 nisi
3142 1091 3283 1154 illis,
3312 1090 3455 1159 quod
3499 1088 3651 1144 nefas

2057 1190 2197 1248 erat,
2227 1185 2754 1237 communicaretnus
2786 1198 2798 1234 :
2828 1190 2882 1237 et
2905 1181 3019 1236 haec
3051 1181 3360 1250 frequenter
3385 1181 3650 1237 acclama-

2056 1272 2207 1329 bant.
2238 1272 2349 1330 Nos
2372 1274 2519 1329 enim
2544 1273 2765 1329 outnino
2792 1274 2896 1330 illis
2923 1274 3323 1329 eonununicare
3356 1274 3648 1340 noluimus,

2059 1369 2163 1425 nisi
2202 1383 2299 1425 eos
2340 1385 2478 1439 quos
2525 1367 2903 1423 damnavimus
2930 1367 3313 1438 proiecissent,
3345 1375 3401 1423 et
3426 1365 3647 1438 dignum

2058 1462 2321 1519 honorem
2350 1462 2594 1518 Concilio
2624 1460 2862 1519 Oricutis
2887 1462 3207 1517 tribuerent.

2129 1556 2222 1612 20.
2259 1555 2399 1624 Quos
2427 1555 2667 1611 scelestos
2706 1554 2990 1624 pradicant
3010 1594 3025 1619 ,
3054 1553 3410 1609 communione
3435 1553 3652 1607 donatos

2056 1666 2167 1706 esse
2214 1658 2615 1719 conquerantur.
2667 1677 2738 1689 —-
2786 1647 2919 1714 Quae
2976 1662 3105 1701 vero
3150 1647 3251 1714 ipsi
3291 1647 3524 1716 egerint,
3568 1644 3653 1701 vei

348 1737 584 1806 fuerant,
617 1746 1009 1805 renunserant,
1036 1747 1094 1794 et
1123 1738 1285 1797 talem
1314 1738 1423 1797 illis
1453 1739 1728 1809 optionem
1757 1754 1955 1813 proizo-
1987 1742 2035 1805 B
2061 1742 2220 1812 quale
2247 1740 2888 1805 conciliumhabuerint,
2919 1738 3046 1795 hinc
3073 1737 3353 1795 addiscere
3383 1738 3647 1810 poteritis.

349 1841 489 1891 uunt
522 1850 537 1887 :
570 1832 867 1889 mittendos
887 1847 1008 1889 esse
1037 1848 1103 1889 ex
1134 1840 1367 1911 utroque
1400 1832 1631 1891 concilio
1671 1834 1957 1905 episcopos

349 1924 566 1996 aliquos
591 1930 659 1983 ad
690 1927 831 1991 loca,
852 1926 907 1983 in
928 1927 1123 1999 quibus
1146 1927 1478 1984 Athanasius
1497 1928 1704 1985 scelera
1729 1928 1959 2008 flagitia-

350 2034 460 2089 que
484 2018 788 2086 commisit,
822 2029 880 2074 ut
907 2020 1011 2077 sub
1040 2022 1421 2077 testificatione
1443 2022 1541 2077 Dei
1569 2031 1760 2079 cuncta
1784 2022 1959 2079 fideli-

350 2117 436 2165 ter
463 2110 798 2177 scriberent;
824 2120 883 2167 et
907 2112 953 2173 si
977 2111 1113 2171 falsa
1151 2113 1370 2171 iuventa
1397 2113 1594 2171 fuerint
1623 2130 1743 2186 quae
1770 2115 1953 2171 conci-

349 2205 432 2261 lio
460 2205 847 2268 nuntiavimus,
881 2205 987 2275 ipsi
1014 2200 1353 2273 damnemur,
1386 2222 1487 2263 nec
1518 2210 1959 2280 imperatoribus,

350 2312 458 2359 nec
488 2297 753 2362 concilio,
788 2312 889 2361 nec
929 2298 1178 2369 cuiquam
1221 2300 1479 2369 episcopo
1522 2315 1955 2371 conqueramur;

351 2391 500 2462 quod
533 2392 578 2446 si
613 2406 796 2447 verum
827 2393 1134 2451 constiterit
1158 2392 1301 2464 quod
1326 2401 1454 2449 ante
1478 2394 1733 2457 diximus.
1752 2394 1831 2461 ad
1858 2412 1959 2451 nu.

356 2498 575 2547 merum
607 2493 850 2543 nostrum
881 2499 946 2540 ex
972 2484 1125 2539 vobis
1154 2500 1292 2554 quos
1317 2484 1614 2555 delegistis,
1642 2486 1696 2542 id
1726 2497 1841 2565 est,
1866 2490 1959 2559 qui

350 2576 657 2637 Athanasio
688 2585 809 2649 post
836 2576 1238 2635 damnationem
1271 2579 1828 2646 communicaverunt,
1860 2580 1959 2653 sed

353 2677 414 2725 et
431 2683 530 2729 eos
550 2670 641 2739 qni
665 2668 964 2729 Athanasio
983 2678 1038 2725 et
1058 2669 1317 2727 Marcello
1344 2668 1589 2733 fautores
1614 2671 1960 2729 defensores-

352 2774 465 2832 que
493 2769 639 2823 sunt,
661 2774 1021 2831 exponamus,
1052 2776 1151 2817 nec
1182 2761 1598 2834 imperatoribus
1616 2804 1631 2829 ,
1656 2780 1755 2820 nec
1776 2766 1963 2821 conci~

355 2851 457 2920 lio,
486 2851 656 2927 658
680 2866 780 2907 nec
806 2852 1054 2922 cuiquam
1083 2853 1339 2923 episcopo
1366 2853 1533 2922 aliqui
1558 2862 1799 2913 vestrum
1828 2870 1961 2911 con-

349 2951 674 3017 querantur.
701 2943 850 3007 ﬂanc
893 2945 1171 3016 optionem
1198 2962 1227 3009 ει
1252 2948 1454 3002 nostris
1494 2949 1825 3019 propositam
1860 2950 1961 3006 Usa

349 3037 472 3094 sius
494 3046 549 3095 et
579 3037 910 3109 Protogenes
948 3051 1248 3110 omnesque
1275 3053 1469 3097 eorum
1507 3041 1638 3096 socii
1683 3043 1962 3112 suscipere

351 3135 676 3191 timuerunt.

431 3226 519 3283 i9.
572 3226 811 3283 Serdica:
856 3236 1188 3303 congregatos
1244 3228 1525 3293 infamant.
1571 3258 1644 3270 —
1687 3228 1957 3287 [inmensa

350 3329 536 3377 autem
561 3318 903 3376 conﬂuxerat
927 3319 992 3375 ad
1033 3320 1313 3379 Serdicam
1347 3322 1637 3379 multitudo
1663 3326 1957 3383 scelerato.

350 3428 476 3469 rum
503 3415 743 3468 omnium
779 3428 844 3470 ac
885 3414 1243 3482 perditorum,
1274 3417 1676 3473 adventantium
1707 3419 1779 3477 de
1805 3419 1951 3475 Conv

348 3504 730 3577 stantioopoli.
764 3504 833 3561 de
868 3505 1198 3563 Alexandria
1232 3524 1244 3561 :
1279 3508 1369 3578 qui
1410 3510 1488 3565 rei
1515 3509 1951 3582 homicidiorum,

352 3601 433 3655 rei
455 3601 755 3669 Sanguinis,
778 3600 855 3655 rei
875 3600 1063 3664 ctedis,
1088 3601 1166 3656 rei
1191 3600 1618 3669 latrociniorum,
1638 3604 1716 3663 rei
1745 3605 1954 3672 pragda.

348 3707 499 3755 rttm,
524 3694 599 3746 rei
626 3691 945 3759 Spoliorum,
976 3692 1439 3763 nefandorumque
1467 3696 1705 3750 omnium
1728 3697 1953 3754 sacrile-

348 3784 570 3857 giorum
607 3795 661 3839 et
696 3785 987 3842 criminum
1027 3787 1146 3852 rei;
1176 3787 1267 3858 qui
1312 3787 1498 3841 altaria
1531 3787 1913 3859 confregerunt
1935 3832 1951 3857 ,

348 3879 610 3935 ecclesias
652 3878 1029 3943 incenderunt.
1060 3878 1358 3951 domosque
1386 3882 1717 3951 privatorum
1749 3882 1959 3953 compi-

348 3972 600 4027 laverunt
625 3986 639 4035 ;
662 3970 1042 4042 profanatores
1066 3971 1450 4044 mysteriorum
1469 3973 1590 4041 Dei,
1617 3974 1954 4044 proditores-

345 4079 460 4135 que
488 4072 951 4121 sacramentorum
977 4064 1213 4132 Christi;
1239 4065 1329 4136 qui
1354 4066 1574 4136 impiam
1605 4067 1955 4124 sceleratam-

342 4170 457 4227 que
506 4155 886 4213 haereticorum
933 4156 1233 4213 doctrinam
1278 4168 1466 4219 contra
1506 4158 1765 4217 Ecclesia:
1794 4160 1959 4233 fidem,

343 4258 677 4329 asserentes,
700 4249 1135 4320 sapientissimos
1159 4251 1509 4323 presbyteros
1531 4252 1648 4317 Dei,
1671 4253 1957 4322 diaconos,

355 4343 676 4401 sacerdotes
706 4344 966 4399 atrociter
1016 4342 1460 4403 demaciaverunt
1492 4364 1509 4403 :
1538 4358 1593 4403 et
1630 4364 1723 4405 eos
1766 4363 1957 4404 omnes

349 4449 540 4491 secum
568 4434 826 4490 collectos
872 4435 927 4489 in
956 4450 1058 4490 suo
1081 4437 1486 4493 conventiculo
1526 4438 1829 4496 habuerunt
1858 4441 1959 4497 Os-

341 4528 462 4585 sius
492 4536 549 4585 et
578 4527 946 4598 Protogenes;
977 4543 1180 4599 eosque
1223 4528 1578 4597 honorantes,
1615 4548 1714 4587 nos
1758 4547 1948 4589 omnes

314 4611 603 4676 'diacones
623 4629 677 4676 et
701 4618 1128 4688 sacerdotes,Dei
1154 4620 1547 4693 despiciebant,
1573 4624 1696 4697 quia
1720 4640 1822 4682 nec
1842 4627 1945 4697 ipsi

418 4806 496 4882 (a)
519 4806 608 4882 Sic
632 4822 732 4882 ms.
759 4807 1097 4882 Pithmanns,
1116 4807 1657 4882 quomodo_Labbeus
1678 4808 1819 4866 haud
1846 4811 1948 4867 du-

338 4878 438 4935 1)ῑοὶ
467 4878 810 4932 scribendum
849 4896 971 4936 es~e
992 4878 1146 4935 dixit.
1171 4880 1225 4934 lu
1252 4893 1357 4934 ms.
1389 4880 1599 4950 Remig.
1626 4896 1783 4950 quem
1811 4881 1947 4937 vidit

338 4951 511 5007 Sirm.
547 4961 726 5003 existat
764 4952 828 5004 ab
862 4951 1025 5007 Eticn.
1061 4950 1236 5007 Faber
1265 4951 1506 5005 ediderat
1542 4954 1603 5006 ob
1634 4950 1819 5006 Edico.
1845 4957 1945 5009 Su-

340 5020 647 5092 perioribus
687 5020 1022 5078 Santicensis
1055 5022 1248 5077 litteris
1278 5021 1386 5076 duo
1429 5022 1778 5077 subscribunt
1823 5025 1945 5079 Dio-

337 5093 508 5163 nysii,
539 5106 675 5145 unus
700 5093 763 5147 ab
784 5093 978 5148 Achaia
1006 5095 1068 5148 de
1092 5092 1373 5163 Lignedon,
1393 5093 1529 5148 alter
1548 5094 1612 5148 ab
1631 5096 1852 5149 Arcaido
1882 5097 1944 5152 de

396 5164 523 5218 lida.
558 5163 819 5238 ereterea
865 5166 1214 5238 Athanasius,
1239 5167 1463 5236 Apolog.
1500 5180 1619 5238 pag.
1653 5166 1792 5234 0'75,
1817 5166 1946 5222 Dio-

336 5237 482 5307 nysii
515 5251 547 5307 ᾳ
572 5232 730 5289 Laida
754 5238 802 5307 ἐν
824 5236 969 5297 Λήιδι
1001 5237 1264 5292 meminit.

419 5305 495 5378 (ο)
528 5305 583 5360 In
614 5321 715 5360 ms.
742 5306 904 5363 Strm.
937 5308 1344 5363 Tessnlonicmsi
1375 5305 1702 5378 Protogenis.
1730 5308 1785 5364 Si
1819 5308 1940 5366 loco

338 5376 676 5452 Protogenis.
704 5386 910 5435 mutato
936 5390 992 5435 ut
1018 5395 1164 5450 szepe
1193 5381 1250 5432 tit
1276 5379 1371 5452 inin
1399 5396 1427 5434 e
1458 5376 1663 5449 legatur
1689 5378 1934 5452 Protoge-

334 5446 775 5522 ncsaeliicietur,
810 5468 913 5504 non
941 5446 1252 5522 episcopium
1281 5446 1600 5505 Thessalon.
1624 5446 1931 5522 Protogeni,

335 5521 437 5575 sed
471 5520 823 5593 Protogenem
854 5522 1110 5593 episcopo
1136 5520 1470 5579 'TheSsalon.
1503 5523 1668 5593 multa
1709 5520 1936 5579 crimina

336 5593 625 5658 obiecisse.
657 5590 812 5664 Apud
843 5590 1113 5664 [iunicum
1146 5602 1321 5646 exstat
1348 5595 1575 5647 Joannes
1594 5591 1934 5664 Thessaloni-

336 5664 537 5737 censis,
568 5672 622 5718 et
647 5662 914 5737 inittarg.
945 5662 1409 5737 Tltessafonicensi.
1450 5662 1604 5733 Quod
1661 5665 1732 5718 sit
1776 5667 1935 5737 hujus

335 5734 841 5797 Thessalonicensis
864 5734 1103 5809 episcOpi
1134 5750 1354 5805 nomen,
1387 5751 1492 5793 non
1515 5747 1749 5794 constat.
1784 5734 1934 5805 Emi-

1980 4514 2037 4579 D

2057 1837 2191 1897 Nam
2237 1838 2588 1909 Protogenes,
2638 1837 2782 1895 sicut
2828 1850 2991 1905 supra
3037 1834 3293 1901 diximus,
3341 1832 3485 1903 apud
3535 1840 3657 1888 acta

2057 1928 2519 1985 anathematizans
2546 1927 2860 1991 Marcellum
2888 1933 2945 1983 et
2974 1927 3220 1992 Paulum,
3256 1934 3440 1996 postea
3470 1939 3569 1982 eos
3596 1924 3653 1980 in

2056 2021 2501 2079 communionem
2522 2021 2783 2090 suscepit.
2805 2020 3117 2092 Dionysiqu
3147 2033 3278 2075 vero
3304 2015 3381 2090 (a)
3407 2017 3474 2071 ab
3505 2016 3653 2073 Elica

2058 2115 2353 2186 provincia:
2374 2114 2618 2179 Achaiae,
2645 2129 2804 2185 quem
2828 2113 2932 2183 ipsi
2964 2119 3352 2183 exposuerunt,
3385 2110 3441 2167 in
3471 2107 3660 2164 conci-

2060 2208 2132 2263 lio
2162 2206 2485 2267 habuerunt.
2511 2205 2679 2263 Simul
2708 2220 2915 2271 secum,
2944 2214 3000 2263 et
3030 2211 3370 2271 exponentes
3397 2210 3451 2257 et
3487 2214 3658 2269 expo-

2058 2299 2149 2358 siti
2175 2300 2423 2371 ,judices
2448 2309 2503 2356 et
2527 2300 2628 2365 rei,
2671 2298 3135 2355 communicantes
3177 2296 3433 2366 mysteria
3472 2292 3656 2351 divina

2060 2398 2413 2464 pertractant.
2466 2391 2691 2447 Bassum
2721 2400 2903 2447 autem
2948 2389 3019 2445 de
3066 2386 3397 2445 Diocletiana
3440 2383 3661 2443 civitate

2061 2484 2114 2538 in
2140 2482 2357 2553 ﬂagitiis
2386 2482 2794 2551 sccloribusque
2813 2479 3108 2543 detectum,
3138 2487 3195 2532 et
3235 2477 3428 2532 merito
3454 2476 3523 2535 de
3550 2475 3656 2546 Sy-

2059 2575 2144 2632 ria
2188 2578 2555 2645 deportatum,
2604 2576 2996 2629 ordinaverunt
3039 2572 3355 2640 episcopum
3396 2587 3409 2623 :
3455 2568 3658 2639 quique

2060 2668 2202 2739 apud
2249 2669 2398 2738 ipsos
2430 2668 2752 2724 sceleratius
2799 2666 2989 2723 vivens
3017 2665 3286 2729 detectus,
3315 2672 3371 2718 et
3408 2662 3476 2717 ab
3521 2661 3661 2731 ipsis
3702 2718 3705 2721 ,

2060 2764 2367 2826 damnatus,
2402 2777 2524 2817 cum
2559 2761 2692 2831 ipsis
2718 2759 2878 2816 hodie
2912 2758 3123 2813 videtur
3149 2770 3273 2813 esse
3313 2756 3652 2817 coniunctus.

2062 2858 2131 2915 Et
2155 2860 2277 2928 quia
2308 2859 2359 2914 io
2390 2856 2464 2928 (ὁ)
2493 2854 2996 2913 Thessalonicensis
3024 2853 3313 2922 Protogeni
3346 2849 3515 2923 659
3543 2848 3656 2904 fre.

2062 2961 2290 3023 quenter
2306 2950 2504 3021 probra
2526 2950 2690 3005 multa
2706 2947 3045 3016 criminaque
3058 2944 3276 3017 obiecit,
3294 2943 3435 3015 quod
3453 2942 3659 3001 diceret

2061 3046 2212 3105 illum
2234 3046 2566 3104 concubinas
2587 3050 2645 3100 et
2662 3043 2916 3103 habuisse
2936 3051 2990 3097 et
3012 3040 3233 3102 habere.
3251 3039 3338 3095 cui
3358 3035 3658 3093 communi-

1983 3131 2030 3194 C
2061 3156 2186 3198 care
2196 3155 2489 3210 numquam
2504 3139 2693 3202 voluit,
2709 3152 2850 3193 nunc
2860 3151 2988 3192 vero
3006 3136 3058 3190 in
3070 3133 3366 3189 amicitiam
3383 3139 3653 3201 receptus.

2057 3235 2209 3305 quasi
2229 3234 2470 3303 peiorum
2489 3232 2765 3287 consortio
2792 3237 3143 3296 expurgatus.
3164 3224 3308 3294 apud
3328 3226 3473 3293 ipsos
3486 3222 3654 3277 habe-

2058 3336 2145 3382 tur
2183 3335 2245 3380 ut
2277 3326 2478 3395 iustus.
2501 3324 2763 3390 Asclepas
2793 3328 2973 3377 autem
2993 3362 3008 3384 ,
3035 3334 3157 3375 eum
3183 3318 3251 3375 ad
3271 3315 3654 3372 Constantino-

2056 3418 2225 3488 polim
2260 3417 2536 3475 civitatem
2567 3425 2790 3484 propter
2818 3413 3046 3471 Paulum
3068 3458 3071 3467 .
3091 3412 3362 3474 venisset,
3395 3417 3521 3478 post
3549 3407 3654 3463 im-

2056 3512 2371 3567 manitatem
2398 3524 2578 3565 rerum
2601 3507 3067 3575 atrocitatemque,
3093 3502 3365 3562 commisit
3394 3515 3514 3569 qum
3542 3512 3659 3553 tue-

2056 3603 2147 3659 dia
2192 3603 2243 3657 in
2271 3600 2504 3658 ecclesia
2541 3597 3143 3668 Constantinopolitana
3172 3605 3324 3666 gesta
3351 3600 3498 3661 sunt,
3535 3602 3657 3660 post

2056 3696 2206 3751 mille
2231 3693 2544 3758 homicidia,
2576 3708 2698 3764 qua:
2738 3691 2927 3747 altaria
2965 3689 3081 3759 ipsa
3114 3691 3348 3742 humano
3395 3686 3655 3751 sanguine

2054 3788 2543 3858 coinquinaverunt
2559 3827 2573 3849 ,
2593 3796 2711 3856 post
2743 3782 3149 3841 interfectiones
3174 3782 3399 3837 fratrum
3417 3780 3656 3835 exstinc-

2058 3881 2348 3952 tionesque
2393 3878 2715 3949 gentilium,
2762 3876 3033 3946 hodieque
3085 3890 3209 3929 cum
3264 3872 3449 3934 Paulo,
3497 3870 3654 3938 cujus

2056 3986 2221 4028 causa
2243 3970 2360 4027 hanc
2383 3979 2534 4041 gesta
2565 3980 2712 4035 sunt,
2744 3968 3147 4025 communicare
3174 3981 3279 4023 non
3303 3973 3481 4021 ceSsat
3517 3980 3532 4016 :
3557 3961 3654 4021 sed

2056 4076 2113 4125 et
2141 4065 2243 4127 illi.
2270 4062 2362 4134 qui
2396 4079 2492 4137 per
2520 4064 2808 4133 Asclepam
2839 4061 3004 4118 l’aulo
3047 4057 3488 4120 communicant,
3513 4054 3656 4110 acci—

2055 4161 2269 4232 pientes
2292 4158 2360 4213 ab
2384 4157 2577 4215 eodem
2624 4157 2825 4227 scripta
2863 4163 3023 4225 atque
3045 4154 3112 4209 ad
3153 4154 3303 4209 illum
3350 4151 3651 4209 mittentes.

2058 4255 2139 4313 Ex
2164 4253 2265 4320 hac
2287 4252 2449 4322 igitur
2470 4249 2868 4322 coagulatione,
2886 4258 3049 4317 atque
3070 4263 3135 4304 ex
3167 4246 3500 4318 perditurum
3526 4259 3652 4299 cou-

2055 4349 2395 4418 gregatione,
2417 4345 2574 4416 quale
2596 4343 2834 4414 potuerit
2857 4340 3121 4398 celebrari
3141 4339 3451 4400 concilium.
3474 4338 3526 4393 in
3548 4350 3658 4407 quo

2061 4440 2261 4511 flagitia
2290 4454 2387 4497 sua
2417 4453 2525 4493 non
2553 4446 2663 4493 tam
2694 4435 3027 4504 puniebant,
3053 4449 3213 4502 quam
3254 4427 3656 4503 agnoscebant?

2130 4533 2222 4589 21.
2253 4530 2352 4588 His
2378 4530 2653 4586 admisceri
2672 4530 2975 4585 detrectant.
3003 4556 3073 4569 --
3103 4526 3219 4583 Non
3263 4525 3407 4581 enim
3462 4537 3656 4609 secum

2054 4627 2184 4685 dum
2220 4625 2292 4700 (c)
2326 4640 2447 4694 nos,
2475 4625 2565 4696 qui
2592 4623 2840 4681 ecclesiis
2883 4620 3240 4679 sanctissimis
3278 4615 3650 4687 prwsidemus,

2052 4812 2166 4867 cuit
2192 4811 2409 4880 quidem
2436 4812 2489 4866 in
2514 4810 2677 4883 Tyrio
2697 4810 2931 4866 concilio
2953 4805 3259 4883 Alesautler
3283 4804 3443 4883 hujus
3463 4804 3655 4883 civitat-

2052 4886 2122 4938 tis
2174 4877 2461 4951 episeopus
2509 4877 2641 4937 :vac
2686 4879 3321 4952 prmtcrcaiAtltauasius
3369 4877 3529 4942 Apol.
3585 4877 3648 4931 ad

2049 4949 2243 5009 Const.
2299 4949 2418 5024 pag.
2449 4953 2576 5019 692,
2630 4949 2899 5008 Ereriliqu
2949 4949 3652 5024 'l‘hessal_o_nicensem_mc-

2053 5036 2249 5093 tnorai,
2281 5018 2481 5081 cuivis
2517 5018 2569 5078 in
2598 5024 2882 5078 Mediolau.
2912 5020 3138 5078 Concilio
3167 5018 3313 5075 illata
3350 5020 3455 5093 sit,
3480 5018 3652 5075 donec

2051 5098 2119 5151 ab
2144 5090 2418 5151 Athanasii
2443 5098 2823 5151 communione
2844 5112 2902 5153 se
2926 5108 3263 5149 recessurum
3290 5090 3644 5161 promitteret.

2051 5167 2157 5223 Sed
2190 5167 2394 5221 nullum
2450 5168 2700 5221 novimus
2727 5165 3013 5225 Joannem.
3047 5165 3143 5218 Vix
3175 5163 3468 5232 ambigere
3502 5162 3643 5227 licet,

2049 5240 2176 5310 quin
2210 5239 2298 5294 hic
2328 5240 2464 5296 idem
2497 5249 2740 5305 notetur,
2768 5238 2855 5308 qui
2885 5240 2935 5310 in
2968 5235 3272 5310 Sardicensi
3302 5231 3648 5310 synodch-

2044 5303 2403 5366 cideutalihns
2428 5310 2650 5378 junctus
2676 5303 2991 5368 sdbécribit.
3019 5324 3125 5378 non
3156 5303 3404 5370 Joannes,
3431 5304 3521 5378 sed
3545 5303 3646 5356 Ae-

2044 5382 2229 5439 thiustt
2254 5374 2558 5441 Macedonia
2587 5382 2650 5437 de
2683 5379 3066 5435 Thessalonica.
3089 5376 3247 5432 Forte
3266 5378 3425 5430 etiam
3454 5374 3648 5430 litterae

2046 5454 2097 5506 io
2150 5470 2253 5507 nou
2302 5465 2427 5508 sunt
2457 5455 2664 5523 primm,
2699 5452 2792 5509 sed
2827 5461 3113 5523 po~trenun
3146 5448 3377 5507 nominis
3407 5446 3646 5523 episcopi

2047 5516 2569 5580 Thessalonicensis.
2608 5516 2866 5593 Adeoque
2891 5522 3020 5577 nihil
3057 5529 3201 5574 vetat
3232 5534 3337 5589 quo
3368 5517 3546 5572 minus
3570 5516 3646 5574 lc-

2042 5608 2220 5667 gatnr.
2246 5596 2427 5652 Aetlzio
2458 5595 2898 5652 Tltessaloniccnsi
2927 5593 3255 5667 Protogenes,
3287 5600 3390 5647 ctc.

2118 5667 2192 5740 (ο)
2218 5669 2321 5743 Hie
2345 5669 2683 5725 desideratur
2712 5686 2799 5726 eos
2825 5684 2843 5723 :
2871 5683 2934 5722 ac
2968 5659 3150 5743 ptutea
3190 5661 3268 5716 bis
3292 5659 3643 5743 repetendum

2042 5731 2190 5801 θεέθί
2215 5741 2437 5800 verbum
2465 5757 2641 5799 suntut
2665 5748 2852 5813 ;puta,
2877 5731 2982 5798 non
3001 5739 3134 5797 enim
3159 5731 3433 5792 secundum
3457 5748 3543 5795 eos
3566 5731 3645 5806 (id
