4100 6196
320 245 434 302 673
1227 263 1320 321 EX
1359 264 1590 325 OPERE
1630 270 1993 335 HISTORICO
2030 280 2512 346 FRAGMENTUM
2553 289 2640 346 lll.

311 365 374 417 de
404 365 560 420 nobis
591 366 896 439 imperium,
927 381 1091 446 atque
1115 378 1350 450 religiosi
1395 384 1746 455 imperatores
1771 433 1784 458 ,
1815 393 1912 447 tri-

3522 312 3630 370 674

1940 402 1996 466 Α
2025 414 2146 454 mus
2170 401 2237 456 ab
2265 403 2348 466 iis,
2371 406 2460 474 qui
2492 408 2750 465 volebant
2777 411 3036 470 Ec'elesize
3063 418 3344 477 catholica:
3374 429 3612 497 regulam

312 455 461 522 buni,
515 466 570 512 et
604 458 769 516 duces
798 462 1068 522 dirissima
1117 472 1390 541 republica
1419 477 1488 531 de
1528 480 1906 551 episcOporum

309 549 418 602 vita
467 561 721 623 statuque
770 571 1174 618 exercerentur.
1207 564 1314 621 Sed
1368 585 1466 625 nec
1509 573 1691 641 pepuli
1724 576 1908 632 silent.

306 641 497 698 Omnis
521 649 718 702 ctenim
751 647 1065 708 fraternitas
1091 659 1342 714 omnibus
1369 661 1424 716 in
1467 667 1758 732 provinciis
1781 683 1906 724 sus-

306 749 472 804 pensa
504 751 569 792 ac
613 740 846 796 sollicita
876 755 1156 815 exspectat
1178 750 1230 804 in
1257 766 1417 822 quem
1451 755 1612 811 linem
1644 757 1761 814 haac
1789 775 1906 814 ma-

306 826 484 883 lorum
536 832 774 900 procella
825 839 1110 894 succedat:
1157 858 1456 916 cursusque
1502 849 1617 920 ipse
1660 853 1908 921 publicus

303 924 523 976 attritus
547 925 614 978 ad
647 925 876 984 nihilum
913 931 1214 990 deducitur.
1243 937 1312 992 Et
1352 942 1477 1008 quid
1503 942 1782 1012 pluribus?
1807 947 1908 1003 0r-

304 1025 392 1071 tus
426 1032 762 1091 occasusque
811 1025 997 1080 mundi
1029 1037 1248 1100 propter
1287 1049 1451 1088 unum
1487 1038 1571 1092 vel
1611 1041 1746 1094 duos
1773 1056 1907 1110 pau-

300 1120 509 1180 eosque
534 1113 832 1171 sceleratos
865 1118 1030 1189 impie
1055 1122 1354 1180 sentientes
1375 1138 1429 1181 et
1457 1131 1687 1200 turpiter
1719 1134 1907 1189 viven-

303 1208 386 1254 tes
437 1200 684 1260 funditus
714 1209 965 1278 vertitur,
1013 1223 1069 1267 et
1111 1213 1246 1270 dura
1291 1233 1546 1290 saevaque
1587 1231 1908 1292 tempestate

301 1293 577 1362 turbatur,
631 1298 685 1352 in
709 1301 903 1368 quibus
941 1305 1088 1360 nulla
1148 1309 1423 1378 religionis
1453 1314 1660 1370 semina
1687 1320 1908 1376 resede-

310 1394 478 1440 runt:
504 1403 623 1458 qum
651 1391 694 1444 si
731 1390 1068 1463 habuissent,
1112 1396 1453 1458 imitarentur
1475 1407 1792 1477 prophetam
1823 1413 1906 1466 di-

296 1487 550 1534 centem:
582 1479 788 1548 Tollite,
814 1495 863 1539 et
883 1489 1067 1543 mittite
1114 1508 1193 1546 me
1221 1493 1273 1546 in
1301 1511 1459 1560 mare.
1490 1508 1536 1552 et
1557 1503 1906 1572 tranquillubit

295 1587 444 1626 mare
463 1590 496 1626 a
517 1576 675 1641 vobis,
723 1581 930 1650 quando
967 1580 1077 1636 haec
1104 1594 1372 1654 tempestas
1422 1604 1631 1672 propter
1659 1612 1738 1650 me
1763 1601 1906 1669 facta

295 1677 374 1720 est
403 1665 576 1739 (Jonas
621 1687 660 1736 ι,
714 1671 823 1742 12).
855 1674 963 1730 Sed
1010 1678 1130 1734 ideo
1163 1679 1276 1736 haec
1305 1699 1410 1740 non
1447 1665 1904 1763 imitanturpquia

298 1776 404 1816 nec
448 1763 625 1830 justos
663 1777 997 1835 sequuntur:
1028 1771 1104 1826 ita
1144 1784 1324 1831 autem
1365 1781 1754 1838 sceleratorum
1783 1803 1900 1841 om-
1937 1807 1984 1867 B

293 1855 447 1911 nium
500 1857 668 1914 duces
718 1873 966 1932 quaerunt
1008 1865 1269 1924 Ecclesiae
1323 1873 1709 1945 principatum,
1743 1883 1894 1950 quasi

293 1947 517 2020 aliquod
550 1953 847 2021 tyrannidis
879 1971 1126 2028 regnum.

367 2039 463 2095 26.
493 2041 704 2097 Judicia
733 2049 1048 2117 synodorum
1074 2069 1175 2107 non
1202 2058 1550 2113 retractanda.
1572 2089 1642 2101 —
1661 2060 1772 2118 Nec
1802 2063 1906 2123 hoc

295 2145 522 2202 prepter
548 2135 747 2194 bonum
776 2155 990 2211 quoque
1013 2143 1245 2214 justitite
1274 2147 1575 2226 inquirunt.
1606 2154 1721 2210 Non
1755 2160 1902 2215 enim

294 2225 565 2282 Ecclesiis
608 2232 918 2298 Consultint,
975 2237 1065 2307 qui
1098 2237 1243 2309 leges
1270 2225 1506 2313 juraque
1548 2245 1751 2314 divina,
1802 2249 1902 2322 (et)

303 2328 634 2378 cancrorum
667 2325 882 2382 decreta
909 2329 1208 2387 dissolvere
1232 2345 1609 2404 perconantur.
1639 2340 1897 2412 Propter-

294 2428 360 2468 ea
394 2417 534 2470 hanc
578 2419 871 2474 novitatem
904 2423 1271 2481 moliebantur
1297 2425 1576 2498 inducere,
1599 2448 1757 2502 quam
1779 2434 1901 2491 hor-
1940 2443 1943 2445 ’

294 2517 383 2561 ret
411 2519 569 2563 vetus
609 2513 945 2568 consuetudo
975 2515 1256 2586 Ecclesiaa,
1281 2534 1341 2574 ut
1372 2523 1424 2576 in
1455 2527 1688 2582 concilio
1708 2527 1900 2586 Orien-

295 2600 440 2654 tales
465 2601 705 2672 episcopi
735 2605 996 2676 quidquid
1033 2610 1170 2665 Ῐιηῑθ
1216 2615 1550 2683 statuissent,
1594 2620 1661 2675 ab
1687 2623 1900 2690 episeo-

291 2697 382 2764 pis
431 2695 872 2755 Occidentalibus
919 2701 1298 2772 refricaretur;
1347 2709 1595 2768 similiter
1637 2715 1898 2787 quidquid

290 2783 726 2842 Occidentalium
764 2790 929 2863 662
969 2795 1197 2862 partium
1241 2801 1502 2872 episcopi,
1561 2805 1628 2860 ab
1655 2783 1900 2864 Drienta-

288 2878 438 2932 libus
467 2881 786 2936 solveretur.
817 2884 923 2938 Sed
954 2887 1053 2940 hoc
1082 2904 1146 2942 ex
1180 2889 1271 2944 illo
1298 2907 1398 2947 suo
1429 2896 1754 2964 pravissimo
1775 2915 1899 2956 sen-

287 2984 356 3024 su
393 2973 715 3028 tractabant.
747 2974 943 3032 Verum
971 2981 1210 3036 omnium
1238 2986 1586 3044 conciliorum
1605 2991 1747 3060 juste
1770 2993 1900 3064 legi-

287 3061 535 3134 timeque
565 3078 806 3122 actorum
850 3068 1066 3126 decreta
1114 3074 1373 3131 lirmanda
1408 3119 1424 3145 ,
1470 3082 1734 3150 majorum
1765 3102 1896 3142 nos-

284 3162 504 3209 trorum
526 3166 671 3228 gesta
697 3160 1039 3231 consignant.
1075 3164 1206 3219 Nam
1234 3167 1287 3222 in
1321 3171 1454 3226 urbe
1482 3172 1651 3230 Roma
1681 3175 1757 3248 (α)

279 3247 502 3305 Novato
553 3258 610 3306 et
648 3251 885 3308 Sabellio
933 3265 988 3311 et
1035 3255 1325 3315 Valentino
1372 3263 1641 3322 haereticis
1690 3247 1890 3326 factum

279 3341 607 3411 concilium,
647 3344 716 3399 ah
764 3345 1128 3404 Orientalibus
1182 3353 1556 3412 conlirmatum
1617 3370 1701 3415 est
1753 3379 1766 3416 :
1835 3373 1894 3418 et

279 3433 489 3489 iterum
536 3436 588 3490 in
661 3436 881 3493 Oriente
920 3441 1021 3495 sub
1068 3441 1233 3498 Paulo
1272 3442 1349 3517 (ὁ)
1398 3447 1694 3507 Samosatis
1748 3457 1891 3525 quod

280 3540 548 3588 statutum
597 3544 702 3601 est,
751 3537 820 3590 ab
867 3539 1122 3596 omnibus
1151 3554 1233 3597 est
1280 3546 1572 3616 signatum.
1604 3549 1688 3604 Ob
1728 3566 1887 3620 quam

279 3640 407 3678 rem
434 3631 716 3682 hortamur
757 3644 874 3696 vos,
906 3630 1244 3688 dilectissimi
1272 3634 1512 3705 Fratres,
1546 3642 1891 3699 consideran-

281 3727 370 3772 tes
423 3720 673 3774 ordinem
705 3721 1085 3779 ecclesiasticae
1131 3726 1451 3799 disciplima,
1491 3742 1546 3786 et
1576 3735 1694 3802 paci
1725 3737 1888 3791 totius

279 3812 438 3867 orbis
455 3813 826 3881 consulentes,
849 3817 1159 3888 corripiatis
1190 3836 1286 3876 eos
1313 3822 1406 3893 qui
1433 3826 1711 3883 sceleratis
1739 3845 1889 3884 com-

278 3907 587 3972 municant,
616 3917 672 3963 et
697 3910 876 3966 malos
895 3910 965 3968 de
992 3914 1238 3970 ecclesiis
1277 3917 1533 3974 radicitus
1562 3922 1883 3992 amputetis:

280 4008 341 4055 ut
376 4009 694 4069 tempestate
736 4010 924 4058 ruente
956 4006 1196 4074 ipsorum
1225 4022 1410 4076 causa,
1444 4010 1698 4070 innatans
1729 4014 1885 4071 Chri-

276 4105 403 4151 stus
436 4099 695 4159 Dominus
733 4106 984 4162 omnibus
1016 4107 1246 4178 imperet
1295 4113 1470 4166 ventis
1525 4114 1882 4186 procellisque

276 4195 568 4251 maritimis
597 4197 902 4268 discedere,
924 4211 981 4258 et
1023 4205 1221 4259 tribuat
1246 4205 1505 4261 Ecclesia:
1546 4218 1746 4264 sancta‘.
1777 4225 1877 4281 pa-

274 4299 401 4341 cem
428 4299 740 4357 perpetuam
763 4302 818 4348 et
842 4295 1097 4363 quietem.

351 4377 446 4434 27.
491 4378 789 4454 Pracipites
819 4402 882 4440 ea:
906 4386 1326 4445 Occidentalibus
1346 4391 1593 4448 damnant
1613 4411 1632 4450 :
1662 4411 1776 4451 cur.
1808 4428 1878 4439 —-

272 4473 394 4531 Nos
422 4493 550 4534 vero
590 4481 718 4535 nulli
748 4483 995 4552 injuriam
1040 4485 1286 4555 facimus,
1309 4488 1402 4544 sed
1441 4489 1574 4560 legis
1603 4503 1877 4564 przceepta

2013 507 2108 545 sua
2151 497 2416 563 pravitate
2455 499 2693 557 turbare.
2736 504 2841 559 Sed
2867 517 2993 564 ante
3032 512 3216 568 oculos
3259 514 3519 575 habentes
3548 523 3613 577 ti-

2013 597 2220 640 morem
2257 587 2368 655 Dei,
2415 592 2680 659 judicium
2723 593 2926 653 Christi
2955 615 3138 658 verum
3169 607 3446 673 etjustum
3475 627 3611 667 eon-

2011 676 2335 744 siderantcs,
2372 684 2571 740 nullius
2604 703 2889 757 personam
2938 698 3267 767 accepimus,
3295 717 3470 774 neque
3509 706 3610 763 ali-

2011 771 2099 825 cui
2147 778 2509 846 pepercimus,
2538 797 2645 850 quo
2691 783 2866 842 minus
2910 790 3334 851 ecclesiasticam
3365 798 3608 870 discipli-

2012 877 2134 918 nam
2160 881 2520 926 servaremus.
2556 872 2918 934 UndeJulium
2952 883 3100 939 urbis
3121 884 3330 954 Romae,
3365 889 3602 964 OSsium,

2011 964 2066 1011 et
2089 957 2470 1031 Protogeuem,
2502 975 2556 1019 et
2583 966 2964 1038 Gaudentium,
2989 985 3043 1031 et
3065 976 3408 1038 Maximinum
3440 1001 3468 1040 a
3489 957 3610 1042 Tri;

2013 1049 2158 1104 veris
2187 1053 2465 1110 damnavit
2494 1071 2658 1114 omne
2686 1064 2975 1121 concilium
3018 1072 3313 1128 secundum
3337 1078 3606 1149 antitpiis-

2009 1143 2199 1199 simam
2232 1146 2425 1220 legem,
2460 1162 2516 1206 ut
2553 1163 2805 1213 auctores
2851 1167 3249 1222 communionis
3275 1170 3515 1229 Marcelli
3553 1186 3607 1232 et

2011 1238 2293 1297 Athanasii
2325 1256 2755 1322 caaterorumquc
2786 1257 3192 1329 sceleratorum,
3226 1269 3423 1337 quique
3445 1273 3605 1328 etiam

2009 1329 2314 1392 homicidiis
2349 1339 2494 1395 Pauli
2522 1340 3102 1421 Constantinopolitani
3125 1364 3180 1412 et
3205 1365 3442 1418 cruentis
3470 1368 3607 1421 acti-

2010 1425 2109 1480 bus
2130 1427 2248 1498 ejus
2265 1435 2818 1494 communicaverunt.
2845 1443 3200 1518 Protogenem
3227 1468 3458 1526 namque
3479 1473 3602 1517 esse

2009 1519 2520 1582 anathematizatum
2569 1545 2672 1584 una
2713 1548 2834 1588 cum
2884 1536 3160 1609 Marcello,
3211 1545 3606 1609 subscribendo

2010 1609 2324 1683 frequenter
2355 1623 2636 1677 sententia:
2662 1623 2715 1678 in
2747 1626 2918 1694 ipsum
2950 1632 3030 1684 vel
3074 1632 3129 1688 in
3157 1636 3276 1705 ejus
3303 1640 3499 1698 librum
3525 1645 3607 1700 in-

2012 1705 2168 1772 latm;
2197 1710 2396 1781 quique
2417 1714 2576 1768 etiam
2603 1717 2652 1770 in
2679 1718 2898 1775 Paulum
2943 1724 3601 1800 Constantinopolitauum

2011 1801 2332 1855 sententiam
2391 1803 2675 1876 dederunt,
2725 1813 2882 1868 etilli
2930 1826 3116 1885 postea
3163 1830 3600 1885 communicave~

2010 1900 2152 1946 runt.
2189 1893 2546 1954 Gaudentium
2569 1913 2772 1968 autem,
2804 1917 2861 1960 ut
2887 1908 3262 1970 immemorem
3295 1919 3602 1978 decessoris

2008 1985 2089 2038 sui
2118 1983 2329 2057 Cyriaci
2377 1989 2769 2051 subscribentis
2797 2004 3082 2059 sententiis
3114 2007 3164 2060 in
3191 2009 3486 2067 sceleratos
3512 2013 3599 2068 di-

2003 2088 2110 2144 gne
2146 2077 2345 2144 inlatis,
2402 2086 2860 2160 commixtumqne
2901 2095 3218 2154 criminibus
3239 2101 3408 2169 Pauli,
3437 2120 3598 2176 quem

2005 2166 2170 2222 etiam
2203 2169 2543 2240 impudenter
2565 2177 2906 2238 defendebat.
2927 2184 3127 2243 .lulinm
3153 2207 3283 2248 vero
3315 2166 3467 2252 urbis
3493 2199 3598 2253 Ro-

2007 2274 2128 2335 mae,
2177 2272 2234 2317 ut
2275 2265 2572 2338 principem
2615 2280 2669 2326 et
2703 2274 2896 2332 ducem
2954 2282 3238 2350 malorum,
3269 2291 3356 2357 qui
3388 2292 3594 2360 primus

1999 2349 2220 2418 januam
2251 2362 2645 2418 communionis
2686 2367 2966 2425 sceleratis
2987 2386 3150 2444 atque
3173 2378 3440 2438 damnatis
3466 2400 3595 2454 ape-

2005 2443 2129 2510 ruit,
2163 2450 2483 2521 cseterisque
2511 2454 2714 2511 aditum
2747 2458 2877 2515 fecit
2907 2464 2974 2518 ad
3002 2443 3263 2526 solvenda
3289 2472 3412 2542 jura
3440 2443 3580 2531 divi-

2003 2551 2108 2590 na:
2158 2539 2588 2616 defendebatque
2627 2551 2978 2611 Athanasium
3023 2539 3414 2628 praisumcuter
3433 2582 3598 2639 atque

2001 2629 2278 2700 audacter,
2333 2636 2605 2693 neminem
2649 2643 2802 2713 cujus
2857 2662 2956 2702 nec
3009 2656 3173 2707 testes
3204 2669 3449 2724 noverat,
3495 2676 3597 2716 nec

2001 2735 2365 2781 accusatores.
2419 2729 2525 2786 Sed
2567 2733 2781 2791 Ossium
2813 2753 3036 2809 prepter
3075 2749 3440 2815 supradictam
3467 2769 3598 2809 cau-

2001 2832 2137 2884 sam,
2173 2829 2222 2874 et
2244 2822 2405 2895 663
2439 2838 2658 2896 propter
2681 2831 3002 2892 beatissima;
3025 2844 3300 2898 memoria:
3334 2845 3592 2916 Marcum,

2000 2912 2085 2966 cui
2123 2928 2317 2983 graves
2365 2932 2583 2986 semper
2638 2922 2861 2994 injurias
2886 2928 3190 3002 inrogavit:
3234 2936 3328 2990 sed
3375 2941 3591 3009 etquod

2001 3007 2170 3060 malos
2199 3023 2387 3065 omnes
2417 3028 2512 3080 pro
2532 3015 2848 3074 criminibus
2872 3023 2984 3077 suis
3012 3024 3173 3096 digne
3197 3027 3482 3088 damnatos
3515 3044 3596 3089 to-

2000 3098 2070 3152 tis
2097 3101 2302 3157 viribus
2325 3103 2669 3175 defendebat,
2706 3122 2758 3166 et
2780 3115 2924 3184 Quod
2952 3119 3256 3176 convixerit
3285 3122 3336 3179 in
3367 3125 3593 3183 Oriente

1791 3180 1893 3233 sub
1922 3192 1967 3254 ρ
1999 3205 2121 3245 cum
2165 3197 2441 3251 sceleratis
2469 3213 2531 3253 ac
2551 3180 3078 3277 perditisaTurpiter
3100 3226 3331 3284 namque
3362 3216 3586 3275 Paulino

1996 3284 2265 3352 quondam
2307 3287 2562 3361 episcopo
2579 3292 2757 3350 Daciae
2790 3297 3098 3357 individuus
3121 3306 3327 3363 amicus
3348 3307 3470 3376 fuit,
3497 3310 3594 3365 ho—

1997 3379 2131 3434 mini
2164 3383 2250 3450 qui
2286 3385 2458 3451 primo
2498 3387 2566 3442 de
2596 3390 2880 3449 maleficiis
2903 3394 3066 3452 fuerit
3108 3411 3392 3458 accusatus
3438 3404 3591 3462 etde

1995 3470 2234 3528 Ecclesia
2286 3477 2494 3545 pulsus,
2535 3465 2710 3550 usque
2738 3485 2789 3538 in
2816 3485 3132 3543 hodiernum
3171 3491 3312 3548 diem
3359 3498 3411 3550 in
3451 3511 3584 3567 apo-

1991 3566 2155 3619 stasia
2208 3583 2527 3636 permanens
2551 3588 2672 3629 cum
2724 3581 3036 3636 concubinis
3083 3584 3300 3653 publice
3327 3599 3377 3642 et
3410 3603 3589 3646 mere-

1993 3643 2217 3712 tricibus
2249 3658 2563 3732 foruicelur,
2607 3667 2761 3736 cujus
2790 3671 3174 3728 maleficiorum
3218 3677 3387 3734 libros
3410 3680 3588 3738 Mace-

1990 3745 2187 3805 donius
2230 3752 2516 3824 episcopus
2575 3768 2738 3826 atque
2785 3764 3066 3818 confessor
3117 3781 3144 3817 a
3203 3767 3389 3838 Motiso
3434 3785 3588 3826 com-

1992 3836 2186 3894 bussit.
2241 3840 2348 3898 Sed
2402 3856 2454 3899 et
2505 3845 2579 3917 (c)
2649 3849 2898 3906 Eustasio
2950 3865 3004 3908 et
3049 3836 3320 3923 Quimatio
3398 3861 3583 3917 adhae-

1989 3935 2142 3989 rebat
2201 3937 2434 4005 pessime
2473 3949 2529 3994 et
2572 3956 2732 3998 carus
2786 3944 2906 4010 fuit,
2959 3947 3027 4004 de
3073 3967 3302 4020 quorum
3329 3953 3454 4010 vita:
3499 3957 3587 4011 in-

1987 4026 2149 4082 famia
2183 4025 2323 4099 tur'pi
2351 4031 2641 4088 dicendum
2669 4035 2804 4090 nihil
2833 4049 2951 4093 est:
2984 4041 3168 4097 exitus
3195 4047 3339 4100 enim
3371 4046 3587 4103 illorum

1986 4134 2082 4174 eos
2128 4122 2375 4178 omnibus
2403 4123 2720 4182 declaravit.
2753 4129 2846 4184 llis
2874 4132 3053 4202 itaque
3097 4150 3160 4190 ac
3207 4137 3586 4208 talibusjune-

1987 4221 2071 4269 tus
2100 4215 2168 4270 ab
2217 4214 2368 4271 initio
2398 4218 2610 4287 Ossius,
2636 4222 2916 4280 sceleratis
2947 4243 3162 4295 semper
3199 4230 3386 4288 favens
3408 4276 3422 4300 ,
3451 4249 3584 4290 con-

1987 4315 2064 4361 tra
2085 4305 2383 4364 Ecclesiam
2412 4313 2683 4380 veniebat,
2707 4326 2761 4371 et
2789 4318 3020 4374 inimicis
3044 4321 3136 4376 Dei
3152 4337 3367 4395 semper
3385 4327 3588 4385 ferebat

1983 4401 2262 4457 auxilium.
2286 4403 2630 4462 Maximinum
2660 4425 2788 4466 vero
2828 4428 2854 4465 a
2881 4413 3148 4482 Triveris,
3179 4429 3400 4489 propter
3438 4426 3583 4493 quod

1983 4494 2218 4566 collegas
2258 4507 2473 4555 nostros
2501 4501 2581 4573 (ά)
2628 4505 2936 4575 episcOpos,
2967 4525 3102 4580 quos
3151 4511 3216 4566 ad
3252 4512 3456 4571 Gallias
3481 4515 3583 4570 mi-

271 4588 586 4631 servamus.
612 4577 746 4635 Nam
769 4581 1005 4652 injuriati
1030 4586 1268 4656 graviter
1288 4597 1342 4643 et
1381 4590 1523 4645 male
1552 4593 1764 4648 traetati
1790 4607 1873 4646 su-
1905 4584 1961 4645 D
1985 4604 2250 4659 seramus,
2281 4592 2517 4649 noluerit
2543 4596 2839 4668 suscipere,
2869 4605 3196 4673 etquoniam
3227 4607 3396 4663 Paulo
3442 4609 3584 4664 Con-

353 4738 428 4810 (n)
472 4738 584 4832 Hoc
627 4741 800 4811 ipsum
844 4755 1300 4832 nunc‘repetimt,
1329 4749 1469 4832 quod
1497 4748 1734 4832 jam_a_n.
1766 4751 1868 4832 δεμ

269 4813 560 4889 conquesti
584 4826 760 4889 erant,
784 4829 904 4869 cum
926 4813 1142 4888 indigne
1175 4813 1410 4875 ferentes
1433 4813 1576 4889 quod
1602 4821 1778 4876 Julius
1805 4827 1873 4876 ab

266 4880 646 4938 Orientalibus
668 4887 944 4952 depositus
991 4880 1104 4942 sedi
1152 4906 1262 4944 sua:
1305 4880 1649 4976 restituisset,
1683 4897 1873 4976 [tritio-

270 4955 417 4976 -._;M
471 4969 495 4976 ,
535 4959 773 4976 ______-..
835 4975 853 4976 η
897 4973 942 4976 ρ
1208 4970 1219 4976 -

265 4955 418 5007 Chia:
458 4959 785 5034 congregati
833 4961 1247 5034 ri'scripseruut,
1300 4978 1403 5016 nou
1435 4955 1645 5034 debere
1674 4965 1737 5017 ab
1761 4966 1872 5034 ipso

265 5025 488 5090 discuti,
537 5029 584 5080 si
613 5044 737 5096 quos
767 5028 868 5097 ipsi
913 5025 1137 5103 ecclesiis
1164 5034 1271 5085 suis
1294 5033 1546 5103 expellere
1572 5025 1870 5101 voluissent,

265 5111 438 5163 neque
467 5097 598 5150 enim
626 5114 679 5151 se
705 5100 1078 5155 contradixisse
1123 5113 1261 5166 tunc,
1290 5097 1402 5157 cum
1437 5104 1668 5160 Novatus
1692 5106 1873 5161 Eccle-

262 5167 352 5220 sia
381 5167 574 5240 ejectus
604 5179 696 5222 est.
727 5168 837 5224 Nisi
878 5173 1019 5240 quod
1071 5175 1393 5238 Antiochiae,
1423 5188 1476 5229 ut
1511 5193 1653 5232 nunc
1677 5194 1742 5232 ex
1773 5183 1873 5232 So-

263 5251 428 5293 crate
457 5239 781 5304 audivimus,
810 5239 907 5297 lib.
930 5259 990 5305 ιι,
1019 5261 1068 5297 c.
1095 5243 1184 5309 15,
1208 5255 1261 5299 et
1281 5246 1629 5302 confirmatur
1649 5265 1675 5301 a
1707 5249 1874 5304 Sozo-

269 5323 446 5362 meno
481 5309 578 5363 lib.
603 5327 683 5375 In.
712 5329 762 5366 c.
787 5313 843 5389 ξε
865 5315 979 5368 spla
995 5325 1181 5389 contra
1202 5316 1464 5389 Novatum
1484 5328 1632 5389 gesta
1669 5335 1874 5376 memo—

264 5390 440 5434 rant:
467 5381 552 5436 cui
585 5398 729 5437 nunc
760 5383 1058 5456 adiungunt
1090 5387 1384 5456 Sabellium
1409 5406 1470 5445 ac
1485 5381 1862 5447 "Valentinum.

264 5451 526 5508 Romano
563 5462 743 5509 autem
796 5451 1030 5512 concilio
1078 5455 1340 5513 Novatum
1391 5461 1700 5516 daminatum
1747 5479 1870 5519 esse

261 5533 485 5605 constat
513 5539 576 5579 ex
603 5525 857 5615 Eusebio,
891 5527 984 5583 lib.
1017 5529 1328 5615 v.1.l-list.,.c.
1357 5533 1448 5615 4t.
1481 5537 1559 5587 An
1674 5534 1865 5615 eadem

261 5595 494 5670 civitate
541 5596 863 5670 specialibus
894 5601 1115 5670 synodis
1150 5595 1348 5670 pariter
1379 5603 1614 5658 damnati
1643 5606 1749 5659 sint
1777 5606 1872 5661 Sa-

265 5665 470 5722 bellius
492 5683 554 5722 ac
581 5665 1082 5738 Valcntinusfuullo
1102 5665 1211 5728 alio
1240 5682 1484 5730 veterum
1517 5685 1870 5734 monumento

261 5747 428 5794 certo
456 5741 678 5794 scimus.

2058 4751 2155 4826 (b)__
2178 4751 2317 4826 Editi
2346 4766 2412 4826 ac
2435 4767 2537 4807 ms.
2563 4752 2732 4823 Pith.,
2757 4758 2959 4813 Asonus
2980 4762 3072 4815 ait.
3104 4763 3291 4822 Melius
3320 4765 3482 4824 Sirm.
3515 4785 3583 4826 ex

1984 4837 2087 4876 ms.
2122 4822 2334 4892 Remig.
2374 4822 2684 4881 Samosatis.

2055 4894 2128 4965 (ε)
2253 4893 2568 4981 EuSta_t_liiiis
2615 4898 2986 4981 Antiochenus
3030 4903 3115 4959 hic
3142 4905 3492 4981 intelligatur,
3528 4911 3579 4969 ei

1981 4966 2246 5039 opiui0ui,
2274 4981 2378 5039 qua
2414 4966 2561 5021 illum
2578 4977 2630 5022 et
2651 4983 2776 5025 ante
2798 4972 3119 5029 Sardicense
3141 4966 3426 5034 concilium
3449 4966 3500 5038 et
3524 4983 3594 5039 in-

1981 5037 2172 5090 exsilio
2200 5037 2399 5124 abiisse
2425 5049 2632 5124 putant,
2657 5041 2794 5124 [hinc
2829 5045 3006 5124 orobnur
3049 5050 3292 5105 accedet.
3317 5037 3577 5124 :l‘mnpro

1985 5107 2286 5190 Qitintatio,_
2307 5107 2599 5190 legendum
2651 5111 2892 5190 Cimolia.
2924 5115 3066 5190 Duos
3095 5130 3272 5176 autem
3296 5107 3574 5190 Citiiatios,

1979 5177 2632 5253 unum__P_alti{alterum
2679 5183 2901 5245 Tarudi.
2930 5188 3259 5248 Athanasius
3305 5196 3369 5250 ad
3418 5177 3573 5253 Solit:

1979 5263 2100 5323 pag.
2154 5249 2275 5323 812
2304 5263 2568 5323 memorat
2606 5255 2658 5308 in
2685 5256 2931 5312 exsilium
2959 5259 3027 5314 ab
3064 5262 3282 5319 Arianis
3302 5249 3574 5323 detrusus.

1975 5319 2162 5390 Neque
2189 5321 2407 5376 dubium
2440 5332 2546 5383 est.
2591 5327 2755 5381 alium
2801 5329 2887 5383 hic
2926 5345 2954 5384 a
2995 5328 3227 5388 Cimatio
3272 5319 3409 5390 Palti
3434 5319 3579 5394 desii-'-

1975 5396 2158 5465 gnari;
2211 5394 2408 5462 quippe
2455 5410 2612 5464 quem
2662 5414 2725 5452 ex
2769 5401 2964 5456 eodem
3009 5402 3307 5462 Athanasio
3359 5409 3424 5462 ad
3463 5409 3577 5465 An-

1977 5463 2486 5538 t_ii_ieli.,_pag.575,
2528 5479 2650 5536 post
2670 5472 2964 5528 concilium
2997 5476 3416 5534 Alexandrinum
3449 5463 3577 5538 sithi

1977 5533 2086 5589 362
2114 5536 2293 5605 adhuc
2324 5536 2375 5588 in
2435 5533 2570 5592 vivis
2600 5543 2874 5597 exstitisse
2904 5546 3247 5602 manifestum
3273 5533 3376 5605 est.

2050 5604 2132 5678 (ά)
2173 5606 2481 5688 Narcissum
2509 5610 2656 5677 scil.,
2687 5613 2898 5677 Marini,
2955 5615 3322 5688 Theodorum,
3345 5604 3405 5677 et
3437 5623 3579 5680 Mar-

1977 5692 2284 5755 cum,_quos
2298 5717 2328 5755 ,_
2345 5679 2557 5755 ali_quot
2578 5698 2814 5755 menses
2839 5694 2962 5753 post
3003 5689 3290 5746 concilium
3307 5679 3572 5755 'Antioch.

1976 5765 2064 5805 an.
2117 5748 2245 5821 541,
2280 5749 2348 5804 ab
2399 5751 2719 5810 Eusebianis
2753 5748 3220 5819 aii—Constantem
3273 5765 3325 5821 in
3372 5748 3580 5829 Gallias
