4100 6196
514 248 622 319 67's

1718 256 1969 325 SANC‘I‘I
2008 248 2263 325 manu
2304 256 2612 328 ertscort

3720 273 3821 330 6'6

512 378 807 449 stantinop.
831 378 1036 436 nefario
1062 372 1352 435 hominfac
1366 377 1574 450 perdito
1596 378 1798 449 primus
1828 382 1944 451 ipse
1965 396 2112 437 com-
2137 380 2194 446 Α
2217 383 2336 445 bus,
2382 398 2477 452 per
2497 396 2656 453 quem
2711 380 3116 437 sanctiﬁcantur
3149 381 3350 435 anima:
3398 379 3449 436 in
3481 379 3655 451 ipsum
3689 382 3823 439 ﬁde-

515 472 830 537 municavit,
869 471 1087 541 etquod
1121 473 1235 540 ipse
1277 480 1440 526 tanta:
1492 470 1661 527 cladis
1696 484 1854 527 causa
1907 472 2023 537 fuit,
2054 484 2117 528 ut

517 564 719 619 Paulus
768 564 831 618 ad
878 564 1401 634 Constantinopolim
1445 565 1717 619 civitatem
1744 574 2113 633 revocaretur,

514 667 734 727 propter
759 654 901 724 quod
930 654 1217 711 homicidia
1263 655 1431 710 multa
1465 655 1602 712 facta
1633 662 1779 712 sunt.
1806 656 1984 711 Causa
2016 657 2117 727 igi-

516 760 605 803 tur
653 748 1066 805 homicidiorum
1121 759 1391 804 tantorum
1438 749 1553 819 ipse
1597 748 1717 816 fuit,
1757 750 1851 821 qui
1890 749 2115 805 Paulum

515 843 643 897 olim
692 842 1005 898 damnatum
1035 843 1101 896 ad
1129 841 1655 914 Constantinopolim
1687 845 1983 901 revocavit.

586 935 675 990 28.
721 935 949 1001 Propter
988 935 1087 990 has
1116 936 1277 1006 igitur
1305 937 1713 1005 musasjustum
1752 936 1907 993 duxit
1928 937 2115 993 conci-

515 1026 670 1095 lium,
691 1037 752 1082 ut
772 1027 973 1082 Julium
1006 1028 1154 1083 urbis
1192 1028 1398 1093 Romae,
1424 1039 1483 1083 et
1506 1014 1744 1095 Gestiunt,
1778 1039 2116 1098 ceterosque

514 1134 676 1189 supra
730 1130 1061 1176 memoratos
1081 1121 1408 1191 discingeret
1448 1124 1629 1192 atque"
1648 1122 1954 1178 damnaret.
1980 1122 2116 1189 Qum

484 1272 487 1281 ,
514 1229 637 1269 cum
660 1214 733 1269 ita
756 1216 886 1279 sint,
913 1216 1190 1271 custodire
1219 1231 1315 1271 vos
1336 1216 1403 1270 ab
1426 1217 1555 1284 ipsis
1576 1226 1634 1272 et
1660 1218 1933 1273 abstinere
1944 1217 2114 1272 debe-

517 1308 605 1371 tis,
655 1306 991 1363 dilectissimi
1016 1307 1256 1375 Fratres,
1291 1323 1390 1364 nec
1419 1323 1514 1364 eos
1544 1309 1835 1379 aliquando
1864 1309 1931 1364 ad
1964 1324 2116 1364 eom-

517 1399 830 1454 munionem
872 1413 1108 1456 vestram
1134 1401 1454 1455 admittere:
1486 1401 1583 1457 sed
1630 1418 1731 1457 nec
1756 1402 1995 1472 ipsorum
2020 1402 2113 1456 lit-

518 1502 662 1547 teras
682 1493 955 1560 accipere,
1006 1508 1109 1548 nec
1134 1493 1204 1548 ad
1236 1495 1356 1548 illos
1388 1495 1596 1549 littetas
1622 1494 1925 1550 dominicas
1958 1496 2112 1551 dare.

519 1582 584 1637 Et
612 1583 867 1653 quoniam
888 1582 1216 1638 catholicam
1274 1596 1327 1638 et
1357 1587 1711 1655 apostolicam
1738 1586 1901 1642 [idem
1928 1587 2116 1642 volue-

516 1684 644 1728 runt
668 1672 960 1745 infringere
986 1676 1019 1729 ii
1040 1677 1131 1745 qui
1154 1691 1276 1730 cum
1299 1677 1458 1732 Ossio
1482 1686 1660 1742 erant,
1690 1679 2117 1750 indui-entesque

517 1783 710 1822 novam
741 1776 944 1824 sectam
992 1770 1071 1842 (α)
1114 1770 1274 1826 indee
1322 1772 1517 1826 croniti
1562 1772 1799 1828 Marcelli
1828 1774 1991 1828 mixta
2021 1773 2122 1829 Sa-

516 1860 678 1917 bellio
707 1872 760 1914 et
786 1861 976 1924 Paulo,
1012 1862 1138 1918 inde
1165 1870 1368 1929 artem;
1417 1865 1726 1919 necessario
1747 1865 2119 1919 ordinat-imus

517 1954 802 2010 catholicae
845 1956 1103 2010 Ecclesim
1149 1956 1330 2019 ﬁdem,
1360 1970 1522 2027 quam
1568 1967 1903 2027 negaverunt
1931 1971 2122 2026 supra-

516 2044 646 2100 dicti
693 2046 785 2115 qui
828 2062 950 2100 cum
996 2044 1155 2101 Ossio
1184 2055 1349 2110 sunt,
1378 2058 1435 2102 et
1462 2046 1713 2101 Marcello
1744 2046 1985 2101 haeretici
2033 2046 2116 2119 (ι’.

518 2139 750 2195 Marcelli
792 2138 1063 2211 hreresim)
1098 2139 1451 2205 induxerunt.
1496 2140 1850 2212 Consequens
1905 2149 2009 2204 est,
2059 2149 2122 2195 ut

516 2234 755 2303 acceptis
787 2234 981 2288 litteris
1018 2233 1220 2287 nostris
1243 2233 1439 2303 singuli
1484 2249 1811 2288 consensum
1842 2232 1968 2289 huic
1990 2248 2121 2287 seu-

521 2328 705 2383 tentize
745 2326 1174 2394 commodautes,
1215 2327 1432 2381 decreta
1482 2334 1663 2381 nostra
1720 2330 1939 2397 propria
1986 2327 2119 2381 sub-

519 2420 813 2492 scriptione
839 2421 1082 2490 signetis.
1117 2421 1211 2474 Est
1236 2428 1417 2474 autem
1448 2418 1585 2475 lides
1599 2429 1782 2474 nostra
1802 2419 1925 2475 talis
1963 2418 1984 2492 (
2000 2417 2117 2472 νεά.

494 2553 501 2561 .
528 2513 619 2567 tib.
653 2512 717 2567 de
739 2512 969 2583 Sgnodis
996 2529 1051 2567 ﬂ.
1083 2510 1200 2581 54).

592 2604 684 2659 :29.
724 2604 1010 2659 Credimus
1039 2605 1091 2658 in
1121 2619 1285 2658 unum
1332 2604 1500 2659 Deum
1532 2613 1737 2673 patrem
1787 2601 1953 2675 εει
1998 2617 2124 2657 om-

522 2697 900 2766 nipotentem,
976 2696 1347 2751 institutorem
1398 2705 1457 2751 et
1503 2704 1805 2750 creatorem
1848 2695 2116 2757 omnium,

522 2806 588 2846 ex
609 2792 914 2860 quoomuis
940 2792 1551 2860 ereatura(paternitas)
1581 2792 1633 2845 in
1660 2792 1803 2851 celo
1818 2802 1872 2846 et
1896 2791 1949 2845 in
1979 2801 2123 2845 terra

525 2884 857 2939 nominatur.
891 2883 957 2937 Et
979 2883 1033 2937 in
1095 2882 1424 2953 unigenitum
1452 2882 1627 2938 ﬁlium
1673 2884 1792 2953 ejus
1832 2883 2120 2937 Dominum

525 2985 769 3028 nostrum
813 2973 998 3029 Jesutn
1041 2973 1338 3043 Christum,
1394 2975 1485 3044 qui
1534 2987 1660 3029 ante
1698 2990 1871 3029 aevum
1918 2975 2122 3046 (omnia

523 3067 748 3139 saecula)
776 3084 842 3123 ex
874 3067 1034 3122 Patre
1058 3077 1350 3138 generatus
1374 3078 1477 3132 est,
1510 3082 1576 3122 ex
1613 3068 1725 3123 Deo
1746 3069 1908 3134 Deus,
1938 3082 2005 3122 ex
2037 3068 2121 3122 lu-

2216 474 2340 529 liter
2367 473 2673 529 credentes.
2707 471 2806 546 [(b)
2839 471 3124 528 Credimus
3174 481 3230 527 et
3256 470 3308 526 in
3342 480 3585 527 sanctam
3634 475 3822 530 Eccle-

2215 567 2371 632 siam,
2408 567 2458 621 in
2507 566 2879 621 remissionem
2931 575 3297 634 peccatorum,
3335 562 3392 618 in
3422 566 3607 620 carnis
3632 579 3816 621 resur-

2215 660 2545 723 rectionem,
2568 658 2624 714 in
2648 658 2819 714 vitam
2848 654 3157 729 maternam]
3184 652 3314 711 Illos
3340 671 3469 712 vero
3497 657 3590 727 qui
3613 657 3816 724 dicunt,

2215 752 2297 808 Ex
2320 751 2376 805 id
2423 749 2706 823 quodnon
2754 749 2855 804 fuit
2884 750 3025 804 ﬁlius
3074 748 3170 804 Dei
3216 749 3303 818 (ex
3327 762 3433 803 non
3475 748 3823 805 exstantibus

2212 856 2338 899 esse
2360 841 2555 897 Filium
2613 840 2754 913 Dei),
2785 850 2876 895 aut
2907 854 2972 896 ex
3015 839 3116 895 alia
3146 839 3473 907 substantia,
3502 848 3559 895 et
3601 854 3712 896 non
3756 854 3821 896 ex

2222 939 2365 1002 Deo;
2391 947 2483 993 aut
2509 937 2599 1007 qui
2629 936 2839 1000 dicunt,
2857 934 3024 990 fuisse
3050 933 3344 1004 aliquando
3372 940 3587 1005 tempus
3608 934 3694 990 vel
3720 947 3823 989 sa:-

2217 1029 2399 1085 culum
2470 1028 2688 1100 quando
2732 1040 2840 1082 non
2899 1025 3000 1081 fuit
3042 1025 3216 1090 ﬁlius,
3270 1025 3559 1082 haereticus
3603 1027 3826 1081 damnat

2214 1129 2404 1176 sancta
2444 1130 2503 1176 et
2539 1119 2807 1176 catholica
2841 1118 3105 1175 Ecclesia.
3148 1117 3418 1173 Similiter
3445 1126 3501 1173 et
3544 1116 3693 1186 illos,
3722 1118 3816 1189 qui

2212 1214 2405 1268 dicunt
2435 1223 2544 1268 tres
2562 1224 2685 1269 esse
2715 1212 2848 1268 deos
2872 1225 2887 1277 ;
2920 1219 3017 1267 aut
3040 1210 3313 1266 Christum
3341 1222 3449 1265 non
3468 1226 3591 1266 esse
3618 1209 3823 1277 Deum;

2214 1317 2311 1361 aut
2340 1314 2466 1361 ante
2499 1305 2626 1377 (leg.
2652 1305 2851 1361 sarcula
2876 1318 2985 1360 non
3012 1303 3204 1375 fuisse)
3231 1319 3293 1360 ea
3322 1318 3488 1359 unum
3518 1321 3623 1359 non
3652 1302 3825 1361 fuisse

2212 1396 2514 1466 Christum,
2548 1414 2725 1470 neque
2764 1398 2932 1453 lilium
2962 1398 3091 1456 Dei:
3126 1406 3219 1453 aut
3244 1398 3419 1469 ipsum
3451 1399 3599 1470 (eum
3648 1401 3823 1470 ipsum

2212 1492 2364 1559 esse)
2410 1491 2624 1547 Patrem
2671 1498 2726 1545 et
2772 1488 2969 1545 Filium
3018 1499 3073 1546 et
3110 1491 3378 1560 Spiritum
3406 1500 3691 1558 sanctum;
3733 1503 3827 1548 aut

2214 1597 2328 1637 non
2362 1589 2543 1637 uatum
2574 1582 2774 1647 tiliam;
2805 1592 2897 1637 aut
2934 1599 3042 1638 non
3100 1584 3373 1638 sententia
3420 1582 3700 1657 (consilio)
3726 1601 3826 1640 ne-

2213 1693 2326 1748 que
2375 1680 2654 1733 voluntate
2683 1679 2854 1734 Deum
2902 1685 3111 1748 patrem
3152 1679 3408 1750 genuisse
3449 1678 3665 1734 ﬁlium:
3727 1680 3828 1736 hos

2149 1769 2199 1828 B
2225 1786 2416 1827 omnes
2461 1772 2883 1828 anathematizat
2909 1782 2964 1827 et
2994 1779 3309 1828 exsecratur
3338 1780 3524 1827 sancta
3552 1778 3606 1827 et
3634 1774 3830 1829 catho-

2227 1865 2327 1919 lica
2360 1864 2625 1919 Ecclesia.
2650 1865 2793 1935 Opto
2824 1879 2920 1920 Vos
2940 1864 2996 1921 in
3030 1865 3260 1920 Detnino
3292 1865 3437 1921 bene
3466 1865 3669 1922 valere.
3702 1865 3827 1922 Ste-

2226 1958 2437 2028 phauus
2463 1958 2765 2028 Episcopus
2816 1957 3119 2013 Antiochiae
3164 1957 3465 2028 provincia;
3502 1957 3677 2029 Syria:
3728 1958 3828 2031 (at.

2225 2047 2507 2123 Spreciiae)
2553 2048 2731 2106 Cales
2772 2059 2902 2120 opto
2932 2063 3026 2106 vos
3068 2050 3127 2104 in
3158 2048 3389 2106 Domino
3433 2049 3574 2107 bene
3617 2050 3827 2109 vetere.

2223 2142 2485 2212 Otimpius
2512 2144 2807 2214 episcopus
2836 2142 3094 2198 Duliceus
3121 2151 3252 2213 opto
3270 2154 3374 2198 vos
3400 2142 3455 2198 in
3484 2140 3715 2199 Domino
3730 2143 3830 2201 be~

2228 2251 2295 2289 ne
2352 2235 2553 2289 valere.
2599 2234 2892 2291 Gerontius
2918 2235 3209 2306 episcopus
3238 2220 3610 2306 Lamphanim.
3637 2234 3834 2292 leno-

2228 2325 2463 2396 pbantus
2517 2327 2805 2397 episcopus
2848 2327 2916 2381 ab
2945 2325 3161 2395 Epheso
3184 2336 3312 2395 opto
3344 2337 3441 2382 vos
3490 2326 3546 2381 in
3596 2325 3833 2383 Domino

2226 2422 2366 2477 bene
2397 2422 2596 2477 valere.
2650 2421 2849 2475 Paulus
2899 2421 3190 2493 episcopus
3216 2426 3345 2492 opto
3364 2434 3462 2476 vos
3508 2421 3561 2475 in
3592 2421 3832 2476 Domino

2220 2512 2585 2568 beneralere.
2618 2510 2785 2586 685
2825 2511 3066 2567 Eulalius
3119 2514 3407 2582 episcopus
3433 2511 3504 2567 ab
3543 2513 3832 2568 Amantias

2224 2615 2354 2677 opto
2368 2619 2463 2661 vos
2490 2607 2544 2661 in
2580 2605 2811 2662 Domino
2832 2607 2972 2661 bene
3007 2605 3573 2662 valere.Macedonius
3613 2607 3835 2676 episco-

2226 2712 2326 2769 pus
2346 2690 2415 2754 ab
2433 2697 2813 2769 Amarqnetias
2828 2700 2881 2767 (a
2898 2699 2982 2753 Mn
2991 2699 3245 2772 psvestia)
3259 2707 3496 2771 optovos
3510 2699 3571 2754 in
3592 2698 3834 2755 Domino

2226 2790 2368 2845 bene
2397 2791 2598 2846 valere.
2630 2789 2967 2860 Thelaphius
2994 2791 3284 2862 episcopus
3302 2790 3674 2847 aCalcedonia
3697 2803 3833 2865 opto

2228 2896 2326 2937 vos
2360 2882 2411 2936 in
2442 2882 2668 2937 Domino
2692 2882 2829 2938 bene
2854 2883 3064 2938 valere.
3101 2884 3330 2938 Aeacius
3344 2883 3634 2953 episcopus
3651 2881 3833 2940 θῦε-

2229 2987 2380 3028 sarea
2402 2984 2530 3044 opto
2549 2988 2649 3028 vos
2669 2973 2725 3028 in
2763 2974 2993 3028 Domino
3006 2975 3147 3030 bene
3166 2973 3693 3030 valere.'l‘bemlorus
3706 2974 3834 3043 epi-

2228 3079 2426 3135 seOpus
2476 3065 2545 3121 ab
2572 3066 2828 3121 Heraclea
2856 3075 2988 3137 opto
3009 3079 3105 3122 vos
3132 3066 3184 3121 in
3204 3066 3439 3122 Domino
3462 3066 3602 3123 bene
3618 3066 3831 3123 valere.

523 3176 588 3218 ce
618 3162 730 3228 lux,
762 3176 857 3230 per
872 3176 1031 3231 quem
1080 3162 1216 3215 facta
1263 3168 1390 3214 sunt
1416 3161 1595 3214 omnia
1618 3175 1739 3230 quae
1784 3158 1837 3214 in
1887 3160 2041 3215 caelis
2069 3167 2126 3215 et
2152 3159 2197 3223 C
2233 3159 2556 3227 Quintianus
2579 3160 2874 3231 episcopus
2905 3159 2982 3232 (c)
3006 3175 3035 3214 a
3060 3157 3361 3230 Taxeopto
3388 3174 3490 3215 vos
3518 3160 3573 3214 in
3598 3160 3836 3215 Domino

525 3270 644 3325 qua:
668 3252 721 3308 iu
752 3264 916 3320 terra,
944 3253 1171 3309 visibilia
1194 3253 1576 3318 etiuvisibilia,
1608 3258 1792 3307 sermo
1809 3253 1984 3323 quisit
2005 3250 2122 3326 (qui

525 3363 611 3404 est
631 3348 903 3420 verbum).
934 3358 991 3403 et
1027 3349 1317 3417 sapientia,
1345 3354 1404 3401 et
1429 3346 1622 3409 virtus,
1653 3356 1709 3400 et
1760 3345 1903 3413 vita,
1951 3356 2004 3401 et
2030 3346 2123 3403 lux

525 3457 676 3506 vera.
726 3443 816 3512 qui
867 3441 920 3496 in
952 3438 1260 3494 novissimis
1294 3439 1634 3508 temporibus
1655 3445 1877 3508 propter
1902 3452 2008 3492 nos
2038 3439 2121 3490 in-

524 3537 709 3594 duerit
754 3536 1029 3592 hominem
1086 3536 1425 3608 (incarnatus
1473 3536 1604 3600 est),
1665 3542 1721 3587 et
1761 3542 1916 3587 natus
1956 3530 2027 3586 sit
2055 3531 2125 3587 de

527 3639 711 3685 sancta
755 3628 976 3699 Virgine
1006 3628 1192 3689 Maria,
1220 3636 1276 3682 et
1315 3625 1625 3691 cruciﬁxus,
1659 3633 1716 3679 et
1760 3633 2025 3689 mortuus,
2068 3633 2124 3678 et

528 3724 777 3795 sepultus
800 3726 872 3779 sit
908 3740 920 3775 :
968 3722 1125 3777 tertia
1152 3721 1238 3776 die
1264 3719 1560 3775 resurrexit
1593 3732 1622 3771 a
1672 3719 1921 3785 mortuis,
1954 3727 2009 3771 et
2038 3731 2126 3771 as-

512 3829 780 3890 sumptus
800 3819 855 3872 in
882 3808 1102 3879 malum,
1130 3814 1289 3870 sedet
1312 3815 1609 3868 in'dextera
1642 3811 1835 3874 Patris,
1864 3822 2126 3867 venturus

528 3909 582 3963 in
623 3910 729 3965 line
750 3908 940 3962 mundi
968 3906 1213 3977 judicare
1239 3906 1395 3964 vivus
1423 3915 1779 3975 et‘tnortuos,
1808 3913 1864 3959 et
1895 3905 2126 3960 reddere

528 4001 821 4072 unicuique
849 4001 1145 4056 secundum
1162 4013 1328 4070 opera
1357 4013 1493 4063 sua;
1521 3997 1678 4067 cujus
1700 4011 1921 4068 regnum
1948 3996 2128 4051 inces-

527 4096 698 4152 sabile
730 4106 1013 4166 permanet
1040 4096 1092 4151 in
1136 4104 1335 4150 aeterna
1369 4095 1587 4149 saecula.
1617 4093 1715 4149 Est
1752 4092 1898 4148 enim
1930 4093 2126 4148 sedens

531 4188 584 4243 in
614 4190 837 4246 dextera
875 4189 1080 4254 Patris,
1108 4205 1215 4245 non
1246 4189 1418 4245 solum
1456 4188 1509 4243 iu
1560 4188 1664 4246 isto
1703 4188 1923 4251 sarculo,
1955 4188 2047 4242 sed
2070 4195 2129 4243 tot

529 4283 584 4335 in
610 4282 811 4337 futuro.
866 4282 1153 4337 Credimus
1196 4282 1249 4336 in
1284 4281 1544 4351 Spiritum
1575 4291 1848 4346 sanctum,
1874 4279 1977 4334 hoc
2021 4288 2124 4343 est,

529 4366 584 4429 in
631 4374 983 4444 paracletum,
1009 4389 1169 4443 quem
1200 4374 1419 4427 mittens
1451 4370 1817 4443 (promittens)
1850 4372 2126 4442 Apostulis

532 4478 653 4539 pust
695 4466 1123 4535 assumptionem
1171 4481 1320 4520 suam
1361 4464 1417 4519 in
1463 4464 1682 4529 cmlum,
1732 4467 1879 4519 misit
1924 4467 2127 4521 docens

2239 3252 2379 3307 bene
2408 3254 2605 3309 valere.
2640 3254 2851 3309 Marcus
2871 3255 3158 3324 episcopus
3183 3254 3251 3310 ab
3277 3252 3479 3309 Aretiis
3496 3253 3834 3326 (Arethusa)

2227 3354 2357 3413 Opto
2403 3358 2499 3399 vos
2525 3347 2577 3398 in
2608 3344 2835 3399 Domine
2850 3345 2986 3401 bene
3000 3344 3205 3400 valere.
3230 3345 3465 3416 Cyrotus
3485 3347 3775 3415 episcopus
3796 3360 3833 3399 a

2230 3437 2382 3492 Roeo
2402 3445 2531 3507 opto
2550 3450 2646 3492 vos
2664 3437 2716 3492 in
2735 3437 2963 3492 Domino
2989 3438 3125 3493 bene
3145 3438 3349 3493 valere.
3374 3436 3587 3508 Eugeus
3610 3438 3837 3506 episco-

2227 3542 2330 3600 pus
2352 3546 2385 3585 a
2419 3530 2609 3587 Lisicia
2645 3541 2774 3602 opto
2802 3546 2906 3587 vos
2946 3532 2999 3587 in
3050 3531 3283 3587 Domino
3319 3532 3458 3587 bene
3488 3532 3695 3589 valere.
3719 3535 3839 3586 An-

2228 3625 2410 3678 tonius
2436 3626 2725 3694 episcopus
2764 3639 2794 3679 a
2827 3624 3084 3680 Zeumate
3098 3635 3231 3696 opto
3245 3636 3343 3681 vos
3370 3626 3425 3680 in
3443 3626 3672 3681 Domino
3689 3626 3838 3682 bene

2229 3716 2433 3771 valere.
2494 3716 2759 3773 Antonius
2804 3721 3095 3788 episcopus
3121 3733 3150 3772 a
3196 3718 3419 3774 Decimo
3460 3728 3588 3790 opto
3621 3732 3725 3775 vos
3774 3721 3838 3777 in

2234 3809 2463 3867 Domino
2492 3811 2628 3867 bene
2657 3812 2864 3867 valere.
2909 3812 2993 3885 (ά)
3023 3812 3155 3867 Dion
3182 3814 3475 3884 episcopus
3516 3828 3546 3868 a
3574 3812 3840 3870 Caesarea

2231 3912 2360 3973 opto
2401 3893 2497 3959 ros
2537 3908 2591 3958 in
2629 3905 2857 3960 Domino
2923 3906 3061 3961 bene
3115 3906 3314 3962 valere.
3376 3904 3561 3961 Vitatis
3622 3907 3842 3978 episco.

2233 4010 2334 4066 pus
2375 4014 2403 4051 a
2461 3997 2606 4070 Tyro
2654 4008 2784 4070 opto
2807 3991 2907 4054 vos
2954 3999 3281 4055 in-Domino
3308 3998 3446 4055 bene
3475 3998 3679 4055 valere.
3722 3997 3844 4053 Eu—

2231 4092 2427 4147 doxins
2488 4093 2776 4163 episcopus
2827 4108 2857 4147 a
2908 4092 3252 4150 Germanicia
3296 4106 3425 4165 opto
3469 4108 3571 4150 vos
3622 4094 3676 4150 in
3721 4094 3843 4149 Do-

2232 4187 2380 4241 mino
2423 4187 2559 4242 bene
2615 4188 2816 4245 valere.
2842 4187 3131 4260 Dionysius
3152 4188 3446 4259 episcopus
3492 4189 3562 4245 ab
3590 4186 3843 4244 Aleum

2232 4280 2346 4333 dria
2386 4278 2674 4350 provinciae
2714 4288 2842 4351 opto
2897 4295 2993 4336 vos
3042 4285 3096 4341 ἰ
3146 4280 3377 4335 Domino
3425 4280 3565 4336 bene
3620 4282 3839 4336 valere.

2230 4370 2576 4428 Macedonius
2596 4374 2889 4443 episcopus
2921 4386 2958 4430 α
3001 4370 3174 4429 Vit-ito
3200 4383 3330 4443 opto
3364 4386 3462 4429 res
3494 4373 3553 4427 in
3602 4374 3843 4429 Domino

2233 4465 2370 4520 bene
2398 4466 2600 4521 valere.
2629 4464 2702 4538 (e)
2724 4457 2989 4522 Eusebius
3042 4466 3333 4537 episcopus
3374 4480 3411 4519 ι
3450 4465 3670 4520 Det-lani
3698 4473 3842 4535 opto

527 4562 651 4620 illos
677 4572 730 4618 et
756 4564 1034 4617 instruens
1060 4559 1283 4631 (docere
1304 4558 1428 4613 illos
1455 4566 1510 4612 et
1528 4556 1825 4627 instruere)
1852 4557 1920 4613 de
1946 4561 2127 4613 omni-
2148 4549 2205 4612 D
2232 4572 2327 4613 vos
2359 4559 2409 4614 in
2467 4559 2697 4614 Domine
2744 4559 2884 4614 bene
2930 4559 3137 4617 valere.
3179 4559 3412 4616 Basilius
3438 4560 3732 4631 episcopus
3760 4561 3845 4615 ab

527 4725 848 4855 aniagilatos
896 4736 1018 4779 esse
1059 4720 1229 4778 refert
1283 4717 1618 4775 Athanasius
1664 4715 1759 4773 lib.
1809 4716 1877 4772 de
1918 4717 2121 4791 Synod.

530 4809 632 4855 ΒΛ
725 4841 738 4853 .

529 4816 582 4871 p.
612 4809 738 4855 res.

603 4894 681 4963 (α)
724 4893 778 4947 ln
809 4904 911 4945 ms.
951 4888 1137 4963 Sirm.,
1171 4887 1334 4963 judeo
1387 4886 1604 4963 ενοηξιὶ.Δ
1642 4882 1994 4963 suspicamur
2037 4884 2123 4940 hic

527 4956 702 5021 notari
734 4963 968 5018 Marcelli
1003 4956 1301 5016 doctrinam
1341 4972 1462 5013 eum
1509 4957 1707 5012 Juda-is
1735 4956 1933 5023 lacere,
1969 4971 2122 5012 eum-

526 5053 631 5099 que
654 5034 840 5091 Iudaeo
861 5049 1046 5088 errore
1074 5047 1196 5087 esse
1222 5030 1505 5086 imbutum.
1525 5028 1642 5082 Mox
1673 5027 1912 5099 proinde
1932 5040 2115 5092 artem,

526 5097 671 5163 idem
699 5106 1018 5163 Sirmundus
1050 5105 1104 5158 in
1134 5120 1234 5157 ms.
1267 5102 1478 5171 ltemig.
1530 5097 1732 5171 reperit
1756 5097 1902 5153 Iuda
1930 5109 2118 5171 artem:

525 5180 669 5233 unde
715 5176 999 5245 legendum
1047 5185 1318 5245 putamus.
1376 5169 1562 5245 sectam
1588 5169 1777 5245 ,ζηαίεο
1801 5170 2115 5245 αηὶιέ-Ματ-

526 5236 813 5319 ερΙΙὶῙιιωῖα
861 5236 1147 5302 Sabellium
1170 5255 1216 5300 et
1236 5243 1475 5319 Paulum
1524 5236 2119 5319 ἱιιάηίπαηέεπιτγειᾟηι

527 5312 684 5391 hujus
719 5322 818 5376 loci
846 5334 1038 5374 sensus
1075 5318 1247 5391 repeti
1278 5323 1453 5384 potest
1480 5330 1545 5368 ex
1578 5329 1725 5391 num.
1747 5312 1811 5391 :2,
1842 5314 1928 5391 ubi
1954 5313 2115 5391 indu-

525 5384 665 5447 citur
693 5391 976 5447 Marcellus
1007 5384 1335 5443 :tssertiones
1366 5399 1493 5449 suas
1519 5400 1654 5439 nunc
1683 5384 1991 5452 falsitatilms
2013 5384 2116 5439 Sa-

525 5463 686 5532 bellii,
715 5480 851 5517 nunc
875 5461 1084 5516 malitiw
1109 5458 1265 5513 Pauli
1294 5456 1695 5522 Samosanensis,
1716 5457 2117 5532 nupeblasphe-

524 5525 710 5590 miisﬂ.
766 5545 936 5603 aperte
988 5533 1317 5604 permiscens,
1376 5542 1631 5604 unumque
1672 5528 2022 5604 confusionem
2051 5525 2117 5581 de

525 5595 836 5677 supradictis
894 5595 1124 5677 faciens:
1176 5603 1258 5658 vel
1309 5615 1377 5656 ex
1402 5595 1573 5677 num.
1603 5595 1659 5667 ι,
1680 5595 1786 5677 _ubi
1817 5610 2116 5653 restaurari:

528 5668 683 5730 Puuh
701 5668 1070 5731 Sumosiztenais
1092 5686 1135 5730 et
1153 5682 1283 5729 arte:
1311 5682 1358 5726 et
1379 5671 1527 5726 dolos
1550 5668 1897 5742 prtcdicatur.

604 5764 678 5837 (b)
719 5767 848 5832 Qua:
899 5766 1107 5823 uncinis
1151 5763 1538 5834 comprehensa
1569 5769 1716 5831 sunt,
1768 5776 1874 5818 non
1901 5769 2116 5819 exstant

2233 4721 2286 4795 in
2320 4719 2554 4795 formula
2574 4719 2789 4795 sardic.
2816 4720 3091 4792 descripta
3116 4721 3213 4777 lib.
3230 4720 3305 4778 de
3324 4722 3530 4795 Synod.
3563 4730 3620 4777 a.
3651 4721 3748 4790 δι,
3774 4731 3843 4779 ut

2231 4793 2300 4846 ibi
2319 4791 2431 4861 jam
2460 4794 2790 4847 notavimus.

2303 4860 2373 4933 (ὸ)
2406 4862 2538 4932 Leg.
2569 4880 2602 4917 a
2625 4863 2769 4917 Casa
2789 4863 2887 4936 :_is
2916 4864 3061 4920 enim
3098 4873 3183 4920 est
3229 4864 3324 4936 qui
3346 4865 3594 4935 Asclepte
3639 4865 3840 4922 sedem

2227 4945 2512 5003 usurparet
2535 4976 2550 4999 ,
2574 4936 2643 4991 de
2668 4950 2776 5006 quo
2804 4934 3182 5003 Fragmentum
3211 4934 3461 5008 superius
3488 4953 3637 4992 num.
3666 4937 3722 4993 8.

2297 5026 2377 5101 (ά)
2416 5027 2514 5083 Hic
2535 5038 2648 5101 est,
2683 5036 2941 5100 quantum
2969 5033 3215 5099 augurari
3244 5031 3365 5086 licet
3385 5072 3401 5099 ,
3437 5029 3686 5085 Dianae:
3711 5029 3842 5086 Cie-

2225 5099 2394 5174 sareée
2441 5102 2491 5152 iu
2523 5099 2875 5174 Cappadocia
2927 5105 3213 5172 episcopus
3232 5144 3245 5167 ,
3272 5116 3439 5174 quem
3468 5105 3838 5174 Sozontenus,

2226 5172 2319 5227 lib.
2342 5185 2401 5226 tu
2418 5212 2431 5231 ,
2452 5185 2502 5224 c.
2522 5171 2577 5235 5,
2601 5172 2940 5228 Antiocheno
2962 5171 3191 5228 concilio
3206 5171 3333 5229 anni
3379 5172 3479 5228 541
3518 5172 3843 5229 interfuisse

2228 5256 2515 5309 memorat,
2529 5258 2797 5313 quemque
2811 5238 3039 5299 Basilius
3057 5248 3213 5314 epist.
3236 5258 3456 5309 antt,
3473 5246 3799 5300 testiﬁcatur
3818 5286 3840 5311 ,

2229 5330 2352 5369 cum
2384 5316 2435 5367 in
2467 5315 2873 5384 :egrotatioueni
2905 5330 2972 5370 ex
3001 5330 3106 5386 qua
3132 5325 3185 5371 et
3225 5328 3469 5371 mortuus
3493 5327 3578 5372 est
3602 5317 3846 5372 decum-

2225 5386 2375 5440 beret
2398 5427 2411 5449 ,
2441 5394 2798 5440 contestatum
2843 5402 2965 5442 esse
2986 5428 3002 5452 ,
3029 5403 3099 5456 se
3128 5386 3357 5456 simplici
3388 5389 3553 5443 corde
3593 5392 3649 5441 in
3687 5387 3839 5442 scri-

2226 5468 2370 5530 ptum
2392 5456 3009 5530 Cmistatttittopolitante
3036 5455 3161 5530 ﬁdei
3185 5455 3301 5530 (an.
3326 5461 3454 5520 560)
3479 5460 3842 5517 conmissa

2222 5529 2471 5597 quidem;
2495 5528 2588 5583 sed
2621 5529 2763 5583 nulla
2791 5530 2844 5584 in
2876 5544 2936 5584 re
2967 5529 3172 5586 irritam
3198 5528 3441 5586 voluisse
3467 5544 3588 5586 eam
3622 5530 3791 5585 fidem
3816 5570 3837 5595 ,

2223 5614 2343 5670 quae
2371 5599 2563 5655 Nicmae
2589 5601 2830 5672 exposita
2862 5600 3057 5657 fuerat.

2297 5690 2367 5763 (υ)
2410 5691 2666 5767 Mendose
2707 5692 2910 5767 editum
2940 5705 3056 5767 erat
3099 5694 3388 5767 Eufenius,
3429 5712 3549 5752 cum
3578 5694 3653 5767 in
3685 5710 3837 5749 mss.

2223 5772 2400 5821 exstet
2436 5763 2705 5821 Eusevitls.
2749 5764 2845 5820 llic
2883 5763 3331 5839 episc0pus'ejus
3374 5767 3523 5823 urbis
3571 5766 3838 5830 videtur,
