4100 6196
342 263 446 319 68!

1281 263 1376 321 EX
1415 264 1642 322 OPERE
1682 264 2043 324 HISTOBICO
2081 266 2560 327 FllAGMENTUM
2601 269 2668 326 V.

3539 280 3647 339 682

339 374 712 447 supradictum
740 383 920 431 autem
946 374 1296 431 Athanasium
1324 377 1559 433 alienum
1583 394 1704 435 esse
1732 395 1761 433 a
1787 394 1934 435 com-

2115 399 2242 439 TIUM
2281 400 2665 441 IIPERATOBEI
2697 402 2730 441 Α
2758 402 2970 444 ιιιιειιιο
3009 404 3260 447 81³1800Ρο
3299 406 3452 449 UBBIS
3488 411 3649 453 ιιοιιιιι

340 471 604 525 munione
632 483 749 524 mea
774 468 888 524 sive
916 468 1172 524 Ecclesia:
1211 469 1501 539 Romamn,
1528 473 1693 545 670
1717 484 1769 528 et
1797 488 1944 530 con-

342 564 522 619 sortio
552 564 857 619 litterarum
897 563 1407 619 ecclesiasticarum.

411 657 468 712 2.
506 656 573 712 In
596 674 798 712 cassum
836 657 1058 725 conﬁcta
1092 658 1202 712 hwc
1231 657 1466 725 epistola.
1495 657 1620 714 Cur.
1639 689 1714 700 —
1757 678 1775 712 ι
1806 659 1943 728 Quid

334 749 395 804 in
426 748 513 804 his
543 749 741 806 litteris
780 749 857 819 (a)
885 764 994 804 non
1033 749 1371 818 sanctitatis,
1399 750 1526 819 quid
1551 765 1656 806 non
1698 766 1766 807 ex
1796 760 1944 806 metu

334 844 440 900 Dei
470 843 729 899 eveniens
771 842 889 898 est?
922 842 1028 899 Sed
1079 843 1354 899 Potaniius
1383 851 1438 899 et
1468 842 1747 914 Epictetus
1768 887 1781 909 ,
1815 844 1943 899 dum

329 935 604 990 damnare
651 933 797 989 urbis
832 934 1023 991 Romae
1048 935 1362 1006 episcopum
1408 935 1666 1007 gaudent,
1710 936 1851 992 sicut
1890 938 1944 993 in

333 1029 676 1085 Ariminensi
705 1030 915 1100 synodo
940 1028 1271 1096 continetur,
1295 1028 1485 1085 audire
1511 1029 1628 1085 hate
1655 1030 1948 1086 noluerunt

333 1125 408 1195 (Ι.
439 1125 643 1181 audere
669 1125 783 1181 haec
815 1122 1150 1196 potuerunt).
1179 1125 1319 1195 Quin
1342 1126 1505 1181 etiam
1528 1125 1946 1181 Fortunatianus

343 1221 644 1291 episcopus
688 1220 972 1289 epistolam
1016 1219 1262 1275 eamdem
1296 1234 1507 1274 rursum
1545 1219 1777 1275 diversis
1829 1219 1946 1289 epi-

339 1315 533 1384 sc0pis
587 1314 827 1381 mittens,
854 1313 986 1368 nihil
1035 1313 1278 1383 profecit.
1317 1311 1385 1368 Ut
1425 1322 1603 1367 autem
1652 1312 1705 1366 in
1756 1323 1945 1383 negata

332 1408 642 1465 Athanasio
668 1410 1050 1464 communione
1079 1407 1183 1462 sibi
1209 1407 1389 1477 potius
1404 1406 1479 1479 (b)
1496 1414 1680 1462 essent
1707 1406 1946 1471 onerosi,

334 1516 572 1571 remque
621 1515 839 1556 omnem
890 1499 995 1554 sibi
1048 1499 1274 1570 periculi
1319 1498 1596 1566 facerent,
1654 1498 1951 1555 dummodo

335 1596 481 1653 nihil
511 1595 820 1652 Sardicensi
868 1594 1109 1666 Synodo,
1159 1610 1262 1665 qua
1309 1593 1639 1650 Athanasius
1669 1594 1951 1650 absolutus

335 1698 405 1746 et
436 1688 622 1745 Ariani
669 1689 910 1745 damnati
963 1687 1198 1753 fuerant,
1237 1687 1618 1758 decerperent;
1662 1688 1857 1765 litterae
1886 1702 1951 1742 ex

2116 491 2219 531 pen
2258 493 2561 534 Luetrenuu
2600 493 2891 537 EPISCOPUII
2932 481 3092 555 (circa
3118 500 3206 540 an.
3235 485 3399 559 ⁸554).

2178 591 2584 649 Gloriosissimo
2622 594 2942 653 Constantio
2979 599 3227 671 Augusto
3266 602 3516 663 Liberius

2694 688 3018 762 Episcopus.

2121 782 2171 835 1.
2213 778 2449 835 Liberius
2469 781 2746 836 concilium
2781 785 3092 853 expostulat.
3116 786 3511 843 Contumeliosis
3542 805 3649 843 ser-

2045 872 2278 928 monibus
2323 871 2678 928 aConstautio
2727 874 2781 927 in
2822 876 3004 946 vulgus
3048 879 3244 948 sparsis
3270 880 3544 934 laceratur.
3580 911 3652 921 ~—

2044 964 2305 1031 Obsecro,
2340 965 2780 1043 tranquillissime
2811 967 3124 1037 imperator,
3147 979 3207 1025 ut
3229 970 3357 1026 mihi
3395 971 3651 1043 benignas

2046 1070 2206 1111 aures
2229 1057 2516 1112 clementia
2542 1066 2627 1111 tua
2656 1057 2877 1124 tribuat,
2907 1058 2976 1130 (f)
3002 1076 3108 1131 quo
3151 1062 3317 1131 possit
3345 1073 3655 1119 mansuetu-

2048 1147 2157 1202 dini
2192 1156 2297 1203 tuae
2323 1148 2523 1204 mentis
2544 1163 2679 1204 mea:
2701 1152 3036 1219 propositum
3061 1167 3347 1221 apparere.
3379 1154 3453 1210 De
3475 1154 3658 1211 Chris-

2049 1239 2200 1295 tiano
2233 1240 2378 1296 enim
2412 1240 2740 1311 imperatore
2777 1250 2833 1298 et
2856 1254 3059 1298 sancta:
3086 1244 3362 1299 memoriae
3392 1243 3663 1303 Constan-

2050 1332 2147 1387 tini
2172 1332 2280 1386 lilio
2301 1333 2404 1389 hoc
2424 1333 2597 1403 ipsum
2617 1334 2735 1390 sine
2751 1340 3094 1391 cunctatione
3115 1352 3327 1392 mereor
3343 1338 3657 1408 impetrare.

2053 1423 2157 1481 Sed
2190 1425 2242 1479 in
2269 1439 2334 1480 eo
2367 1441 2454 1480 me
2482 1424 2734 1482 laborare
2778 1427 3054 1498 intelligo,
3088 1429 3211 1498 quia
3240 1430 3469 1499 repetita
3500 1433 3662 1487 satis-

2053 1514 2306 1581 factione,
2339 1516 2659 1586 placabilem
2691 1518 2855 1573 etiam
2886 1518 3031 1575 circa
3060 1534 3183 1575 reos
3210 1522 3449 1576 animum
3482 1529 3657 1588 tuum,

2054 1606 2108 1662 in
2146 1608 2375 1679 gratiam
2412 1623 2587 1664 meam
2631 1624 2888 1664 revocare
2925 1626 3034 1665 non
3076 1626 3317 1681 possum.
3363 1614 3559 1669 Sermo
3583 1615 3661 1688 (g)

2056 1702 2202 1758 enim
2238 1703 2454 1772 pietatis
2483 1711 2588 1758 tua:
2615 1744 2628 1768 ,
2657 1703 2975 1774 jamdudum
3017 1705 3082 1760 ad
3120 1708 3373 1776 populum
3420 1709 3653 1777 missus,

334 1782 585 1853 ίΕὲὶῬιο
627 1782 705 1852 (ο)
729 1782 877 1837 omni
906 1789 1067 1852 διειυθ
1100 1780 1168 1836 ab
1196 1780 1520 1837 Alexandria
1551 1782 1733 1838 "13853?
1761 1782 1948 1837 admo-
1975 1766 2025 1827 Β
2056 1811 2144 1850 me
2171 1795 2411 1865 quidem,
2435 1811 2594 1867 quem
2625 1798 2891 1866 patienter
2917 1799 3097 1853 omnia
3127 1766 3270 1856 ferre
3296 1817 3524 1859 necesse
3550 1766 3655 1872 est,

336 1878 546 1932 nebant
579 1893 592 1929 :
626 1876 881 1947 quoniam
931 1874 1117 1945 quales
1162 1874 1233 1929 ad
1261 1873 1458 1930 Julium
1494 1874 1701 1945 pridem
1730 1875 1797 1931 de
1823 1876 1947 1932 red-

340 1968 527 2025 denda
572 1968 656 2040 (tl)
697 1968 963 2024 exsulanti
1011 1967 1309 2023 Athanasio
1361 1969 1742 2024 communione
1796 1978 1951 2023 erant

336 2064 586 2133 scriptae,
638 2062 775 2117 tales
812 2076 953 2116 nttnc
988 2073 1043 2118 ut
1074 2061 1143 2117 de
1181 2061 1443 2132 subjectis
1492 2061 1839 2132 intelligetur,
1883 2061 1949 2116 ad

337 2155 622 2213 Liberium
655 2154 793 2212 data:
822 2162 950 2211 sunt
977 2154 1045 2212 de
1077 2154 1296 2210 tuenda.
1333 2171 1351 2206 ι

523 2545 685 2622 671
710 2544 1191 2607 FRAGMENTUM
1229 2544 1273 2603 ν
1306 2547 1473 2620 (Alias
1502 2563 1541 2603 ιι
1578 2547 1779 2621 partis).

346 2745 553 2787 INCIPIT
591 2744 849 2786 EPISTOLA
870 2742 1191 2785 ιεωτοιιυιι
1249 2726 1320 2801 (e)
1360 2740 1521 2785 tussit
1571 2746 1640 2785 an
1683 2745 1948 2787 CONSTAN-

345 2857 510 2902 antea
543 2844 714 2913 magis
753 2843 1258 2914 placeretivestram.
1295 2841 1629 2914 Quamquam
1674 2844 1740 2899 ad
1772 2846 1960 2899 unani-

347 2918 580 2972 mitatem
612 2927 837 2969 nostram
870 2916 943 2969 sic
973 2913 1098 2968 licet
1128 2914 1461 2985 intelligere,
1495 2916 1648 2985 quasi
1676 2915 1744 2969 ad
1770 2918 1956 2971 unani-

345 2991 582 3045 mitatem
608 2988 742 3042 inter
765 3002 858 3041 nos
883 2985 1202 3042 servandam.

437 3080 513 3155 (a)
556 3078 886 3155 God_efridus
914 3078 1173 3155 llermant
1200 3078 1292 3155 lib.
1314 3093 1385 3132 vn
1441 3077 1576 3155 Vita}
1603 3078 1952 3155 _S_._Ath_anas.

347 3170 411 3210 c.
430 3147 625 3218 ticum
654 3149 1027 3206 Fortunatiani
1054 3160 1181 3204 ante
1208 3150 1416 3218 lapsum
1445 3150 1714 3207 laudabile
1735 3151 1954 3222 aliquod
1986 3147 2031 3211 Ο

398 3242 458 3279 ro
488 3225 597 3280 ﬁde
632 3223 901 3278 catholica
936 3222 1137 3275 lactutn
1175 3234 1317 3275 nunc
1348 3223 1638 3276 memorari
1679 3237 1776 3290 pro
1806 3232 1955 3278 certo

398 3242 458 3279 ι’(ι
488 3242 597 3280 ιιαθ
632 3242 901 3278 catnnttca
936 3242 1137 3275 ιειειιιιῐι
1176 3242 1317 3275 IIUIIU
1348 3242 1638 3276 "remorari
1679 3242 1776 3290 pro
1806 3242 1955 3278 certo

352 3242 585 3361 gabeat;
634 3292 929 3365 verisimile
973 3302 1155 3365 putat,
1208 3291 1491 3365 epistolam
1533 3293 1726 3365 synodi
1774 3293 1957 3365 sardi-

348 3368 538 3425 censis
563 3365 630 3420 ad
656 3362 1029 3419 Constantium
1074 3364 1292 3417 missam
1331 3362 1421 3418 hic
1460 3362 1772 3433 signiﬁcari.
1802 3363 1958 3420 Veri-

351 3440 535 3497 simile
577 3445 761 3491 tamen
809 3451 913 3490 non
961 3443 1066 3496 est,
1118 3442 1178 3489 ut
1224 3433 1458 3490 Hilarius
1508 3434 1637 3489 nihil
1691 3435 1957 3503 profuisse

352 3510 556 3587 dixerit
579 3508 787 3563 litteras
809 3506 1148 3587 Sardicensis
1169 3504 1381 3587 synodi,
1407 3506 1559 3587 cujus
1579 3507 1953 3587 auctoritatem

353 3581 502 3652 apud
531 3593 722 3634 omnes
750 3578 930 3652 valere
958 3577 1137 3630 statim
1170 3576 1455 3652 signiﬁcat.
1481 3576 1827 3652 Probabilius
1858 3581 1957 3652 ita-

352 3648 465 3724 que
514 3660 618 3714 est.
676 3659 734 3705 ut
781 3649 1037 3724 dixitnus,
1096 3648 1583 3724 pseuduepistulam
1633 3648 1831 3724 Liberii
1873 3650 1959 3705 hic

356 3719 588 3793 intelligi
626 3740 640 3776 :
680 3735 855 3793 quam,
880 3719 1296 3793 Fortunatiantts
1336 3728 1457 3793 post
1495 3719 1700 3793 lapsum
1739 3721 1957 3776 mittens

355 3790 597 3851 diversis
624 3792 892 3862 episcopis
925 3790 1054 3862 nihil
1088 3791 1410 3858 profecerit;
1442 3790 1561 3860 quia
1580 3794 1737 3862 apud
1768 3806 1959 3847 tlllllleS

354 3867 590 3922 multum
617 3860 834 3918 valebat
861 3861 1195 3932 Sardiconsis
1226 3862 1487 3932 synodus,
1521 3878 1549 3914 a
1579 3860 1799 3917 Liberio
1829 3877 1960 3918 con-

355 3938 569 3993 firmata
612 3944 893 4006 postquam
923 3931 1300 4004 Egyptiorum
1339 3931 1537 3988 litteris
1565 3932 1633 3988 de
1672 3932 1955 3990 Athanasii

363 4024 533 4065 causa
563 4004 762 4063 certior
790 4004 961 4060 factus
988 4013 1089 4060 est.

438 4102 512 4176 (ιι)
547 4100 628 4156 Ita
660 4099 895 4156 correxit
929 4096 1134 4176 Faber;
1178 4112 1299 4153 cum
1337 4098 1597 4176 mendose
1626 4099 1680 4154 in
1720 4114 1820 4176 suo
1855 4115 1955 4155 ms.

358 4170 592 4228 haberet
617 4188 728 4228 esse
751 4170 1038 4235 onerosius,
1060 4180 1114 4224 et
1140 4180 1325 4240 postea
1351 4171 1561 4241 faceret,
1592 4187 1685 4241 pro
1711 4175 1955 4242 facerent.

438 4284 512 4356 (ε)
554 4283 709 4356 Ειίῐιίν
726 4298 792 4356 ex
815 4298 927 4356 ms.
950 4281 1119 4356 Pitlt.,_
1147 4282 1329 4356 littera:
1348 4298 1409 4337 ex
1436 4281 1671 4355 Egypto
1692 4286 1963 4354 omniaque

360 4352 456 4410 (ιδ’
480 4352 853 4425 Alexandriam
892 4353 1011 4425 iisse
1038 4352 1419 4425 admonebant,
1474 4352 1624 4425 quam
1680 4356 1844 4424 qualis
1880 4352 1963 4409 'ad

359 4428 565 4482 Iulium
594 4426 790 4495 pridem
821 4424 883 4478 de
918 4423 1177 4478 reddendo
1207 4423 1493 4479 exsultante
1516 4423 1795 4481 Athanasio
1826 4443 1963 4481 com-

361 4500 610 4553 munione
632 4506 778 4552 erant
801 4496 1022 4563 scripta,
1057 4496 1170 4549 talis
1198 4512 1351 4561 nunc,
1386 4508 1491 4551 etc.
1525 4498 1695 4565 Quam
1724 4514 1866 4553 nunc
1895 4513 1958 4553 ex

364 4570 561 4625 iisdem
594 4568 708 4623 fere
731 4566 1165 4633 t-haracteribus,
1199 4571 1338 4622 male
1367 4577 1523 4624 antea
1558 4571 1697 4623 inter
1722 4584 1781 4624 se
1810 4585 1955 4624 eom-

366 4641 583 4712 positis.
617 4638 894 4712 adurimus
917 4637 1229 4712 lectionem,
1262 4639 1546 4712 conﬁrmat
1577 4642 1687 4712 ipsa
1720 4641 1959 4712 historia:

366 4709 592 4766 veritas.
627 4711 816 4765 Exstat
836 4724 1067 4777 namque
1088 4709 1229 4779 apud
1259 4709 1608 4765 Athanasium
1634 4710 1785 4765 initio
1815 4712 1963 4779 Apo-

368 4784 481 4852 log.
515 4782 578 4836 ad
609 4785 819 4852 Const.,
851 4795 906 4849 p.
937 4781 1064 4843 “722,
1096 4780 1475 4835 Alexandriam
1506 4782 1693 4851 synodi
1733 4783 1960 4851 epismla

367 4851 446 4908 ab
471 4854 615 4907 omni
646 4851 903 4923 Egypto,
944 4861 996 4905 et
1025 4860 1087 4923 ut,
1120 4861 1266 4923 notat
1296 4852 1360 4905 ad
1392 4852 1531 4906 illius
1562 4852 1765 4908 calcem
1788 4854 1963 4909 Alba--

368 4926 592 4989 nasius,
637 4923 703 4976 ad
741 4922 913 4994 omnes
939 4930 985 4975 et
1023 4922 1091 4975 ad
1118 4922 1408 4994 episcopum
1440 4923 1727 4977 Romanum
1763 4924 1963 4978 Iulium

370 4999 429 5050 in
474 4996 697 5065 gratiam
750 4993 1030 5047 Athanasii
1087 4993 1342 5065 scripta:
1397 5008 1557 5063 quam
1613 4995 1963 5051 Sartlicenses

372 5064 564 5123 Patres
608 5066 763 5136 Frag.
818 5081 869 5126 ιι,
904 5083 954 5118 ιι.
990 5065 1043 5125 5.
1097 5064 1349 5130 laudant,
1391 5074 1446 5119 et
1484 5083 1631 5120 num.
1669 5067 1736 5121 10
1787 5069 1855 5120 ab
1897 5068 1967 5125 80

373 5137 641 5206 episcopis
667 5146 934 5190 testantur
960 5151 1081 5206 esse
1111 5136 1348 5189 missam.
1382 5136 1619 5191 Alteram
1654 5153 1781 5193 vero
1807 5138 1965 5194 Libo-

373 5205 490 5264 rius
521 5205 634 5277 ipse
673 5209 917 5277 Sequenti
948 5205 1270 5276 Fragmento
1293 5223 1343 5271 ν,
1382 5220 1770 5263 commemorat
1807 5210 1906 5265 sibi
1936 5226 1965 5264 a

374 5276 603 5335 totidem
654 5276 924 5350 Egyptiis
979 5279 1247 5348 episcopis
1292 5293 1390 5348 pro
1433 5281 1623 5334 eodem
1675 5280 1970 5336 Athanasio

374 5353 559 5407 datam
608 5366 676 5405 eo
729 5353 846 5421 ipso
892 5359 1170 5419 tempore,
1222 5366 1328 5419 quo
1376 5350 1727 5407 Orientalium
1783 5361 1971 5409 contra

374 5424 633 5478 eumdem
675 5422 883 5477 litteras
927 5428 1228 5489 acceperat.

451 5515 533 5587 (ά)
574 5515 628 5570 In
646 5530 757 5587 ims.
784 5514 1069 5587 exsultante
1092 5532 1109 5569 :
1137 5513 1412 5571 mendose.
1437 5515 1636 5585 Qitales
1659 5516 1725 5571 ad
1750 5516 1971 5585 Julium,

378 5586 521 5642 tales
545 5587 608 5641 ad
642 5586 912 5658 Liberium
943 5586 1161 5653 scriptae
1201 5596 1327 5641 sunt
1358 5588 1550 5641 litterse
1581 5605 1593 5641 :
1624 5588 1746 5658 quia
1778 5597 1834 5642 ιιι
1863 5588 1974 5656 ille,

379 5659 460 5714 ita
497 5668 549 5713 et
584 5659 670 5713 hic
711 5658 783 5730 80
818 5657 1195 5730 Egyptiorum
1235 5659 1612 5727 episeopurum
1642 5657 1872 5714 ’litteras
1926 5661 1978 5716 in

381 5732 611 5805 gratiam
637 5728 1152 5799 Athanasii‘accepit
1177 5746 1188 5783 :
1215 5740 1267 5784 ut
1288 5730 1352 5784 de
1375 5731 1621 5805 subjectis
1645 5731 1975 5805 intelligetur,

975 5824 1254 5885 ΡΑΤιιοι..
1292 5822 1375 5886 Χ.

1987 4535 2043 4595 1)

2054 1887 2348 1957 plurimum
2380 1888 2583 1944 lacerat
2615 1906 2629 1941 :
2665 1889 2763 1945 sed
2808 1891 3046 1946 animum
3098 1901 3268 1955 tuum.
3316 1896 3405 1963 qui
3454 1897 3664 1952 lenitati

2055 1995 2274 2050 semper
2318 1992 2491 2045 vacat,
2549 1982 2641 2052 qui
2691 1997 3007 2053 numquam,
3060 1995 3119 2039 ut
3158 1985 3420 2057 scriptum
3461 1996 3564 2055 est,
3613 1990 3668 2044 in

2057 2091 2311 2134 occasum
2350 2076 2458 2132 diei
2498 2076 2831 2132 iracundiam
2874 2086 3087 2144 servat,
3122 2081 3362 2136 retinere
3399 2081 3541 2137 circa
3581 2097 3671 2138 me

2061 2170 2487 2243 indignationem
2534 2170 2802 2227 miraculo
2842 2170 2971 2225 mihi
3021 2182 3126 2228 est.
3173 2173 3285 2243 Ego
3329 2174 3497 2242 enim,
3543 2175 3671 2230 reli-

2054 2264 2362 2337 ginsissime
2404 2265 2729 2334 imperator,
2766 2275 2943 2320 tecum
2974 2280 3158 2321 veram
3200 2282 3387 2337 pacem
3416 2270 3666 2338 requiro,

2057 2373 2179 2428 qua:
2222 2372 2331 2411 non
2371 2355 2446 2411 sit
2472 2356 2656 2412 verbis
2704 2356 3006 2427 composita
3051 2356 3263 2413 interna
3313 2359 3671 2428 dispositione

2054 2447 2314 2515 fallaciae,
2357 2449 2453 2504 sed
2486 2450 2771 2518 praeceptis
2806 2447 3225 2519 Evangeliorum
3270 2452 3670 2509 rationabiliter

2056 2543 2401 2599 confirmata.
2449 2540 2567 2595 Non
2610 2540 2895 2595 Athanasii
2950 2549 3158 2596 tantum
3215 2544 3524 2612 negotium,
3571 2547 3669 2603 sed

2057 2636 2225 2691 multa
2262 2634 2366 2690 alia
2399 2635 2451 2688 in
2482 2634 2723 2689 medium
2754 2641 3057 2699 venerunt,
3091 2644 3314 2704 propter
3337 2651 3457 2706 qua:
3487 2639 3674 2695 conci-

2054 2728 2184 2784 lium
2202 2727 2321 2783 fieri
2344 2725 2812 2782 mansuetudinem
2830 2733 2977 2781 tuam
2993 2723 3203 2781 fueram
3217 2726 3541 2797 deprecatus
3557 2729 3666 2802 (Ιι);

2066 2851 2193 2912 puta
2223 2857 2290 2897 ex
2320 2840 2565 2912 sequenti
2587 2838 2924 2912 Fragmento
2955 2855 3081 2893 num
3103 2838 3156 2892 2.
3188 2839 3343 2912 Quod
3376 2840 3673 2906 Fragmen-

2066 2910 2177 2969 tum
2220 2929 2342 2969 cum
2387 2910 2439 2966 in
2486 2910 2787 2985 archetypo
2823 2924 2926 2965 ms.
2970 2912 3023 2965 in
3065 2912 3232 2985 prima
3278 2911 3467 2967 horum
3504 2914 3675 2985 Frag-

2066 2993 2374 3040 mentorum
2408 2993 2591 3055 parte,
2641 2982 2742 3055 hoc
2774 2991 2951 3036 autem
2976 2982 3140 3055 quod
3175 2998 3279 3055 pra;
3310 2984 3555 3039 manibus
3591 2982 3676 3042 est

2065 3056 2117 3111 in
2163 3053 2422 3112 secunda
2452 3064 2659 3109 tantum
2714 3053 2888 3125 locum
2939 3053 3213 3117 obtineat;
3263 3053 3390 3111 hinc
3429 3058 3676 3125 sequitur

2066 3130 2126 3183 l°
2153 3137 2439 3191 utramque
2464 3138 2670 3195 partem
2698 3124 2765 3179 ad
2791 3124 3049 3195 Hilarium
3079 3126 3375 3194 pertinere,
3406 3124 3517 3183 nec
3533 3130 3674 3186 bene

2062 3214 2091 3253 a
2122 3198 2407 3254 Bloudello
2436 3194 2492 3252 et
2518 3197 2637 3251 aliis
2667 3194 2939 3268 mannullis
2969 3211 3087 3250 eam
3120 3195 3197 3250 illi
3228 3196 3428 3268 auferri
3460 3215 3582 3268 qua:
3612 3200 3664 3257 in

2058 3286 2162 3325 ms.
2212 3273 2382 3340 prima
2427 3278 2539 3323 est:
2587 3268 2653 3322 2°
2680 3266 3127 3340 Eragmentorum
3169 3267 3417 3340 ordinem
3467 3266 3517 3324 in
3559 3288 3663 3327 ms.

2058 3338 2335 3397 inversum
2375 3355 2528 3405 esse,
2561 3338 2849 3410 siquidem
2874 3339 2922 3393 ei
2951 3338 3199 3406 quintum
3225 3339 3495 3394 invenitur
3524 3357 3667 3410 prae-

2058 3416 2294 3482 pnsitum
2320 3455 2334 3479 ,
2377 3413 2463 3465 cui
2512 3409 2908 3479 subjiciendum
2952 3423 3074 3482 esse
3099 3410 3330 3465 Hilarius
3372 3409 3663 3479 declarat;

2058 3480 2116 3539 3°
2144 3484 2365 3538 Nicolao
2390 3482 2570 3538 Fabro
2592 3482 2836 3547 licuisse,
2860 3496 3015 3549 quam
3044 3480 3095 3533 in
3113 3495 3223 3553 Ams.
3256 3482 3486 3548 primam
3515 3499 3670 3553 repe-

2060 3556 2129 3610 rit
2182 3555 2346 3626 hujus
2389 3553 2572 3621 operis
2626 3563 2866 3626 partem,
2924 3551 3164 3626 secundo
3221 3552 3499 3626 dumtaxat
3552 3551 3674 3611 loco

2059 3628 2221 3682 edere
2254 3622 2284 3680 ἐ
2317 3624 2533 3679 demum
2577 3638 2686 3695 non
2730 3623 2904 3677 minus
2949 3622 3112 3695 licere
3154 3623 3311 3677 nobis
3342 3623 3668 3695 Fragmenta

2059 3698 2268 3768 singula
2314 3696 2594 3751 meliorem
2628 3694 2682 3768 in
2719 3694 2963 3768 ordinem
2997 3693 3529 3768 diSponcreeNeq‘ne
3555 3698 3668 3768 inec

2061 3764 2270 3838 neg'arit
2290 3769 2596 3836 quisquam,
2627 3765 2729 3819 nisi
2763 3766 2853 3838 qui
2881 3764 3035 3838 illud,
3070 3774 3125 3817 ut
3149 3766 3213 3838 de
3241 3764 3483 3838 subiectis
3512 3767 3665 3821 intel-

2060 3834 2266 3911 ligetur,
2300 3834 2443 3911 fo_rte
2469 3838 2611 3911 volet
2656 3850 2762 3891 non
2790 3836 2856 3911 ad
2885 3834 3158 3911 subjectas
3193 3835 3400 3911 Liberii
3420 3836 3663 3911 litteras,

2060 3905 2155 4037 se?
2197 3911 2264 3994 ad
2309 3909 2686 3981 .IEgyptiorum
2716 3906 3004 3978 epistolam
3044 3922 3163 3977 quae
3203 3905 3329 3961 hinc
3356 3908 3428 3963 sit
3454 3905 3663 3978 dilapsa

2060 3998 2120 4037 re
2145 3997 2274 4037 errt.

2059 3997 2250 4038 reterrt
2262 4021 2274 4034 .

2137 4070 2223 4199 (εἰ
2252 4070 2483 4141 Luciferi
2518 4070 2773 4125 nimirum
2797 4069 3041 4139 episcopi
3056 4067 3372 4135 Calaritani,
3399 4070 3669 4128 Pancratii

2137 4161 2189 4199 es
2229 4143 2403 4199 Vteri.
2454 4154 2507 4197 et
2557 4142 2742 4196 Hilarii
2791 4140 3008 4196 diaconi
3052 4159 3065 4194 :
3106 4156 3336 4199 auorum
3389 4145 3666 4198 consortio

2065 4140 2368 4228 presbyteri
2388 4185 2440 4228 ,ἢ
2454 4154 2507 4197 et
2546 4142 2760 4228 ¹ιξίΙειιὶ]ν
2791 4140 3008 4228 diacpni
3037 4159 3065 4223 ⁹ε
3106 4156 3357 4228 quorum.
3389 4145 3666 4228 consortio

2058 4210 2246 4286 junxit'
2288 4229 2347 4269 se
2402 4212 2666 4286 Eusebius
2719 4210 3131 4286 Vercellensis,
3161 4210 3359 4286 Liberii
3411 4214 3664 4280 epistola,

2064 4283 2223 4358 quam
2250 4287 2516 4340 Baronius
2541 4285 2610 4339 ad
2636 4301 2725 4358 an.
2759 4284 2885 4344 554,
2908 4301 2963 4358 ιι.
2993 4284 3049 4346 2,
3075 4283 3356 4358 describit,
3389 4285 3663 4358 invitatus.

2065 4354 2215 4414 Hanc
2244 4368 2363 4425 post
2392 4357 2629 4412 deletum
2662 4354 3025 4427 Magnentium
3057 4355 3499 4427 celebratntnque
3526 4355 3664 4411 Are-

2067 4431 2271 4485 lateuse
2291 4427 2417 4482 anni
2440 4429 2546 4483 355
2571 4429 2857 4482 concilium
2917 4426 3135 4480 llllSSIm
3185 4442 3306 4481 esse
3337 4426 3443 4481 non
3466 4428 3661 4482 obscu-

2067 4518 2185 4556 rum
2212 4498 2538 4555 est.Valesiu
2556 4510 2758 4564 autem,
2783 4496 3341 4554 animadversionibus
3363 4499 3413 4551 in
3438 4514 3554 4567 cap.
3590 4499 3658 4552 57

2068 4572 2164 4628 lib.
2200 4588 2233 4626 ιι
2264 4571 2522 4635 Socratis,
2567 4586 2685 4625 eam
2715 4570 2780 4622 ad
2832 4585 3031 4623 annum
3065 4568 3173 4623 556
3201 4568 3466 4624 differenti
3501 4584 3660 4623 nemo

2065 4645 2359 4698 assentitur
2402 4660 2415 4694 :
2457 4657 2578 4695 cum
2624 4640 2873 4696 Liberius
2915 4641 3014 4694 hac
3061 4638 3324 4707 legatione
3368 4639 3659 4693 concilium

2065 4714 2361 4770 obtinuerit
2386 4713 2529 4782 quod
2560 4727 2702 4765 anno
2731 4711 2838 4767 555
2868 4709 3151 4775 Mediolani
3196 4709 3524 4782 celebraturi:
3557 4720 3659 4764 est.

2068 4785 2253 4854 Itaque
2286 4779 2426 4837 inter
2450 4782 2969 4854 erttditoscimvenit
2991 4821 3004 4845 ,
3035 4795 3152 4834 eam
3184 4796 3327 4854 anno
3354 4779 3459 4854 5_5l
3486 4782 3660 4854 scrip—

2069 4849 2181 4909 tanl
2205 4869 2355 4917 esse,
2384 4863 2438 4907 et
2468 4862 2524 4907 ut
2555 4862 2672 4916 post
2700 4852 2985 4906 Baroniutn
3021 4858 3169 4919 putat
3195 4849 3465 4905 Antonius
3488 4849 3658 4921 Pagi,

2068 4941 2190 4981 cum
2233 4925 2409 4979 adhuc
2449 4923 2502 4977 in
2543 4922 2732 4978 Galliis
2776 4932 2961 4992 ageret
2998 4921 3361 4988 C(Htstttlllllls,
3409 4923 3496 4992 qui
3530 4926 3666 4977 Am-

2070 4999 2272 5061 miano,
2299 5006 2433 5051 teste
2463 4996 2554 5049 lib.
2585 5010 2694 5059 xw,
2723 5008 2773 5048 c.
2806 4992 2862 5059 Δ»,
2893 4992 2993 5047 sub
3031 4992 3273 5062 ejusdem
3306 4995 3429 5045 anni
3463 4994 3670 5047 exitum

2070 5067 2124 5122 in
2169 5066 2373 5121 Italiam
2417 5065 2483 5120 ad
2532 5066 2753 5119 hiberna
2791 5063 3035 5119 secessit.
3084 5063 3339 5117 Eatndetn
3385 5066 3669 5131 epistolam

2070 5138 2332 5193 Baronius
2363 5138 2428 5193 ad
2465 5153 2554 5192 an.
2588 5137 2718 5200 554,
2753 5154 2808 5189 ιι.
2832 5136 2889 5199 2,
2918 5134 3201 5204 exscripsnt
3248 5151 3311 5190 ex
3343 5135 3667 5191 biblio'lteca

2071 5209 2287 5264 Patrum
2310 5209 2442 5265 edit.
2466 5208 2718 5275 Paris.,in
2743 5222 2845 5278 qua
2868 5218 3041 5262 exstat
3062 5206 3204 5261 inter
3225 5205 3453 5261 Luciferi
3471 5205 3670 5276 Opera.

2149 5301 2218 5376 (1)
2258 5299 2411 5371 Apud
2438 5301 2658 5366 Baron.,
2692 5316 2792 5367 quo
2820 5300 3050 5376 possim;
3081 5310 3136 5355 et
3161 5312 3286 5354 mox
3310 5297 3510 5368 aperire
3530 5339 3544 5366 ,
3578 5313 3676 5369 pro

2078 5373 2364 5444 apparere;
2391 5383 2447 5427 et
2471 5383 2630 5427 antea
2656 5382 2798 5444 opto.
2828 5388 2924 5443 pro
2951 5373 3177 5425 obsecro.

2153 5440 2232 5518 (g)
2275 5446 2456 5518 Qualis
2477 5445 2645 5518 fuerit
2662 5440 2748 5518 hic
2770 5440 2968 5518 sermo.
2993 5442 3244 5518 augurari
3266 5441 3392 5496 licet
3411 5456 3476 5494 ex
3502 5440 3679 5497 verbis

2085 5513 2234 5573 num.
2267 5518 2320 5582 3,
2351 5515 2542 5585 quibus
2570 5513 2815 5571 Liberius
2839 5516 3203 5585 innocentiam
3235 5528 3387 5585 suam
3417 5520 3619 5567 tuetur.

2163 5588 2243 5658 th)
2284 5583 2441 5642 Anno
2496 5586 2777 5658 superiore
2824 5602 2917 5655 per
2946 5584 3310 5658 ‘Vincentium‘
3332 5583 3682 5658 Capuanum,

2089 5654 2179 5731 qui
2196 5654 2411 5714 Arelate
2426 5673 2548 5715 cum
2570 5654 2783 5714 Arianis
2803 5654 2858 5713 in
2874 5655 3151 5713 Athanasii
3174 5654 3685 5713 condetmtationem

2092 5733 2389 5793 consensit.

3189 5820 3272 5882 22
