  <div class='ocr_page' id='page_1' title='image "/cluster/home/n/w/nwhite01/storage/ocr_20150623/10/hvd.32044096580394/347.png"; bbox 0 0 4100 6196; ppageno 0'>
   <div class='ocr_carea' id='block_1_1' title="bbox 426 246 540 309">
    <p class='ocr_par' dir='ltr' id='par_1_1' title="bbox 426 246 540 309">
     <span class='ocr_line' id='line_1_1' title="bbox 426 246 540 309; baseline 0.009 -1"><span class='ocrx_word' id='word_1_1' title='bbox 426 246 540 309; x_wconf 78' lang='lat'><strong>685</strong></span> 
     </span>
    </p>
   </div>
   <div class='ocr_carea' id='block_1_2' title="bbox 1671 228 2562 304">
    <p class='ocr_par' dir='ltr' id='par_1_2' title="bbox 1671 228 2562 304">
     <span class='ocr_line' id='line_1_2' title="bbox 1671 228 2562 304; baseline -0.002 -5"><span class='ocrx_word' id='word_1_2' title='bbox 1671 236 1919 304; x_wconf 68' lang='lat' dir='ltr'><strong>SANCTI</strong></span> <span class='ocrx_word' id='word_1_3' title='bbox 1950 230 2211 299; x_wconf 71' lang='lat' dir='ltr'><strong>HILARII</strong></span> <span class='ocrx_word' id='word_1_4' title='bbox 2247 228 2562 303; x_wconf 79' lang='lat' dir='ltr'><strong>EPISCOPI</strong></span> 
     </span>
    </p>
   </div>
   <div class='ocr_carea' id='block_1_3' title="bbox 3636 236 3748 295">
    <p class='ocr_par' dir='ltr' id='par_1_3' title="bbox 3636 236 3748 295">
     <span class='ocr_line' id='line_1_3' title="bbox 3636 236 3748 295; baseline 0.009 -2"><span class='ocrx_word' id='word_1_5' title='bbox 3636 236 3748 295; x_wconf 58' lang='lat'><strong>68‘</strong></span> 
     </span>
    </p>
   </div>
   <div class='ocr_carea' id='block_1_4' title="bbox 431 350 3742 430">
    <p class='ocr_par' dir='ltr' id='par_1_4' title="bbox 431 350 3742 430">
     <span class='ocr_line' id='line_1_4' title="bbox 431 350 3742 430; baseline -0.004 -10"><span class='ocrx_word' id='word_1_6' title='bbox 431 373 487 420; x_wconf 90' lang='lat' dir='ltr'><strong>ut</strong></span> <span class='ocrx_word' id='word_1_7' title='bbox 527 367 653 418; x_wconf 99' lang='lat' dir='ltr'><strong>ante</strong></span> <span class='ocrx_word' id='word_1_8' title='bbox 693 358 910 427; x_wconf 84' lang='lat' dir='ltr'><strong>omnia,</strong></span> <span class='ocrx_word' id='word_1_9' title='bbox 948 356 1092 430; x_wconf 88' lang='lat' dir='ltr'><strong>quod</strong></span> <span class='ocrx_word' id='word_1_10' title='bbox 1144 354 1454 426; x_wconf 76' lang='lat' dir='ltr'><strong>specialiter</strong></span> <span class='ocrx_word' id='word_1_11' title='bbox 1490 363 1640 425; x_wconf 82' lang='lat' dir='ltr'><strong>Optat</strong></span> <span class='ocrx_word' id='word_1_12' title='bbox 1690 354 1888 410; x_wconf 90' lang='lat' dir='ltr'><strong>mentis</strong></span> <span class='ocrx_word' id='word_1_13' title='bbox 1932 361 2039 408; x_wconf 68' lang='lat' dir='ltr'><strong>tute</strong></span> <span class='ocrx_word' id='word_1_14' title='bbox 2064 351 2118 413; x_wconf 86' lang='lat' dir='ltr'><strong>A</strong></span> <span class='ocrx_word' id='word_1_15' title='bbox 2143 355 2401 425; x_wconf 85' lang='lat' dir='ltr'><strong>cogitare.</strong></span> <span class='ocrx_word' id='word_1_16' title='bbox 2433 352 2612 409; x_wconf 87' lang='lat' dir='ltr'><strong>Testis</strong></span> <span class='ocrx_word' id='word_1_17' title='bbox 2640 361 2818 408; x_wconf 89' lang='lat' dir='ltr'><strong>autem</strong></span> <span class='ocrx_word' id='word_1_18' title='bbox 2847 350 2978 407; x_wconf 86' lang='lat' dir='ltr'><strong>mihi</strong></span> <span class='ocrx_word' id='word_1_19' title='bbox 3007 359 3092 410; x_wconf 84' lang='lat' dir='ltr'><strong>est</strong></span> <span class='ocrx_word' id='word_1_20' title='bbox 3124 352 3299 418; x_wconf 85' lang='lat' dir='ltr'><strong>Deus,</strong></span> <span class='ocrx_word' id='word_1_21' title='bbox 3334 352 3488 409; x_wconf 85' lang='lat' dir='ltr'><strong>testis</strong></span> <span class='ocrx_word' id='word_1_22' title='bbox 3514 359 3599 409; x_wconf 86' lang='lat' dir='ltr'><strong>est</strong></span> <span class='ocrx_word' id='word_1_23' title='bbox 3632 363 3742 407; x_wconf 81' lang='lat' dir='ltr'><strong>luta</strong></span> 
     </span>
    </p>
   </div>
   <div class='ocr_carea' id='block_1_5' title="bbox 432 448 2038 525">
    <p class='ocr_par' dir='ltr' id='par_1_5' title="bbox 432 448 2038 525">
     <span class='ocr_line' id='line_1_5' title="bbox 432 448 2038 525; baseline -0.004 -14"><span class='ocrx_word' id='word_1_24' title='bbox 432 470 563 525; x_wconf 88' lang='lat' dir='ltr'><strong>erga</strong></span> <span class='ocrx_word' id='word_1_25' title='bbox 593 454 757 508; x_wconf 90' lang='lat' dir='ltr'><strong>Deum</strong></span> <span class='ocrx_word' id='word_1_26' title='bbox 786 452 993 509; x_wconf 87' lang='lat' dir='ltr'><strong>sincera</strong></span> <span class='ocrx_word' id='word_1_27' title='bbox 1034 448 1252 507; x_wconf 83' lang='lat' dir='ltr'><strong>devotio</strong></span> <span class='ocrx_word' id='word_1_28' title='bbox 1273 491 1288 516; x_wconf 88' lang='lat'><strong>,</strong></span> <span class='ocrx_word' id='word_1_29' title='bbox 1317 463 1439 507; x_wconf 88' lang='lat' dir='ltr'><strong>cum</strong></span> <span class='ocrx_word' id='word_1_30' title='bbox 1468 448 1591 505; x_wconf 89' lang='lat' dir='ltr'><strong>ﬁdei</strong></span> <span class='ocrx_word' id='word_1_31' title='bbox 1622 464 1784 505; x_wconf 85' lang='lat' dir='ltr'><strong>causa</strong></span> <span class='ocrx_word' id='word_1_32' title='bbox 1804 489 1821 517; x_wconf 85' lang='lat'><strong>,</strong></span> <span class='ocrx_word' id='word_1_33' title='bbox 1853 449 1905 507; x_wconf 92' lang='lat' dir='ltr'><strong>in</strong></span> <span class='ocrx_word' id='word_1_34' title='bbox 1932 462 2038 519; x_wconf 90' lang='lat' dir='ltr'><strong>qua</strong></span> 
     </span>
    </p>
   </div>
   <div class='ocr_carea' id='block_1_6' title="bbox 437 539 2040 615">
    <p class='ocr_par' dir='ltr' id='par_1_6' title="bbox 437 539 2040 615">
     <span class='ocr_line' id='line_1_6' title="bbox 437 539 2040 615; baseline -0.004 -14"><span class='ocrx_word' id='word_1_35' title='bbox 437 547 608 615; x_wconf 87' lang='lat' dir='ltr'><strong>prima</strong></span> <span class='ocrx_word' id='word_1_36' title='bbox 660 544 817 599; x_wconf 93' lang='lat' dir='ltr'><strong>nobis</strong></span> <span class='ocrx_word' id='word_1_37' title='bbox 863 557 989 613; x_wconf 85' lang='lat' dir='ltr'><strong>spes</strong></span> <span class='ocrx_word' id='word_1_38' title='bbox 1027 551 1111 603; x_wconf 91' lang='lat' dir='ltr'><strong>est</strong></span> <span class='ocrx_word' id='word_1_39' title='bbox 1157 540 1222 596; x_wconf 89' lang='lat' dir='ltr'><strong>ad</strong></span> <span class='ocrx_word' id='word_1_40' title='bbox 1274 541 1467 606; x_wconf 89' lang='lat' dir='ltr'><strong>Deum,</strong></span> <span class='ocrx_word' id='word_1_41' title='bbox 1518 540 1805 612; x_wconf 79' lang='lat' dir='ltr'><strong>diligenter</strong></span> <span class='ocrx_word' id='word_1_42' title='bbox 1852 539 2040 596; x_wconf 80' lang='lat' dir='ltr'><strong>fuisset</strong></span> 
     </span>
    </p>
   </div>
   <div class='ocr_carea' id='block_1_7' title="bbox 431 633 2039 712">
    <p class='ocr_par' dir='ltr' id='par_1_7' title="bbox 431 633 2039 712">
     <span class='ocr_line' id='line_1_7' title="bbox 431 633 2039 712; baseline -0.004 -19"><span class='ocrx_word' id='word_1_43' title='bbox 431 641 594 712; x_wconf 72' lang='lat'><strong>672</strong></span> <span class='ocrx_word' id='word_1_44' title='bbox 621 644 843 692; x_wconf 91' lang='lat' dir='ltr'><strong>tractata</strong></span> <span class='ocrx_word' id='word_1_45' title='bbox 869 634 966 706; x_wconf 87' lang='lat' dir='ltr'><strong>(a).</strong></span> <span class='ocrx_word' id='word_1_46' title='bbox 995 649 1063 690; x_wconf 89' lang='lat' dir='ltr'><strong>ne</strong></span> <span class='ocrx_word' id='word_1_47' title='bbox 1084 649 1291 700; x_wconf 89' lang='lat' dir='ltr'><strong>eorum,</strong></span> <span class='ocrx_word' id='word_1_48' title='bbox 1315 634 1403 705; x_wconf 87' lang='lat' dir='ltr'><strong>qui</strong></span> <span class='ocrx_word' id='word_1_49' title='bbox 1430 643 1668 688; x_wconf 90' lang='lat' dir='ltr'><strong>nostram</strong></span> <span class='ocrx_word' id='word_1_50' title='bbox 1694 634 1838 689; x_wconf 86' lang='lat' dir='ltr'><strong>circa</strong></span> <span class='ocrx_word' id='word_1_51' title='bbox 1866 633 2039 688; x_wconf 87' lang='lat' dir='ltr'><strong>Deum</strong></span> 
     </span>
    </p>
   </div>
   <div class='ocr_carea' id='block_1_8' title="bbox 431 725 2036 797">
    <p class='ocr_par' dir='ltr' id='par_1_8' title="bbox 431 725 2036 797">
     <span class='ocr_line' id='line_1_8' title="bbox 431 725 2036 797; baseline -0.004 -12"><span class='ocrx_word' id='word_1_52' title='bbox 431 729 828 787; x_wconf 83' lang='lat' dir='ltr'><strong>observantiam</strong></span> <span class='ocrx_word' id='word_1_53' title='bbox 852 728 1038 784; x_wconf 89' lang='lat' dir='ltr'><strong>mirari</strong></span> <span class='ocrx_word' id='word_1_54' title='bbox 1062 727 1281 792; x_wconf 82' lang='lat' dir='ltr'><strong>debent,</strong></span> <span class='ocrx_word' id='word_1_55' title='bbox 1303 735 1522 797; x_wconf 85' lang='lat' dir='ltr'><strong>possent</strong></span> <span class='ocrx_word' id='word_1_56' title='bbox 1547 726 1707 780; x_wconf 86' lang='lat' dir='ltr'><strong>ﬁniri.</strong></span> <span class='ocrx_word' id='word_1_57' title='bbox 1730 726 1798 783; x_wconf 85' lang='lat' dir='ltr'><strong>Et</strong></span> <span class='ocrx_word' id='word_1_58' title='bbox 1816 725 2036 795; x_wconf 86' lang='lat' dir='ltr'><strong>dignum</strong></span> 
     </span>
    </p>
   </div>
   <div class='ocr_carea' id='block_1_9' title="bbox 428 815 2026 891">
    <p class='ocr_par' dir='ltr' id='par_1_9' title="bbox 428 815 2026 891">
     <span class='ocr_line' id='line_1_9' title="bbox 428 815 2026 891; baseline -0.005 -13"><span class='ocrx_word' id='word_1_59' title='bbox 428 825 600 880; x_wconf 90' lang='lat' dir='ltr'><strong>fuerat</strong></span> <span class='ocrx_word' id='word_1_60' title='bbox 628 822 723 877; x_wconf 81' lang='lat' dir='ltr'><strong>Dei</strong></span> <span class='ocrx_word' id='word_1_61' title='bbox 750 822 980 887; x_wconf 88' lang='lat' dir='ltr'><strong>cultore,</strong></span> <span class='ocrx_word' id='word_1_62' title='bbox 1014 821 1235 891; x_wconf 87' lang='lat' dir='ltr'><strong>dignum</strong></span> <span class='ocrx_word' id='word_1_63' title='bbox 1268 819 1494 890; x_wconf 88' lang='lat' dir='ltr'><strong>imperio</strong></span> <span class='ocrx_word' id='word_1_64' title='bbox 1527 828 1619 873; x_wconf 88' lang='lat' dir='ltr'><strong>tuo</strong></span> <span class='ocrx_word' id='word_1_65' title='bbox 1645 817 1788 889; x_wconf 90' lang='lat' dir='ltr'><strong>quod</strong></span> <span class='ocrx_word' id='word_1_66' title='bbox 1823 815 2026 872; x_wconf 80' lang='lat' dir='ltr'><strong>Christi</strong></span> 
     </span>
    </p>
   </div>
   <div class='ocr_carea' id='block_1_10' title="bbox 430 912 2035 995">
    <p class='ocr_par' dir='ltr' id='par_1_10' title="bbox 430 912 2035 995">
     <span class='ocr_line' id='line_1_10' title="bbox 430 912 2035 995; baseline -0.005 -21"><span class='ocrx_word' id='word_1_67' title='bbox 430 918 630 995; x_wconf 86' lang='lat' dir='ltr'><strong>pietate</strong></span> <span class='ocrx_word' id='word_1_68' title='bbox 658 919 861 989; x_wconf 86' lang='lat' dir='ltr'><strong>regitur</strong></span> <span class='ocrx_word' id='word_1_69' title='bbox 882 928 938 971; x_wconf 91' lang='lat' dir='ltr'><strong>et</strong></span> <span class='ocrx_word' id='word_1_70' title='bbox 973 926 1223 986; x_wconf 83' lang='lat' dir='ltr'><strong>augetur,</strong></span> <span class='ocrx_word' id='word_1_71' title='bbox 1252 914 1565 986; x_wconf 59' lang='lat' dir='ltr'><strong>.specialiter</strong></span> <span class='ocrx_word' id='word_1_72' title='bbox 1593 913 1700 970; x_wconf 90' lang='lat' dir='ltr'><strong>hoc</strong></span> <span class='ocrx_word' id='word_1_73' title='bbox 1730 912 1905 983; x_wconf 90' lang='lat' dir='ltr'><strong>ipsum</strong></span> <span class='ocrx_word' id='word_1_74' title='bbox 1936 926 2035 985; x_wconf 88' lang='lat' dir='ltr'><strong>pro</strong></span> 
     </span>
    </p>
   </div>
   <div class='ocr_carea' id='block_1_11' title="bbox 432 1007 2039 1083">
    <p class='ocr_par' dir='ltr' id='par_1_11' title="bbox 432 1007 2039 1083">
     <span class='ocr_line' id='line_1_11' title="bbox 432 1007 2039 1083; baseline -0.005 -15"><span class='ocrx_word' id='word_1_75' title='bbox 432 1012 732 1069; x_wconf 88' lang='lat' dir='ltr'><strong>reverentia</strong></span> <span class='ocrx_word' id='word_1_76' title='bbox 769 1021 968 1067; x_wconf 66' lang='lat' dir='ltr'><strong>sanctae</strong></span> <span class='ocrx_word' id='word_1_77' title='bbox 1007 1009 1320 1083; x_wconf 81' lang='lat' dir='ltr'><strong>religionis,</strong></span> <span class='ocrx_word' id='word_1_78' title='bbox 1361 1009 1444 1065; x_wconf 91' lang='lat' dir='ltr'><strong>cui</strong></span> <span class='ocrx_word' id='word_1_79' title='bbox 1480 1007 1774 1079; x_wconf 86' lang='lat' dir='ltr'><strong>prudenter</strong></span> <span class='ocrx_word' id='word_1_80' title='bbox 1800 1008 2039 1063; x_wconf 90' lang='lat' dir='ltr'><strong>intentus</strong></span> 
     </span>
    </p>
   </div>
   <div class='ocr_carea' id='block_1_12' title="bbox 433 1086 2039 1174">
    <p class='ocr_par' dir='ltr' id='par_1_12' title="bbox 433 1086 2039 1174">
     <span class='ocr_line' id='line_1_12' title="bbox 433 1086 2039 1174; baseline -0.002 -13"><span class='ocrx_word' id='word_1_81' title='bbox 433 1121 515 1174; x_wconf 89' lang='lat' dir='ltr'><strong>es,</strong></span> <span class='ocrx_word' id='word_1_82' title='bbox 538 1086 1045 1163; x_wconf 86' lang='lat' dir='ltr'><strong>clementiamtuam</strong></span> <span class='ocrx_word' id='word_1_83' title='bbox 1075 1104 1229 1161; x_wconf 91' lang='lat' dir='ltr'><strong>nobis</strong></span> <span class='ocrx_word' id='word_1_84' title='bbox 1255 1102 1321 1159; x_wconf 89' lang='lat' dir='ltr'><strong>ad</strong></span> <span class='ocrx_word' id='word_1_85' title='bbox 1352 1103 1469 1157; x_wconf 84' lang='lat' dir='ltr'><strong>haec</strong></span> <span class='ocrx_word' id='word_1_86' title='bbox 1521 1101 1864 1173; x_wconf 89' lang='lat' dir='ltr'><strong>impetranda</strong></span> <span class='ocrx_word' id='word_1_87' title='bbox 1899 1115 2039 1173; x_wconf 70' lang='lat' dir='ltr'><strong>prte-</strong></span> 
     </span>
    </p>
   </div>
   <div class='ocr_carea' id='block_1_13' title="bbox 434 1206 600 1254">
    <p class='ocr_par' dir='ltr' id='par_1_13' title="bbox 434 1206 600 1254">
     <span class='ocr_line' id='line_1_13' title="bbox 434 1206 600 1254; baseline -0.012 -1"><span class='ocrx_word' id='word_1_88' title='bbox 434 1206 600 1254; x_wconf 89' lang='lat' dir='ltr'><strong>stare.</strong></span> 
     </span>
    </p>
   </div>
   <div class='ocr_carea' id='block_1_14' title="bbox 501 1289 2036 1364">
    <p class='ocr_par' dir='ltr' id='par_1_14' title="bbox 501 1289 2036 1364">
     <span class='ocr_line' id='line_1_14' title="bbox 501 1289 2036 1364; baseline -0.001 -18"><span class='ocrx_word' id='word_1_89' title='bbox 501 1291 558 1346; x_wconf 75' lang='lat'><strong>2.</strong></span> <span class='ocrx_word' id='word_1_90' title='bbox 601 1291 823 1347; x_wconf 80' lang='lat' dir='ltr'><strong>Litteras</strong></span> <span class='ocrx_word' id='word_1_91' title='bbox 849 1291 1194 1346; x_wconf 80' lang='lat' dir='ltr'><strong>Orientalium</strong></span> <span class='ocrx_word' id='word_1_92' title='bbox 1214 1290 1560 1364; x_wconf 77' lang='lat' dir='ltr'><strong>suppressisse</strong></span> <span class='ocrx_word' id='word_1_93' title='bbox 1589 1289 1723 1361; x_wconf 82' lang='lat' dir='ltr'><strong>falso</strong></span> <span class='ocrx_word' id='word_1_94' title='bbox 1745 1298 2036 1345; x_wconf 82' lang='lat' dir='ltr'><strong>accusatur.</strong></span> 
     </span>
    </p>
   </div>
   <div class='ocr_carea' id='block_1_15' title="bbox 432 1381 2033 1453">
    <p class='ocr_par' dir='ltr' id='par_1_15' title="bbox 432 1381 2033 1453">
     <span class='ocr_line' id='line_1_15' title="bbox 432 1381 2033 1453; baseline 0 -15"><span class='ocrx_word' id='word_1_95' title='bbox 432 1381 539 1438; x_wconf 84' lang='lat' dir='ltr'><strong>Cur</strong></span> <span class='ocrx_word' id='word_1_96' title='bbox 585 1384 658 1440; x_wconf 88' lang='lat' dir='ltr'><strong>eis</strong></span> <span class='ocrx_word' id='word_1_97' title='bbox 704 1384 960 1453; x_wconf 78' lang='lat' dir='ltr'><strong>ﬁdemnon</strong></span> <span class='ocrx_word' id='word_1_98' title='bbox 1002 1382 1260 1439; x_wconf 74' lang='lat' dir='ltr'><strong>habuerit.</strong></span> <span class='ocrx_word' id='word_1_99' title='bbox 1318 1413 1388 1422; x_wconf 93' lang='lat'><strong>—-</strong></span> <span class='ocrx_word' id='word_1_100' title='bbox 1430 1381 1535 1439; x_wconf 89' lang='lat' dir='ltr'><strong>Sed</strong></span> <span class='ocrx_word' id='word_1_101' title='bbox 1576 1382 1729 1439; x_wconf 90' lang='lat' dir='ltr'><strong>multi</strong></span> <span class='ocrx_word' id='word_1_102' title='bbox 1773 1381 2033 1438; x_wconf 61' lang='lat' dir='ltr'><strong>Ecclesiae</strong></span> 
     </span>
    </p>
   </div>
   <div class='ocr_carea' id='block_1_16' title="bbox 438 1474 2040 1545">
    <p class='ocr_par' dir='ltr' id='par_1_16' title="bbox 438 1474 2040 1545">
     <span class='ocr_line' id='line_1_16' title="bbox 438 1474 2040 1545; baseline -0.003 -12"><span class='ocrx_word' id='word_1_103' title='bbox 438 1477 680 1534; x_wconf 87' lang='lat' dir='ltr'><strong>membra</strong></span> <span class='ocrx_word' id='word_1_104' title='bbox 733 1477 975 1533; x_wconf 88' lang='lat' dir='ltr'><strong>lacerare</strong></span> <span class='ocrx_word' id='word_1_105' title='bbox 1033 1476 1317 1542; x_wconf 82' lang='lat' dir='ltr'><strong>festinant,</strong></span> <span class='ocrx_word' id='word_1_106' title='bbox 1373 1474 1463 1545; x_wconf 91' lang='lat' dir='ltr'><strong>qui</strong></span> <span class='ocrx_word' id='word_1_107' title='bbox 1521 1474 1903 1529; x_wconf 86' lang='lat' dir='ltr'><strong>conﬁnxerunt</strong></span> <span class='ocrx_word' id='word_1_108' title='bbox 1952 1487 2040 1528; x_wconf 89' lang='lat' dir='ltr'><strong>me</strong></span> 
     </span>
    </p>
   </div>
   <div class='ocr_carea' id='block_1_17' title="bbox 431 1565 2042 1641">
    <p class='ocr_par' dir='ltr' id='par_1_17' title="bbox 431 1565 2042 1641">
     <span class='ocr_line' id='line_1_17' title="bbox 431 1565 2042 1641; baseline -0.004 -14"><span class='ocrx_word' id='word_1_109' title='bbox 431 1571 641 1628; x_wconf 85' lang='lat' dir='ltr'><strong>litteras</strong></span> <span class='ocrx_word' id='word_1_110' title='bbox 678 1570 1076 1641; x_wconf 81' lang='lat' dir='ltr'><strong>suppressisse,</strong></span> <span class='ocrx_word' id='word_1_111' title='bbox 1118 1583 1188 1624; x_wconf 90' lang='lat' dir='ltr'><strong>ne</strong></span> <span class='ocrx_word' id='word_1_112' title='bbox 1228 1567 1455 1623; x_wconf 90' lang='lat' dir='ltr'><strong>crimina</strong></span> <span class='ocrx_word' id='word_1_113' title='bbox 1501 1565 1653 1639; x_wconf 88' lang='lat' dir='ltr'><strong>ejus,</strong></span> <span class='ocrx_word' id='word_1_114' title='bbox 1695 1581 1854 1637; x_wconf 88' lang='lat' dir='ltr'><strong>quem</strong></span> <span class='ocrx_word' id='word_1_115' title='bbox 1893 1565 2042 1622; x_wconf 90' lang='lat' dir='ltr'><strong>dice-</strong></span> 
     </span>
    </p>
   </div>
   <div class='ocr_carea' id='block_1_18' title="bbox 429 1658 2040 1732">
    <p class='ocr_par' dir='ltr' id='par_1_18' title="bbox 429 1658 2040 1732">
     <span class='ocr_line' id='line_1_18' title="bbox 429 1658 2040 1732; baseline -0.006 -9"><span class='ocrx_word' id='word_1_116' title='bbox 429 1666 629 1723; x_wconf 86' lang='lat' dir='ltr'><strong>bantur</strong></span> <span class='ocrx_word' id='word_1_117' title='bbox 658 1664 1073 1729; x_wconf 86' lang='lat' dir='ltr'><strong>condemnasse,</strong></span> <span class='ocrx_word' id='word_1_118' title='bbox 1106 1660 1248 1732; x_wconf 86' lang='lat' dir='ltr'><strong>apud</strong></span> <span class='ocrx_word' id='word_1_119' title='bbox 1274 1676 1466 1716; x_wconf 90' lang='lat' dir='ltr'><strong>omnes</strong></span> <span class='ocrx_word' id='word_1_120' title='bbox 1489 1666 1755 1731; x_wconf 88' lang='lat' dir='ltr'><strong>paterent.</strong></span> <span class='ocrx_word' id='word_1_121' title='bbox 1789 1658 1866 1732; x_wconf 76' lang='grc' dir='ltr'><strong>(ὁ)</strong></span> <span class='ocrx_word' id='word_1_122' title='bbox 1895 1658 2040 1726; x_wconf 84' lang='lat' dir='ltr'><strong>Quas</strong></span> 
     </span>
    </p>
   </div>
   <div class='ocr_carea' id='block_1_19' title="bbox 2140 443 3744 509">
    <p class='ocr_par' dir='ltr' id='par_1_19' title="bbox 2140 443 3744 509">
     <span class='ocr_line' id='line_1_19' title="bbox 2140 443 3744 509; baseline -0.002 -6"><span class='ocrx_word' id='word_1_123' title='bbox 2140 462 2261 503; x_wconf 91' lang='lat' dir='ltr'><strong>cum</strong></span> <span class='ocrx_word' id='word_1_124' title='bbox 2289 447 2400 502; x_wconf 87' lang='lat' dir='ltr'><strong>suis</strong></span> <span class='ocrx_word' id='word_1_125' title='bbox 2422 445 2684 507; x_wconf 87' lang='lat' dir='ltr'><strong>membris</strong></span> <span class='ocrx_word' id='word_1_126' title='bbox 2704 445 2969 509; x_wconf 82' lang='lat' dir='ltr'><strong>Ecclesia,</strong></span> <span class='ocrx_word' id='word_1_127' title='bbox 3000 459 3087 501; x_wconf 89' lang='lat' dir='ltr'><strong>me</strong></span> <span class='ocrx_word' id='word_1_128' title='bbox 3114 443 3221 501; x_wconf 91' lang='lat' dir='ltr'><strong>ﬁde</strong></span> <span class='ocrx_word' id='word_1_129' title='bbox 3239 454 3296 499; x_wconf 81' lang='lat' dir='ltr'><strong>et</strong></span> <span class='ocrx_word' id='word_1_130' title='bbox 3322 452 3469 501; x_wconf 86' lang='lat' dir='ltr'><strong>metu</strong></span> <span class='ocrx_word' id='word_1_131' title='bbox 3490 444 3546 500; x_wconf 82' lang='lat' dir='ltr'><strong>in</strong></span> <span class='ocrx_word' id='word_1_132' title='bbox 3572 444 3744 501; x_wconf 82' lang='lat' dir='ltr'><strong>Deum</strong></span> 
     </span>
    </p>
   </div>
   <div class='ocr_carea' id='block_1_20' title="bbox 2141 536 3751 608">
    <p class='ocr_par' dir='ltr' id='par_1_20' title="bbox 2141 536 3751 608">
     <span class='ocr_line' id='line_1_20' title="bbox 2141 536 3751 608; baseline -0.001 -14"><span class='ocrx_word' id='word_1_133' title='bbox 2141 554 2317 594; x_wconf 91' lang='lat' dir='ltr'><strong>meum</strong></span> <span class='ocrx_word' id='word_1_134' title='bbox 2343 547 2535 594; x_wconf 88' lang='lat' dir='ltr'><strong>cuncta</strong></span> <span class='ocrx_word' id='word_1_135' title='bbox 2578 537 2846 594; x_wconf 86' lang='lat' dir='ltr'><strong>mundana</strong></span> <span class='ocrx_word' id='word_1_136' title='bbox 2880 538 2953 592; x_wconf 87' lang='lat' dir='ltr'><strong>ita</strong></span> <span class='ocrx_word' id='word_1_137' title='bbox 2972 578 2988 604; x_wconf 90' lang='lat'><strong>,</strong></span> <span class='ocrx_word' id='word_1_138' title='bbox 3018 547 3081 593; x_wconf 88' lang='lat' dir='ltr'><strong>ut</strong></span> <span class='ocrx_word' id='word_1_139' title='bbox 3102 536 3416 607; x_wconf 73' lang='lat' dir='ltr'><strong>evangelica</strong></span> <span class='ocrx_word' id='word_1_140' title='bbox 3444 544 3502 595; x_wconf 85' lang='lat' dir='ltr'><strong>et</strong></span> <span class='ocrx_word' id='word_1_141' title='bbox 3524 546 3751 608; x_wconf 73' lang='lat' dir='ltr'><strong>aposto-</strong></span> 
     </span>
    </p>
   </div>
   <div class='ocr_carea' id='block_1_21' title="bbox 2138 626 3748 702">
    <p class='ocr_par' dir='ltr' id='par_1_21' title="bbox 2138 626 3748 702">
     <span class='ocr_line' id='line_1_21' title="bbox 2138 626 3748 702; baseline -0.001 -15"><span class='ocrx_word' id='word_1_142' title='bbox 2138 631 2242 693; x_wconf 80' lang='lat' dir='ltr'><strong>lica</strong></span> <span class='ocrx_word' id='word_1_143' title='bbox 2265 632 2401 687; x_wconf 87' lang='lat' dir='ltr'><strong>ratio</strong></span> <span class='ocrx_word' id='word_1_144' title='bbox 2425 630 2691 702; x_wconf 60' lang='lat' dir='ltr'><strong>praecipit,</strong></span> <span class='ocrx_word' id='word_1_145' title='bbox 2713 631 2928 687; x_wconf 79' lang='lat' dir='ltr'><strong>calcare</strong></span> <span class='ocrx_word' id='word_1_146' title='bbox 2952 639 3120 700; x_wconf 69' lang='lat' dir='ltr'><strong>atque</strong></span> <span class='ocrx_word' id='word_1_147' title='bbox 3134 629 3395 693; x_wconf 66' lang='lat' dir='ltr'><strong>calcasse.</strong></span> <span class='ocrx_word' id='word_1_148' title='bbox 3416 626 3536 687; x_wconf 81' lang='lat' dir='ltr'><strong>Non</strong></span> <span class='ocrx_word' id='word_1_149' title='bbox 3561 627 3748 685; x_wconf 85' lang='lat' dir='ltr'><strong>furore</strong></span> 
     </span>
    </p>
   </div>
   <div class='ocr_carea' id='block_1_22' title="bbox 2142 720 3745 792">
    <p class='ocr_par' dir='ltr' id='par_1_22' title="bbox 2142 720 3745 792">
     <span class='ocr_line' id='line_1_22' title="bbox 2142 720 3745 792; baseline -0.002 -12"><span class='ocrx_word' id='word_1_150' title='bbox 2142 725 2453 791; x_wconf 86' lang='lat' dir='ltr'><strong>temerario,</strong></span> <span class='ocrx_word' id='word_1_151' title='bbox 2473 722 2568 781; x_wconf 85' lang='lat' dir='ltr'><strong>sed</strong></span> <span class='ocrx_word' id='word_1_152' title='bbox 2586 722 2887 783; x_wconf 81' lang='lat' dir='ltr'><strong>constituto</strong></span> <span class='ocrx_word' id='word_1_153' title='bbox 2905 731 3066 792; x_wconf 84' lang='lat' dir='ltr'><strong>atque</strong></span> <span class='ocrx_word' id='word_1_154' title='bbox 3086 721 3379 781; x_wconf 72' lang='lat' dir='ltr'><strong>observato</strong></span> <span class='ocrx_word' id='word_1_155' title='bbox 3392 721 3516 790; x_wconf 77' lang='lat' dir='ltr'><strong>iure</strong></span> <span class='ocrx_word' id='word_1_156' title='bbox 3534 720 3745 787; x_wconf 85' lang='lat' dir='ltr'><strong>divino,</strong></span> 
     </span>
    </p>
   </div>
   <div class='ocr_carea' id='block_1_23' title="bbox 2141 812 3748 888">
    <p class='ocr_par' dir='ltr' id='par_1_23' title="bbox 2141 812 3748 888">
     <span class='ocr_line' id='line_1_23' title="bbox 2141 812 3748 888; baseline -0.002 -16"><span class='ocrx_word' id='word_1_157' title='bbox 2141 828 2301 888; x_wconf 85' lang='lat' dir='ltr'><strong>atque</strong></span> <span class='ocrx_word' id='word_1_158' title='bbox 2346 819 2398 871; x_wconf 89' lang='lat' dir='ltr'><strong>in</strong></span> <span class='ocrx_word' id='word_1_159' title='bbox 2442 816 2551 875; x_wconf 86' lang='lat' dir='ltr'><strong>alio</strong></span> <span class='ocrx_word' id='word_1_160' title='bbox 2588 816 2894 881; x_wconf 74' lang='lat' dir='ltr'><strong>ministerio</strong></span> <span class='ocrx_word' id='word_1_161' title='bbox 2933 814 3309 879; x_wconf 79' lang='lat' dir='ltr'><strong>ecclesiastico</strong></span> <span class='ocrx_word' id='word_1_162' title='bbox 3348 813 3571 880; x_wconf 84' lang='lat' dir='ltr'><strong>vivens,</strong></span> <span class='ocrx_word' id='word_1_163' title='bbox 3612 812 3748 869; x_wconf 86' lang='lat' dir='ltr'><strong>nihil</strong></span> 
     </span>
    </p>
   </div>
   <div class='ocr_carea' id='block_1_24' title="bbox 2140 907 3749 985">
    <p class='ocr_par' dir='ltr' id='par_1_24' title="bbox 2140 907 3749 985">
     <span class='ocr_line' id='line_1_24' title="bbox 2140 907 3749 985; baseline -0.001 -19"><span class='ocrx_word' id='word_1_164' title='bbox 2140 926 2239 983; x_wconf 86' lang='lat' dir='ltr'><strong>per</strong></span> <span class='ocrx_word' id='word_1_165' title='bbox 2264 911 2429 985; x_wconf 75' lang='lat'><strong>673</strong></span> <span class='ocrx_word' id='word_1_166' title='bbox 2454 911 2773 981; x_wconf 74' lang='lat' dir='ltr'><strong>iactantiam</strong></span> <span class='ocrx_word' id='word_1_167' title='bbox 2799 952 2815 977; x_wconf 89' lang='lat'><strong>,</strong></span> <span class='ocrx_word' id='word_1_168' title='bbox 2856 909 2990 966; x_wconf 86' lang='lat' dir='ltr'><strong>nihil</strong></span> <span class='ocrx_word' id='word_1_169' title='bbox 3016 924 3111 980; x_wconf 85' lang='lat' dir='ltr'><strong>per</strong></span> <span class='ocrx_word' id='word_1_170' title='bbox 3136 909 3327 978; x_wconf 67' lang='lat' dir='ltr'><strong>gloriae</strong></span> <span class='ocrx_word' id='word_1_171' title='bbox 3348 907 3702 979; x_wconf 78' lang='lat' dir='ltr'><strong>cupiditatem</strong></span> <span class='ocrx_word' id='word_1_172' title='bbox 3729 947 3749 975; x_wconf 87' lang='lat'><strong>,</strong></span> 
     </span>
    </p>
   </div>
   <div class='ocr_carea' id='block_1_25' title="bbox 2136 1000 3750 1078">
    <p class='ocr_par' dir='ltr' id='par_1_25' title="bbox 2136 1000 3750 1078">
     <span class='ocr_line' id='line_1_25' title="bbox 2136 1000 3750 1078; baseline -0.006 -13"><span class='ocrx_word' id='word_1_173' title='bbox 2136 1006 2285 1078; x_wconf 86' lang='lat' dir='ltr'><strong>quod</strong></span> <span class='ocrx_word' id='word_1_174' title='bbox 2314 1006 2380 1061; x_wconf 88' lang='lat' dir='ltr'><strong>ad</strong></span> <span class='ocrx_word' id='word_1_175' title='bbox 2419 1007 2593 1075; x_wconf 82' lang='lat' dir='ltr'><strong>legem</strong></span> <span class='ocrx_word' id='word_1_176' title='bbox 2624 1004 2934 1076; x_wconf 80' lang='lat' dir='ltr'><strong>pertinebat</strong></span> <span class='ocrx_word' id='word_1_177' title='bbox 2962 1003 3177 1073; x_wconf 81' lang='lat' dir='ltr'><strong>implevi</strong></span> <span class='ocrx_word' id='word_1_178' title='bbox 3217 1020 3231 1057; x_wconf 88' lang='lat'><strong>:</strong></span> <span class='ocrx_word' id='word_1_179' title='bbox 3262 1013 3319 1059; x_wconf 85' lang='lat' dir='ltr'><strong>et</strong></span> <span class='ocrx_word' id='word_1_180' title='bbox 3355 1001 3422 1063; x_wconf 86' lang='lat' dir='ltr'><strong>ad</strong></span> <span class='ocrx_word' id='word_1_181' title='bbox 3450 1001 3594 1061; x_wconf 84' lang='lat' dir='ltr'><strong>istud</strong></span> <span class='ocrx_word' id='word_1_182' title='bbox 3621 1000 3750 1059; x_wconf 82' lang='lat' dir='ltr'><strong>ofﬁ-</strong></span> 
     </span>
    </p>
   </div>
   <div class='ocr_carea' id='block_1_26' title="bbox 2139 1093 3751 1169">
    <p class='ocr_par' dir='ltr' id='par_1_26' title="bbox 2139 1093 3751 1169">
     <span class='ocr_line' id='line_1_26' title="bbox 2139 1093 3751 1169; baseline -0.004 -12"><span class='ocrx_word' id='word_1_183' title='bbox 2139 1101 2284 1157; x_wconf 89' lang='lat' dir='ltr'><strong>cium</strong></span> <span class='ocrx_word' id='word_1_184' title='bbox 2310 1142 2325 1169; x_wconf 91' lang='lat'><strong>,</strong></span> <span class='ocrx_word' id='word_1_185' title='bbox 2355 1101 2506 1156; x_wconf 90' lang='lat' dir='ltr'><strong>testis</strong></span> <span class='ocrx_word' id='word_1_186' title='bbox 2530 1109 2620 1161; x_wconf 82' lang='lat' dir='ltr'><strong>est</strong></span> <span class='ocrx_word' id='word_1_187' title='bbox 2649 1099 2779 1155; x_wconf 86' lang='lat' dir='ltr'><strong>mihi</strong></span> <span class='ocrx_word' id='word_1_188' title='bbox 2811 1099 2953 1154; x_wconf 84' lang='lat' dir='ltr'><strong>Deus</strong></span> <span class='ocrx_word' id='word_1_189' title='bbox 2983 1113 3158 1163; x_wconf 83' lang='lat' dir='ltr'><strong>meus,</strong></span> <span class='ocrx_word' id='word_1_190' title='bbox 3191 1096 3398 1156; x_wconf 87' lang='lat' dir='ltr'><strong>invitus</strong></span> <span class='ocrx_word' id='word_1_191' title='bbox 3420 1095 3659 1160; x_wconf 84' lang='lat' dir='ltr'><strong>accessi;</strong></span> <span class='ocrx_word' id='word_1_192' title='bbox 3691 1093 3751 1151; x_wconf 85' lang='lat' dir='ltr'><strong>in</strong></span> 
     </span>
    </p>
   </div>
   <div class='ocr_carea' id='block_1_27' title="bbox 2141 1188 3741 1265">
    <p class='ocr_par' dir='ltr' id='par_1_27' title="bbox 2141 1188 3741 1265">
     <span class='ocr_line' id='line_1_27' title="bbox 2141 1188 3741 1265; baseline -0.001 -18"><span class='ocrx_word' id='word_1_193' title='bbox 2141 1207 2248 1265; x_wconf 89' lang='lat' dir='ltr'><strong>quo</strong></span> <span class='ocrx_word' id='word_1_194' title='bbox 2295 1196 2455 1264; x_wconf 90' lang='lat' dir='ltr'><strong>cupio</strong></span> <span class='ocrx_word' id='word_1_195' title='bbox 2498 1192 2716 1265; x_wconf 89' lang='lat' dir='ltr'><strong>quidem</strong></span> <span class='ocrx_word' id='word_1_196' title='bbox 2765 1192 2883 1248; x_wconf 88' lang='lat' dir='ltr'><strong>sine</strong></span> <span class='ocrx_word' id='word_1_197' title='bbox 2930 1191 3140 1247; x_wconf 78' lang='lat' dir='ltr'><strong>oﬁ‘eusa</strong></span> <span class='ocrx_word' id='word_1_198' title='bbox 3194 1190 3334 1257; x_wconf 81' lang='lat' dir='ltr'><strong>Dei,</strong></span> <span class='ocrx_word' id='word_1_199' title='bbox 3384 1188 3640 1260; x_wconf 81' lang='lat' dir='ltr'><strong>quamdiu</strong></span> <span class='ocrx_word' id='word_1_200' title='bbox 3680 1189 3741 1245; x_wconf 89' lang='lat' dir='ltr'><strong>in</strong></span> 
     </span>
    </p>
   </div>
   <div class='ocr_carea' id='block_1_28' title="bbox 2140 1283 3740 1356">
    <p class='ocr_par' dir='ltr' id='par_1_28' title="bbox 2140 1283 3740 1356">
     <span class='ocr_line' id='line_1_28' title="bbox 2140 1283 3740 1356; baseline -0.002 -15"><span class='ocrx_word' id='word_1_201' title='bbox 2140 1285 2343 1341; x_wconf 66' lang='lat' dir='ltr'><strong>sacculo</strong></span> <span class='ocrx_word' id='word_1_202' title='bbox 2368 1284 2539 1351; x_wconf 90' lang='lat' dir='ltr'><strong>fuero,</strong></span> <span class='ocrx_word' id='word_1_203' title='bbox 2589 1298 2928 1356; x_wconf 79' lang='lat' dir='ltr'><strong>permanere.</strong></span> <span class='ocrx_word' id='word_1_204' title='bbox 2958 1283 3024 1338; x_wconf 88' lang='lat' dir='ltr'><strong>Et</strong></span> <span class='ocrx_word' id='word_1_205' title='bbox 3050 1297 3341 1353; x_wconf 76' lang='lat' dir='ltr'><strong>numquam</strong></span> <span class='ocrx_word' id='word_1_206' title='bbox 3370 1296 3487 1338; x_wconf 89' lang='lat' dir='ltr'><strong>mea</strong></span> <span class='ocrx_word' id='word_1_207' title='bbox 3515 1290 3740 1350; x_wconf 86' lang='lat' dir='ltr'><strong>statuta,</strong></span> 
     </span>
    </p>
   </div>
   <div class='ocr_carea' id='block_1_29' title="bbox 2141 1374 3745 1449">
    <p class='ocr_par' dir='ltr' id='par_1_29' title="bbox 2141 1374 3745 1449">
     <span class='ocr_line' id='line_1_29' title="bbox 2141 1374 3745 1449; baseline -0.005 -14"><span class='ocrx_word' id='word_1_208' title='bbox 2141 1377 2238 1435; x_wconf 90' lang='lat' dir='ltr'><strong>sed</strong></span> <span class='ocrx_word' id='word_1_209' title='bbox 2265 1377 2584 1449; x_wconf 87' lang='lat' dir='ltr'><strong>apostolica,</strong></span> <span class='ocrx_word' id='word_1_210' title='bbox 2608 1386 2667 1437; x_wconf 85' lang='lat' dir='ltr'><strong>ut</strong></span> <span class='ocrx_word' id='word_1_211' title='bbox 2688 1384 2875 1433; x_wconf 87' lang='lat' dir='ltr'><strong>essent</strong></span> <span class='ocrx_word' id='word_1_212' title='bbox 2898 1390 3116 1445; x_wconf 85' lang='lat' dir='ltr'><strong>semper</strong></span> <span class='ocrx_word' id='word_1_213' title='bbox 3140 1376 3351 1433; x_wconf 83' lang='lat' dir='ltr'><strong>ﬁrmata</strong></span> <span class='ocrx_word' id='word_1_214' title='bbox 3368 1384 3428 1431; x_wconf 83' lang='lat' dir='ltr'><strong>et</strong></span> <span class='ocrx_word' id='word_1_215' title='bbox 3448 1374 3745 1443; x_wconf 83' lang='lat' dir='ltr'><strong>custodita,</strong></span> 
     </span>
    </p>
   </div>
   <div class='ocr_carea' id='block_1_30' title="bbox 2143 1464 3741 1541">
    <p class='ocr_par' dir='ltr' id='par_1_30' title="bbox 2143 1464 3741 1541">
     <span class='ocr_line' id='line_1_30' title="bbox 2143 1464 3741 1541; baseline -0.004 -14"><span class='ocrx_word' id='word_1_216' title='bbox 2143 1470 2363 1541; x_wconf 82' lang='lat' dir='ltr'><strong>perfeci.</strong></span> <span class='ocrx_word' id='word_1_217' title='bbox 2387 1471 2614 1527; x_wconf 83' lang='lat' dir='ltr'><strong>Secutus</strong></span> <span class='ocrx_word' id='word_1_218' title='bbox 2650 1484 2856 1525; x_wconf 87' lang='lat' dir='ltr'><strong>morem</strong></span> <span class='ocrx_word' id='word_1_219' title='bbox 2884 1468 3237 1538; x_wconf 83' lang='lat' dir='ltr'><strong>ordinemque</strong></span> <span class='ocrx_word' id='word_1_220' title='bbox 3266 1466 3539 1537; x_wconf 74' lang='lat' dir='ltr'><strong>majorum</strong></span> <span class='ocrx_word' id='word_1_221' title='bbox 3565 1506 3581 1531; x_wconf 87' lang='lat'><strong>,</strong></span> <span class='ocrx_word' id='word_1_222' title='bbox 3606 1464 3741 1521; x_wconf 83' lang='lat' dir='ltr'><strong>nihil</strong></span> 
     </span>
    </p>
   </div>
   <div class='ocr_carea' id='block_1_31' title="bbox 2141 1560 3748 1636">
    <p class='ocr_par' dir='ltr' id='par_1_31' title="bbox 2141 1560 3748 1636">
     <span class='ocr_line' id='line_1_31' title="bbox 2141 1560 3748 1636; baseline -0.002 -16"><span class='ocrx_word' id='word_1_223' title='bbox 2141 1564 2268 1622; x_wconf 89' lang='lat' dir='ltr'><strong>addi</strong></span> <span class='ocrx_word' id='word_1_224' title='bbox 2316 1565 2647 1636; x_wconf 84' lang='lat' dir='ltr'><strong>episcopatui</strong></span> <span class='ocrx_word' id='word_1_225' title='bbox 2695 1564 2845 1620; x_wconf 88' lang='lat' dir='ltr'><strong>urbis</strong></span> <span class='ocrx_word' id='word_1_226' title='bbox 2887 1562 3109 1626; x_wconf 67' lang='lat' dir='ltr'><strong>Romae,</strong></span> <span class='ocrx_word' id='word_1_227' title='bbox 3156 1560 3286 1616; x_wconf 82' lang='lat' dir='ltr'><strong>nihil</strong></span> <span class='ocrx_word' id='word_1_228' title='bbox 3330 1561 3501 1619; x_wconf 87' lang='lat' dir='ltr'><strong>minui</strong></span> <span class='ocrx_word' id='word_1_229' title='bbox 3552 1574 3748 1630; x_wconf 79' lang='lat' dir='ltr'><strong>passus</strong></span> 
     </span>
    </p>
   </div>
   <div class='ocr_carea' id='block_1_32' title="bbox 2144 1654 3747 1724">
    <p class='ocr_par' dir='ltr' id='par_1_32' title="bbox 2144 1654 3747 1724">
     <span class='ocr_line' id='line_1_32' title="bbox 2144 1654 3747 1724; baseline -0.002 -11"><span class='ocrx_word' id='word_1_230' title='bbox 2144 1672 2264 1715; x_wconf 91' lang='lat' dir='ltr'><strong>sum</strong></span> <span class='ocrx_word' id='word_1_231' title='bbox 2298 1675 2311 1713; x_wconf 91' lang='lat'>:</span> <span class='ocrx_word' id='word_1_232' title='bbox 2342 1666 2397 1713; x_wconf 90' lang='lat' dir='ltr'><strong>et</strong></span> <span class='ocrx_word' id='word_1_233' title='bbox 2425 1657 2569 1712; x_wconf 87' lang='lat' dir='ltr'><strong>illam</strong></span> <span class='ocrx_word' id='word_1_234' title='bbox 2603 1656 2763 1713; x_wconf 89' lang='lat' dir='ltr'><strong>ﬁdem</strong></span> <span class='ocrx_word' id='word_1_235' title='bbox 2794 1670 3045 1717; x_wconf 83' lang='lat' dir='ltr'><strong>servans,</strong></span> <span class='ocrx_word' id='word_1_236' title='bbox 3064 1670 3188 1724; x_wconf 84' lang='lat' dir='ltr'><strong>quae</strong></span> <span class='ocrx_word' id='word_1_237' title='bbox 3216 1668 3311 1724; x_wconf 87' lang='lat' dir='ltr'><strong>per</strong></span> <span class='ocrx_word' id='word_1_238' title='bbox 3338 1654 3747 1713; x_wconf 82' lang='lat' dir='ltr'><strong>successionem</strong></span> 
     </span>
    </p>
   </div>
   <div class='ocr_carea' id='block_1_33' title="bbox 433 1744 3747 1826">
    <p class='ocr_par' dir='ltr' id='par_1_33' title="bbox 433 1744 3747 1826">
     <span class='ocr_line' id='line_1_33' title="bbox 433 1744 3747 1826; baseline -0.004 -11"><span class='ocrx_word' id='word_1_239' title='bbox 433 1759 556 1815; x_wconf 89' lang='lat' dir='ltr'><strong>illas</strong></span> <span class='ocrx_word' id='word_1_240' title='bbox 603 1757 846 1813; x_wconf 79' lang='lat' dir='ltr'><strong>litteras?</strong></span> <span class='ocrx_word' id='word_1_241' title='bbox 885 1755 1281 1826; x_wconf 87' lang='lat' dir='ltr'><strong>Episcoporum</strong></span> <span class='ocrx_word' id='word_1_242' title='bbox 1323 1752 1701 1819; x_wconf 87' lang='lat' dir='ltr'><strong>Orientalium,</strong></span> <span class='ocrx_word' id='word_1_243' title='bbox 1748 1762 1802 1807; x_wconf 93' lang='lat' dir='ltr'><strong>et</strong></span> <span class='ocrx_word' id='word_1_244' title='bbox 1832 1750 2037 1823; x_wconf 65' lang='lat' dir='ltr'><strong>[Egyp-</strong></span> <span class='ocrx_word' id='word_1_245' title='bbox 2062 1746 2112 1813; x_wconf 72' lang='grc' dir='ltr'><strong>Β</strong></span> <span class='ocrx_word' id='word_1_246' title='bbox 2141 1758 2414 1804; x_wconf 87' lang='lat' dir='ltr'><strong>tantorum</strong></span> <span class='ocrx_word' id='word_1_247' title='bbox 2464 1749 2843 1819; x_wconf 82' lang='lat' dir='ltr'><strong>episcOporum</strong></span> <span class='ocrx_word' id='word_1_248' title='bbox 2892 1746 3167 1811; x_wconf 90' lang='lat' dir='ltr'><strong>cucurrit,</strong></span> <span class='ocrx_word' id='word_1_249' title='bbox 3209 1761 3276 1805; x_wconf 83' lang='lat' dir='ltr'><strong>ex</strong></span> <span class='ocrx_word' id='word_1_250' title='bbox 3318 1744 3519 1816; x_wconf 78' lang='lat' dir='ltr'><strong>quibus</strong></span> <span class='ocrx_word' id='word_1_251' title='bbox 3559 1746 3747 1817; x_wconf 86' lang='lat' dir='ltr'><strong>plures</strong></span> 
     </span>
    </p>
   </div>
   <div class='ocr_carea' id='block_1_34' title="bbox 430 1844 2037 1922">
    <p class='ocr_par' dir='ltr' id='par_1_34' title="bbox 430 1844 2037 1922">
     <span class='ocr_line' id='line_1_34' title="bbox 430 1844 2037 1922; baseline -0.006 -13"><span class='ocrx_word' id='word_1_252' title='bbox 430 1855 660 1917; x_wconf 88' lang='lat' dir='ltr'><strong>tiorum;</strong></span> <span class='ocrx_word' id='word_1_253' title='bbox 704 1850 900 1922; x_wconf 90' lang='lat' dir='ltr'><strong>quibus</strong></span> <span class='ocrx_word' id='word_1_254' title='bbox 939 1847 993 1903; x_wconf 89' lang='lat' dir='ltr'><strong>in</strong></span> <span class='ocrx_word' id='word_1_255' title='bbox 1042 1847 1296 1902; x_wconf 90' lang='lat' dir='ltr'><strong>omnibus</strong></span> <span class='ocrx_word' id='word_1_256' title='bbox 1341 1845 1529 1902; x_wconf 90' lang='lat' dir='ltr'><strong>eadem</strong></span> <span class='ocrx_word' id='word_1_257' title='bbox 1577 1844 1632 1901; x_wconf 88' lang='lat' dir='ltr'><strong>in</strong></span> <span class='ocrx_word' id='word_1_258' title='bbox 1682 1844 2037 1902; x_wconf 83' lang='lat' dir='ltr'><strong>Athanasium</strong></span> 
     </span>
    </p>
   </div>
   <div class='ocr_carea' id='block_1_35' title="bbox 428 1937 2036 2009">
    <p class='ocr_par' dir='ltr' id='par_1_35' title="bbox 428 1937 2036 2009">
     <span class='ocr_line' id='line_1_35' title="bbox 428 1937 2036 2009; baseline -0.006 -8"><span class='ocrx_word' id='word_1_259' title='bbox 428 1944 657 2001; x_wconf 87' lang='lat' dir='ltr'><strong>crimina</strong></span> <span class='ocrx_word' id='word_1_260' title='bbox 686 1941 1139 2001; x_wconf 78' lang='lat' dir='ltr'><strong>continebantur?</strong></span> <span class='ocrx_word' id='word_1_261' title='bbox 1161 1939 1233 1995; x_wconf 87' lang='lat' dir='ltr'><strong>At</strong></span> <span class='ocrx_word' id='word_1_262' title='bbox 1260 1939 1394 1996; x_wconf 86' lang='lat' dir='ltr'><strong>satis</strong></span> <span class='ocrx_word' id='word_1_263' title='bbox 1414 1937 1672 1995; x_wconf 87' lang='lat' dir='ltr'><strong>omnibus</strong></span> <span class='ocrx_word' id='word_1_264' title='bbox 1697 1938 1902 2009; x_wconf 88' lang='lat' dir='ltr'><strong>clarum</strong></span> <span class='ocrx_word' id='word_1_265' title='bbox 1929 1947 2036 2005; x_wconf 92' lang='lat' dir='ltr'><strong>est,</strong></span> 
     </span>
    </p>
   </div>
   <div class='ocr_carea' id='block_1_36' title="bbox 429 2029 2036 2109">
    <p class='ocr_par' dir='ltr' id='par_1_36' title="bbox 429 2029 2036 2109">
     <span class='ocr_line' id='line_1_36' title="bbox 429 2029 2036 2109; baseline -0.004 -16"><span class='ocrx_word' id='word_1_266' title='bbox 429 2053 533 2093; x_wconf 86' lang='lat' dir='ltr'><strong>nec</strong></span> <span class='ocrx_word' id='word_1_267' title='bbox 557 2037 837 2109; x_wconf 88' lang='lat' dir='ltr'><strong>quisquam</strong></span> <span class='ocrx_word' id='word_1_268' title='bbox 883 2042 1083 2103; x_wconf 82' lang='lat' dir='ltr'><strong>negat,</strong></span> <span class='ocrx_word' id='word_1_269' title='bbox 1129 2046 1227 2088; x_wconf 90' lang='lat' dir='ltr'><strong>nos</strong></span> <span class='ocrx_word' id='word_1_270' title='bbox 1262 2029 1617 2086; x_wconf 87' lang='lat' dir='ltr'><strong>Orientalium</strong></span> <span class='ocrx_word' id='word_1_271' title='bbox 1657 2031 1867 2087; x_wconf 89' lang='lat' dir='ltr'><strong>litteras</strong></span> <span class='ocrx_word' id='word_1_272' title='bbox 1908 2030 2036 2086; x_wconf 87' lang='lat' dir='ltr'><strong>inti-</strong></span> 
     </span>
    </p>
   </div>
   <div class='ocr_carea' id='block_1_37' title="bbox 428 2122 2037 2198">
    <p class='ocr_par' dir='ltr' id='par_1_37' title="bbox 428 2122 2037 2198">
     <span class='ocr_line' id='line_1_37' title="bbox 428 2122 2037 2198; baseline -0.006 -11"><span class='ocrx_word' id='word_1_273' title='bbox 428 2144 629 2197; x_wconf 86' lang='lat' dir='ltr'><strong>masse,</strong></span> <span class='ocrx_word' id='word_1_274' title='bbox 661 2127 857 2198; x_wconf 81' lang='lat' dir='ltr'><strong>legisse</strong></span> <span class='ocrx_word' id='word_1_275' title='bbox 887 2125 1165 2193; x_wconf 80' lang='lat' dir='ltr'><strong>Ecclesiae,</strong></span> <span class='ocrx_word' id='word_1_276' title='bbox 1206 2124 1403 2193; x_wconf 80' lang='lat' dir='ltr'><strong>legisse</strong></span> <span class='ocrx_word' id='word_1_277' title='bbox 1428 2123 1682 2183; x_wconf 86' lang='lat' dir='ltr'><strong>concilio,</strong></span> <span class='ocrx_word' id='word_1_278' title='bbox 1724 2133 1887 2194; x_wconf 89' lang='lat' dir='ltr'><strong>atque</strong></span> <span class='ocrx_word' id='word_1_279' title='bbox 1920 2122 2037 2177; x_wconf 88' lang='lat' dir='ltr'><strong>haec</strong></span> 
     </span>
    </p>
   </div>
   <div class='ocr_carea' id='block_1_38' title="bbox 431 2214 2041 2291">
    <p class='ocr_par' dir='ltr' id='par_1_38' title="bbox 431 2214 2041 2291">
     <span class='ocr_line' id='line_1_38' title="bbox 431 2214 2041 2291; baseline -0.006 -12"><span class='ocrx_word' id='word_1_280' title='bbox 431 2225 593 2281; x_wconf 88' lang='lat' dir='ltr'><strong>etiam</strong></span> <span class='ocrx_word' id='word_1_281' title='bbox 626 2219 1013 2284; x_wconf 76' lang='lat' dir='ltr'><strong>Orientalibus,</strong></span> <span class='ocrx_word' id='word_1_282' title='bbox 1042 2215 1407 2286; x_wconf 85' lang='lat' dir='ltr'><strong>respondisse;</strong></span> <span class='ocrx_word' id='word_1_283' title='bbox 1437 2216 1526 2291; x_wconf 86' lang='lat' dir='ltr'><strong>qui</strong></span> <span class='ocrx_word' id='word_1_284' title='bbox 1557 2214 1717 2271; x_wconf 88' lang='lat' dir='ltr'><strong>ﬁdem</strong></span> <span class='ocrx_word' id='word_1_285' title='bbox 1744 2225 1796 2269; x_wconf 92' lang='lat' dir='ltr'><strong>et</strong></span> <span class='ocrx_word' id='word_1_286' title='bbox 1824 2214 1895 2285; x_wconf 89' lang='lat' dir='ltr'><strong>(c)</strong></span> <span class='ocrx_word' id='word_1_287' title='bbox 1916 2229 2041 2270; x_wconf 90' lang='lat' dir='ltr'><strong>sen-</strong></span> 
     </span>
    </p>
   </div>
   <div class='ocr_carea' id='block_1_39' title="bbox 433 2306 2039 2377">
    <p class='ocr_par' dir='ltr' id='par_1_39' title="bbox 433 2306 2039 2377">
     <span class='ocr_line' id='line_1_39' title="bbox 433 2306 2039 2377; baseline -0.007 -6"><span class='ocrx_word' id='word_1_288' title='bbox 433 2314 655 2372; x_wconf 89' lang='lat' dir='ltr'><strong>tentiam</strong></span> <span class='ocrx_word' id='word_1_289' title='bbox 681 2327 788 2369; x_wconf 89' lang='lat' dir='ltr'><strong>non</strong></span> <span class='ocrx_word' id='word_1_290' title='bbox 809 2307 1272 2365; x_wconf 80' lang='lat' dir='ltr'><strong>commodavimus</strong></span> <span class='ocrx_word' id='word_1_291' title='bbox 1295 2314 1560 2374; x_wconf 86' lang='lat' dir='ltr'><strong>nostram,</strong></span> <span class='ocrx_word' id='word_1_292' title='bbox 1584 2306 1726 2377; x_wconf 90' lang='lat' dir='ltr'><strong>quod</strong></span> <span class='ocrx_word' id='word_1_293' title='bbox 1742 2306 1823 2377; x_wconf 81' lang='grc' dir='ltr'><strong>(ά)</strong></span> <span class='ocrx_word' id='word_1_294' title='bbox 1845 2306 2039 2361; x_wconf 91' lang='lat' dir='ltr'><strong>eodem</strong></span> 
     </span>
    </p>
   </div>
   <div class='ocr_carea' id='block_1_40' title="bbox 442 2398 2041 2477">
    <p class='ocr_par' dir='ltr' id='par_1_40' title="bbox 442 2398 2041 2477">
     <span class='ocr_line' id='line_1_40' title="bbox 442 2398 2041 2477; baseline -0.005 -15"><span class='ocrx_word' id='word_1_295' title='bbox 442 2419 688 2477; x_wconf 88' lang='lat' dir='ltr'><strong>tempore</strong></span> <span class='ocrx_word' id='word_1_296' title='bbox 731 2402 806 2475; x_wconf 67' lang='lat' dir='ltr'><strong>(ei</strong></span> <span class='ocrx_word' id='word_1_297' title='bbox 850 2401 1122 2473; x_wconf 82' lang='lat' dir='ltr'><strong>octoginta</strong></span> <span class='ocrx_word' id='word_1_298' title='bbox 1161 2400 1537 2471; x_wconf 88' lang='lat' dir='ltr'><strong>episcoporum</strong></span> <span class='ocrx_word' id='word_1_299' title='bbox 1566 2398 1941 2475; x_wconf 73' lang='lat' dir='ltr'><strong>Aigyptiorum</strong></span> <span class='ocrx_word' id='word_1_300' title='bbox 1973 2398 2041 2463; x_wconf 84' lang='lat' dir='ltr'><strong>de</strong></span> 
     </span>
    </p>
   </div>
   <div class='ocr_carea' id='block_1_41' title="bbox 431 2493 2040 2565">
    <p class='ocr_par' dir='ltr' id='par_1_41' title="bbox 431 2493 2040 2565">
     <span class='ocr_line' id='line_1_41' title="bbox 431 2493 2040 2565; baseline -0.005 -10"><span class='ocrx_word' id='word_1_301' title='bbox 431 2496 733 2555; x_wconf 72' lang='lat' dir='ltr'><strong>Athanasio</strong></span> <span class='ocrx_word' id='word_1_302' title='bbox 758 2495 1027 2550; x_wconf 83' lang='lat' dir='ltr'><strong>sententia</strong></span> <span class='ocrx_word' id='word_1_303' title='bbox 1053 2493 1408 2565; x_wconf 81' lang='lat' dir='ltr'><strong>repugnabat,</strong></span> <span class='ocrx_word' id='word_1_304' title='bbox 1439 2508 1599 2564; x_wconf 86' lang='lat' dir='ltr'><strong>quam</strong></span> <span class='ocrx_word' id='word_1_305' title='bbox 1621 2493 1875 2548; x_wconf 88' lang='lat' dir='ltr'><strong>similiter</strong></span> <span class='ocrx_word' id='word_1_306' title='bbox 1901 2493 2040 2551; x_wconf 89' lang='lat' dir='ltr'><strong>reci-</strong></span> 
     </span>
    </p>
   </div>
   <div class='ocr_carea' id='block_1_42' title="bbox 437 2585 2040 2659">
    <p class='ocr_par' dir='ltr' id='par_1_42' title="bbox 437 2585 2040 2659">
     <span class='ocr_line' id='line_1_42' title="bbox 437 2585 2040 2659; baseline -0.002 -14"><span class='ocrx_word' id='word_1_307' title='bbox 437 2592 673 2648; x_wconf 85' lang='lat' dir='ltr'><strong>tavimus</strong></span> <span class='ocrx_word' id='word_1_308' title='bbox 710 2597 871 2659; x_wconf 89' lang='lat' dir='ltr'><strong>atque</strong></span> <span class='ocrx_word' id='word_1_309' title='bbox 918 2585 1307 2641; x_wconf 73' lang='lat' dir='ltr'><strong>insinuavimus</strong></span> <span class='ocrx_word' id='word_1_310' title='bbox 1353 2585 1622 2656; x_wconf 88' lang='lat' dir='ltr'><strong>episcopis</strong></span> <span class='ocrx_word' id='word_1_311' title='bbox 1672 2585 1835 2645; x_wconf 86' lang='lat' dir='ltr'><strong>Italis.</strong></span> <span class='ocrx_word' id='word_1_312' title='bbox 1885 2586 2040 2642; x_wconf 88' lang='lat' dir='ltr'><strong>Unde</strong></span> 
     </span>
    </p>
   </div>
   <div class='ocr_carea' id='block_1_43' title="bbox 434 2676 2041 2748">
    <p class='ocr_par' dir='ltr' id='par_1_43' title="bbox 434 2676 2041 2748">
     <span class='ocr_line' id='line_1_43' title="bbox 434 2676 2041 2748; baseline -0.003 -8"><span class='ocrx_word' id='word_1_313' title='bbox 434 2692 623 2740; x_wconf 90' lang='lat' dir='ltr'><strong>contra</strong></span> <span class='ocrx_word' id='word_1_314' title='bbox 646 2679 882 2735; x_wconf 86' lang='lat' dir='ltr'><strong>divinam</strong></span> <span class='ocrx_word' id='word_1_315' title='bbox 929 2680 1101 2748; x_wconf 84' lang='lat' dir='ltr'><strong>legem</strong></span> <span class='ocrx_word' id='word_1_316' title='bbox 1135 2676 1304 2731; x_wconf 85' lang='lat' dir='ltr'><strong>visum</strong></span> <span class='ocrx_word' id='word_1_317' title='bbox 1337 2687 1420 2731; x_wconf 86' lang='lat' dir='ltr'><strong>est</strong></span> <span class='ocrx_word' id='word_1_318' title='bbox 1451 2677 1613 2733; x_wconf 90' lang='lat' dir='ltr'><strong>etiam</strong></span> <span class='ocrx_word' id='word_1_319' title='bbox 1633 2719 1647 2744; x_wconf 93' lang='lat'><strong>,</strong></span> <span class='ocrx_word' id='word_1_320' title='bbox 1676 2693 1800 2733; x_wconf 92' lang='lat' dir='ltr'><strong>cum</strong></span> <span class='ocrx_word' id='word_1_321' title='bbox 1829 2679 2041 2748; x_wconf 70' lang='lat' dir='ltr'><strong>episco—</strong></span> 
     </span>
    </p>
   </div>
   <div class='ocr_carea' id='block_1_44' title="bbox 439 2767 2042 2846">
    <p class='ocr_par' dir='ltr' id='par_1_44' title="bbox 439 2767 2042 2846">
     <span class='ocr_line' id='line_1_44' title="bbox 439 2767 2042 2846; baseline -0.002 -17"><span class='ocrx_word' id='word_1_322' title='bbox 439 2789 631 2846; x_wconf 86' lang='lat' dir='ltr'><strong>porum</strong></span> <span class='ocrx_word' id='word_1_323' title='bbox 663 2784 922 2827; x_wconf 88' lang='lat' dir='ltr'><strong>numerus</strong></span> <span class='ocrx_word' id='word_1_324' title='bbox 964 2786 1059 2839; x_wconf 92' lang='lat' dir='ltr'><strong>pro</strong></span> <span class='ocrx_word' id='word_1_325' title='bbox 1089 2767 1387 2824; x_wconf 79' lang='lat' dir='ltr'><strong>Athanasio</strong></span> <span class='ocrx_word' id='word_1_326' title='bbox 1432 2769 1603 2839; x_wconf 83' lang='lat' dir='ltr'><strong>major</strong></span> <span class='ocrx_word' id='word_1_327' title='bbox 1637 2770 1954 2837; x_wconf 79' lang='lat' dir='ltr'><strong>exsisteret,</strong></span> <span class='ocrx_word' id='word_1_328' title='bbox 1987 2772 2042 2826; x_wconf 90' lang='lat' dir='ltr'><strong>in</strong></span> 
     </span>
    </p>
   </div>
   <div class='ocr_carea' id='block_1_45' title="bbox 439 2859 2041 2940">
    <p class='ocr_par' dir='ltr' id='par_1_45' title="bbox 439 2859 2041 2940">
     <span class='ocr_line' id='line_1_45' title="bbox 439 2859 2041 2940; baseline -0.001 -22"><span class='ocrx_word' id='word_1_329' title='bbox 439 2876 593 2940; x_wconf 80' lang='lat' dir='ltr'><strong>parte</strong></span> <span class='ocrx_word' id='word_1_330' title='bbox 622 2866 799 2935; x_wconf 89' lang='lat' dir='ltr'><strong>aliqua</strong></span> <span class='ocrx_word' id='word_1_331' title='bbox 827 2859 1176 2917; x_wconf 88' lang='lat' dir='ltr'><strong>commodare</strong></span> <span class='ocrx_word' id='word_1_332' title='bbox 1200 2875 1547 2916; x_wconf 86' lang='lat' dir='ltr'><strong>consensum.</strong></span> <span class='ocrx_word' id='word_1_333' title='bbox 1584 2861 1710 2916; x_wconf 72' lang='lat' dir='ltr'><strong>lizec</strong></span> <span class='ocrx_word' id='word_1_334' title='bbox 1741 2863 1962 2931; x_wconf 87' lang='lat' dir='ltr'><strong>scripta,</strong></span> <span class='ocrx_word' id='word_1_335' title='bbox 1994 2862 2041 2918; x_wconf 91' lang='lat' dir='ltr'><strong>si</strong></span> 
     </span>
    </p>
   </div>
   <div class='ocr_carea' id='block_1_46' title="bbox 443 2952 2038 3027">
    <p class='ocr_par' dir='ltr' id='par_1_46' title="bbox 443 2952 2038 3027">
     <span class='ocr_line' id='line_1_46' title="bbox 443 2952 2038 3027; baseline -0.003 -12"><span class='ocrx_word' id='word_1_336' title='bbox 443 2960 562 3015; x_wconf 86' lang='lat' dir='ltr'><strong>Deo</strong></span> <span class='ocrx_word' id='word_1_337' title='bbox 608 2957 769 3012; x_wconf 85' lang='lat' dir='ltr'><strong>ﬁdem</strong></span> <span class='ocrx_word' id='word_1_338' title='bbox 823 2955 894 3027; x_wconf 68' lang='grc' dir='ltr'><strong>(ι’)</strong></span> <span class='ocrx_word' id='word_1_339' title='bbox 936 2954 1101 3010; x_wconf 86' lang='lat' dir='ltr'><strong>debet</strong></span> <span class='ocrx_word' id='word_1_340' title='bbox 1147 2952 1415 3013; x_wconf 86' lang='lat' dir='ltr'><strong>Eusebius</strong></span> <span class='ocrx_word' id='word_1_341' title='bbox 1461 2952 1552 3023; x_wconf 91' lang='lat' dir='ltr'><strong>qui</strong></span> <span class='ocrx_word' id='word_1_342' title='bbox 1596 2953 1792 3009; x_wconf 83' lang='lat' dir='ltr'><strong>missus</strong></span> <span class='ocrx_word' id='word_1_343' title='bbox 1838 2952 2038 3022; x_wconf 80' lang='lat' dir='ltr'><strong>fuerat,</strong></span> 
     </span>
    </p>
   </div>
   <div class='ocr_carea' id='block_1_47' title="bbox 438 3046 2040 3117">
    <p class='ocr_par' dir='ltr' id='par_1_47' title="bbox 438 3046 2040 3117">
     <span class='ocr_line' id='line_1_47' title="bbox 438 3046 2040 3117; baseline -0.003 -9"><span class='ocrx_word' id='word_1_344' title='bbox 438 3050 704 3108; x_wconf 80' lang='lat' dir='ltr'><strong>festinans</strong></span> <span class='ocrx_word' id='word_1_345' title='bbox 753 3046 821 3104; x_wconf 89' lang='lat' dir='ltr'><strong>ad</strong></span> <span class='ocrx_word' id='word_1_346' title='bbox 868 3047 1105 3103; x_wconf 77' lang='lat' dir='ltr'><strong>Africam</strong></span> <span class='ocrx_word' id='word_1_347' title='bbox 1155 3046 1312 3103; x_wconf 89' lang='lat' dir='ltr'><strong>nobis</strong></span> <span class='ocrx_word' id='word_1_348' title='bbox 1364 3046 1585 3116; x_wconf 88' lang='lat' dir='ltr'><strong>reliquit</strong></span> <span class='ocrx_word' id='word_1_349' title='bbox 1629 3066 1643 3101; x_wconf 92' lang='lat'><strong>:</strong></span> <span class='ocrx_word' id='word_1_350' title='bbox 1689 3063 1811 3117; x_wconf 86' lang='lat' dir='ltr'><strong>quae</strong></span> <span class='ocrx_word' id='word_1_351' title='bbox 1860 3056 2040 3103; x_wconf 84' lang='lat' dir='ltr'><strong>tamen</strong></span> 
     </span>
    </p>
   </div>
   <div class='ocr_carea' id='block_1_48' title="bbox 434 3132 2109 3214">
    <p class='ocr_par' dir='ltr' id='par_1_48' title="bbox 434 3132 2109 3214">
     <span class='ocr_line' id='line_1_48' title="bbox 434 3132 2109 3214; baseline -0.002 -15"><span class='ocrx_word' id='word_1_352' title='bbox 434 3152 624 3214; x_wconf 86' lang='lat' dir='ltr'><strong>postea</strong></span> <span class='ocrx_word' id='word_1_353' title='bbox 657 3141 835 3198; x_wconf 90' lang='lat' dir='ltr'><strong>omnia</strong></span> <span class='ocrx_word' id='word_1_354' title='bbox 867 3140 1092 3207; x_wconf 88' lang='lat' dir='ltr'><strong>scripta,</strong></span> <span class='ocrx_word' id='word_1_355' title='bbox 1124 3154 1190 3194; x_wconf 91' lang='lat' dir='ltr'><strong>ne</strong></span> <span class='ocrx_word' id='word_1_356' title='bbox 1219 3138 1287 3193; x_wconf 92' lang='lat' dir='ltr'><strong>ad</strong></span> <span class='ocrx_word' id='word_1_357' title='bbox 1316 3136 1710 3208; x_wconf 85' lang='lat' dir='ltr'><strong>impetrandum</strong></span> <span class='ocrx_word' id='word_1_358' title='bbox 1738 3137 1877 3195; x_wconf 84' lang='lat' dir='ltr'><strong>forte</strong></span> <span class='ocrx_word' id='word_1_359' title='bbox 1905 3156 2036 3195; x_wconf 88' lang='lat' dir='ltr'><strong>con-</strong></span> <span class='ocrx_word' id='word_1_360' title='bbox 2064 3132 2109 3196; x_wconf 90' lang='lat' dir='ltr'>C</span> 
     </span>
    </p>
   </div>
   <div class='ocr_carea' id='block_1_49' title="bbox 437 3232 2035 3303">
    <p class='ocr_par' dir='ltr' id='par_1_49' title="bbox 437 3232 2035 3303">
     <span class='ocr_line' id='line_1_49' title="bbox 437 3232 2035 3303; baseline 0.001 -11"><span class='ocrx_word' id='word_1_361' title='bbox 437 3237 621 3292; x_wconf 91' lang='lat' dir='ltr'><strong>cilium</strong></span> <span class='ocrx_word' id='word_1_362' title='bbox 650 3236 933 3302; x_wconf 88' lang='lat' dir='ltr'><strong>deessent,</strong></span> <span class='ocrx_word' id='word_1_363' title='bbox 968 3233 1282 3289; x_wconf 84' lang='lat' dir='ltr'><strong>Vincentius</strong></span> <span class='ocrx_word' id='word_1_364' title='bbox 1311 3232 1399 3303; x_wconf 85' lang='lat' dir='ltr'><strong>qui</strong></span> <span class='ocrx_word' id='word_1_365' title='bbox 1427 3247 1550 3288; x_wconf 90' lang='lat' dir='ltr'><strong>cum</strong></span> <span class='ocrx_word' id='word_1_366' title='bbox 1581 3234 1792 3290; x_wconf 63' lang='lat' dir='ltr'><strong>caeteris</strong></span> <span class='ocrx_word' id='word_1_367' title='bbox 1835 3236 2035 3293; x_wconf 85' lang='lat' dir='ltr'><strong>missus</strong></span> 
     </span>
    </p>
   </div>
   <div class='ocr_carea' id='block_1_50' title="bbox 434 3326 1186 3397">
    <p class='ocr_par' dir='ltr' id='par_1_50' title="bbox 434 3326 1186 3397">
     <span class='ocr_line' id='line_1_50' title="bbox 434 3326 1186 3397; baseline -0.005 -13"><span class='ocrx_word' id='word_1_368' title='bbox 434 3329 613 3393; x_wconf 83' lang='lat' dir='ltr'><strong>fuerat</strong></span> <span class='ocrx_word' id='word_1_369' title='bbox 640 3328 917 3384; x_wconf 84' lang='lat' dir='ltr'><strong>Arelatum</strong></span> <span class='ocrx_word' id='word_1_370' title='bbox 944 3326 1186 3397; x_wconf 89' lang='lat' dir='ltr'><strong>pertulit.</strong></span> 
     </span>
    </p>
   </div>
   <div class='ocr_carea' id='block_1_51' title="bbox 512 3416 2036 3494">
    <p class='ocr_par' dir='ltr' id='par_1_51' title="bbox 512 3416 2036 3494">
     <span class='ocr_line' id='line_1_51' title="bbox 512 3416 2036 3494; baseline 0.001 -18"><span class='ocrx_word' id='word_1_371' title='bbox 512 3423 566 3477; x_wconf 76' lang='lat'><strong>5.</strong></span> <span class='ocrx_word' id='word_1_372' title='bbox 610 3419 922 3475; x_wconf 79' lang='lat' dir='ltr'><strong>Criminibus</strong></span> <span class='ocrx_word' id='word_1_373' title='bbox 978 3419 1075 3474; x_wconf 85' lang='lat' dir='ltr'><strong>sibi</strong></span> <span class='ocrx_word' id='word_1_374' title='bbox 1103 3435 1135 3472; x_wconf 93' lang='lat' dir='ltr'><strong>a</strong></span> <span class='ocrx_word' id='word_1_375' title='bbox 1162 3416 1463 3474; x_wconf 86' lang='lat' dir='ltr'><strong>Constantio</strong></span> <span class='ocrx_word' id='word_1_376' title='bbox 1487 3419 1717 3490; x_wconf 81' lang='lat' dir='ltr'><strong>conﬁctis</strong></span> <span class='ocrx_word' id='word_1_377' title='bbox 1748 3436 1801 3475; x_wconf 94' lang='lat' dir='ltr'><strong>se</strong></span> <span class='ocrx_word' id='word_1_378' title='bbox 1830 3432 2036 3494; x_wconf 86' lang='lat' dir='ltr'><strong>purgat.</strong></span> 
     </span>
    </p>
   </div>
   <div class='ocr_carea' id='block_1_52' title="bbox 440 3512 2041 3587">
    <p class='ocr_par' dir='ltr' id='par_1_52' title="bbox 440 3512 2041 3587">
     <span class='ocr_line' id='line_1_52' title="bbox 440 3512 2041 3587; baseline 0.001 -16"><span class='ocrx_word' id='word_1_379' title='bbox 440 3546 512 3560; x_wconf 87' lang='lat'><strong>——</strong></span> <span class='ocrx_word' id='word_1_380' title='bbox 532 3516 690 3572; x_wconf 84' lang='lat' dir='ltr'><strong>Videt</strong></span> <span class='ocrx_word' id='word_1_381' title='bbox 723 3515 884 3587; x_wconf 79' lang='lat' dir='ltr'><strong>igitur</strong></span> <span class='ocrx_word' id='word_1_382' title='bbox 911 3513 1199 3585; x_wconf 88' lang='lat' dir='ltr'><strong>prudentia</strong></span> <span class='ocrx_word' id='word_1_383' title='bbox 1218 3522 1325 3579; x_wconf 90' lang='lat' dir='ltr'><strong>tua,</strong></span> <span class='ocrx_word' id='word_1_384' title='bbox 1353 3512 1488 3569; x_wconf 91' lang='lat' dir='ltr'><strong>nihil</strong></span> <span class='ocrx_word' id='word_1_385' title='bbox 1507 3512 1560 3568; x_wconf 90' lang='lat' dir='ltr'><strong>in</strong></span> <span class='ocrx_word' id='word_1_386' title='bbox 1593 3514 1831 3570; x_wconf 90' lang='lat' dir='ltr'><strong>animum</strong></span> <span class='ocrx_word' id='word_1_387' title='bbox 1861 3532 2041 3573; x_wconf 88' lang='lat' dir='ltr'><strong>meum</strong></span> 
     </span>
    </p>
   </div>
   <div class='ocr_carea' id='block_1_53' title="bbox 439 3604 2042 3679">
    <p class='ocr_par' dir='ltr' id='par_1_53' title="bbox 439 3604 2042 3679">
     <span class='ocr_line' id='line_1_53' title="bbox 439 3604 2042 3679; baseline 0.002 -16"><span class='ocrx_word' id='word_1_388' title='bbox 439 3607 728 3674; x_wconf 87' lang='lat' dir='ltr'><strong>introisse,</strong></span> <span class='ocrx_word' id='word_1_389' title='bbox 770 3605 912 3679; x_wconf 89' lang='lat' dir='ltr'><strong>quod</strong></span> <span class='ocrx_word' id='word_1_390' title='bbox 946 3606 1057 3662; x_wconf 93' lang='lat' dir='ltr'><strong>Deo</strong></span> <span class='ocrx_word' id='word_1_391' title='bbox 1082 3604 1447 3662; x_wconf 88' lang='lat' dir='ltr'><strong>servientibus</strong></span> <span class='ocrx_word' id='word_1_392' title='bbox 1477 3619 1582 3661; x_wconf 91' lang='lat' dir='ltr'><strong>non</strong></span> <span class='ocrx_word' id='word_1_393' title='bbox 1612 3605 1833 3676; x_wconf 86' lang='lat' dir='ltr'><strong>dignum</strong></span> <span class='ocrx_word' id='word_1_394' title='bbox 1867 3607 2042 3666; x_wconf 77' lang='lat' dir='ltr'><strong>fuerat</strong></span> 
     </span>
    </p>
   </div>
   <div class='ocr_carea' id='block_1_54' title="bbox 510 3743 2036 3820">
    <p class='ocr_par' dir='ltr' id='par_1_54' title="bbox 510 3743 2036 3820">
     <span class='ocr_line' id='line_1_54' title="bbox 510 3743 2036 3820; baseline -0.001 -18"><span class='ocrx_word' id='word_1_395' title='bbox 510 3746 590 3820; x_wconf 82' lang='grc' dir='ltr'><strong>(α)</strong></span> <span class='ocrx_word' id='word_1_396' title='bbox 632 3748 828 3805; x_wconf 68' lang='lat' dir='ltr'><strong>Baros).</strong></span> <span class='ocrx_word' id='word_1_397' title='bbox 867 3761 957 3801; x_wconf 81' lang='lat' dir='ltr'><strong>nec</strong></span> <span class='ocrx_word' id='word_1_398' title='bbox 997 3744 1316 3820; x_wconf 69' lang='lat' dir='ltr'><strong>eorum.__An</strong></span> <span class='ocrx_word' id='word_1_399' title='bbox 1347 3743 1541 3798; x_wconf 76' lang='lat' dir='ltr'><strong>tecltnru</strong></span> <span class='ocrx_word' id='word_1_400' title='bbox 1577 3759 1761 3820; x_wconf 67' lang='lat' dir='ltr'><strong>eorum</strong></span> <span class='ocrx_word' id='word_1_401' title='bbox 1785 3743 1871 3800; x_wconf 88' lang='lat' dir='ltr'><strong>vel</strong></span> <span class='ocrx_word' id='word_1_402' title='bbox 1914 3753 2036 3820; x_wconf 75' lang='lat' dir='ltr'><strong>tunc</strong></span> 
     </span>
    </p>
   </div>
   <div class='ocr_carea' id='block_1_55' title="bbox 440 3813 2036 3883">
    <p class='ocr_par' dir='ltr' id='par_1_55' title="bbox 440 3813 2036 3883">
     <span class='ocr_line' id='line_1_55' title="bbox 440 3813 2036 3883; baseline -0.004 -4"><span class='ocrx_word' id='word_1_403' title='bbox 440 3813 533 3878; x_wconf 79' lang='lat' dir='ltr'><strong>aut</strong></span> <span class='ocrx_word' id='word_1_404' title='bbox 561 3813 745 3875; x_wconf 74' lang='lat' dir='ltr'><strong>dehinc</strong></span> <span class='ocrx_word' id='word_1_405' title='bbox 774 3833 970 3882; x_wconf 84' lang='lat' dir='ltr'><strong>eorum,</strong></span> <span class='ocrx_word' id='word_1_406' title='bbox 1003 3813 1292 3873; x_wconf 66' lang='lat' dir='ltr'><strong>subaudito</strong></span> <span class='ocrx_word' id='word_1_407' title='bbox 1324 3826 1507 3883; x_wconf 79' lang='lat' dir='ltr'><strong>poStea</strong></span> <span class='ocrx_word' id='word_1_408' title='bbox 1538 3815 1802 3871; x_wconf 82' lang='lat' dir='ltr'><strong>vocabulo</strong></span> <span class='ocrx_word' id='word_1_409' title='bbox 1831 3818 2036 3874; x_wconf 67' lang='lat' dir='ltr'><strong>causae?</strong></span> 
     </span>
    </p>
   </div>
   <div class='ocr_carea' id='block_1_56' title="bbox 512 3886 2037 3962">
    <p class='ocr_par' dir='ltr' id='par_1_56' title="bbox 512 3886 2037 3962">
     <span class='ocr_line' id='line_1_56' title="bbox 512 3886 2037 3962; baseline -0.002 -17"><span class='ocrx_word' id='word_1_410' title='bbox 512 3891 588 3962; x_wconf 72' lang='grc' dir='ltr'><strong>(ὁ)</strong></span> <span class='ocrx_word' id='word_1_411' title='bbox 628 3891 774 3946; x_wconf 86' lang='lat' dir='ltr'><strong>Alias</strong></span> <span class='ocrx_word' id='word_1_412' title='bbox 821 3905 889 3945; x_wconf 79' lang='lat' dir='ltr'><strong>ex</strong></span> <span class='ocrx_word' id='word_1_413' title='bbox 946 3903 1047 3962; x_wconf 70' lang='lat' dir='ltr'><strong>ms.</strong></span> <span class='ocrx_word' id='word_1_414' title='bbox 1096 3886 1611 3962; x_wconf 24' lang='lat' dir='ltr'><strong>Pithmano,_nquasi_</strong></span> <span class='ocrx_word' id='word_1_415' title='bbox 1655 3886 1771 3943; x_wconf 84' lang='lat' dir='ltr'><strong>illas</strong></span> <span class='ocrx_word' id='word_1_416' title='bbox 1820 3886 2037 3962; x_wconf 82' lang='lat' dir='ltr'><strong>litteras.</strong></span> 
     </span>
    </p>
   </div>
   <div class='ocr_carea' id='block_1_57' title="bbox 442 3956 2040 4030">
    <p class='ocr_par' dir='ltr' id='par_1_57' title="bbox 442 3956 2040 4030">
     <span class='ocr_line' id='line_1_57' title="bbox 442 3956 2040 4030; baseline -0.003 -10"><span class='ocrx_word' id='word_1_417' title='bbox 442 3956 787 4020; x_wconf 66' lang='lat' dir='ltr'><strong>Prieferimus</strong></span> <span class='ocrx_word' id='word_1_418' title='bbox 826 3975 947 4014; x_wconf 92' lang='lat' dir='ltr'><strong>cum</strong></span> <span class='ocrx_word' id='word_1_419' title='bbox 993 3959 1214 4030; x_wconf 79' lang='lat' dir='ltr'><strong>B.irou._</strong></span> <span class='ocrx_word' id='word_1_420' title='bbox 1245 3973 1373 4030; x_wconf 82' lang='lat' dir='ltr'><strong>quas</strong></span> <span class='ocrx_word' id='word_1_421' title='bbox 1416 3956 1533 4010; x_wconf 72' lang='lat' dir='ltr'><strong>illas</strong></span> <span class='ocrx_word' id='word_1_422' title='bbox 1575 3956 1804 4022; x_wconf 84' lang='lat' dir='ltr'><strong>litteras,</strong></span> <span class='ocrx_word' id='word_1_423' title='bbox 1844 3960 2040 4030; x_wconf 82' lang='lat' dir='ltr'><strong>supple</strong></span> 
     </span>
    </p>
   </div>
   <div class='ocr_carea' id='block_1_58' title="bbox 444 4027 2038 4105">
    <p class='ocr_par' dir='ltr' id='par_1_58' title="bbox 444 4027 2038 4105">
     <span class='ocr_line' id='line_1_58' title="bbox 444 4027 2038 4105; baseline 0.001 -21"><span class='ocrx_word' id='word_1_424' title='bbox 444 4031 830 4105; x_wconf 73' lang='lat' dir='ltr'><strong>suppressisse?</strong></span> <span class='ocrx_word' id='word_1_425' title='bbox 861 4031 954 4087; x_wconf 86' lang='lat' dir='ltr'><strong>His</strong></span> <span class='ocrx_word' id='word_1_426' title='bbox 981 4031 1158 4105; x_wconf 85' lang='lat' dir='ltr'><strong>verbis</strong></span> <span class='ocrx_word' id='word_1_427' title='bbox 1193 4027 1439 4105; x_wconf 72' lang='lat' dir='ltr'><strong>{midinis</strong></span> <span class='ocrx_word' id='word_1_428' title='bbox 1470 4030 1573 4081; x_wconf 90' lang='lat' dir='ltr'><strong>ruit</strong></span> <span class='ocrx_word' id='word_1_429' title='bbox 1600 4043 1786 4105; x_wconf 81' lang='lat' dir='ltr'><strong>eorum</strong></span> <span class='ocrx_word' id='word_1_430' title='bbox 1830 4027 2038 4105; x_wconf 79' lang='lat' dir='ltr'><strong>Opinio,</strong></span> 
     </span>
    </p>
   </div>
   <div class='ocr_carea' id='block_1_59' title="bbox 442 4098 2038 4177">
    <p class='ocr_par' dir='ltr' id='par_1_59' title="bbox 442 4098 2038 4177">
     <span class='ocr_line' id='line_1_59' title="bbox 442 4098 2038 4177; baseline 0.002 -23"><span class='ocrx_word' id='word_1_431' title='bbox 442 4098 898 4177; x_wconf 49' lang='lat' dir='ltr'><strong>qn&#39;i&#39;superiorein</strong></span> <span class='ocrx_word' id='word_1_432' title='bbox 931 4102 1211 4177; x_wconf 65' lang='lat' dir='ltr'><strong>epistolam</strong></span> <span class='ocrx_word' id='word_1_433' title='bbox 1241 4098 2038 4177; x_wconf 23' lang='lat' dir='ltr'><strong>Liberii‘nomine‘inscriptam</strong></span> 
     </span>
    </p>
   </div>
   <div class='ocr_carea' id='block_1_60' title="bbox 443 4171 2044 4245">
    <p class='ocr_par' dir='ltr' id='par_1_60' title="bbox 443 4171 2044 4245">
     <span class='ocr_line' id='line_1_60' title="bbox 443 4171 2044 4245; baseline 0.014 -34"><span class='ocrx_word' id='word_1_434' title='bbox 443 4171 501 4230; x_wconf 62' lang='grc' dir='ltr'>ἀι</span> <span class='ocrx_word' id='word_1_435' title='bbox 527 4171 815 4245; x_wconf 61' lang='grc' dir='ltr'><strong>ερηιιίηςιπι</strong></span> <span class='ocrx_word' id='word_1_436' title='bbox 838 4174 1125 4245; x_wconf 63' lang='lat' dir='ltr'><strong>rccipiunt.</strong></span> <span class='ocrx_word' id='word_1_437' title='bbox 1150 4172 1250 4240; x_wconf 81' lang='lat' dir='ltr'><strong>Qui</strong></span> <span class='ocrx_word' id='word_1_438' title='bbox 1268 4172 1420 4245; x_wconf 83' lang='lat' dir='ltr'><strong>enim</strong></span> <span class='ocrx_word' id='word_1_439' title='bbox 1450 4171 1815 4245; x_wconf 71' lang='lat' dir='ltr'><strong>Orientalium</strong></span> <span class='ocrx_word' id='word_1_440' title='bbox 1834 4174 2044 4233; x_wconf 83' lang='lat' dir='ltr'><strong>litteras</strong></span> 
     </span>
    </p>
   </div>
   <div class='ocr_carea' id='block_1_61' title="bbox 444 4242 2047 4315">
    <p class='ocr_par' dir='ltr' id='par_1_61' title="bbox 444 4242 2047 4315">
     <span class='ocr_line' id='line_1_61' title="bbox 444 4242 2047 4315; baseline 0.016 -21"><span class='ocrx_word' id='word_1_441' title='bbox 444 4242 814 4315; x_wconf 73' lang='lat' dir='ltr'><strong>suppressisse</strong></span> <span class='ocrx_word' id='word_1_442' title='bbox 856 4243 1197 4315; x_wconf 81' lang='lat' dir='ltr'><strong>insimulatus</strong></span> <span class='ocrx_word' id='word_1_443' title='bbox 1236 4244 1323 4315; x_wconf 86' lang='lat' dir='ltr'><strong>sit,</strong></span> <span class='ocrx_word' id='word_1_444' title='bbox 1377 4243 1420 4295; x_wconf 91' lang='lat' dir='ltr'><strong>si</strong></span> <span class='ocrx_word' id='word_1_445' title='bbox 1474 4242 1552 4295; x_wconf 90' lang='lat' dir='ltr'><strong>eis</strong></span> <span class='ocrx_word' id='word_1_446' title='bbox 1603 4257 1809 4315; x_wconf 71' lang='lat' dir='ltr'><strong>mot‘em</strong></span> <span class='ocrx_word' id='word_1_447' title='bbox 1849 4260 2047 4312; x_wconf 68' lang='grc' dir='ltr'><strong>ξζυνθηε</strong></span> 
     </span>
    </p>
   </div>
   <div class='ocr_carea' id='block_1_62' title="bbox 445 4313 2045 4380">
    <p class='ocr_par' dir='ltr' id='par_1_62' title="bbox 445 4313 2045 4380">
     <span class='ocr_line' id='line_1_62' title="bbox 445 4313 2045 4380; baseline 0.001 -8"><span class='ocrx_word' id='word_1_448' title='bbox 445 4313 675 4372; x_wconf 78' lang='lat' dir='ltr'><strong>Romam</strong></span> <span class='ocrx_word' id='word_1_449' title='bbox 705 4315 1056 4370; x_wconf 86' lang='lat' dir='ltr'><strong>Athanasium</strong></span> <span class='ocrx_word' id='word_1_450' title='bbox 1080 4313 1341 4378; x_wconf 85' lang='lat' dir='ltr'><strong>citaverit,</strong></span> <span class='ocrx_word' id='word_1_451' title='bbox 1378 4327 1441 4367; x_wconf 86' lang='lat' dir='ltr'><strong>ac</strong></span> <span class='ocrx_word' id='word_1_452' title='bbox 1469 4314 1810 4380; x_wconf 79' lang='lat' dir='ltr'><strong>postmodum</strong></span> <span class='ocrx_word' id='word_1_453' title='bbox 1839 4332 1867 4367; x_wconf 88' lang='lat' dir='ltr'><strong>a</strong></span> <span class='ocrx_word' id='word_1_454' title='bbox 1896 4331 2045 4373; x_wconf 47' lang='lat' dir='ltr'><strong>com.</strong></span> 
     </span>
    </p>
   </div>
   <div class='ocr_carea' id='block_1_63' title="bbox 450 4385 1200 4442">
    <p class='ocr_par' dir='ltr' id='par_1_63' title="bbox 450 4385 1200 4442">
     <span class='ocr_line' id='line_1_63' title="bbox 450 4385 1200 4442; baseline -0.008 0"><span class='ocrx_word' id='word_1_455' title='bbox 450 4388 707 4442; x_wconf 85' lang='lat' dir='ltr'><strong>munione</strong></span> <span class='ocrx_word' id='word_1_456' title='bbox 736 4401 832 4441; x_wconf 86' lang='lat' dir='ltr'><strong>sua</strong></span> <span class='ocrx_word' id='word_1_457' title='bbox 861 4385 1200 4439; x_wconf 86' lang='lat' dir='ltr'><strong>removerit?</strong></span> 
     </span>
    </p>
   </div>
   <div class='ocr_carea' id='block_1_64' title="bbox 522 4453 2046 4528">
    <p class='ocr_par' dir='ltr' id='par_1_64' title="bbox 522 4453 2046 4528">
     <span class='ocr_line' id='line_1_64' title="bbox 522 4453 2046 4528; baseline 0.002 -18"><span class='ocrx_word' id='word_1_458' title='bbox 522 4459 596 4528; x_wconf 88' lang='lat' dir='ltr'><strong>(c)</strong></span> <span class='ocrx_word' id='word_1_459' title='bbox 639 4458 779 4511; x_wconf 88' lang='lat' dir='ltr'><strong>Pith.</strong></span> <span class='ocrx_word' id='word_1_460' title='bbox 813 4472 943 4528; x_wconf 67' lang='lat' dir='ltr'><strong>ius,</strong></span> <span class='ocrx_word' id='word_1_461' title='bbox 975 4455 1285 4528; x_wconf 42' lang='grc' dir='ltr'><strong>δσὶειιιὶιιηιζ</strong></span> <span class='ocrx_word' id='word_1_462' title='bbox 1290 4453 1453 4523; x_wconf 75' lang='lat' dir='ltr'><strong>Magis</strong></span> <span class='ocrx_word' id='word_1_463' title='bbox 1475 4454 1789 4528; x_wconf 86' lang='lat' dir='ltr'><strong>placet_cum</strong></span> <span class='ocrx_word' id='word_1_464' title='bbox 1822 4457 2046 4524; x_wconf 88' lang='lat' dir='ltr'><strong>Baron.,</strong></span> 
     </span>
    </p>
   </div>
   <div class='ocr_carea' id='block_1_65' title="bbox 448 4524 2048 4593">
    <p class='ocr_par' dir='ltr' id='par_1_65' title="bbox 448 4524 2048 4593">
     <span class='ocr_line' id='line_1_65' title="bbox 448 4524 2048 4593; baseline -0.004 -10"><span class='ocrx_word' id='word_1_465' title='bbox 448 4524 772 4583; x_wconf 77' lang='lat' dir='ltr'><strong>sententiam.</strong></span> <span class='ocrx_word' id='word_1_466' title='bbox 809 4526 958 4589; x_wconf 80' lang='lat' dir='ltr'><strong>Mox,</strong></span> <span class='ocrx_word' id='word_1_467' title='bbox 992 4538 1197 4579; x_wconf 89' lang='lat' dir='ltr'><strong>necnon</strong></span> <span class='ocrx_word' id='word_1_468' title='bbox 1247 4524 1399 4593; x_wconf 80' lang='lat' dir='ltr'><strong>Frag.</strong></span> <span class='ocrx_word' id='word_1_469' title='bbox 1440 4539 1512 4588; x_wconf 90' lang='lat' dir='ltr'><strong>vt,</strong></span> <span class='ocrx_word' id='word_1_470' title='bbox 1544 4540 1596 4576; x_wconf 86' lang='grc' dir='ltr'>ιι.</span> <span class='ocrx_word' id='word_1_471' title='bbox 1650 4526 1703 4591; x_wconf 80' lang='grc'><strong>5,</strong></span> <span class='ocrx_word' id='word_1_472' title='bbox 1744 4527 1810 4581; x_wconf 85' lang='lat' dir='ltr'><strong>ab</strong></span> <span class='ocrx_word' id='word_1_473' title='bbox 1857 4530 2048 4587; x_wconf 71' lang='lat' dir='ltr'><strong>eodem</strong></span> 
     </span>
    </p>
   </div>
   <div class='ocr_carea' id='block_1_66' title="bbox 455 4596 1677 4655">
    <p class='ocr_par' dir='ltr' id='par_1_66' title="bbox 455 4596 1677 4655">
     <span class='ocr_line' id='line_1_66' title="bbox 455 4596 1677 4655; baseline -0.003 0"><span class='ocrx_word' id='word_1_474' title='bbox 455 4599 667 4655; x_wconf 89' lang='lat' dir='ltr'><strong>Liherio</strong></span> <span class='ocrx_word' id='word_1_475' title='bbox 694 4600 975 4655; x_wconf 89' lang='lat' dir='ltr'><strong>audiemus</strong></span> <span class='ocrx_word' id='word_1_476' title='bbox 1006 4596 1328 4650; x_wconf 85' lang='lat' dir='ltr'><strong>commodare</strong></span> <span class='ocrx_word' id='word_1_477' title='bbox 1357 4610 1677 4651; x_wconf 79' lang='lat' dir='ltr'><strong>consensum.</strong></span> 
     </span>
    </p>
   </div>
   <div class='ocr_carea' id='block_1_67' title="bbox 526 4667 2047 4744">
    <p class='ocr_par' dir='ltr' id='par_1_67' title="bbox 526 4667 2047 4744">
     <span class='ocr_line' id='line_1_67' title="bbox 526 4667 2047 4744; baseline 0.001 -20"><span class='ocrx_word' id='word_1_478' title='bbox 526 4670 603 4744; x_wconf 79' lang='lat' dir='ltr'><strong>(tl)</strong></span> <span class='ocrx_word' id='word_1_479' title='bbox 647 4672 901 4726; x_wconf 87' lang='lat' dir='ltr'><strong>Ediderat</strong></span> <span class='ocrx_word' id='word_1_480' title='bbox 933 4667 1123 4744; x_wconf 80' lang='lat' dir='ltr'><strong>Faber,</strong></span> <span class='ocrx_word' id='word_1_481' title='bbox 1173 4684 1230 4721; x_wconf 91' lang='lat' dir='ltr'><strong>eo</strong></span> <span class='ocrx_word' id='word_1_482' title='bbox 1281 4677 1527 4735; x_wconf 84' lang='lat' dir='ltr'><strong>tempore,</strong></span> <span class='ocrx_word' id='word_1_483' title='bbox 1561 4668 1804 4744; x_wconf 72' lang='lat' dir='ltr'><strong>quamvis</strong></span> <span class='ocrx_word' id='word_1_484' title='bbox 1846 4670 1898 4725; x_wconf 92' lang='lat' dir='ltr'><strong>in</strong></span> <span class='ocrx_word' id='word_1_485' title='bbox 1941 4687 2047 4726; x_wconf 91' lang='lat' dir='ltr'><strong>suo</strong></span> 
     </span>
    </p>
   </div>
   <div class='ocr_carea' id='block_1_68' title="bbox 456 4739 2046 4811">
    <p class='ocr_par' dir='ltr' id='par_1_68' title="bbox 456 4739 2046 4811">
     <span class='ocr_line' id='line_1_68' title="bbox 456 4739 2046 4811; baseline 0.004 -14"><span class='ocrx_word' id='word_1_486' title='bbox 456 4739 558 4799; x_wconf 89' lang='lat' dir='ltr'><strong>ms.</strong></span> <span class='ocrx_word' id='word_1_487' title='bbox 586 4739 879 4811; x_wconf 79' lang='lat' dir='ltr'><strong>reperisset</strong></span> <span class='ocrx_word' id='word_1_488' title='bbox 901 4740 1076 4793; x_wconf 72' lang='lat' dir='ltr'><strong>eodem</strong></span> <span class='ocrx_word' id='word_1_489' title='bbox 1099 4750 1319 4811; x_wconf 82' lang='lat' dir='ltr'><strong>tempore</strong></span> <span class='ocrx_word' id='word_1_490' title='bbox 1338 4753 1359 4811; x_wconf 9' lang='lat'><strong>7:</strong></span> <span class='ocrx_word' id='word_1_491' title='bbox 1385 4739 1654 4811; x_wconf 77' lang='lat' dir='ltr'><strong>quoiuodo</strong></span> <span class='ocrx_word' id='word_1_492' title='bbox 1678 4741 1838 4794; x_wconf 73' lang='lat' dir='ltr'><strong>ellum</strong></span> <span class='ocrx_word' id='word_1_493' title='bbox 1866 4752 2046 4797; x_wconf 71' lang='lat' dir='ltr'><strong>exstat</strong></span> 
     </span>
    </p>
   </div>
   <div class='ocr_carea' id='block_1_69' title="bbox 455 4810 2044 4885">
    <p class='ocr_par' dir='ltr' id='par_1_69' title="bbox 455 4810 2044 4885">
     <span class='ocr_line' id='line_1_69' title="bbox 455 4810 2044 4885; baseline 0.001 -17"><span class='ocrx_word' id='word_1_494' title='bbox 455 4815 593 4885; x_wconf 87' lang='lat' dir='ltr'><strong>apud</strong></span> <span class='ocrx_word' id='word_1_495' title='bbox 630 4810 821 4868; x_wconf 80' lang='lat' dir='ltr'><strong>Baron.</strong></span> <span class='ocrx_word' id='word_1_496' title='bbox 860 4813 992 4885; x_wconf 85' lang='lat' dir='ltr'><strong>llinc</strong></span> <span class='ocrx_word' id='word_1_497' title='bbox 1024 4810 1235 4885; x_wconf 80' lang='lat' dir='ltr'><strong>rursum</strong></span> <span class='ocrx_word' id='word_1_498' title='bbox 1269 4810 1549 4885; x_wconf 80' lang='lat' dir='ltr'><strong>refellitur.</strong></span> <span class='ocrx_word' id='word_1_499' title='bbox 1582 4812 1721 4879; x_wconf 89' lang='lat' dir='ltr'><strong>quod</strong></span> <span class='ocrx_word' id='word_1_500' title='bbox 1755 4813 1819 4865; x_wconf 88' lang='lat' dir='ltr'><strong>ad</strong></span> <span class='ocrx_word' id='word_1_501' title='bbox 1854 4814 2044 4869; x_wconf 89' lang='lat' dir='ltr'><strong>defen-</strong></span> 
     </span>
    </p>
   </div>
   <div class='ocr_carea' id='block_1_70' title="bbox 453 4879 2047 4954">
    <p class='ocr_par' dir='ltr' id='par_1_70' title="bbox 453 4879 2047 4954">
     <span class='ocr_line' id='line_1_70' title="bbox 453 4879 2047 4954; baseline 0 -14"><span class='ocrx_word' id='word_1_502' title='bbox 453 4879 683 4940; x_wconf 80' lang='lat' dir='ltr'><strong>deudam</strong></span> <span class='ocrx_word' id='word_1_503' title='bbox 711 4884 1004 4954; x_wconf 68' lang='lat' dir='ltr'><strong>superioris</strong></span> <span class='ocrx_word' id='word_1_504' title='bbox 1031 4883 1273 4947; x_wconf 58' lang='lat' dir='ltr'><strong>epistola!</strong></span> <span class='ocrx_word' id='word_1_505' title='bbox 1301 4879 1577 4954; x_wconf 83' lang='lat' dir='ltr'><strong>veritatem</strong></span> <span class='ocrx_word' id='word_1_506' title='bbox 1612 4886 1852 4936; x_wconf 90' lang='lat' dir='ltr'><strong>nonnulli</strong></span> <span class='ocrx_word' id='word_1_507' title='bbox 1884 4900 2047 4940; x_wconf 87' lang='lat' dir='ltr'><strong>exco-</strong></span> 
     </span>
    </p>
   </div>
   <div class='ocr_carea' id='block_1_71' title="bbox 454 4953 2046 5027">
    <p class='ocr_par' dir='ltr' id='par_1_71' title="bbox 454 4953 2046 5027">
     <span class='ocr_line' id='line_1_71' title="bbox 454 4953 2046 5027; baseline 0.001 -18"><span class='ocrx_word' id='word_1_508' title='bbox 454 4958 712 5027; x_wconf 85' lang='lat' dir='ltr'><strong>gitaruut,</strong></span> <span class='ocrx_word' id='word_1_509' title='bbox 746 4953 997 5009; x_wconf 87' lang='lat' dir='ltr'><strong>nimirum</strong></span> <span class='ocrx_word' id='word_1_510' title='bbox 1017 4954 1296 5027; x_wconf 65' lang='lat' dir='ltr'><strong>Liberium</strong></span> <span class='ocrx_word' id='word_1_511' title='bbox 1320 4953 1460 5027; x_wconf 83' lang='lat' dir='ltr'><strong>littei</strong></span> <span class='ocrx_word' id='word_1_512' title='bbox 1477 4953 1892 5027; x_wconf 12' lang='lat' dir='ltr'><strong>isUric-ntailiuin</strong></span> <span class='ocrx_word' id='word_1_513' title='bbox 1926 4972 2046 5022; x_wconf 85' lang='lat' dir='ltr'><strong>per-</strong></span> 
     </span>
    </p>
   </div>
   <div class='ocr_carea' id='block_1_72' title="bbox 459 5024 2047 5097">
    <p class='ocr_par' dir='ltr' id='par_1_72' title="bbox 459 5024 2047 5097">
     <span class='ocr_line' id='line_1_72' title="bbox 459 5024 2047 5097; baseline 0.001 -17"><span class='ocrx_word' id='word_1_514' title='bbox 459 5024 664 5081; x_wconf 77' lang='lat' dir='ltr'><strong>inotum</strong></span> <span class='ocrx_word' id='word_1_515' title='bbox 692 5042 810 5081; x_wconf 87' lang='lat' dir='ltr'><strong>eam</strong></span> <span class='ocrx_word' id='word_1_516' title='bbox 843 5025 1142 5097; x_wconf 56' lang='lat' dir='ltr'><strong>scripsisse,</strong></span> <span class='ocrx_word' id='word_1_517' title='bbox 1167 5024 1261 5078; x_wconf 87' lang='lat' dir='ltr'><strong>sed</strong></span> <span class='ocrx_word' id='word_1_518' title='bbox 1284 5024 1351 5076; x_wconf 85' lang='lat' dir='ltr'><strong>ab</strong></span> <span class='ocrx_word' id='word_1_519' title='bbox 1379 5039 1439 5075; x_wconf 76' lang='lat' dir='ltr'><strong>ea</strong></span> <span class='ocrx_word' id='word_1_520' title='bbox 1468 5024 1673 5097; x_wconf 84' lang='lat' dir='ltr'><strong>edenda</strong></span> <span class='ocrx_word' id='word_1_521' title='bbox 1701 5026 1821 5079; x_wconf 82' lang='lat' dir='ltr'><strong>aliis</strong></span> <span class='ocrx_word' id='word_1_522' title='bbox 1843 5026 2047 5097; x_wconf 62' lang='lat' dir='ltr'><strong>.‘Egyp—</strong></span> 
     </span>
    </p>
   </div>
   <div class='ocr_carea' id='block_1_73' title="bbox 459 5095 2048 5161">
    <p class='ocr_par' dir='ltr' id='par_1_73' title="bbox 459 5095 2048 5161">
     <span class='ocr_line' id='line_1_73' title="bbox 459 5095 2048 5161; baseline 0.001 -9"><span class='ocrx_word' id='word_1_523' title='bbox 459 5100 653 5153; x_wconf 88' lang='lat' dir='ltr'><strong>tiorutn</strong></span> <span class='ocrx_word' id='word_1_524' title='bbox 709 5096 902 5151; x_wconf 81' lang='lat' dir='ltr'><strong>litteris</strong></span> <span class='ocrx_word' id='word_1_525' title='bbox 943 5097 1105 5150; x_wconf 75' lang='lat' dir='ltr'><strong>fuisse</strong></span> <span class='ocrx_word' id='word_1_526' title='bbox 1151 5107 1479 5149; x_wconf 79' lang='lat' dir='ltr'><strong>revocatum.</strong></span> <span class='ocrx_word' id='word_1_527' title='bbox 1525 5095 1624 5161; x_wconf 81' lang='lat' dir='ltr'><strong>Qui</strong></span> <span class='ocrx_word' id='word_1_528' title='bbox 1667 5112 1811 5150; x_wconf 83' lang='lat' dir='ltr'><strong>enim</strong></span> <span class='ocrx_word' id='word_1_529' title='bbox 1854 5095 2048 5157; x_wconf 83' lang='lat' dir='ltr'><strong>eodem</strong></span> 
     </span>
    </p>
   </div>
   <div class='ocr_carea' id='block_1_74' title="bbox 457 5164 2050 5241">
    <p class='ocr_par' dir='ltr' id='par_1_74' title="bbox 457 5164 2050 5241">
     <span class='ocr_line' id='line_1_74' title="bbox 457 5164 2050 5241; baseline -0.001 -16"><span class='ocrx_word' id='word_1_530' title='bbox 457 5179 701 5241; x_wconf 87' lang='lat' dir='ltr'><strong>tempore</strong></span> <span class='ocrx_word' id='word_1_531' title='bbox 741 5167 1090 5241; x_wconf 79' lang='lat' dir='ltr'><strong>Orientalium</strong></span> <span class='ocrx_word' id='word_1_532' title='bbox 1137 5166 1379 5241; x_wconf 73' lang='lat' dir='ltr'><strong>simulet</strong></span> <span class='ocrx_word' id='word_1_533' title='bbox 1423 5164 1799 5241; x_wconf 64' lang='lat' dir='ltr'><strong>Egyptiorum</strong></span> <span class='ocrx_word' id='word_1_534' title='bbox 1844 5169 2050 5241; x_wconf 79' lang='lat' dir='ltr'><strong>litteras</strong></span> 
     </span>
    </p>
   </div>
   <div class='ocr_carea' id='block_1_75' title="bbox 459 5236 2051 5309">
    <p class='ocr_par' dir='ltr' id='par_1_75' title="bbox 459 5236 2051 5309">
     <span class='ocr_line' id='line_1_75' title="bbox 459 5236 2051 5309; baseline 0.001 -15"><span class='ocrx_word' id='word_1_535' title='bbox 459 5236 766 5309; x_wconf 76' lang='lat' dir='ltr'><strong>acceperit,</strong></span> <span class='ocrx_word' id='word_1_536' title='bbox 814 5238 858 5293; x_wconf 91' lang='lat' dir='ltr'><strong>si</strong></span> <span class='ocrx_word' id='word_1_537' title='bbox 911 5238 1124 5292; x_wconf 85' lang='lat' dir='ltr'><strong>illorum</strong></span> <span class='ocrx_word' id='word_1_538' title='bbox 1174 5236 1364 5290; x_wconf 89' lang='lat' dir='ltr'><strong>litteris</strong></span> <span class='ocrx_word' id='word_1_539' title='bbox 1413 5236 1721 5309; x_wconf 58' lang='lat' dir='ltr'><strong>permutes,</strong></span> <span class='ocrx_word' id='word_1_540' title='bbox 1776 5241 1924 5308; x_wconf 86' lang='lat' dir='ltr'><strong>prius</strong></span> <span class='ocrx_word' id='word_1_541' title='bbox 1981 5240 2051 5296; x_wconf 90' lang='lat' dir='ltr'><strong>ad</strong></span> 
     </span>
    </p>
   </div>
   <div class='ocr_carea' id='block_1_76' title="bbox 461 5306 2053 5379">
    <p class='ocr_par' dir='ltr' id='par_1_76' title="bbox 461 5306 2053 5379">
     <span class='ocr_line' id='line_1_76' title="bbox 461 5306 2053 5379; baseline 0.001 -14"><span class='ocrx_word' id='word_1_542' title='bbox 461 5306 813 5366; x_wconf 81' lang='lat' dir='ltr'><strong>Athanasium</strong></span> <span class='ocrx_word' id='word_1_543' title='bbox 844 5309 1210 5379; x_wconf 76' lang='lat' dir='ltr'><strong>presbyteros</strong></span> <span class='ocrx_word' id='word_1_544' title='bbox 1252 5306 1485 5379; x_wconf 62' lang='lat' dir='ltr'><strong>miserit,</strong></span> <span class='ocrx_word' id='word_1_545' title='bbox 1528 5322 1590 5361; x_wconf 88' lang='lat' dir='ltr'><strong>ac</strong></span> <span class='ocrx_word' id='word_1_546' title='bbox 1639 5306 1925 5365; x_wconf 73' lang='lat' dir='ltr'><strong>missorum</strong></span> <span class='ocrx_word' id='word_1_547' title='bbox 1957 5328 2053 5367; x_wconf 82' lang='lat' dir='ltr'><strong>ex-</strong></span> 
     </span>
    </p>
   </div>
   <div class='ocr_carea' id='block_1_77' title="bbox 456 5377 2054 5508">
    <p class='ocr_par' dir='ltr' id='par_1_77' title="bbox 456 5377 2054 5508">
     <span class='ocr_line' id='line_1_77' title="bbox 456 5377 2054 5508; baseline 0 -70"><span class='ocrx_word' id='word_1_548' title='bbox 456 5384 719 5508; x_wconf 49' lang='lat' dir='ltr'><strong>ﬁpeottgrit</strong></span> <span class='ocrx_word' id='word_1_549' title='bbox 767 5377 1221 5450; x_wconf 45' lang='lat' dir='ltr'><strong>reditum,&#39;quain</strong></span> <span class='ocrx_word' id='word_1_550' title='bbox 1251 5379 1318 5434; x_wconf 83' lang='lat' dir='ltr'><strong>ab</strong></span> <span class='ocrx_word' id='word_1_551' title='bbox 1359 5377 1596 5449; x_wconf 63' lang='lat' dir='ltr'><strong>Egypto</strong></span> <span class='ocrx_word' id='word_1_552' title='bbox 1634 5381 1927 5451; x_wconf 81' lang='lat' dir='ltr'><strong>quidquam</strong></span> <span class='ocrx_word' id='word_1_553' title='bbox 1958 5398 2054 5438; x_wconf 84' lang='lat' dir='ltr'><strong>au-</strong></span> 
     </span>
     <span class='ocr_line' id='line_1_78' title="bbox 499 5469 577 5508; baseline 0 0"><span class='ocrx_word' id='word_1_554' title='bbox 499 5469 577 5508; x_wconf 84' lang='lat' dir='ltr'><strong>ire</strong></span> 
     </span>
    </p>
   </div>
   <div class='ocr_carea' id='block_1_78' title="bbox 499 5455 598 5509">
    <p class='ocr_par' dir='ltr' id='par_1_78' title="bbox 499 5455 598 5509">
     <span class='ocr_line' id='line_1_79' title="bbox 499 5455 598 5509; baseline 0 -1"><span class='ocrx_word' id='word_1_555' title='bbox 499 5455 598 5509; x_wconf 84' lang='lat' dir='ltr'><strong>iret</strong></span> 
     </span>
    </p>
   </div>
   <div class='ocr_carea' id='block_1_79' title="bbox 535 5521 2051 5596">
    <p class='ocr_par' dir='ltr' id='par_1_79' title="bbox 535 5521 2051 5596">
     <span class='ocr_line' id='line_1_80' title="bbox 535 5521 2051 5596; baseline 0.001 -17"><span class='ocrx_word' id='word_1_556' title='bbox 535 5525 605 5596; x_wconf 74' lang='grc' dir='ltr'><strong>(ε)</strong></span> <span class='ocrx_word' id='word_1_557' title='bbox 648 5522 806 5594; x_wconf 84' lang='lat' dir='ltr'><strong>Apud</strong></span> <span class='ocrx_word' id='word_1_558' title='bbox 836 5522 1030 5579; x_wconf 84' lang='lat' dir='ltr'><strong>Baron.</strong></span> <span class='ocrx_word' id='word_1_559' title='bbox 1056 5522 1645 5596; x_wconf 69' lang='lat' dir='ltr'><strong>septuagim__quinque.</strong></span> <span class='ocrx_word' id='word_1_560' title='bbox 1678 5521 1846 5596; x_wconf 81' lang='lat' dir='ltr'><strong>Magis</strong></span> <span class='ocrx_word' id='word_1_561' title='bbox 1875 5524 2051 5594; x_wconf 85' lang='lat' dir='ltr'><strong>placet</strong></span> 
     </span>
    </p>
   </div>
   <div class='ocr_carea' id='block_1_80' title="bbox 460 5592 2047 5667">
    <p class='ocr_par' dir='ltr' id='par_1_80' title="bbox 460 5592 2047 5667">
     <span class='ocr_line' id='line_1_81' title="bbox 460 5592 2047 5667; baseline 0.003 -20"><span class='ocrx_word' id='word_1_562' title='bbox 460 5592 595 5667; x_wconf 59' lang='lat' dir='ltr'><strong>eutn&#39;</strong></span> <span class='ocrx_word' id='word_1_563' title='bbox 623 5592 826 5651; x_wconf 74' lang='lat' dir='ltr'><strong>noStris</strong></span> <span class='ocrx_word' id='word_1_564' title='bbox 870 5611 1003 5667; x_wconf 78' lang='lat' dir='ltr'><strong>mss.</strong></span> <span class='ocrx_word' id='word_1_565' title='bbox 1045 5592 1322 5667; x_wconf 55' lang='lat' dir='ltr'><strong>octoginta.</strong></span> <span class='ocrx_word' id='word_1_566' title='bbox 1368 5592 1617 5667; x_wconf 14' lang='lat' dir='ltr'><strong>Namque,</strong></span> <span class='ocrx_word' id='word_1_567' title='bbox 1653 5592 1911 5664; x_wconf 75' lang='lat' dir='ltr'><strong>episcopi,</strong></span> <span class='ocrx_word' id='word_1_568' title='bbox 1952 5597 2047 5667; x_wconf 89' lang='lat' dir='ltr'><strong>qui</strong></span> 
     </span>
    </p>
   </div>
   <div class='ocr_carea' id='block_1_81' title="bbox 459 5664 2045 5737">
    <p class='ocr_par' dir='ltr' id='par_1_81' title="bbox 459 5664 2045 5737">
     <span class='ocr_line' id='line_1_82' title="bbox 459 5664 2045 5737; baseline 0.004 -19"><span class='ocrx_word' id='word_1_569' title='bbox 459 5666 670 5736; x_wconf 77' lang='lat' dir='ltr'><strong>Fragtu.</strong></span> <span class='ocrx_word' id='word_1_570' title='bbox 722 5682 778 5734; x_wconf 83' lang='grc' dir='ltr'>ιι,</span> <span class='ocrx_word' id='word_1_571' title='bbox 824 5682 878 5722; x_wconf 89' lang='grc' dir='ltr'>ιι.</span> <span class='ocrx_word' id='word_1_572' title='bbox 930 5665 984 5732; x_wconf 82' lang='grc'><strong>5,</strong></span> <span class='ocrx_word' id='word_1_573' title='bbox 1028 5681 1095 5721; x_wconf 82' lang='lat' dir='ltr'><strong>ex</strong></span> <span class='ocrx_word' id='word_1_574' title='bbox 1138 5664 1374 5736; x_wconf 67' lang='lat' dir='ltr'><strong>Egypto</strong></span> <span class='ocrx_word' id='word_1_575' title='bbox 1399 5664 1479 5737; x_wconf 65' lang='lat' dir='ltr'><strong>ad</strong></span> <span class='ocrx_word' id='word_1_576' title='bbox 1514 5664 1715 5721; x_wconf 83' lang='lat' dir='ltr'><strong>Julium</strong></span> <span class='ocrx_word' id='word_1_577' title='bbox 1756 5664 2045 5737; x_wconf 76' lang='lat' dir='ltr'><strong>scripsisse</strong></span> 
     </span>
    </p>
   </div>
   <div class='ocr_carea' id='block_1_82' title="bbox 452 5735 2043 5809">
    <p class='ocr_par' dir='ltr' id='par_1_82' title="bbox 452 5735 2043 5809">
     <span class='ocr_line' id='line_1_83' title="bbox 452 5735 2043 5809; baseline 0.003 -17"><span class='ocrx_word' id='word_1_578' title='bbox 452 5735 841 5806; x_wconf 83' lang='lat' dir='ltr'><strong>memorantur,</strong></span> <span class='ocrx_word' id='word_1_579' title='bbox 876 5752 1023 5795; x_wconf 84' lang='lat' dir='ltr'><strong>nutu.</strong></span> <span class='ocrx_word' id='word_1_580' title='bbox 1059 5737 1127 5792; x_wconf 77' lang='grc'><strong>10</strong></span> <span class='ocrx_word' id='word_1_581' title='bbox 1167 5735 1409 5807; x_wconf 85' lang='lat' dir='ltr'><strong>ejusdem</strong></span> <span class='ocrx_word' id='word_1_582' title='bbox 1440 5735 1655 5809; x_wconf 78' lang='lat' dir='ltr'><strong>Fragm.</strong></span> <span class='ocrx_word' id='word_1_583' title='bbox 1685 5735 2043 5808; x_wconf 78' lang='lat' dir='ltr'><strong>perhibentur</strong></span> 
     </span>
    </p>
   </div>
   <div class='ocr_carea' id='block_1_83' title="bbox 2144 1837 3750 1914">
    <p class='ocr_par' dir='ltr' id='par_1_83' title="bbox 2144 1837 3750 1914">
     <span class='ocr_line' id='line_1_84' title="bbox 2144 1837 3750 1914; baseline 0 -19"><span class='ocrx_word' id='word_1_584' title='bbox 2144 1849 2413 1914; x_wconf 82' lang='lat' dir='ltr'><strong>martyres</strong></span> <span class='ocrx_word' id='word_1_585' title='bbox 2470 1841 2834 1907; x_wconf 77' lang='lat' dir='ltr'><strong>exsuterunt,</strong></span> <span class='ocrx_word' id='word_1_586' title='bbox 2898 1838 3161 1896; x_wconf 86' lang='lat' dir='ltr'><strong>illibatam</strong></span> <span class='ocrx_word' id='word_1_587' title='bbox 3209 1837 3472 1899; x_wconf 83' lang='lat' dir='ltr'><strong>custodiri</strong></span> <span class='ocrx_word' id='word_1_588' title='bbox 3528 1852 3750 1908; x_wconf 81' lang='lat' dir='ltr'><strong>semper</strong></span> 
     </span>
    </p>
   </div>
   <div class='ocr_carea' id='block_1_84' title="bbox 2145 1942 2365 2006">
    <p class='ocr_par' dir='ltr' id='par_1_84' title="bbox 2145 1942 2365 2006">
     <span class='ocr_line' id='line_1_85' title="bbox 2145 1942 2365 2006; baseline 0 -15"><span class='ocrx_word' id='word_1_589' title='bbox 2145 1942 2365 2006; x_wconf 81' lang='lat' dir='ltr'><strong>exopto.</strong></span> 
     </span>
    </p>
   </div>
   <div class='ocr_carea' id='block_1_85' title="bbox 2214 2024 3751 2095">
    <p class='ocr_par' dir='ltr' id='par_1_85' title="bbox 2214 2024 3751 2095">
     <span class='ocr_line' id='line_1_86' title="bbox 2214 2024 3751 2095; baseline -0.003 -16"><span class='ocrx_word' id='word_1_590' title='bbox 2214 2025 2271 2081; x_wconf 75' lang='grc'><strong>4.</strong></span> <span class='ocrx_word' id='word_1_591' title='bbox 2332 2024 2458 2082; x_wconf 87' lang='lat' dir='ltr'><strong>Cum</strong></span> <span class='ocrx_word' id='word_1_592' title='bbox 2489 2024 2841 2083; x_wconf 80' lang='lat' dir='ltr'><strong>Orientalibus</strong></span> <span class='ocrx_word' id='word_1_593' title='bbox 2866 2041 2962 2081; x_wconf 86' lang='lat' dir='ltr'><strong>cur</strong></span> <span class='ocrx_word' id='word_1_594' title='bbox 2984 2026 3367 2080; x_wconf 82' lang='lat' dir='ltr'><strong>communicare</strong></span> <span class='ocrx_word' id='word_1_595' title='bbox 3412 2032 3649 2095; x_wconf 75' lang='lat' dir='ltr'><strong>nequeat.</strong></span> <span class='ocrx_word' id='word_1_596' title='bbox 3674 2050 3751 2075; x_wconf 64' lang='grc' dir='ltr'><strong>-τ-</strong></span> 
     </span>
    </p>
   </div>
   <div class='ocr_carea' id='block_1_86' title="bbox 2146 2117 3750 2192">
    <p class='ocr_par' dir='ltr' id='par_1_86' title="bbox 2146 2117 3750 2192">
     <span class='ocr_line' id='line_1_87' title="bbox 2146 2117 3750 2192; baseline -0.002 -16"><span class='ocrx_word' id='word_1_597' title='bbox 2146 2120 2384 2190; x_wconf 87' lang='lat' dir='ltr'><strong>Denique</strong></span> <span class='ocrx_word' id='word_1_598' title='bbox 2420 2121 2528 2190; x_wconf 87' lang='lat' dir='ltr'><strong>jam</strong></span> <span class='ocrx_word' id='word_1_599' title='bbox 2576 2136 2664 2175; x_wconf 90' lang='lat' dir='ltr'><strong>me</strong></span> <span class='ocrx_word' id='word_1_600' title='bbox 2699 2120 2912 2192; x_wconf 82' lang='lat' dir='ltr'><strong>aperire</strong></span> <span class='ocrx_word' id='word_1_601' title='bbox 2953 2133 3170 2175; x_wconf 84' lang='lat' dir='ltr'><strong>causam</strong></span> <span class='ocrx_word' id='word_1_602' title='bbox 3199 2118 3385 2191; x_wconf 82' lang='lat' dir='ltr'><strong>pietati</strong></span> <span class='ocrx_word' id='word_1_603' title='bbox 3414 2126 3518 2177; x_wconf 71' lang='lat' dir='ltr'><strong>tute</strong></span> <span class='ocrx_word' id='word_1_604' title='bbox 3543 2117 3750 2179; x_wconf 76' lang='lat' dir='ltr'><strong>sollici-</strong></span> 
     </span>
    </p>
   </div>
   <div class='ocr_carea' id='block_1_87' title="bbox 2147 2211 3749 2284">
    <p class='ocr_par' dir='ltr' id='par_1_87' title="bbox 2147 2211 3749 2284">
     <span class='ocr_line' id='line_1_88' title="bbox 2147 2211 3749 2284; baseline -0.002 -16"><span class='ocrx_word' id='word_1_605' title='bbox 2147 2214 2275 2270; x_wconf 91' lang='lat' dir='ltr'><strong>tudo</strong></span> <span class='ocrx_word' id='word_1_606' title='bbox 2298 2214 2662 2269; x_wconf 79' lang='lat' dir='ltr'><strong>ecclesiastica</strong></span> <span class='ocrx_word' id='word_1_607' title='bbox 2693 2220 2854 2283; x_wconf 89' lang='lat' dir='ltr'><strong>atque</strong></span> <span class='ocrx_word' id='word_1_608' title='bbox 2883 2214 2996 2284; x_wconf 89' lang='lat' dir='ltr'><strong>ipsa</strong></span> <span class='ocrx_word' id='word_1_609' title='bbox 3021 2211 3237 2267; x_wconf 89' lang='lat' dir='ltr'><strong>devotio</strong></span> <span class='ocrx_word' id='word_1_610' title='bbox 3286 2211 3595 2282; x_wconf 86' lang='lat' dir='ltr'><strong>persuadet.</strong></span> <span class='ocrx_word' id='word_1_611' title='bbox 3655 2211 3749 2268; x_wconf 91' lang='lat' dir='ltr'><strong>Si-</strong></span> 
     </span>
    </p>
   </div>
   <div class='ocr_carea' id='block_1_88' title="bbox 2143 2303 3747 2377">
    <p class='ocr_par' dir='ltr' id='par_1_88' title="bbox 2143 2303 3747 2377">
     <span class='ocr_line' id='line_1_89' title="bbox 2143 2303 3747 2377; baseline 0.001 -16"><span class='ocrx_word' id='word_1_612' title='bbox 2143 2306 2400 2377; x_wconf 86' lang='lat' dir='ltr'><strong>gniﬁcant</strong></span> <span class='ocrx_word' id='word_1_613' title='bbox 2419 2305 2725 2361; x_wconf 86' lang='lat' dir='ltr'><strong>Orientales</strong></span> <span class='ocrx_word' id='word_1_614' title='bbox 2743 2347 2759 2371; x_wconf 91' lang='lat'><strong>,</strong></span> <span class='ocrx_word' id='word_1_615' title='bbox 2794 2305 2912 2375; x_wconf 89' lang='lat' dir='ltr'><strong>paci</strong></span> <span class='ocrx_word' id='word_1_616' title='bbox 2935 2315 3136 2360; x_wconf 70' lang='lat' dir='ltr'><strong>nostra:</strong></span> <span class='ocrx_word' id='word_1_617' title='bbox 3154 2304 3296 2360; x_wconf 87' lang='lat' dir='ltr'><strong>velle</strong></span> <span class='ocrx_word' id='word_1_618' title='bbox 3312 2304 3583 2376; x_wconf 81' lang='lat' dir='ltr'><strong>conjungi.</strong></span> <span class='ocrx_word' id='word_1_619' title='bbox 3609 2303 3747 2371; x_wconf 72' lang='lat' dir='ltr'><strong>Quae</strong></span> 
     </span>
    </p>
   </div>
   <div class='ocr_carea' id='block_1_89' title="bbox 2144 2397 3748 2469">
    <p class='ocr_par' dir='ltr' id='par_1_89' title="bbox 2144 2397 3748 2469">
     <span class='ocr_line' id='line_1_90' title="bbox 2144 2397 3748 2469; baseline -0.001 -14"><span class='ocrx_word' id='word_1_620' title='bbox 2144 2409 2227 2456; x_wconf 91' lang='lat' dir='ltr'><strong>est</strong></span> <span class='ocrx_word' id='word_1_621' title='bbox 2253 2413 2358 2469; x_wconf 80' lang='lat' dir='ltr'><strong>pax</strong></span> <span class='ocrx_word' id='word_1_622' title='bbox 2382 2441 2396 2463; x_wconf 91' lang='lat'><strong>,</strong></span> <span class='ocrx_word' id='word_1_623' title='bbox 2427 2397 2852 2454; x_wconf 90' lang='lat' dir='ltr'><strong>clementissime</strong></span> <span class='ocrx_word' id='word_1_624' title='bbox 2884 2398 3200 2467; x_wconf 89' lang='lat' dir='ltr'><strong>imperator,</strong></span> <span class='ocrx_word' id='word_1_625' title='bbox 3229 2412 3353 2453; x_wconf 89' lang='lat' dir='ltr'><strong>cum</strong></span> <span class='ocrx_word' id='word_1_626' title='bbox 3378 2397 3488 2452; x_wconf 88' lang='lat' dir='ltr'><strong>sint</strong></span> <span class='ocrx_word' id='word_1_627' title='bbox 3513 2413 3579 2453; x_wconf 82' lang='lat' dir='ltr'><strong>ex</strong></span> <span class='ocrx_word' id='word_1_628' title='bbox 3627 2414 3748 2468; x_wconf 86' lang='lat' dir='ltr'><strong>par-</strong></span> 
     </span>
    </p>
   </div>
   <div class='ocr_carea' id='block_1_90' title="bbox 2147 2489 3749 2562">
    <p class='ocr_par' dir='ltr' id='par_1_90' title="bbox 2147 2489 3749 2562">
     <span class='ocr_line' id='line_1_91' title="bbox 2147 2489 3749 2562; baseline -0.001 -15"><span class='ocrx_word' id='word_1_629' title='bbox 2147 2492 2287 2547; x_wconf 91' lang='lat' dir='ltr'><strong>tibus</strong></span> <span class='ocrx_word' id='word_1_630' title='bbox 2314 2492 2444 2562; x_wconf 87' lang='lat' dir='ltr'><strong>ipsis</strong></span> <span class='ocrx_word' id='word_1_631' title='bbox 2486 2498 2717 2561; x_wconf 89' lang='lat' dir='ltr'><strong>quatuor</strong></span> <span class='ocrx_word' id='word_1_632' title='bbox 2764 2490 3008 2561; x_wconf 80' lang='lat' dir='ltr'><strong>episcopi</strong></span> <span class='ocrx_word' id='word_1_633' title='bbox 3057 2489 3443 2560; x_wconf 80' lang='lat' dir='ltr'><strong>Demophilus,</strong></span> <span class='ocrx_word' id='word_1_634' title='bbox 3492 2489 3749 2549; x_wconf 76' lang='lat' dir='ltr'><strong>Macedo-</strong></span> 
     </span>
    </p>
   </div>
   <div class='ocr_carea' id='block_1_91' title="bbox 2144 2584 3744 2658">
    <p class='ocr_par' dir='ltr' id='par_1_91' title="bbox 2144 2584 3744 2658">
     <span class='ocr_line' id='line_1_92' title="bbox 2144 2584 3744 2658; baseline -0.001 -17"><span class='ocrx_word' id='word_1_635' title='bbox 2144 2584 2631 2652; x_wconf 87' lang='lat' dir='ltr'><strong>nius,Eudnxius,</strong></span> <span class='ocrx_word' id='word_1_636' title='bbox 2669 2585 2989 2658; x_wconf 83' lang='lat' dir='ltr'><strong>Martyrius,</strong></span> <span class='ocrx_word' id='word_1_637' title='bbox 3044 2585 3133 2656; x_wconf 90' lang='lat' dir='ltr'><strong>qui</strong></span> <span class='ocrx_word' id='word_1_638' title='bbox 3187 2594 3312 2640; x_wconf 88' lang='lat' dir='ltr'><strong>ante</strong></span> <span class='ocrx_word' id='word_1_639' title='bbox 3361 2599 3532 2639; x_wconf 88' lang='lat' dir='ltr'><strong>annos</strong></span> <span class='ocrx_word' id='word_1_640' title='bbox 3585 2596 3744 2655; x_wconf 88' lang='lat' dir='ltr'><strong>octo,</strong></span> 
     </span>
    </p>
   </div>
   <div class='ocr_carea' id='block_1_92' title="bbox 2142 2677 3752 2752">
    <p class='ocr_par' dir='ltr' id='par_1_92' title="bbox 2142 2677 3752 2752">
     <span class='ocr_line' id='line_1_93' title="bbox 2142 2677 3752 2752; baseline 0 -17"><span class='ocrx_word' id='word_1_641' title='bbox 2142 2694 2264 2735; x_wconf 91' lang='lat' dir='ltr'><strong>cum</strong></span> <span class='ocrx_word' id='word_1_642' title='bbox 2292 2678 2430 2750; x_wconf 88' lang='lat' dir='ltr'><strong>apud</strong></span> <span class='ocrx_word' id='word_1_643' title='bbox 2459 2678 2535 2752; x_wconf 81' lang='lat' dir='ltr'><strong>(g)</strong></span> <span class='ocrx_word' id='word_1_644' title='bbox 2565 2677 2926 2737; x_wconf 83' lang='lat' dir='ltr'><strong>Mediolanum</strong></span> <span class='ocrx_word' id='word_1_645' title='bbox 2988 2679 3097 2734; x_wconf 90' lang='lat' dir='ltr'><strong>Arii</strong></span> <span class='ocrx_word' id='word_1_646' title='bbox 3155 2683 3479 2739; x_wconf 82' lang='lat' dir='ltr'><strong>sententiam</strong></span> <span class='ocrx_word' id='word_1_647' title='bbox 3528 2678 3752 2739; x_wconf 68' lang='lat' dir='ltr'><strong>lucreti-</strong></span> 
     </span>
    </p>
   </div>
   <div class='ocr_carea' id='block_1_93' title="bbox 2143 2773 3748 2841">
    <p class='ocr_par' dir='ltr' id='par_1_93' title="bbox 2143 2773 3748 2841">
     <span class='ocr_line' id='line_1_94' title="bbox 2143 2773 3748 2841; baseline 0.001 -12"><span class='ocrx_word' id='word_1_648' title='bbox 2143 2789 2260 2829; x_wconf 87' lang='lat' dir='ltr'><strong>cam</strong></span> <span class='ocrx_word' id='word_1_649' title='bbox 2291 2774 2587 2829; x_wconf 83' lang='lat' dir='ltr'><strong>noluissent</strong></span> <span class='ocrx_word' id='word_1_650' title='bbox 2617 2774 2913 2841; x_wconf 80' lang='lat' dir='ltr'><strong>damnare,</strong></span> <span class='ocrx_word' id='word_1_651' title='bbox 2951 2773 3019 2829; x_wconf 88' lang='lat' dir='ltr'><strong>de</strong></span> <span class='ocrx_word' id='word_1_652' title='bbox 3057 2773 3289 2829; x_wconf 88' lang='lat' dir='ltr'><strong>concilio</strong></span> <span class='ocrx_word' id='word_1_653' title='bbox 3344 2775 3539 2829; x_wconf 87' lang='lat' dir='ltr'><strong>animis</strong></span> <span class='ocrx_word' id='word_1_654' title='bbox 3589 2773 3748 2830; x_wconf 84' lang='lat' dir='ltr'><strong>iratis</strong></span> 
     </span>
    </p>
   </div>
   <div class='ocr_carea' id='block_1_94' title="bbox 2144 2864 3751 2938">
    <p class='ocr_par' dir='ltr' id='par_1_94' title="bbox 2144 2864 3751 2938">
     <span class='ocr_line' id='line_1_95' title="bbox 2144 2864 3751 2938; baseline 0.001 -16"><span class='ocrx_word' id='word_1_655' title='bbox 2144 2867 2426 2922; x_wconf 82' lang='lat' dir='ltr'><strong>exierunt?</strong></span> <span class='ocrx_word' id='word_1_656' title='bbox 2458 2866 2662 2922; x_wconf 85' lang='lat' dir='ltr'><strong>Horum</strong></span> <span class='ocrx_word' id='word_1_657' title='bbox 2688 2866 2733 2922; x_wconf 90' lang='lat' dir='ltr'><strong>si</strong></span> <span class='ocrx_word' id='word_1_658' title='bbox 2765 2864 2846 2923; x_wconf 86' lang='lat' dir='ltr'><strong>fas</strong></span> <span class='ocrx_word' id='word_1_659' title='bbox 2876 2876 2959 2922; x_wconf 93' lang='lat' dir='ltr'><strong>est</strong></span> <span class='ocrx_word' id='word_1_660' title='bbox 2987 2867 3304 2933; x_wconf 81' lang='lat' dir='ltr'><strong>sententiis,</strong></span> <span class='ocrx_word' id='word_1_661' title='bbox 3333 2867 3492 2938; x_wconf 86' lang='lat' dir='ltr'><strong>quale</strong></span> <span class='ocrx_word' id='word_1_662' title='bbox 3515 2867 3618 2935; x_wconf 88' lang='lat' dir='ltr'><strong>sit,</strong></span> <span class='ocrx_word' id='word_1_663' title='bbox 3652 2875 3751 2925; x_wconf 87' lang='lat' dir='ltr'><strong>aut</strong></span> 
     </span>
    </p>
   </div>
   <div class='ocr_carea' id='block_1_95' title="bbox 2143 2959 3752 3033">
    <p class='ocr_par' dir='ltr' id='par_1_95' title="bbox 2143 2959 3752 3033">
     <span class='ocr_line' id='line_1_96' title="bbox 2143 2959 3752 3033; baseline 0.003 -19"><span class='ocrx_word' id='word_1_664' title='bbox 2143 2962 2269 3032; x_wconf 86' lang='lat' dir='ltr'><strong>quid</strong></span> <span class='ocrx_word' id='word_1_665' title='bbox 2307 2962 2528 3033; x_wconf 85' lang='lat' dir='ltr'><strong>periculi</strong></span> <span class='ocrx_word' id='word_1_666' title='bbox 2561 2961 2757 3016; x_wconf 86' lang='lat' dir='ltr'><strong>habeat</strong></span> <span class='ocrx_word' id='word_1_667' title='bbox 2778 3003 2792 3025; x_wconf 93' lang='lat'><strong>,</strong></span> <span class='ocrx_word' id='word_1_668' title='bbox 2828 2960 3178 3024; x_wconf 75' lang='lat' dir='ltr'><strong>commodare</strong></span> <span class='ocrx_word' id='word_1_669' title='bbox 3194 2975 3550 3025; x_wconf 78' lang='lat' dir='ltr'><strong>consensum.</strong></span> <span class='ocrx_word' id='word_1_670' title='bbox 3576 2959 3752 3031; x_wconf 74' lang='lat' dir='ltr'><strong>aequi-</strong></span> 
     </span>
    </p>
   </div>
   <div class='ocr_carea' id='block_1_96' title="bbox 2148 3054 3745 3125">
    <p class='ocr_par' dir='ltr' id='par_1_96' title="bbox 2148 3054 3745 3125">
     <span class='ocr_line' id='line_1_97' title="bbox 2148 3054 3745 3125; baseline 0 -16"><span class='ocrx_word' id='word_1_671' title='bbox 2148 3063 2228 3110; x_wconf 90' lang='lat' dir='ltr'><strong>tas</strong></span> <span class='ocrx_word' id='word_1_672' title='bbox 2248 3065 2303 3111; x_wconf 89' lang='lat' dir='ltr'><strong>et</strong></span> <span class='ocrx_word' id='word_1_673' title='bbox 2331 3056 2617 3113; x_wconf 87' lang='lat' dir='ltr'><strong>clementia</strong></span> <span class='ocrx_word' id='word_1_674' title='bbox 2642 3064 2731 3110; x_wconf 90' lang='lat' dir='ltr'><strong>tua</strong></span> <span class='ocrx_word' id='word_1_675' title='bbox 2760 3055 2959 3125; x_wconf 87' lang='lat' dir='ltr'><strong>poterit</strong></span> <span class='ocrx_word' id='word_1_676' title='bbox 2983 3054 3279 3113; x_wconf 61' lang='lat' dir='ltr'><strong>aestimare.</strong></span> <span class='ocrx_word' id='word_1_677' title='bbox 3332 3055 3446 3111; x_wconf 80' lang='lat' dir='ltr'><strong>Non</strong></span> <span class='ocrx_word' id='word_1_678' title='bbox 3500 3065 3586 3111; x_wconf 81' lang='lat' dir='ltr'><strong>est</strong></span> <span class='ocrx_word' id='word_1_679' title='bbox 3638 3067 3745 3109; x_wconf 89' lang='lat' dir='ltr'><strong>no-</strong></span> 
     </span>
    </p>
   </div>
   <div class='ocr_carea' id='block_1_97' title="bbox 2145 3146 3743 3218">
    <p class='ocr_par' dir='ltr' id='par_1_97' title="bbox 2145 3146 3743 3218">
     <span class='ocr_line' id='line_1_98' title="bbox 2145 3146 3743 3218; baseline 0.002 -19"><span class='ocrx_word' id='word_1_680' title='bbox 2145 3164 2268 3203; x_wconf 91' lang='lat' dir='ltr'><strong>vum</strong></span> <span class='ocrx_word' id='word_1_681' title='bbox 2290 3191 2301 3210; x_wconf 85' lang='lat'><strong><em>.</em></strong></span> <span class='ocrx_word' id='word_1_682' title='bbox 2324 3149 2464 3218; x_wconf 89' lang='lat' dir='ltr'><strong>quod</strong></span> <span class='ocrx_word' id='word_1_683' title='bbox 2496 3164 2636 3203; x_wconf 91' lang='lat' dir='ltr'><strong>nunc</strong></span> <span class='ocrx_word' id='word_1_684' title='bbox 2657 3148 2930 3204; x_wconf 89' lang='lat' dir='ltr'><strong>subtiliter</strong></span> <span class='ocrx_word' id='word_1_685' title='bbox 2951 3156 3006 3202; x_wconf 87' lang='lat' dir='ltr'><strong>et</strong></span> <span class='ocrx_word' id='word_1_686' title='bbox 3026 3147 3129 3203; x_wconf 88' lang='lat' dir='ltr'><strong>sub</strong></span> <span class='ocrx_word' id='word_1_687' title='bbox 3156 3147 3448 3203; x_wconf 79' lang='lat' dir='ltr'><strong>occasione</strong></span> <span class='ocrx_word' id='word_1_688' title='bbox 3502 3146 3743 3202; x_wconf 85' lang='lat' dir='ltr'><strong>nominis</strong></span> 
     </span>
    </p>
   </div>
   <div class='ocr_carea' id='block_1_98' title="bbox 2146 3237 3745 3311">
    <p class='ocr_par' dir='ltr' id='par_1_98' title="bbox 2146 3237 3745 3311">
     <span class='ocr_line' id='line_1_99' title="bbox 2146 3237 3745 3311; baseline 0 -17"><span class='ocrx_word' id='word_1_689' title='bbox 2146 3238 2425 3295; x_wconf 86' lang='lat' dir='ltr'><strong>Athanasii</strong></span> <span class='ocrx_word' id='word_1_690' title='bbox 2456 3239 3226 3305; x_wconf 74' lang='lat' dir='ltr'><strong>attentatur.Manentlittera:</strong></span> <span class='ocrx_word' id='word_1_691' title='bbox 3284 3237 3577 3305; x_wconf 78' lang='lat' dir='ltr'><strong>Alexandri</strong></span> <span class='ocrx_word' id='word_1_692' title='bbox 3621 3238 3745 3311; x_wconf 87' lang='lat' dir='ltr'><strong>epi-</strong></span> 
     </span>
    </p>
   </div>
   <div class='ocr_carea' id='block_1_99' title="bbox 2149 3332 3752 3406">
    <p class='ocr_par' dir='ltr' id='par_1_99' title="bbox 2149 3332 3752 3406">
     <span class='ocr_line' id='line_1_100' title="bbox 2149 3332 3752 3406; baseline 0.004 -18"><span class='ocrx_word' id='word_1_693' title='bbox 2149 3333 2296 3404; x_wconf 80' lang='lat' dir='ltr'><strong>scopi</strong></span> <span class='ocrx_word' id='word_1_694' title='bbox 2312 3333 2439 3389; x_wconf 87' lang='lat' dir='ltr'><strong>olim</strong></span> <span class='ocrx_word' id='word_1_695' title='bbox 2461 3333 2526 3388; x_wconf 82' lang='lat' dir='ltr'><strong>ad</strong></span> <span class='ocrx_word' id='word_1_696' title='bbox 2550 3334 2887 3406; x_wconf 88' lang='lat' dir='ltr'><strong>Sylvestrum</strong></span> <span class='ocrx_word' id='word_1_697' title='bbox 2915 3342 3117 3390; x_wconf 80' lang='lat' dir='ltr'><strong>sanctae</strong></span> <span class='ocrx_word' id='word_1_698' title='bbox 3146 3333 3421 3391; x_wconf 68' lang='lat' dir='ltr'><strong>memoria:</strong></span> <span class='ocrx_word' id='word_1_699' title='bbox 3443 3332 3752 3401; x_wconf 60' lang='lat' dir='ltr'><strong>destinatae.</strong></span> 
     </span>
    </p>
   </div>
   <div class='ocr_carea' id='block_1_100' title="bbox 2149 3424 3752 3498">
    <p class='ocr_par' dir='ltr' id='par_1_100' title="bbox 2149 3424 3752 3498">
     <span class='ocr_line' id='line_1_101' title="bbox 2149 3424 3752 3498; baseline 0 -18"><span class='ocrx_word' id='word_1_700' title='bbox 2149 3428 2346 3496; x_wconf 88' lang='lat' dir='ltr'><strong>quibus</strong></span> <span class='ocrx_word' id='word_1_701' title='bbox 2403 3426 2726 3498; x_wconf 85' lang='lat' dir='ltr'><strong>signiﬁcavit</strong></span> <span class='ocrx_word' id='word_1_702' title='bbox 2780 3436 2905 3480; x_wconf 90' lang='lat' dir='ltr'><strong>ante</strong></span> <span class='ocrx_word' id='word_1_703' title='bbox 2957 3425 3353 3482; x_wconf 87' lang='lat' dir='ltr'><strong>ordinationem</strong></span> <span class='ocrx_word' id='word_1_704' title='bbox 3434 3424 3752 3493; x_wconf 81' lang='lat' dir='ltr'><strong>Athanasii,</strong></span> 
     </span>
    </p>
   </div>
   <div class='ocr_carea' id='block_1_101' title="bbox 2151 3518 3747 3594">
    <p class='ocr_par' dir='ltr' id='par_1_101' title="bbox 2151 3518 3747 3594">
     <span class='ocr_line' id='line_1_102' title="bbox 2151 3518 3747 3594; baseline -0.002 -18"><span class='ocrx_word' id='word_1_705' title='bbox 2151 3522 2229 3594; x_wconf 81' lang='lat' dir='ltr'><strong>(Ii)</strong></span> <span class='ocrx_word' id='word_1_706' title='bbox 2261 3520 2508 3577; x_wconf 90' lang='lat' dir='ltr'><strong>undecim</strong></span> <span class='ocrx_word' id='word_1_707' title='bbox 2567 3527 2673 3575; x_wconf 87' lang='lat' dir='ltr'><strong>tam</strong></span> <span class='ocrx_word' id='word_1_708' title='bbox 2703 3518 3045 3591; x_wconf 81' lang='lat' dir='ltr'><strong>presbyteros</strong></span> <span class='ocrx_word' id='word_1_709' title='bbox 3073 3533 3235 3590; x_wconf 90' lang='lat' dir='ltr'><strong>quam</strong></span> <span class='ocrx_word' id='word_1_710' title='bbox 3265 3518 3427 3574; x_wconf 84' lang='lat' dir='ltr'><strong>etiam</strong></span> <span class='ocrx_word' id='word_1_711' title='bbox 3456 3518 3747 3584; x_wconf 85' lang='lat' dir='ltr'><strong>diacones,</strong></span> 
     </span>
    </p>
   </div>
   <div class='ocr_carea' id='block_1_102' title="bbox 2149 3610 3753 3687">
    <p class='ocr_par' dir='ltr' id='par_1_102' title="bbox 2149 3610 3753 3687">
     <span class='ocr_line' id='line_1_103' title="bbox 2149 3610 3753 3687; baseline -0.001 -18"><span class='ocrx_word' id='word_1_712' title='bbox 2149 3613 2290 3687; x_wconf 90' lang='lat' dir='ltr'><strong>quod</strong></span> <span class='ocrx_word' id='word_1_713' title='bbox 2318 3612 2431 3668; x_wconf 89' lang='lat' dir='ltr'><strong>Arii</strong></span> <span class='ocrx_word' id='word_1_714' title='bbox 2461 3610 2712 3666; x_wconf 65' lang='lat' dir='ltr'><strong>haeresim</strong></span> <span class='ocrx_word' id='word_1_715' title='bbox 2740 3620 3119 3682; x_wconf 89' lang='lat' dir='ltr'><strong>sequerentur,</strong></span> <span class='ocrx_word' id='word_1_716' title='bbox 3151 3625 3215 3667; x_wconf 89' lang='lat' dir='ltr'><strong>se</strong></span> <span class='ocrx_word' id='word_1_717' title='bbox 3242 3610 3466 3667; x_wconf 77' lang='lat' dir='ltr'><strong>ecclesia</strong></span> <span class='ocrx_word' id='word_1_718' title='bbox 3496 3610 3753 3681; x_wconf 78' lang='lat' dir='ltr'><strong>eiecisse,</strong></span> 
     </span>
    </p>
   </div>
   <div class='ocr_carea' id='block_1_103' title="bbox 2143 3743 3753 3818">
    <p class='ocr_par' dir='ltr' id='par_1_103' title="bbox 2143 3743 3753 3818">
     <span class='ocr_line' id='line_1_104' title="bbox 2143 3743 3753 3818; baseline -0.001 -14"><span class='ocrx_word' id='word_1_719' title='bbox 2143 3748 2413 3818; x_wconf 81' lang='lat' dir='ltr'><strong>octoginta</strong></span> <span class='ocrx_word' id='word_1_720' title='bbox 2452 3746 2745 3801; x_wconf 81' lang='lat' dir='ltr'><strong>exstitisse.</strong></span> <span class='ocrx_word' id='word_1_721' title='bbox 2789 3746 2990 3811; x_wconf 80' lang='lat' dir='ltr'><strong>Quales</strong></span> <span class='ocrx_word' id='word_1_722' title='bbox 3027 3754 3208 3818; x_wconf 81' lang='lat' dir='ltr'><strong>autem</strong></span> <span class='ocrx_word' id='word_1_723' title='bbox 3248 3744 3317 3818; x_wconf 79' lang='lat' dir='ltr'><strong>ad</strong></span> <span class='ocrx_word' id='word_1_724' title='bbox 3357 3743 3578 3818; x_wconf 61' lang='lat' dir='ltr'><strong>Iulium,</strong></span> <span class='ocrx_word' id='word_1_725' title='bbox 3610 3746 3753 3802; x_wconf 78' lang='lat' dir='ltr'><strong>tales</strong></span> 
     </span>
    </p>
   </div>
   <div class='ocr_carea' id='block_1_104' title="bbox 2143 3815 3751 3887">
    <p class='ocr_par' dir='ltr' id='par_1_104' title="bbox 2143 3815 3751 3887">
     <span class='ocr_line' id='line_1_105' title="bbox 2143 3815 3751 3887; baseline -0.002 -12"><span class='ocrx_word' id='word_1_726' title='bbox 2143 3819 2213 3875; x_wconf 86' lang='lat' dir='ltr'><strong>ad</strong></span> <span class='ocrx_word' id='word_1_727' title='bbox 2238 3815 2510 3875; x_wconf 78' lang='lat' dir='ltr'><strong>Liberium</strong></span> <span class='ocrx_word' id='word_1_728' title='bbox 2543 3818 2753 3872; x_wconf 84' lang='lat' dir='ltr'><strong>litteras</strong></span> <span class='ocrx_word' id='word_1_729' title='bbox 2778 3859 2792 3883; x_wconf 94' lang='lat'><strong>,</strong></span> <span class='ocrx_word' id='word_1_730' title='bbox 2827 3819 2928 3871; x_wconf 86' lang='lat' dir='ltr'><strong>hoc</strong></span> <span class='ocrx_word' id='word_1_731' title='bbox 2956 3826 3040 3872; x_wconf 88' lang='lat' dir='ltr'><strong>est</strong></span> <span class='ocrx_word' id='word_1_732' title='bbox 3069 3815 3139 3872; x_wconf 83' lang='lat' dir='ltr'><strong>ab</strong></span> <span class='ocrx_word' id='word_1_733' title='bbox 3170 3815 3359 3877; x_wconf 88' lang='lat' dir='ltr'><strong>iisdem</strong></span> <span class='ocrx_word' id='word_1_734' title='bbox 3374 3858 3397 3881; x_wconf 71' lang='lat'><strong>,</strong></span> <span class='ocrx_word' id='word_1_735' title='bbox 3430 3816 3484 3887; x_wconf 82' lang='lat' dir='ltr'><strong>in</strong></span> <span class='ocrx_word' id='word_1_736' title='bbox 3514 3818 3751 3887; x_wconf 78' lang='lat' dir='ltr'><strong>gratiam</strong></span> 
     </span>
    </p>
   </div>
   <div class='ocr_carea' id='block_1_105' title="bbox 2144 3885 3748 3959">
    <p class='ocr_par' dir='ltr' id='par_1_105' title="bbox 2144 3885 3748 3959">
     <span class='ocr_line' id='line_1_106' title="bbox 2144 3885 3748 3959; baseline -0.001 -13"><span class='ocrx_word' id='word_1_737' title='bbox 2144 3891 2422 3946; x_wconf 86' lang='lat' dir='ltr'><strong>Athanasii</strong></span> <span class='ocrx_word' id='word_1_738' title='bbox 2446 3887 2601 3943; x_wconf 78' lang='lat' dir='ltr'><strong>datas</strong></span> <span class='ocrx_word' id='word_1_739' title='bbox 2624 3904 2766 3953; x_wconf 84' lang='lat' dir='ltr'><strong>esse,</strong></span> <span class='ocrx_word' id='word_1_740' title='bbox 2798 3887 3086 3957; x_wconf 89' lang='lat' dir='ltr'><strong>postremis</strong></span> <span class='ocrx_word' id='word_1_741' title='bbox 3107 3888 3404 3957; x_wconf 85' lang='lat' dir='ltr'><strong>superioris</strong></span> <span class='ocrx_word' id='word_1_742' title='bbox 3428 3885 3748 3959; x_wconf 81' lang='lat' dir='ltr'><strong>Fragmenti</strong></span> 
     </span>
    </p>
   </div>
   <div class='ocr_carea' id='block_1_106' title="bbox 2145 3960 2690 4018">
    <p class='ocr_par' dir='ltr' id='par_1_106' title="bbox 2145 3960 2690 4018">
     <span class='ocr_line' id='line_1_107' title="bbox 2145 3960 2690 4018; baseline -0.013 0"><span class='ocrx_word' id='word_1_743' title='bbox 2145 3963 2327 4018; x_wconf 75' lang='lat' dir='ltr'><strong>verbis</strong></span> <span class='ocrx_word' id='word_1_744' title='bbox 2368 3960 2690 4014; x_wconf 87' lang='lat' dir='ltr'><strong>audivimus.</strong></span> 
     </span>
    </p>
   </div>
   <div class='ocr_carea' id='block_1_107' title="bbox 2222 4027 3759 4103">
    <p class='ocr_par' dir='ltr' id='par_1_107' title="bbox 2222 4027 3759 4103">
     <span class='ocr_line' id='line_1_108' title="bbox 2222 4027 3759 4103; baseline 0 -17"><span class='ocrx_word' id='word_1_745' title='bbox 2222 4034 2300 4103; x_wconf 79' lang='lat' dir='ltr'><strong>(f)</strong></span> <span class='ocrx_word' id='word_1_746' title='bbox 2341 4029 2730 4103; x_wconf 75' lang='lat' dir='ltr'><strong>Barnn._hobet</strong></span> <span class='ocrx_word' id='word_1_747' title='bbox 2758 4027 3067 4085; x_wconf 80' lang='lat' dir='ltr'><strong>Theosebins</strong></span> <span class='ocrx_word' id='word_1_748' title='bbox 3094 4048 3113 4086; x_wconf 90' lang='lat'><strong><em>:</em></strong></span> <span class='ocrx_word' id='word_1_749' title='bbox 3140 4039 3196 4088; x_wconf 90' lang='lat' dir='ltr'><strong>et</strong></span> <span class='ocrx_word' id='word_1_750' title='bbox 3237 4048 3383 4098; x_wconf 83' lang='lat' dir='ltr'><strong>mox,</strong></span> <span class='ocrx_word' id='word_1_751' title='bbox 3430 4039 3543 4102; x_wconf 86' lang='lat' dir='ltr'><strong>post</strong></span> <span class='ocrx_word' id='word_1_752' title='bbox 3578 4031 3759 4087; x_wconf 75' lang='lat' dir='ltr'><strong>omnia</strong></span> 
     </span>
    </p>
   </div>
   <div class='ocr_carea' id='block_1_108' title="bbox 2144 4101 2985 4173">
    <p class='ocr_par' dir='ltr' id='par_1_108' title="bbox 2144 4101 2985 4173">
     <span class='ocr_line' id='line_1_109' title="bbox 2144 4101 2985 4173; baseline -0.004 -14"><span class='ocrx_word' id='word_1_753' title='bbox 2144 4101 2407 4172; x_wconf 77' lang='lat' dir='ltr'><strong>scriptu...</strong></span> <span class='ocrx_word' id='word_1_754' title='bbox 2442 4101 2705 4156; x_wconf 83' lang='lat' dir='ltr'><strong>Arelalum</strong></span> <span class='ocrx_word' id='word_1_755' title='bbox 2743 4103 2985 4173; x_wconf 67' lang='lat' dir='ltr'><strong>pervenit.</strong></span> 
     </span>
    </p>
   </div>
   <div class='ocr_carea' id='block_1_109' title="bbox 2222 4173 3750 4247">
    <p class='ocr_par' dir='ltr' id='par_1_109' title="bbox 2222 4173 3750 4247">
     <span class='ocr_line' id='line_1_110' title="bbox 2222 4173 3750 4247; baseline 0.001 -19"><span class='ocrx_word' id='word_1_756' title='bbox 2222 4175 2302 4247; x_wconf 81' lang='lat' dir='ltr'><strong>(gi</strong></span> <span class='ocrx_word' id='word_1_757' title='bbox 2334 4176 2459 4228; x_wconf 91' lang='lat' dir='ltr'><strong>Post</strong></span> <span class='ocrx_word' id='word_1_758' title='bbox 2487 4173 2839 4247; x_wconf 82' lang='lat' dir='ltr'><strong>Athanasmm</strong></span> <span class='ocrx_word' id='word_1_759' title='bbox 2867 4173 2959 4247; x_wconf 79' lang='lat' dir='ltr'><strong>lib.</strong></span> <span class='ocrx_word' id='word_1_760' title='bbox 2983 4174 3051 4247; x_wconf 72' lang='lat' dir='ltr'><strong>de</strong></span> <span class='ocrx_word' id='word_1_761' title='bbox 3073 4173 3280 4246; x_wconf 90' lang='lat' dir='ltr'><strong>Synod.</strong></span> <span class='ocrx_word' id='word_1_762' title='bbox 3314 4189 3437 4246; x_wconf 85' lang='lat' dir='ltr'><strong>pag.</strong></span> <span class='ocrx_word' id='word_1_763' title='bbox 3460 4173 3591 4239; x_wconf 83' lang='lat'><strong>895,</strong></span> <span class='ocrx_word' id='word_1_764' title='bbox 3618 4187 3750 4230; x_wconf 86' lang='lat' dir='ltr'><strong>uar-</strong></span> 
     </span>
    </p>
   </div>
   <div class='ocr_carea' id='block_1_110' title="bbox 2152 4243 3752 4315">
    <p class='ocr_par' dir='ltr' id='par_1_110' title="bbox 2152 4243 3752 4315">
     <span class='ocr_line' id='line_1_111' title="bbox 2152 4243 3752 4315; baseline 0.001 -14"><span class='ocrx_word' id='word_1_765' title='bbox 2152 4243 2525 4302; x_wconf 48' lang='lat' dir='ltr'><strong>rat‘Socrates</strong></span> <span class='ocrx_word' id='word_1_766' title='bbox 2557 4244 2653 4298; x_wconf 88' lang='lat' dir='ltr'><strong>lib.</strong></span> <span class='ocrx_word' id='word_1_767' title='bbox 2688 4259 2746 4308; x_wconf 91' lang='grc' dir='ltr'>ιι,</span> <span class='ocrx_word' id='word_1_768' title='bbox 2774 4258 2823 4299; x_wconf 92' lang='lat' dir='ltr'><strong>c.</strong></span> <span class='ocrx_word' id='word_1_769' title='bbox 2860 4243 2964 4315; x_wconf 51' lang='lat' dir='ltr'><strong>i9,</strong></span> <span class='ocrx_word' id='word_1_770' title='bbox 3004 4243 3330 4305; x_wconf 69' lang='lat' dir='ltr'><strong>Orientales</strong></span> <span class='ocrx_word' id='word_1_771' title='bbox 3349 4243 3586 4302; x_wconf 83' lang='lat' dir='ltr'><strong>triennio</strong></span> <span class='ocrx_word' id='word_1_772' title='bbox 3627 4255 3752 4315; x_wconf 86' lang='lat' dir='ltr'><strong>post</strong></span> 
     </span>
    </p>
   </div>
   <div class='ocr_carea' id='block_1_111' title="bbox 2151 4314 3755 4385">
    <p class='ocr_par' dir='ltr' id='par_1_111' title="bbox 2151 4314 3755 4385">
     <span class='ocr_line' id='line_1_112' title="bbox 2151 4314 3755 4385; baseline 0.001 -15"><span class='ocrx_word' id='word_1_773' title='bbox 2151 4318 2438 4371; x_wconf 87' lang='lat' dir='ltr'><strong>concilium</strong></span> <span class='ocrx_word' id='word_1_774' title='bbox 2466 4315 2717 4371; x_wconf 88' lang='lat' dir='ltr'><strong>Antioch.</strong></span> <span class='ocrx_word' id='word_1_775' title='bbox 2748 4315 2877 4370; x_wconf 87' lang='lat' dir='ltr'><strong>anni</strong></span> <span class='ocrx_word' id='word_1_776' title='bbox 2904 4314 3042 4382; x_wconf 72' lang='grc'><strong>541,</strong></span> <span class='ocrx_word' id='word_1_777' title='bbox 3073 4319 3340 4385; x_wconf 83' lang='lat' dir='ltr'><strong>prolixam</strong></span> <span class='ocrx_word' id='word_1_778' title='bbox 3384 4316 3507 4372; x_wconf 79' lang='lat' dir='ltr'><strong>ﬁdei</strong></span> <span class='ocrx_word' id='word_1_779' title='bbox 3540 4314 3755 4373; x_wconf 70' lang='lat' dir='ltr'><strong>[armu-</strong></span> 
     </span>
    </p>
   </div>
   <div class='ocr_carea' id='block_1_112' title="bbox 2152 4387 3757 4457">
    <p class='ocr_par' dir='ltr' id='par_1_112' title="bbox 2152 4387 3757 4457">
     <span class='ocr_line' id='line_1_113' title="bbox 2152 4387 3757 4457; baseline 0.001 -14"><span class='ocrx_word' id='word_1_780' title='bbox 2152 4388 2262 4443; x_wconf 82' lang='lat' dir='ltr'><strong>lain</strong></span> <span class='ocrx_word' id='word_1_781' title='bbox 2291 4391 2683 4455; x_wconf 70' lang='lat' dir='ltr'><strong>conscripsisse</strong></span> <span class='ocrx_word' id='word_1_782' title='bbox 2707 4428 2721 4451; x_wconf 92' lang='lat'><strong>,</strong></span> <span class='ocrx_word' id='word_1_783' title='bbox 2749 4402 2977 4455; x_wconf 89' lang='lat' dir='ltr'><strong>eamque</strong></span> <span class='ocrx_word' id='word_1_784' title='bbox 3010 4404 3104 4457; x_wconf 88' lang='lat' dir='ltr'><strong>per</strong></span> <span class='ocrx_word' id='word_1_785' title='bbox 3127 4388 3432 4447; x_wconf 82' lang='lat' dir='ltr'><strong>Endoxium</strong></span> <span class='ocrx_word' id='word_1_786' title='bbox 3456 4429 3473 4454; x_wconf 94' lang='lat'><strong>,</strong></span> <span class='ocrx_word' id='word_1_787' title='bbox 3506 4387 3757 4445; x_wconf 83' lang='lat' dir='ltr'><strong>Macedo-</strong></span> 
     </span>
    </p>
   </div>
   <div class='ocr_carea' id='block_1_113' title="bbox 2157 4457 3757 4530">
    <p class='ocr_par' dir='ltr' id='par_1_113' title="bbox 2157 4457 3757 4530">
     <span class='ocr_line' id='line_1_114' title="bbox 2157 4457 3757 4530; baseline 0.003 -18"><span class='ocrx_word' id='word_1_788' title='bbox 2157 4461 2303 4513; x_wconf 91' lang='lat' dir='ltr'><strong>nium</strong></span> <span class='ocrx_word' id='word_1_789' title='bbox 2334 4471 2387 4513; x_wconf 92' lang='lat' dir='ltr'><strong>et</strong></span> <span class='ocrx_word' id='word_1_790' title='bbox 2420 4458 2733 4530; x_wconf 71' lang='lat' dir='ltr'><strong>Martyrium</strong></span> <span class='ocrx_word' id='word_1_791' title='bbox 2755 4457 2821 4517; x_wconf 79' lang='lat' dir='ltr'><strong>ad</strong></span> <span class='ocrx_word' id='word_1_792' title='bbox 2845 4460 3129 4530; x_wconf 72' lang='lat' dir='ltr'><strong>episcenos</strong></span> <span class='ocrx_word' id='word_1_793' title='bbox 3159 4460 3329 4519; x_wconf 80' lang='lat' dir='ltr'><strong>italiae</strong></span> <span class='ocrx_word' id='word_1_794' title='bbox 3376 4461 3610 4514; x_wconf 68' lang='lat' dir='ltr'><strong>inrisisse.</strong></span> <span class='ocrx_word' id='word_1_795' title='bbox 3673 4461 3757 4516; x_wconf 78' lang='lat' dir='ltr'><strong>Ex</strong></span> 
     </span>
    </p>
   </div>
   <div class='ocr_carea' id='block_1_114' title="bbox 2157 4529 3752 4602">
    <p class='ocr_par' dir='ltr' id='par_1_114' title="bbox 2157 4529 3752 4602">
     <span class='ocr_line' id='line_1_115' title="bbox 2157 4529 3752 4602; baseline 0.003 -22"><span class='ocrx_word' id='word_1_796' title='bbox 2157 4532 2368 4584; x_wconf 78' lang='lat' dir='ltr'><strong>illorum</strong></span> <span class='ocrx_word' id='word_1_797' title='bbox 2400 4530 2774 4602; x_wconf 70' lang='lat' dir='ltr'><strong>ailventunata</strong></span> <span class='ocrx_word' id='word_1_798' title='bbox 2811 4529 3019 4602; x_wconf 83' lang='lat' dir='ltr'><strong>videtur</strong></span> <span class='ocrx_word' id='word_1_799' title='bbox 3043 4530 3201 4602; x_wconf 83' lang='lat' dir='ltr'><strong>hujus</strong></span> <span class='ocrx_word' id='word_1_800' title='bbox 3242 4530 3456 4587; x_wconf 87' lang='lat' dir='ltr'><strong>concilii</strong></span> <span class='ocrx_word' id='word_1_801' title='bbox 3498 4533 3752 4596; x_wconf 85' lang='lat' dir='ltr'><strong>occasio,</strong></span> 
     </span>
    </p>
   </div>
   <div class='ocr_carea' id='block_1_115' title="bbox 2075 4601 3755 4671">
    <p class='ocr_par' dir='ltr' id='par_1_115' title="bbox 2075 4601 3755 4671">
     <span class='ocr_line' id='line_1_116' title="bbox 2075 4601 3755 4671; baseline 0.001 -17"><span class='ocrx_word' id='word_1_802' title='bbox 2075 4607 2130 4668; x_wconf 88' lang='grc' dir='ltr'>Ῑ)</span> <span class='ocrx_word' id='word_1_803' title='bbox 2158 4603 2207 4655; x_wconf 92' lang='lat' dir='ltr'><strong>in</strong></span> <span class='ocrx_word' id='word_1_804' title='bbox 2241 4618 2346 4670; x_wconf 85' lang='lat' dir='ltr'><strong>quo</strong></span> <span class='ocrx_word' id='word_1_805' title='bbox 2378 4609 2605 4671; x_wconf 67' lang='lat' dir='ltr'><strong>quatuor</strong></span> <span class='ocrx_word' id='word_1_806' title='bbox 2632 4601 2710 4655; x_wconf 81' lang='lat' dir='ltr'><strong>illi</strong></span> <span class='ocrx_word' id='word_1_807' title='bbox 2736 4601 2972 4670; x_wconf 79' lang='lat' dir='ltr'><strong>episcOpi</strong></span> <span class='ocrx_word' id='word_1_808' title='bbox 3024 4603 3137 4657; x_wconf 91' lang='lat' dir='ltr'><strong>Arii</strong></span> <span class='ocrx_word' id='word_1_809' title='bbox 3182 4603 3434 4659; x_wconf 66' lang='lat' dir='ltr'><strong>natresim</strong></span> <span class='ocrx_word' id='word_1_810' title='bbox 3489 4602 3755 4658; x_wconf 83' lang='lat' dir='ltr'><strong>damnare</strong></span> 
     </span>
    </p>
   </div>
   <div class='ocr_carea' id='block_1_116' title="bbox 2155 4671 3757 4740">
    <p class='ocr_par' dir='ltr' id='par_1_116' title="bbox 2155 4671 3757 4740">
     <span class='ocr_line' id='line_1_117' title="bbox 2155 4671 3757 4740; baseline 0.001 -13"><span class='ocrx_word' id='word_1_811' title='bbox 2155 4682 2493 4727; x_wconf 57' lang='lat' dir='ltr'><strong>recusarunt.</strong></span> <span class='ocrx_word' id='word_1_812' title='bbox 2537 4673 2688 4726; x_wconf 86' lang='lat' dir='ltr'><strong>Unde</strong></span> <span class='ocrx_word' id='word_1_813' title='bbox 2708 4671 2885 4726; x_wconf 89' lang='lat' dir='ltr'><strong>obiter</strong></span> <span class='ocrx_word' id='word_1_814' title='bbox 2929 4674 3318 4740; x_wconf 60' lang='lat' dir='ltr'><strong>observamus,</strong></span> <span class='ocrx_word' id='word_1_815' title='bbox 3350 4674 3400 4729; x_wconf 89' lang='lat' dir='ltr'><strong>id</strong></span> <span class='ocrx_word' id='word_1_816' title='bbox 3431 4671 3757 4729; x_wconf 81' lang='lat' dir='ltr'><strong>Occidenta-</strong></span> 
     </span>
    </p>
   </div>
   <div class='ocr_carea' id='block_1_117' title="bbox 2152 4744 3757 4808">
    <p class='ocr_par' dir='ltr' id='par_1_117' title="bbox 2152 4744 3757 4808">
     <span class='ocr_line' id='line_1_118' title="bbox 2152 4744 3757 4808; baseline 0.002 -10"><span class='ocrx_word' id='word_1_817' title='bbox 2152 4744 2294 4800; x_wconf 86' lang='lat' dir='ltr'><strong>libus</strong></span> <span class='ocrx_word' id='word_1_818' title='bbox 2328 4746 2495 4797; x_wconf 89' lang='lat' dir='ltr'><strong>moris</strong></span> <span class='ocrx_word' id='word_1_819' title='bbox 2527 4744 2724 4808; x_wconf 78' lang='lat' dir='ltr'><strong>fuisse,</strong></span> <span class='ocrx_word' id='word_1_820' title='bbox 2759 4755 2817 4797; x_wconf 93' lang='lat' dir='ltr'><strong>ut</strong></span> <span class='ocrx_word' id='word_1_821' title='bbox 2846 4744 2898 4797; x_wconf 91' lang='lat' dir='ltr'><strong>in</strong></span> <span class='ocrx_word' id='word_1_822' title='bbox 2924 4745 3168 4799; x_wconf 84' lang='lat' dir='ltr'><strong>conciliis</strong></span> <span class='ocrx_word' id='word_1_823' title='bbox 3190 4746 3304 4799; x_wconf 86' lang='lat' dir='ltr'><strong>suis</strong></span> <span class='ocrx_word' id='word_1_824' title='bbox 3358 4760 3485 4800; x_wconf 88' lang='lat' dir='ltr'><strong>cum</strong></span> <span class='ocrx_word' id='word_1_825' title='bbox 3537 4745 3757 4802; x_wconf 68' lang='lat' dir='ltr'><strong>cancris</strong></span> 
     </span>
    </p>
   </div>
   <div class='ocr_carea' id='block_1_118' title="bbox 2153 4813 3753 4885">
    <p class='ocr_par' dir='ltr' id='par_1_118' title="bbox 2153 4813 3753 4885">
     <span class='ocr_line' id='line_1_119' title="bbox 2153 4813 3753 4885; baseline 0.001 -16"><span class='ocrx_word' id='word_1_826' title='bbox 2153 4814 2453 4869; x_wconf 74' lang='lat' dir='ltr'><strong>lltl&#39;l‘eslbllS</strong></span> <span class='ocrx_word' id='word_1_827' title='bbox 2500 4813 2757 4869; x_wconf 84' lang='lat' dir='ltr'><strong>Arianatu</strong></span> <span class='ocrx_word' id='word_1_828' title='bbox 2817 4814 3283 4871; x_wconf 87' lang='lat' dir='ltr'><strong>condemnandam</strong></span> <span class='ocrx_word' id='word_1_829' title='bbox 3356 4828 3753 4885; x_wconf 76' lang='lat' dir='ltr'><strong>proponerent.</strong></span> 
     </span>
    </p>
   </div>
   <div class='ocr_carea' id='block_1_119' title="bbox 2150 4886 3758 4957">
    <p class='ocr_par' dir='ltr' id='par_1_119' title="bbox 2150 4886 3758 4957">
     <span class='ocr_line' id='line_1_120' title="bbox 2150 4886 3758 4957; baseline 0.002 -18"><span class='ocrx_word' id='word_1_830' title='bbox 2150 4886 2305 4952; x_wconf 84' lang='lat' dir='ltr'><strong>Quod</strong></span> <span class='ocrx_word' id='word_1_831' title='bbox 2329 4887 2470 4939; x_wconf 83' lang='lat' dir='ltr'><strong>enim</strong></span> <span class='ocrx_word' id='word_1_832' title='bbox 2495 4886 2596 4957; x_wconf 69' lang='lat' dir='ltr'><strong>hoc</strong></span> <span class='ocrx_word' id='word_1_833' title='bbox 2618 4901 2761 4940; x_wconf 74' lang='lat' dir='ltr'><strong>anno</strong></span> <span class='ocrx_word' id='word_1_834' title='bbox 2789 4901 2817 4938; x_wconf 73' lang='grc' dir='ltr'>ει</span> <span class='ocrx_word' id='word_1_835' title='bbox 2846 4886 3119 4955; x_wconf 69' lang='lat' dir='ltr'><strong>praedictis</strong></span> <span class='ocrx_word' id='word_1_836' title='bbox 3170 4887 3443 4955; x_wconf 72' lang='lat' dir='ltr'><strong>episcopis</strong></span> <span class='ocrx_word' id='word_1_837' title='bbox 3463 4927 3477 4947; x_wconf 80' lang='lat'><strong>,</strong></span> <span class='ocrx_word' id='word_1_838' title='bbox 3532 4889 3635 4957; x_wconf 77' lang='lat' dir='ltr'><strong>hoc</strong></span> <span class='ocrx_word' id='word_1_839' title='bbox 3672 4890 3758 4957; x_wconf 82' lang='lat' dir='ltr'><strong>ip—</strong></span> 
     </span>
    </p>
   </div>
   <div class='ocr_carea' id='block_1_120' title="bbox 2150 4955 3757 5015">
    <p class='ocr_par' dir='ltr' id='par_1_120' title="bbox 2150 4955 3757 5015">
     <span class='ocr_line' id='line_1_121' title="bbox 2150 4955 3757 5015; baseline 0.002 -3"><span class='ocrx_word' id='word_1_840' title='bbox 2150 4972 2270 5012; x_wconf 86' lang='lat' dir='ltr'><strong>suut</strong></span> <span class='ocrx_word' id='word_1_841' title='bbox 2293 4974 2434 5011; x_wconf 84' lang='lat' dir='ltr'><strong>anno</strong></span> <span class='ocrx_word' id='word_1_842' title='bbox 2481 4955 2584 5011; x_wconf 77' lang='grc'><strong>547</strong></span> <span class='ocrx_word' id='word_1_843' title='bbox 2613 4970 2645 5011; x_wconf 86' lang='lat' dir='ltr'><strong>a</strong></span> <span class='ocrx_word' id='word_1_844' title='bbox 2666 4957 2887 5013; x_wconf 80' lang='lat' dir='ltr'><strong>Valente</strong></span> <span class='ocrx_word' id='word_1_845' title='bbox 2914 4965 2968 5011; x_wconf 81' lang='lat' dir='ltr'><strong>cl.</strong></span> <span class='ocrx_word' id='word_1_846' title='bbox 2991 4957 3211 5013; x_wconf 68' lang='lat' dir='ltr'><strong>Ursicio</strong></span> <span class='ocrx_word' id='word_1_847' title='bbox 3235 4958 3287 5012; x_wconf 84' lang='lat' dir='ltr'><strong>in</strong></span> <span class='ocrx_word' id='word_1_848' title='bbox 3314 4957 3506 5015; x_wconf 85' lang='lat' dir='ltr'><strong>eadem</strong></span> <span class='ocrx_word' id='word_1_849' title='bbox 3529 4955 3757 5015; x_wconf 70' lang='lat' dir='ltr'><strong>civitaie</strong></span> 
     </span>
    </p>
   </div>
   <div class='ocr_carea' id='block_1_121' title="bbox 2152 5026 3759 5099">
    <p class='ocr_par' dir='ltr' id='par_1_121' title="bbox 2152 5026 3759 5099">
     <span class='ocr_line' id='line_1_122' title="bbox 2152 5026 3759 5099; baseline 0.001 -16"><span class='ocrx_word' id='word_1_850' title='bbox 2152 5040 2398 5083; x_wconf 85' lang='lat' dir='ltr'><strong>exactum</strong></span> <span class='ocrx_word' id='word_1_851' title='bbox 2430 5026 2565 5092; x_wconf 84' lang='lat' dir='ltr'><strong>fuit,</strong></span> <span class='ocrx_word' id='word_1_852' title='bbox 2595 5039 2653 5083; x_wconf 90' lang='lat' dir='ltr'><strong>ut</strong></span> <span class='ocrx_word' id='word_1_853' title='bbox 2704 5030 2802 5096; x_wconf 58' lang='lat' dir='ltr'><strong>ipsi</strong></span> <span class='ocrx_word' id='word_1_854' title='bbox 2826 5028 3103 5083; x_wconf 85' lang='lat' dir='ltr'><strong>declarant</strong></span> <span class='ocrx_word' id='word_1_855' title='bbox 3160 5029 3318 5099; x_wconf 81' lang='lat' dir='ltr'><strong>Frag.</strong></span> <span class='ocrx_word' id='word_1_856' title='bbox 3364 5045 3424 5095; x_wconf 88' lang='grc' dir='ltr'>ιι,</span> <span class='ocrx_word' id='word_1_857' title='bbox 3454 5046 3509 5082; x_wconf 92' lang='grc' dir='ltr'>ιι.</span> <span class='ocrx_word' id='word_1_858' title='bbox 3554 5028 3649 5085; x_wconf 72' lang='grc'><strong>20.</strong></span> <span class='ocrx_word' id='word_1_859' title='bbox 3696 5028 3759 5087; x_wconf 81' lang='lat' dir='ltr'><strong>Id</strong></span> 
     </span>
    </p>
   </div>
   <div class='ocr_carea' id='block_1_122' title="bbox 2154 5099 3754 5172">
    <p class='ocr_par' dir='ltr' id='par_1_122' title="bbox 2154 5099 3754 5172">
     <span class='ocr_line' id='line_1_123' title="bbox 2154 5099 3754 5172; baseline 0.001 -21"><span class='ocrx_word' id='word_1_860' title='bbox 2154 5114 2370 5170; x_wconf 82' lang='lat' dir='ltr'><strong>quoque</strong></span> <span class='ocrx_word' id='word_1_861' title='bbox 2399 5101 2698 5154; x_wconf 67' lang='lat' dir='ltr'><strong>Arelatensi</strong></span> <span class='ocrx_word' id='word_1_862' title='bbox 2724 5099 2932 5172; x_wconf 88' lang='lat' dir='ltr'><strong>synodo</strong></span> <span class='ocrx_word' id='word_1_863' title='bbox 2957 5102 3081 5154; x_wconf 85' lang='lat' dir='ltr'><strong>anni</strong></span> <span class='ocrx_word' id='word_1_864' title='bbox 3122 5101 3250 5172; x_wconf 10' lang='lat'><strong>5357</strong></span> <span class='ocrx_word' id='word_1_865' title='bbox 3276 5101 3579 5172; x_wconf 66' lang='lat' dir='ltr'><strong>priestitum</strong></span> <span class='ocrx_word' id='word_1_866' title='bbox 3625 5116 3754 5157; x_wconf 83' lang='lat' dir='ltr'><strong>esse</strong></span> 
     </span>
    </p>
   </div>
   <div class='ocr_carea' id='block_1_123' title="bbox 2158 5170 3755 5241">
    <p class='ocr_par' dir='ltr' id='par_1_123' title="bbox 2158 5170 3755 5241">
     <span class='ocr_line' id='line_1_124' title="bbox 2158 5170 3755 5241; baseline 0.003 -17"><span class='ocrx_word' id='word_1_867' title='bbox 2158 5187 2285 5225; x_wconf 82' lang='lat' dir='ltr'><strong>mox</strong></span> <span class='ocrx_word' id='word_1_868' title='bbox 2312 5171 2609 5225; x_wconf 86' lang='lat' dir='ltr'><strong>audiemus.</strong></span> <span class='ocrx_word' id='word_1_869' title='bbox 2645 5172 2711 5224; x_wconf 86' lang='lat' dir='ltr'><strong>Et</strong></span> <span class='ocrx_word' id='word_1_870' title='bbox 2729 5170 3074 5241; x_wconf 83' lang='lat' dir='ltr'><strong>Athanasius,</strong></span> <span class='ocrx_word' id='word_1_871' title='bbox 3107 5172 3199 5227; x_wconf 89' lang='lat' dir='ltr'><strong>lib.</strong></span> <span class='ocrx_word' id='word_1_872' title='bbox 3223 5171 3289 5226; x_wconf 91' lang='lat' dir='ltr'><strong>de</strong></span> <span class='ocrx_word' id='word_1_873' title='bbox 3311 5170 3516 5241; x_wconf 83' lang='lat' dir='ltr'><strong>Synod.</strong></span> <span class='ocrx_word' id='word_1_874' title='bbox 3545 5188 3599 5241; x_wconf 86' lang='lat' dir='ltr'><strong>p.</strong></span> <span class='ocrx_word' id='word_1_875' title='bbox 3618 5172 3755 5240; x_wconf 81' lang='lat'><strong>876,</strong></span> 
     </span>
    </p>
   </div>
   <div class='ocr_carea' id='block_1_124' title="bbox 2158 5240 3755 5310">
    <p class='ocr_par' dir='ltr' id='par_1_124' title="bbox 2158 5240 3755 5310">
     <span class='ocr_line' id='line_1_125' title="bbox 2158 5240 3755 5310; baseline 0.001 -13"><span class='ocrx_word' id='word_1_876' title='bbox 2158 5242 2312 5297; x_wconf 87' lang='lat' dir='ltr'><strong>testis</strong></span> <span class='ocrx_word' id='word_1_877' title='bbox 2334 5251 2449 5304; x_wconf 84' lang='lat' dir='ltr'><strong>est,</strong></span> <span class='ocrx_word' id='word_1_878' title='bbox 2480 5240 2703 5297; x_wconf 85' lang='lat' dir='ltr'><strong>Arimini</strong></span> <span class='ocrx_word' id='word_1_879' title='bbox 2731 5240 3129 5310; x_wconf 71' lang='lat' dir='ltr'><strong>patefactaiuea</strong></span> <span class='ocrx_word' id='word_1_880' title='bbox 3179 5245 3394 5299; x_wconf 76' lang='lat' dir='ltr'><strong>ratione</strong></span> <span class='ocrx_word' id='word_1_881' title='bbox 3444 5240 3610 5299; x_wconf 63' lang='lat' dir='ltr'><strong>[uisae</strong></span> <span class='ocrx_word' id='word_1_882' title='bbox 3642 5242 3755 5305; x_wconf 77' lang='lat' dir='ltr'><strong>Va-</strong></span> 
     </span>
    </p>
   </div>
   <div class='ocr_carea' id='block_1_125' title="bbox 2160 5312 3751 5384">
    <p class='ocr_par' dir='ltr' id='par_1_125' title="bbox 2160 5312 3751 5384">
     <span class='ocr_line' id='line_1_126' title="bbox 2160 5312 3751 5384; baseline 0.001 -16"><span class='ocrx_word' id='word_1_883' title='bbox 2160 5314 2319 5379; x_wconf 84' lang='lat' dir='ltr'><strong>lentis</strong></span> <span class='ocrx_word' id='word_1_884' title='bbox 2344 5323 2396 5367; x_wconf 90' lang='lat' dir='ltr'><strong>et</strong></span> <span class='ocrx_word' id='word_1_885' title='bbox 2427 5312 2629 5384; x_wconf 82' lang='lat' dir='ltr'><strong>Ursacii</strong></span> <span class='ocrx_word' id='word_1_886' title='bbox 2683 5315 2966 5367; x_wconf 84' lang='lat' dir='ltr'><strong>vafritiem.</strong></span> <span class='ocrx_word' id='word_1_887' title='bbox 3001 5314 3270 5384; x_wconf 76' lang='lat' dir='ltr'><strong>Episcopis</strong></span> <span class='ocrx_word' id='word_1_888' title='bbox 3314 5313 3485 5378; x_wconf 83' lang='lat' dir='ltr'><strong>enim,</strong></span> <span class='ocrx_word' id='word_1_889' title='bbox 3542 5314 3751 5384; x_wconf 82' lang='lat' dir='ltr'><strong>inquit,</strong></span> 
     </span>
    </p>
   </div>
   <div class='ocr_carea' id='block_1_126' title="bbox 2159 5383 3755 5454">
    <p class='ocr_par' dir='ltr' id='par_1_126' title="bbox 2159 5383 3755 5454">
     <span class='ocr_line' id='line_1_127' title="bbox 2159 5383 3755 5454; baseline 0.002 -18"><span class='ocrx_word' id='word_1_890' title='bbox 2159 5383 2558 5454; x_wconf 85' lang='lat' dir='ltr'><strong>proponentibus</strong></span> <span class='ocrx_word' id='word_1_891' title='bbox 2587 5394 2637 5437; x_wconf 88' lang='lat' dir='ltr'><strong>ut</strong></span> <span class='ocrx_word' id='word_1_892' title='bbox 2667 5394 2865 5439; x_wconf 71' lang='lat' dir='ltr'><strong>cwterw</strong></span> <span class='ocrx_word' id='word_1_893' title='bbox 2879 5401 3000 5441; x_wconf 84' lang='lat' dir='ltr'><strong>cum</strong></span> <span class='ocrx_word' id='word_1_894' title='bbox 3024 5383 3216 5445; x_wconf 67' lang='lat' dir='ltr'><strong>Ariona</strong></span> <span class='ocrx_word' id='word_1_895' title='bbox 3241 5385 3610 5447; x_wconf 70' lang='lat' dir='ltr'><strong>dantmrentur</strong></span> <span class='ocrx_word' id='word_1_896' title='bbox 3638 5386 3755 5454; x_wconf 65' lang='lat' dir='ltr'><strong>Iun-</strong></span> 
     </span>
    </p>
   </div>
   <div class='ocr_carea' id='block_1_127' title="bbox 2160 5455 3755 5526">
    <p class='ocr_par' dir='ltr' id='par_1_127' title="bbox 2160 5455 3755 5526">
     <span class='ocr_line' id='line_1_128' title="bbox 2160 5455 3755 5526; baseline 0.003 -19"><span class='ocrx_word' id='word_1_897' title='bbox 2160 5472 2295 5509; x_wconf 85' lang='lat' dir='ltr'><strong>reses</strong></span> <span class='ocrx_word' id='word_1_898' title='bbox 2311 5499 2325 5521; x_wconf 94' lang='lat'><strong>,</strong></span> <span class='ocrx_word' id='word_1_899' title='bbox 2355 5455 2661 5526; x_wconf 75' lang='lat' dir='ltr'><strong>reliquisque</strong></span> <span class='ocrx_word' id='word_1_900' title='bbox 2682 5456 2915 5510; x_wconf 80' lang='lat' dir='ltr'><strong>omnibus</strong></span> <span class='ocrx_word' id='word_1_901' title='bbox 2940 5457 3009 5510; x_wconf 85' lang='lat' dir='ltr'><strong>ad</strong></span> <span class='ocrx_word' id='word_1_902' title='bbox 3033 5457 3090 5510; x_wconf 88' lang='lat' dir='ltr'><strong>id</strong></span> <span class='ocrx_word' id='word_1_903' title='bbox 3113 5455 3540 5519; x_wconf 77' lang='lat' dir='ltr'><strong>consentientibus</strong></span> <span class='ocrx_word' id='word_1_904' title='bbox 3556 5496 3574 5523; x_wconf 92' lang='lat'><strong>,</strong></span> <span class='ocrx_word' id='word_1_905' title='bbox 3644 5455 3755 5511; x_wconf 66' lang='grc' dir='ltr'><strong>γα·</strong></span> 
     </span>
    </p>
   </div>
   <div class='ocr_carea' id='block_1_128' title="bbox 2161 5524 3268 5583">
    <p class='ocr_par' dir='ltr' id='par_1_128' title="bbox 2161 5524 3268 5583">
     <span class='ocr_line' id='line_1_129' title="bbox 2161 5524 3268 5583; baseline 0.002 -4"><span class='ocrx_word' id='word_1_906' title='bbox 2161 5526 2270 5580; x_wconf 69' lang='lat' dir='ltr'><strong>leris</strong></span> <span class='ocrx_word' id='word_1_907' title='bbox 2296 5535 2344 5580; x_wconf 90' lang='lat' dir='ltr'><strong>et</strong></span> <span class='ocrx_word' id='word_1_908' title='bbox 2376 5524 2624 5580; x_wconf 78' lang='lat' dir='ltr'><strong>Ursacias</strong></span> <span class='ocrx_word' id='word_1_909' title='bbox 2647 5542 2763 5580; x_wconf 88' lang='lat' dir='ltr'><strong>cum</strong></span> <span class='ocrx_word' id='word_1_910' title='bbox 2786 5527 2937 5582; x_wconf 84' lang='lat' dir='ltr'><strong>sociis</strong></span> <span class='ocrx_word' id='word_1_911' title='bbox 2956 5529 3268 5583; x_wconf 82' lang='lat' dir='ltr'><strong>abnuerunt.</strong></span> 
     </span>
    </p>
   </div>
   <div class='ocr_carea' id='block_1_129' title="bbox 2231 5597 3759 5671">
    <p class='ocr_par' dir='ltr' id='par_1_129' title="bbox 2231 5597 3759 5671">
     <span class='ocr_line' id='line_1_130' title="bbox 2231 5597 3759 5671; baseline 0.005 -23"><span class='ocrx_word' id='word_1_912' title='bbox 2231 5597 2310 5671; x_wconf 79' lang='grc' dir='ltr'><strong>(Ιι)</strong></span> <span class='ocrx_word' id='word_1_913' title='bbox 2343 5597 2545 5652; x_wconf 88' lang='lat' dir='ltr'><strong>Horum</strong></span> <span class='ocrx_word' id='word_1_914' title='bbox 2574 5599 2919 5671; x_wconf 79' lang='lat' dir='ltr'><strong>Athanasius,</strong></span> <span class='ocrx_word' id='word_1_915' title='bbox 2951 5599 3019 5671; x_wconf 86' lang='lat' dir='ltr'><strong>ad</strong></span> <span class='ocrx_word' id='word_1_916' title='bbox 3036 5599 3178 5654; x_wconf 87' lang='lat' dir='ltr'><strong>solit.</strong></span> <span class='ocrx_word' id='word_1_917' title='bbox 3213 5614 3265 5669; x_wconf 91' lang='lat' dir='ltr'><strong>p.</strong></span> <span class='ocrx_word' id='word_1_918' title='bbox 3290 5597 3420 5665; x_wconf 77' lang='lat'><strong>858,</strong></span> <span class='ocrx_word' id='word_1_919' title='bbox 3448 5598 3759 5670; x_wconf 85' lang='lat' dir='ltr'><strong>catalogum</strong></span> 
     </span>
    </p>
   </div>
   <div class='ocr_carea' id='block_1_130' title="bbox 2158 5669 3759 5751">
    <p class='ocr_par' dir='ltr' id='par_1_130' title="bbox 2158 5669 3759 5751">
     <span class='ocr_line' id='line_1_131' title="bbox 2158 5669 3759 5751; baseline 0.001 -29"><span class='ocrx_word' id='word_1_920' title='bbox 2158 5669 2583 5751; x_wconf 26' lang='lat' dir='ltr'><strong>videtnr‘teitere</strong></span> <span class='ocrx_word' id='word_1_921' title='bbox 2602 5711 2615 5733; x_wconf 86' lang='lat'><strong>,</strong></span> <span class='ocrx_word' id='word_1_922' title='bbox 2644 5669 2737 5751; x_wconf 65' lang='lat' dir='ltr'><strong>tibi</strong></span> <span class='ocrx_word' id='word_1_923' title='bbox 2762 5670 3117 5751; x_wconf 79' lang='lat' dir='ltr'><strong>conqueritur</strong></span> <span class='ocrx_word' id='word_1_924' title='bbox 3134 5671 3277 5751; x_wconf 75' lang='lat' dir='ltr'><strong>quod</strong></span> <span class='ocrx_word' id='word_1_925' title='bbox 3307 5671 3556 5751; x_wconf 60' lang='lat' dir='ltr'><strong>Arionis,</strong></span> 
     </span>
    </p>
   </div>
   <div class='ocr_carea' id='block_1_131' title="bbox 2153 5739 3760 5814">
    <p class='ocr_par' dir='ltr' id='par_1_131' title="bbox 2153 5739 3760 5814">
     <span class='ocr_line' id='line_1_132' title="bbox 2153 5739 3760 5814; baseline 0.002 -20"><span class='ocrx_word' id='word_1_926' title='bbox 2153 5739 2260 5795; x_wconf 85' lang='lat' dir='ltr'><strong>illis</strong></span> <span class='ocrx_word' id='word_1_927' title='bbox 2291 5742 2492 5796; x_wconf 73' lang='lat' dir='ltr'><strong>nom’tiis</strong></span> <span class='ocrx_word' id='word_1_928' title='bbox 2514 5783 2530 5811; x_wconf 90' lang='lat'><strong>,</strong></span> <span class='ocrx_word' id='word_1_929' title='bbox 2563 5739 2655 5797; x_wconf 83' lang='lat' dir='ltr'><strong>sed</strong></span> <span class='ocrx_word' id='word_1_930' title='bbox 2682 5739 2932 5797; x_wconf 79' lang='lat' dir='ltr'><strong>ueteranis</strong></span> <span class='ocrx_word' id='word_1_931' title='bbox 2956 5757 3018 5798; x_wconf 84' lang='lat' dir='ltr'><strong>ac</strong></span> <span class='ocrx_word' id='word_1_932' title='bbox 3039 5739 3302 5814; x_wconf 26' lang='lat' dir='ltr'><strong>jaut‘olim</strong></span> <span class='ocrx_word' id='word_1_933' title='bbox 3352 5758 3468 5797; x_wconf 81' lang='lat' dir='ltr'><strong>cum</strong></span> <span class='ocrx_word' id='word_1_934' title='bbox 3510 5740 3637 5797; x_wconf 76' lang='lat' dir='ltr'><strong>Aria</strong></span> <span class='ocrx_word' id='word_1_935' title='bbox 3687 5742 3760 5798; x_wconf 81' lang='lat' dir='ltr'><strong>ab</strong></span> 
     </span>
    </p>
   </div>
  </div>
