  <div class='ocr_page' id='page_1' title='image "/cluster/home/n/w/nwhite01/storage/ocr_20150623/10/hvd.32044096580394/348.png"; bbox 0 0 4100 6196; ppageno 0'>
   <div class='ocr_carea' id='block_1_1' title="bbox 361 202 469 258">
    <p class='ocr_par' dir='ltr' id='par_1_1' title="bbox 361 202 469 258">
     <span class='ocr_line' id='line_1_1' title="bbox 361 202 469 258; baseline -0.009 0"><span class='ocrx_word' id='word_1_1' title='bbox 361 202 469 258; x_wconf 73' lang='lat'><strong>685</strong></span> 
     </span>
    </p>
   </div>
   <div class='ocr_carea' id='block_1_2' title="bbox 1293 206 2713 275">
    <p class='ocr_par' dir='ltr' id='par_1_2' title="bbox 1293 206 2713 275">
     <span class='ocr_line' id='line_1_2' title="bbox 1293 206 2713 275; baseline 0.007 -12"><span class='ocrx_word' id='word_1_2' title='bbox 1293 206 1388 264; x_wconf 80' lang='lat' dir='ltr'><strong>EX</strong></span> <span class='ocrx_word' id='word_1_3' title='bbox 1425 206 1652 267; x_wconf 76' lang='lat' dir='ltr'><strong>OPERE</strong></span> <span class='ocrx_word' id='word_1_4' title='bbox 1690 206 2059 275; x_wconf 76' lang='lat' dir='ltr'><strong>HISTORICO</strong></span> <span class='ocrx_word' id='word_1_5' title='bbox 2097 211 2587 275; x_wconf 69' lang='lat' dir='ltr'><strong>FRAGMENTUM</strong></span> <span class='ocrx_word' id='word_1_6' title='bbox 2627 210 2713 273; x_wconf 81' lang='lat' dir='ltr'><strong>Vl.</strong></span> 
     </span>
    </p>
   </div>
   <div class='ocr_carea' id='block_1_3' title="bbox 3563 226 3672 287">
    <p class='ocr_par' dir='ltr' id='par_1_3' title="bbox 3563 226 3672 287">
     <span class='ocr_line' id='line_1_3' title="bbox 3563 226 3672 287; baseline 0.018 -3"><span class='ocrx_word' id='word_1_7' title='bbox 3563 226 3672 287; x_wconf 77' lang='lat'><strong>686</strong></span> 
     </span>
    </p>
   </div>
   <div class='ocr_carea' id='block_1_4' title="bbox 357 321 3660 403">
    <p class='ocr_par' dir='ltr' id='par_1_4' title="bbox 357 321 3660 403">
     <span class='ocr_line' id='line_1_4' title="bbox 357 321 3660 403; baseline 0.005 -26"><span class='ocrx_word' id='word_1_8' title='bbox 357 336 424 377; x_wconf 78' lang='lat' dir='ltr'><strong>ex</strong></span> <span class='ocrx_word' id='word_1_9' title='bbox 454 321 653 393; x_wconf 83' lang='lat' dir='ltr'><strong>quibus</strong></span> <span class='ocrx_word' id='word_1_10' title='bbox 676 336 817 379; x_wconf 93' lang='lat' dir='ltr'><strong>nunc</strong></span> <span class='ocrx_word' id='word_1_11' title='bbox 835 321 1055 394; x_wconf 87' lang='lat' dir='ltr'><strong>quidam</strong></span> <span class='ocrx_word' id='word_1_12' title='bbox 1087 334 1245 380; x_wconf 76' lang='lat' dir='ltr'><strong>extra</strong></span> <span class='ocrx_word' id='word_1_13' title='bbox 1280 325 1575 382; x_wconf 83' lang='lat' dir='ltr'><strong>Ecclesiam</strong></span> <span class='ocrx_word' id='word_1_14' title='bbox 1633 327 1955 383; x_wconf 85' lang='lat' dir='ltr'><strong>catholicam</strong></span> <span class='ocrx_word' id='word_1_15' title='bbox 1985 338 2039 400; x_wconf 66' lang='grc' dir='ltr'>Α</span> <span class='ocrx_word' id='word_1_16' title='bbox 2067 340 2173 397; x_wconf 91' lang='lat' dir='ltr'><strong>tur,</strong></span> <span class='ocrx_word' id='word_1_17' title='bbox 2199 342 2256 385; x_wconf 92' lang='lat' dir='ltr'><strong>ut</strong></span> <span class='ocrx_word' id='word_1_18' title='bbox 2279 347 2400 400; x_wconf 75' lang='lat' dir='ltr'><strong>qua:</strong></span> <span class='ocrx_word' id='word_1_19' title='bbox 2427 332 2850 403; x_wconf 85' lang='lat' dir='ltr'><strong>fuerintjudicio</strong></span> <span class='ocrx_word' id='word_1_20' title='bbox 2872 333 3216 393; x_wconf 71' lang='lat' dir='ltr'><strong>sacerdotum</strong></span> <span class='ocrx_word' id='word_1_21' title='bbox 3244 336 3336 393; x_wconf 88' lang='lat' dir='ltr'><strong>Dei</strong></span> <span class='ocrx_word' id='word_1_22' title='bbox 3368 340 3660 396; x_wconf 84' lang='lat' dir='ltr'><strong>conﬁrma-</strong></span> 
     </span>
    </p>
   </div>
   <div class='ocr_carea' id='block_1_5' title="bbox 359 414 1953 488">
    <p class='ocr_par' dir='ltr' id='par_1_5' title="bbox 359 414 1953 488">
     <span class='ocr_line' id='line_1_5' title="bbox 359 414 1953 488; baseline 0.005 -18"><span class='ocrx_word' id='word_1_23' title='bbox 359 414 497 473; x_wconf 87' lang='lat' dir='ltr'><strong>foris</strong></span> <span class='ocrx_word' id='word_1_24' title='bbox 546 415 703 487; x_wconf 90' lang='lat' dir='ltr'><strong>positi</strong></span> <span class='ocrx_word' id='word_1_25' title='bbox 754 417 1010 471; x_wconf 89' lang='lat' dir='ltr'><strong>dicuntur</strong></span> <span class='ocrx_word' id='word_1_26' title='bbox 1053 417 1155 474; x_wconf 84' lang='lat' dir='ltr'><strong>sibi</strong></span> <span class='ocrx_word' id='word_1_27' title='bbox 1228 419 1585 474; x_wconf 86' lang='lat' dir='ltr'><strong>conciliabula</strong></span> <span class='ocrx_word' id='word_1_28' title='bbox 1644 420 1953 488; x_wconf 87' lang='lat' dir='ltr'><strong>invenisse,</strong></span> 
     </span>
    </p>
   </div>
   <div class='ocr_carea' id='block_1_6' title="bbox 358 510 1960 584">
    <p class='ocr_par' dir='ltr' id='par_1_6' title="bbox 358 510 1960 584">
     <span class='ocr_line' id='line_1_6' title="bbox 358 510 1960 584; baseline 0.002 -21"><span class='ocrx_word' id='word_1_29' title='bbox 358 510 555 581; x_wconf 89' lang='lat' dir='ltr'><strong>quibus</strong></span> <span class='ocrx_word' id='word_1_30' title='bbox 583 518 925 566; x_wconf 84' lang='lat' dir='ltr'><strong>asseveratur</strong></span> <span class='ocrx_word' id='word_1_31' title='bbox 945 510 1105 566; x_wconf 89' lang='lat' dir='ltr'><strong>etiam</strong></span> <span class='ocrx_word' id='word_1_32' title='bbox 1139 511 1405 582; x_wconf 74' lang='lat' dir='ltr'><strong>Georgius</strong></span> <span class='ocrx_word' id='word_1_33' title='bbox 1430 513 1504 584; x_wconf 87' lang='lat' dir='ltr'><strong>(a)</strong></span> <span class='ocrx_word' id='word_1_34' title='bbox 1534 514 1588 568; x_wconf 92' lang='lat' dir='ltr'><strong>in</strong></span> <span class='ocrx_word' id='word_1_35' title='bbox 1633 513 1960 569; x_wconf 79' lang='lat' dir='ltr'><strong>Alexandria</strong></span> 
     </span>
    </p>
   </div>
   <div class='ocr_carea' id='block_1_7' title="bbox 360 603 1955 676">
    <p class='ocr_par' dir='ltr' id='par_1_7' title="bbox 360 603 1955 676">
     <span class='ocr_line' id='line_1_7' title="bbox 360 603 1955 676; baseline 0.003 -19"><span class='ocrx_word' id='word_1_36' title='bbox 360 619 459 674; x_wconf 82' lang='lat' dir='ltr'><strong>per</strong></span> <span class='ocrx_word' id='word_1_37' title='bbox 486 603 699 659; x_wconf 87' lang='lat' dir='ltr'><strong>litteras</strong></span> <span class='ocrx_word' id='word_1_38' title='bbox 724 604 1150 660; x_wconf 78' lang='lat' dir='ltr'><strong>communicare.</strong></span> <span class='ocrx_word' id='word_1_39' title='bbox 1180 604 1312 671; x_wconf 70' lang='lat' dir='ltr'><strong>Quae</strong></span> <span class='ocrx_word' id='word_1_40' title='bbox 1337 620 1467 676; x_wconf 87' lang='lat' dir='ltr'><strong>ergo</strong></span> <span class='ocrx_word' id='word_1_41' title='bbox 1490 621 1591 676; x_wconf 75' lang='lat' dir='ltr'><strong>pax</strong></span> <span class='ocrx_word' id='word_1_42' title='bbox 1614 616 1789 674; x_wconf 89' lang='lat' dir='ltr'><strong>potest</strong></span> <span class='ocrx_word' id='word_1_43' title='bbox 1812 620 1955 673; x_wconf 87' lang='lat' dir='ltr'><strong>esse,</strong></span> 
     </span>
    </p>
   </div>
   <div class='ocr_carea' id='block_1_8' title="bbox 363 696 1954 777">
    <p class='ocr_par' dir='ltr' id='par_1_8' title="bbox 363 696 1954 777">
     <span class='ocr_line' id='line_1_8' title="bbox 363 696 1954 777; baseline 0.003 -27"><span class='ocrx_word' id='word_1_44' title='bbox 363 698 810 777; x_wconf 74' lang='lat' dir='ltr'><strong>tranquillissime</strong></span> <span class='ocrx_word' id='word_1_45' title='bbox 838 697 1156 767; x_wconf 74' lang='lat' dir='ltr'><strong>imperator,</strong></span> <span class='ocrx_word' id='word_1_46' title='bbox 1186 697 1232 752; x_wconf 92' lang='lat' dir='ltr'><strong>si</strong></span> <span class='ocrx_word' id='word_1_47' title='bbox 1262 696 1337 769; x_wconf 90' lang='lat' dir='ltr'><strong>(b)</strong></span> <span class='ocrx_word' id='word_1_48' title='bbox 1383 697 1639 753; x_wconf 73' lang='lat' dir='ltr'><strong>exhibitis</strong></span> <span class='ocrx_word' id='word_1_49' title='bbox 1684 698 1954 768; x_wconf 75' lang='lat' dir='ltr'><strong>episcopi,</strong></span> 
     </span>
    </p>
   </div>
   <div class='ocr_carea' id='block_1_9' title="bbox 362 776 1957 863">
    <p class='ocr_par' dir='ltr' id='par_1_9' title="bbox 362 776 1957 863">
     <span class='ocr_line' id='line_1_9' title="bbox 362 776 1957 863; baseline 0.002 -18"><span class='ocrx_word' id='word_1_50' title='bbox 362 799 420 846; x_wconf 91' lang='lat' dir='ltr'><strong>ut</strong></span> <span class='ocrx_word' id='word_1_51' title='bbox 445 806 589 846; x_wconf 89' lang='lat' dir='ltr'><strong>nunc</strong></span> <span class='ocrx_word' id='word_1_52' title='bbox 648 776 742 861; x_wconf 71' lang='lat' dir='ltr'><strong>per</strong></span> <span class='ocrx_word' id='word_1_53' title='bbox 786 784 1004 846; x_wconf 75' lang='lat' dir='ltr'><strong>Italiam</strong></span> <span class='ocrx_word' id='word_1_54' title='bbox 1030 790 1227 846; x_wconf 88' lang='lat' dir='ltr'><strong>factum</strong></span> <span class='ocrx_word' id='word_1_55' title='bbox 1284 800 1401 857; x_wconf 87' lang='lat' dir='ltr'><strong>est,</strong></span> <span class='ocrx_word' id='word_1_56' title='bbox 1460 801 1724 863; x_wconf 76' lang='lat' dir='ltr'><strong>cogantur</strong></span> <span class='ocrx_word' id='word_1_57' title='bbox 1771 792 1957 848; x_wconf 85' lang='lat' dir='ltr'><strong>talium</strong></span> 
     </span>
    </p>
   </div>
   <div class='ocr_carea' id='block_1_10' title="bbox 362 880 953 938">
    <p class='ocr_par' dir='ltr' id='par_1_10' title="bbox 362 880 953 938">
     <span class='ocr_line' id='line_1_10' title="bbox 362 880 953 938; baseline -0.005 -1"><span class='ocrx_word' id='word_1_58' title='bbox 362 884 649 937; x_wconf 88' lang='lat' dir='ltr'><strong>sententiis</strong></span> <span class='ocrx_word' id='word_1_59' title='bbox 677 882 900 938; x_wconf 85' lang='lat' dir='ltr'><strong>obedire</strong></span> <span class='ocrx_word' id='word_1_60' title='bbox 930 880 953 933; x_wconf 71' lang='grc' dir='ltr'><em>ἲ</em></span> 
     </span>
    </p>
   </div>
   <div class='ocr_carea' id='block_1_11' title="bbox 436 972 1958 1047">
    <p class='ocr_par' dir='ltr' id='par_1_11' title="bbox 436 972 1958 1047">
     <span class='ocr_line' id='line_1_11' title="bbox 436 972 1958 1047; baseline 0.001 -20"><span class='ocrx_word' id='word_1_61' title='bbox 436 974 488 1027; x_wconf 83' lang='grc'><strong>5.</strong></span> <span class='ocrx_word' id='word_1_62' title='bbox 542 973 739 1046; x_wconf 81' lang='lat' dir='ltr'><strong>Accipe</strong></span> <span class='ocrx_word' id='word_1_63' title='bbox 788 972 969 1038; x_wconf 89' lang='lat' dir='ltr'><strong>aliud,</strong></span> <span class='ocrx_word' id='word_1_64' title='bbox 1008 974 1132 1045; x_wconf 89' lang='lat' dir='ltr'><strong>quia</strong></span> <span class='ocrx_word' id='word_1_65' title='bbox 1170 975 1533 1045; x_wconf 83' lang='lat' dir='ltr'><strong>tranquillitas</strong></span> <span class='ocrx_word' id='word_1_66' title='bbox 1560 984 1646 1029; x_wconf 90' lang='lat' dir='ltr'><strong>tua</strong></span> <span class='ocrx_word' id='word_1_67' title='bbox 1670 974 1837 1047; x_wconf 63' lang='grc'><strong>674</strong></span> <span class='ocrx_word' id='word_1_68' title='bbox 1867 990 1958 1045; x_wconf 87' lang='lat' dir='ltr'><strong>pa-</strong></span> 
     </span>
    </p>
   </div>
   <div class='ocr_carea' id='block_1_12' title="bbox 362 1066 1958 1140">
    <p class='ocr_par' dir='ltr' id='par_1_12' title="bbox 362 1066 1958 1140">
     <span class='ocr_line' id='line_1_12' title="bbox 362 1066 1958 1140; baseline 0.002 -19"><span class='ocrx_word' id='word_1_69' title='bbox 362 1068 561 1123; x_wconf 87' lang='lat' dir='ltr'><strong>tienter</strong></span> <span class='ocrx_word' id='word_1_70' title='bbox 588 1067 841 1122; x_wconf 87' lang='lat' dir='ltr'><strong>admittit.</strong></span> <span class='ocrx_word' id='word_1_71' title='bbox 867 1066 1083 1123; x_wconf 74' lang='lat' dir='ltr'><strong>Manent</strong></span> <span class='ocrx_word' id='word_1_72' title='bbox 1113 1068 1410 1139; x_wconf 75' lang='lat' dir='ltr'><strong>legatorum</strong></span> <span class='ocrx_word' id='word_1_73' title='bbox 1471 1070 1545 1139; x_wconf 80' lang='grc' dir='ltr'><strong>(ε)</strong></span> <span class='ocrx_word' id='word_1_74' title='bbox 1607 1070 1800 1124; x_wconf 67' lang='lat' dir='ltr'><strong>littera:</strong></span> <span class='ocrx_word' id='word_1_75' title='bbox 1820 1111 1835 1135; x_wconf 97' lang='lat'><strong>,</strong></span> <span class='ocrx_word' id='word_1_76' title='bbox 1866 1070 1958 1140; x_wconf 88' lang='lat' dir='ltr'><strong>qui</strong></span> 
     </span>
    </p>
   </div>
   <div class='ocr_carea' id='block_1_13' title="bbox 358 1158 1959 1230">
    <p class='ocr_par' dir='ltr' id='par_1_13' title="bbox 358 1158 1959 1230">
     <span class='ocr_line' id='line_1_13' title="bbox 358 1158 1959 1230; baseline 0.002 -17"><span class='ocrx_word' id='word_1_77' title='bbox 358 1160 427 1213; x_wconf 83' lang='lat' dir='ltr'><strong>ad</strong></span> <span class='ocrx_word' id='word_1_78' title='bbox 456 1159 799 1215; x_wconf 84' lang='lat' dir='ltr'><strong>clementiam</strong></span> <span class='ocrx_word' id='word_1_79' title='bbox 832 1170 976 1213; x_wconf 80' lang='lat' dir='ltr'><strong>tuam</strong></span> <span class='ocrx_word' id='word_1_80' title='bbox 1004 1158 1221 1223; x_wconf 75' lang='lat' dir='ltr'><strong>fuerant</strong></span> <span class='ocrx_word' id='word_1_81' title='bbox 1274 1158 1565 1225; x_wconf 80' lang='lat' dir='ltr'><strong>destinati,</strong></span> <span class='ocrx_word' id='word_1_82' title='bbox 1609 1176 1731 1230; x_wconf 69' lang='lat' dir='ltr'><strong>qua:</strong></span> <span class='ocrx_word' id='word_1_83' title='bbox 1783 1176 1959 1230; x_wconf 86' lang='lat' dir='ltr'><strong>nuper</strong></span> 
     </span>
    </p>
   </div>
   <div class='ocr_carea' id='block_1_14' title="bbox 362 1250 1955 1322">
    <p class='ocr_par' dir='ltr' id='par_1_14' title="bbox 362 1250 1955 1322">
     <span class='ocr_line' id='line_1_14' title="bbox 362 1250 1955 1322; baseline 0.003 -17"><span class='ocrx_word' id='word_1_84' title='bbox 362 1259 665 1307; x_wconf 70' lang='lat' dir='ltr'><strong>venierunt:</strong></span> <span class='ocrx_word' id='word_1_85' title='bbox 696 1251 891 1320; x_wconf 83' lang='lat' dir='ltr'><strong>quibus</strong></span> <span class='ocrx_word' id='word_1_86' title='bbox 931 1250 1274 1322; x_wconf 82' lang='lat' dir='ltr'><strong>signiﬁcant,</strong></span> <span class='ocrx_word' id='word_1_87' title='bbox 1326 1266 1546 1321; x_wconf 80' lang='lat' dir='ltr'><strong>propter</strong></span> <span class='ocrx_word' id='word_1_88' title='bbox 1587 1253 1955 1308; x_wconf 87' lang='lat' dir='ltr'><strong>turbationem</strong></span> 
     </span>
    </p>
   </div>
   <div class='ocr_carea' id='block_1_15' title="bbox 360 1342 1957 1414">
    <p class='ocr_par' dir='ltr' id='par_1_15' title="bbox 360 1342 1957 1414">
     <span class='ocr_line' id='line_1_15' title="bbox 360 1342 1957 1414; baseline 0.002 -18"><span class='ocrx_word' id='word_1_89' title='bbox 360 1343 577 1414; x_wconf 86' lang='lat' dir='ltr'><strong>quidem</strong></span> <span class='ocrx_word' id='word_1_90' title='bbox 598 1343 838 1398; x_wconf 87' lang='lat' dir='ltr'><strong>omnium</strong></span> <span class='ocrx_word' id='word_1_91' title='bbox 863 1342 1216 1399; x_wconf 89' lang='lat' dir='ltr'><strong>ecclesarium</strong></span> <span class='ocrx_word' id='word_1_92' title='bbox 1244 1358 1305 1399; x_wconf 92' lang='lat' dir='ltr'><strong>se</strong></span> <span class='ocrx_word' id='word_1_93' title='bbox 1317 1345 1530 1414; x_wconf 90' lang='lat' dir='ltr'><strong>quidem</strong></span> <span class='ocrx_word' id='word_1_94' title='bbox 1560 1356 1686 1400; x_wconf 89' lang='lat' dir='ltr'><strong>ante</strong></span> <span class='ocrx_word' id='word_1_95' title='bbox 1708 1360 1957 1400; x_wconf 90' lang='lat' dir='ltr'><strong>succum-</strong></span> 
     </span>
    </p>
   </div>
   <div class='ocr_carea' id='block_1_16' title="bbox 359 1436 1956 1510">
    <p class='ocr_par' dir='ltr' id='par_1_16' title="bbox 359 1436 1956 1510">
     <span class='ocr_line' id='line_1_16' title="bbox 359 1436 1956 1510; baseline 0.003 -19"><span class='ocrx_word' id='word_1_96' title='bbox 359 1436 491 1491; x_wconf 85' lang='lat' dir='ltr'><strong>bere</strong></span> <span class='ocrx_word' id='word_1_97' title='bbox 518 1436 804 1492; x_wconf 87' lang='lat' dir='ltr'><strong>sententiis</strong></span> <span class='ocrx_word' id='word_1_98' title='bbox 859 1436 1215 1492; x_wconf 83' lang='lat' dir='ltr'><strong>Orientalium</strong></span> <span class='ocrx_word' id='word_1_99' title='bbox 1277 1438 1546 1504; x_wconf 87' lang='lat' dir='ltr'><strong>voluisse,</strong></span> <span class='ocrx_word' id='word_1_100' title='bbox 1607 1441 1956 1510; x_wconf 78' lang='lat' dir='ltr'><strong>proposuisse</strong></span> 
     </span>
    </p>
   </div>
   <div class='ocr_carea' id='block_1_17' title="bbox 359 1528 1955 1593">
    <p class='ocr_par' dir='ltr' id='par_1_17' title="bbox 359 1528 1955 1593">
     <span class='ocr_line' id='line_1_17' title="bbox 359 1528 1955 1593; baseline 0.003 -10"><span class='ocrx_word' id='word_1_101' title='bbox 359 1538 540 1586; x_wconf 84' lang='lat' dir='ltr'><strong>tamen</strong></span> <span class='ocrx_word' id='word_1_102' title='bbox 563 1528 933 1585; x_wconf 86' lang='lat' dir='ltr'><strong>conditionem</strong></span> <span class='ocrx_word' id='word_1_103' title='bbox 953 1571 967 1593; x_wconf 92' lang='lat'><strong>,</strong></span> <span class='ocrx_word' id='word_1_104' title='bbox 1000 1538 1058 1584; x_wconf 93' lang='lat' dir='ltr'><strong>ut</strong></span> <span class='ocrx_word' id='word_1_105' title='bbox 1087 1530 1132 1584; x_wconf 90' lang='lat' dir='ltr'><strong>si</strong></span> <span class='ocrx_word' id='word_1_106' title='bbox 1161 1530 1323 1584; x_wconf 92' lang='lat' dir='ltr'><strong>iidem</strong></span> <span class='ocrx_word' id='word_1_107' title='bbox 1352 1529 1466 1585; x_wconf 81' lang='lat' dir='ltr'><strong>Arii</strong></span> <span class='ocrx_word' id='word_1_108' title='bbox 1522 1531 1771 1587; x_wconf 64' lang='lat' dir='ltr'><strong>haeresim</strong></span> <span class='ocrx_word' id='word_1_109' title='bbox 1820 1548 1955 1588; x_wconf 50' lang='lat' dir='ltr'><strong>con.</strong></span> 
     </span>
    </p>
   </div>
   <div class='ocr_carea' id='block_1_18' title="bbox 355 1620 1956 1692">
    <p class='ocr_par' dir='ltr' id='par_1_18' title="bbox 355 1620 1956 1692">
     <span class='ocr_line' id='line_1_18' title="bbox 355 1620 1956 1692; baseline 0.002 -16"><span class='ocrx_word' id='word_1_110' title='bbox 355 1623 737 1688; x_wconf 77' lang='lat' dir='ltr'><strong>damnassent,</strong></span> <span class='ocrx_word' id='word_1_111' title='bbox 771 1621 874 1677; x_wconf 90' lang='lat' dir='ltr'><strong>hoc</strong></span> <span class='ocrx_word' id='word_1_112' title='bbox 902 1637 1102 1692; x_wconf 90' lang='lat' dir='ltr'><strong>genere</strong></span> <span class='ocrx_word' id='word_1_113' title='bbox 1128 1620 1374 1678; x_wconf 88' lang='lat' dir='ltr'><strong>inclinati</strong></span> <span class='ocrx_word' id='word_1_114' title='bbox 1428 1638 1616 1679; x_wconf 90' lang='lat' dir='ltr'><strong>eorum</strong></span> <span class='ocrx_word' id='word_1_115' title='bbox 1671 1626 1956 1681; x_wconf 87' lang='lat' dir='ltr'><strong>sententiis</strong></span> 
     </span>
    </p>
   </div>
   <div class='ocr_carea' id='block_1_19' title="bbox 2063 428 3660 508">
    <p class='ocr_par' dir='ltr' id='par_1_19' title="bbox 2063 428 3660 508">
     <span class='ocr_line' id='line_1_19' title="bbox 2063 428 3660 508; baseline 0.01 -29"><span class='ocrx_word' id='word_1_116' title='bbox 2063 432 2116 479; x_wconf 89' lang='lat' dir='ltr'><strong>ta</strong></span> <span class='ocrx_word' id='word_1_117' title='bbox 2137 465 2151 490; x_wconf 95' lang='lat'><strong>,</strong></span> <span class='ocrx_word' id='word_1_118' title='bbox 2174 439 2294 481; x_wconf 91' lang='lat' dir='ltr'><strong>cum</strong></span> <span class='ocrx_word' id='word_1_119' title='bbox 2325 428 2628 483; x_wconf 85' lang='lat' dir='ltr'><strong>eoiistiterit</strong></span> <span class='ocrx_word' id='word_1_120' title='bbox 2653 443 2843 485; x_wconf 85' lang='lat' dir='ltr'><strong>omnes</strong></span> <span class='ocrx_word' id='word_1_121' title='bbox 2873 429 2928 486; x_wconf 93' lang='lat' dir='ltr'><strong>in</strong></span> <span class='ocrx_word' id='word_1_122' title='bbox 2956 432 3345 500; x_wconf 80' lang='lat' dir='ltr'><strong>expositionem</strong></span> <span class='ocrx_word' id='word_1_123' title='bbox 3370 434 3518 502; x_wconf 85' lang='lat' dir='ltr'><strong>ﬁdei,</strong></span> <span class='ocrx_word' id='word_1_124' title='bbox 3538 454 3660 508; x_wconf 72' lang='lat' dir='ltr'><strong>quae</strong></span> 
     </span>
    </p>
   </div>
   <div class='ocr_carea' id='block_1_20' title="bbox 2063 516 3657 596">
    <p class='ocr_par' dir='ltr' id='par_1_20' title="bbox 2063 516 3657 596">
     <span class='ocr_line' id='line_1_20' title="bbox 2063 516 3657 596; baseline 0.011 -26"><span class='ocrx_word' id='word_1_125' title='bbox 2063 516 2205 574; x_wconf 89' lang='lat' dir='ltr'><strong>inter</strong></span> <span class='ocrx_word' id='word_1_126' title='bbox 2234 526 2415 575; x_wconf 88' lang='lat' dir='ltr'><strong>tantos</strong></span> <span class='ocrx_word' id='word_1_127' title='bbox 2444 521 2730 592; x_wconf 81' lang='lat' dir='ltr'><strong>episcopos</strong></span> <span class='ocrx_word' id='word_1_128' title='bbox 2760 523 2904 593; x_wconf 86' lang='lat' dir='ltr'><strong>apud</strong></span> <span class='ocrx_word' id='word_1_129' title='bbox 2937 523 3167 585; x_wconf 60' lang='lat' dir='ltr'><strong>Nicaeam</strong></span> <span class='ocrx_word' id='word_1_130' title='bbox 3198 536 3467 596; x_wconf 56' lang='lat' dir='ltr'><strong>praesente</strong></span> <span class='ocrx_word' id='word_1_131' title='bbox 3496 546 3657 589; x_wconf 82' lang='lat' dir='ltr'><strong>sanc-</strong></span> 
     </span>
    </p>
   </div>
   <div class='ocr_carea' id='block_1_21' title="bbox 2064 612 3661 688">
    <p class='ocr_par' dir='ltr' id='par_1_21' title="bbox 2064 612 3661 688">
     <span class='ocr_line' id='line_1_21' title="bbox 2064 612 3661 688; baseline 0.009 -24"><span class='ocrx_word' id='word_1_132' title='bbox 2064 617 2131 666; x_wconf 78' lang='lat' dir='ltr'><strong>tae</strong></span> <span class='ocrx_word' id='word_1_133' title='bbox 2155 612 2433 667; x_wconf 76' lang='lat' dir='ltr'><strong>memoria:</strong></span> <span class='ocrx_word' id='word_1_134' title='bbox 2493 622 2642 681; x_wconf 83' lang='lat' dir='ltr'><strong>patre</strong></span> <span class='ocrx_word' id='word_1_135' title='bbox 2697 624 2789 669; x_wconf 92' lang='lat' dir='ltr'><strong>tuo</strong></span> <span class='ocrx_word' id='word_1_136' title='bbox 2834 616 3151 675; x_wconf 84' lang='lat' dir='ltr'><strong>conﬁrmata</strong></span> <span class='ocrx_word' id='word_1_137' title='bbox 3196 630 3309 688; x_wconf 89' lang='lat' dir='ltr'><strong>est,</strong></span> <span class='ocrx_word' id='word_1_138' title='bbox 3376 621 3661 683; x_wconf 86' lang='lat' dir='ltr'><strong>universos</strong></span> 
     </span>
    </p>
   </div>
   <div class='ocr_carea' id='block_1_22' title="bbox 2062 705 3651 782">
    <p class='ocr_par' dir='ltr' id='par_1_22' title="bbox 2062 705 3651 782">
     <span class='ocr_line' id='line_1_22' title="bbox 2062 705 3651 782; baseline 0.009 -24"><span class='ocrx_word' id='word_1_139' title='bbox 2062 705 2440 780; x_wconf 82' lang='lat' dir='ltr'><strong>consensisse,</strong></span> <span class='ocrx_word' id='word_1_140' title='bbox 2468 720 2589 767; x_wconf 89' lang='lat' dir='ltr'><strong>cum</strong></span> <span class='ocrx_word' id='word_1_141' title='bbox 2618 707 2870 776; x_wconf 82' lang='lat' dir='ltr'><strong>exemplo</strong></span> <span class='ocrx_word' id='word_1_142' title='bbox 2900 708 3178 777; x_wconf 89' lang='lat' dir='ltr'><strong>possintin</strong></span> <span class='ocrx_word' id='word_1_143' title='bbox 3210 721 3482 782; x_wconf 86' lang='lat' dir='ltr'><strong>posterum</strong></span> <span class='ocrx_word' id='word_1_144' title='bbox 3529 729 3651 775; x_wconf 83' lang='lat' dir='ltr'><strong>cus-</strong></span> 
     </span>
    </p>
   </div>
   <div class='ocr_carea' id='block_1_23' title="bbox 2064 797 3662 876">
    <p class='ocr_par' dir='ltr' id='par_1_23' title="bbox 2064 797 3662 876">
     <span class='ocr_line' id='line_1_23' title="bbox 2064 797 3662 876; baseline 0.008 -23"><span class='ocrx_word' id='word_1_145' title='bbox 2064 797 2261 855; x_wconf 87' lang='lat' dir='ltr'><strong>todiri:</strong></span> <span class='ocrx_word' id='word_1_146' title='bbox 2294 800 2488 869; x_wconf 91' lang='lat' dir='ltr'><strong>utipse</strong></span> <span class='ocrx_word' id='word_1_147' title='bbox 2544 801 2814 868; x_wconf 80' lang='lat' dir='ltr'><strong>Salvator,</strong></span> <span class='ocrx_word' id='word_1_148' title='bbox 2842 804 2933 872; x_wconf 89' lang='lat' dir='ltr'><strong>qui</strong></span> <span class='ocrx_word' id='word_1_149' title='bbox 2964 804 3031 859; x_wconf 90' lang='lat' dir='ltr'><strong>de</strong></span> <span class='ocrx_word' id='word_1_150' title='bbox 3078 820 3244 876; x_wconf 89' lang='lat' dir='ltr'><strong>super</strong></span> <span class='ocrx_word' id='word_1_151' title='bbox 3292 808 3491 863; x_wconf 88' lang='lat' dir='ltr'><strong>mentis</strong></span> <span class='ocrx_word' id='word_1_152' title='bbox 3554 818 3662 873; x_wconf 68' lang='lat' dir='ltr'><strong>tua:</strong></span> 
     </span>
    </p>
   </div>
   <div class='ocr_carea' id='block_1_24' title="bbox 2064 892 3657 971">
    <p class='ocr_par' dir='ltr' id='par_1_24' title="bbox 2064 892 3657 971">
     <span class='ocr_line' id='line_1_24' title="bbox 2064 892 3657 971; baseline 0.009 -26"><span class='ocrx_word' id='word_1_153' title='bbox 2064 892 2395 962; x_wconf 86' lang='lat' dir='ltr'><strong>propositum</strong></span> <span class='ocrx_word' id='word_1_154' title='bbox 2426 893 2682 959; x_wconf 89' lang='lat' dir='ltr'><strong>intuetur,</strong></span> <span class='ocrx_word' id='word_1_155' title='bbox 2721 893 2773 949; x_wconf 92' lang='lat' dir='ltr'><strong>in</strong></span> <span class='ocrx_word' id='word_1_156' title='bbox 2810 904 2955 950; x_wconf 87' lang='lat' dir='ltr'><strong>tanta</strong></span> <span class='ocrx_word' id='word_1_157' title='bbox 2983 912 3163 953; x_wconf 90' lang='lat' dir='ltr'><strong>rerum</strong></span> <span class='ocrx_word' id='word_1_158' title='bbox 3192 900 3539 971; x_wconf 83' lang='lat' dir='ltr'><strong>expeditione</strong></span> <span class='ocrx_word' id='word_1_159' title='bbox 3561 902 3657 958; x_wconf 76' lang='lat' dir='ltr'><strong>lai-</strong></span> 
     </span>
    </p>
   </div>
   <div class='ocr_carea' id='block_1_25' title="bbox 2063 984 3660 1060">
    <p class='ocr_par' dir='ltr' id='par_1_25' title="bbox 2063 984 3660 1060">
     <span class='ocr_line' id='line_1_25' title="bbox 2063 984 3660 1060; baseline 0.005 -22"><span class='ocrx_word' id='word_1_160' title='bbox 2063 993 2226 1049; x_wconf 84' lang='lat' dir='ltr'><strong>tetur,</strong></span> <span class='ocrx_word' id='word_1_161' title='bbox 2259 1000 2476 1041; x_wconf 86' lang='lat' dir='ltr'><strong>causam</strong></span> <span class='ocrx_word' id='word_1_162' title='bbox 2511 984 2636 1041; x_wconf 90' lang='lat' dir='ltr'><strong>ﬁdei</strong></span> <span class='ocrx_word' id='word_1_163' title='bbox 2666 994 2721 1043; x_wconf 86' lang='lat' dir='ltr'><strong>et</strong></span> <span class='ocrx_word' id='word_1_164' title='bbox 2747 988 2892 1057; x_wconf 81' lang='lat' dir='ltr'><strong>pacis</strong></span> <span class='ocrx_word' id='word_1_165' title='bbox 2938 991 3102 1045; x_wconf 78' lang='lat' dir='ltr'><strong>etiam</strong></span> <span class='ocrx_word' id='word_1_166' title='bbox 3134 991 3444 1060; x_wconf 77' lang='lat' dir='ltr'><strong>reipublica‘.</strong></span> <span class='ocrx_word' id='word_1_167' title='bbox 3472 1008 3660 1055; x_wconf 83' lang='lat' dir='ltr'><strong>neces-</strong></span> 
     </span>
    </p>
   </div>
   <div class='ocr_carea' id='block_1_26' title="bbox 2061 1076 3659 1161">
    <p class='ocr_par' dir='ltr' id='par_1_26' title="bbox 2061 1076 3659 1161">
     <span class='ocr_line' id='line_1_26' title="bbox 2061 1076 3659 1161; baseline 0.006 -31"><span class='ocrx_word' id='word_1_168' title='bbox 2061 1076 2312 1132; x_wconf 87' lang='lat' dir='ltr'><strong>sitatibus</strong></span> <span class='ocrx_word' id='word_1_169' title='bbox 2344 1094 2448 1132; x_wconf 86' lang='lat' dir='ltr'><strong>non</strong></span> <span class='ocrx_word' id='word_1_170' title='bbox 2497 1079 2771 1137; x_wconf 88' lang='lat' dir='ltr'><strong>imuierito</strong></span> <span class='ocrx_word' id='word_1_171' title='bbox 2798 1081 3178 1150; x_wconf 73' lang='lat' dir='ltr'><strong>prieposuisse.</strong></span> <span class='ocrx_word' id='word_1_172' title='bbox 3212 1082 3292 1139; x_wconf 84' lang='lat' dir='ltr'><strong>Ad</strong></span> <span class='ocrx_word' id='word_1_173' title='bbox 3321 1084 3659 1161; x_wconf 80' lang='lat' dir='ltr'><strong>exorandum</strong></span> 
     </span>
    </p>
   </div>
   <div class='ocr_carea' id='block_1_27' title="bbox 2063 1168 3663 1241">
    <p class='ocr_par' dir='ltr' id='par_1_27' title="bbox 2063 1168 3663 1241">
     <span class='ocr_line' id='line_1_27' title="bbox 2063 1168 3663 1241; baseline 0.008 -18"><span class='ocrx_word' id='word_1_174' title='bbox 2063 1168 2225 1239; x_wconf 78' lang='lat' dir='ltr'><strong>igitur</strong></span> <span class='ocrx_word' id='word_1_175' title='bbox 2252 1171 2723 1231; x_wconf 83' lang='lat' dir='ltr'><strong>mansuetudinem</strong></span> <span class='ocrx_word' id='word_1_176' title='bbox 2755 1180 2898 1226; x_wconf 88' lang='lat' dir='ltr'><strong>tuatn</strong></span> <span class='ocrx_word' id='word_1_177' title='bbox 2916 1214 2931 1240; x_wconf 96' lang='lat'><strong>,</strong></span> <span class='ocrx_word' id='word_1_178' title='bbox 2958 1182 3013 1227; x_wconf 88' lang='lat' dir='ltr'><strong>ut</strong></span> <span class='ocrx_word' id='word_1_179' title='bbox 3033 1173 3303 1231; x_wconf 88' lang='lat' dir='ltr'><strong>benevolo</strong></span> <span class='ocrx_word' id='word_1_180' title='bbox 3325 1176 3508 1241; x_wconf 86' lang='lat' dir='ltr'><strong>animo</strong></span> <span class='ocrx_word' id='word_1_181' title='bbox 3531 1179 3663 1235; x_wconf 85' lang='lat' dir='ltr'><strong>alle-</strong></span> 
     </span>
    </p>
   </div>
   <div class='ocr_carea' id='block_1_28' title="bbox 2060 1262 3656 1343">
    <p class='ocr_par' dir='ltr' id='par_1_28' title="bbox 2060 1262 3656 1343">
     <span class='ocr_line' id='line_1_28' title="bbox 2060 1262 3656 1343; baseline 0.009 -29"><span class='ocrx_word' id='word_1_182' title='bbox 2060 1262 2306 1330; x_wconf 85' lang='lat' dir='ltr'><strong>gatioues</strong></span> <span class='ocrx_word' id='word_1_183' title='bbox 2338 1271 2554 1319; x_wconf 88' lang='lat' dir='ltr'><strong>nostras</strong></span> <span class='ocrx_word' id='word_1_184' title='bbox 2578 1264 3066 1338; x_wconf 81' lang='lat' dir='ltr'><strong>audiredigueris,</strong></span> <span class='ocrx_word' id='word_1_185' title='bbox 3095 1266 3316 1325; x_wconf 78' lang='lat' dir='ltr'><strong>fratrem</strong></span> <span class='ocrx_word' id='word_1_186' title='bbox 3365 1280 3420 1325; x_wconf 89' lang='lat' dir='ltr'><strong>et</strong></span> <span class='ocrx_word' id='word_1_187' title='bbox 3476 1274 3656 1343; x_wconf 86' lang='lat' dir='ltr'><strong>coepi-</strong></span> 
     </span>
    </p>
   </div>
   <div class='ocr_carea' id='block_1_29' title="bbox 2060 1357 3659 1423">
    <p class='ocr_par' dir='ltr' id='par_1_29' title="bbox 2060 1357 3659 1423">
     <span class='ocr_line' id='line_1_29' title="bbox 2060 1357 3659 1423; baseline 0.008 -16"><span class='ocrx_word' id='word_1_188' title='bbox 2060 1366 2282 1422; x_wconf 92' lang='lat' dir='ltr'><strong>sc0pum</strong></span> <span class='ocrx_word' id='word_1_189' title='bbox 2311 1369 2491 1411; x_wconf 90' lang='lat' dir='ltr'><strong>meum</strong></span> <span class='ocrx_word' id='word_1_190' title='bbox 2519 1365 2765 1410; x_wconf 89' lang='lat' dir='ltr'><strong>sanctum</strong></span> <span class='ocrx_word' id='word_1_191' title='bbox 2801 1357 2974 1412; x_wconf 87' lang='lat' dir='ltr'><strong>virum</strong></span> <span class='ocrx_word' id='word_1_192' title='bbox 3004 1357 3309 1417; x_wconf 81' lang='lat' dir='ltr'><strong>Luciferum</strong></span> <span class='ocrx_word' id='word_1_193' title='bbox 3359 1378 3481 1417; x_wconf 91' lang='lat' dir='ltr'><strong>cum</strong></span> <span class='ocrx_word' id='word_1_194' title='bbox 3519 1365 3659 1423; x_wconf 82' lang='lat' dir='ltr'><strong>Pan-</strong></span> 
     </span>
    </p>
   </div>
   <div class='ocr_carea' id='block_1_30' title="bbox 2069 1446 3657 1522">
    <p class='ocr_par' dir='ltr' id='par_1_30' title="bbox 2069 1446 3657 1522">
     <span class='ocr_line' id='line_1_30' title="bbox 2069 1446 3657 1522; baseline 0.008 -24"><span class='ocrx_word' id='word_1_195' title='bbox 2069 1446 2241 1499; x_wconf 88' lang='lat' dir='ltr'><strong>cratio</strong></span> <span class='ocrx_word' id='word_1_196' title='bbox 2264 1446 2584 1518; x_wconf 84' lang='lat' dir='ltr'><strong>presbytero</strong></span> <span class='ocrx_word' id='word_1_197' title='bbox 2605 1455 2661 1502; x_wconf 87' lang='lat' dir='ltr'><strong>et</strong></span> <span class='ocrx_word' id='word_1_198' title='bbox 2678 1448 2880 1505; x_wconf 90' lang='lat' dir='ltr'><strong>llilario</strong></span> <span class='ocrx_word' id='word_1_199' title='bbox 2900 1449 3128 1505; x_wconf 88' lang='lat' dir='ltr'><strong>diacono</strong></span> <span class='ocrx_word' id='word_1_200' title='bbox 3152 1452 3349 1522; x_wconf 83' lang='lat' dir='ltr'><strong>placuit</strong></span> <span class='ocrx_word' id='word_1_201' title='bbox 3367 1454 3657 1522; x_wconf 86' lang='lat' dir='ltr'><strong>proﬁcisci.</strong></span> 
     </span>
    </p>
   </div>
   <div class='ocr_carea' id='block_1_31' title="bbox 2063 1535 3657 1629">
    <p class='ocr_par' dir='ltr' id='par_1_31' title="bbox 2063 1535 3657 1629">
     <span class='ocr_line' id='line_1_31' title="bbox 2063 1535 3657 1629; baseline 0.01 -40"><span class='ocrx_word' id='word_1_202' title='bbox 2063 1535 2213 1604; x_wconf 85' lang='lat' dir='ltr'><strong>Quos</strong></span> <span class='ocrx_word' id='word_1_203' title='bbox 2243 1537 2516 1595; x_wconf 85' lang='lat' dir='ltr'><strong>credimus</strong></span> <span class='ocrx_word' id='word_1_204' title='bbox 2540 1538 2608 1595; x_wconf 90' lang='lat' dir='ltr'><strong>de</strong></span> <span class='ocrx_word' id='word_1_205' title='bbox 2630 1541 2916 1597; x_wconf 90' lang='lat' dir='ltr'><strong>clementia</strong></span> <span class='ocrx_word' id='word_1_206' title='bbox 2934 1551 3021 1607; x_wconf 86' lang='lat' dir='ltr'><strong>tua</strong></span> <span class='ocrx_word' id='word_1_207' title='bbox 3050 1543 3114 1598; x_wconf 89' lang='lat' dir='ltr'><strong>ad</strong></span> <span class='ocrx_word' id='word_1_208' title='bbox 3141 1559 3325 1613; x_wconf 89' lang='lat' dir='ltr'><strong>paceni</strong></span> <span class='ocrx_word' id='word_1_209' title='bbox 3346 1547 3511 1629; x_wconf 78' lang='lat'><strong>675</strong></span> <span class='ocrx_word' id='word_1_210' title='bbox 3536 1565 3657 1609; x_wconf 85' lang='lat' dir='ltr'><strong>om-</strong></span> 
     </span>
    </p>
   </div>
   <div class='ocr_carea' id='block_1_32' title="bbox 2061 1631 3655 1711">
    <p class='ocr_par' dir='ltr' id='par_1_32' title="bbox 2061 1631 3655 1711">
     <span class='ocr_line' id='line_1_32' title="bbox 2061 1631 3655 1711; baseline 0.009 -27"><span class='ocrx_word' id='word_1_211' title='bbox 2061 1631 2208 1687; x_wconf 90' lang='lat' dir='ltr'><strong>niutu</strong></span> <span class='ocrx_word' id='word_1_212' title='bbox 2232 1631 2584 1688; x_wconf 89' lang='lat' dir='ltr'><strong>ecclesiarum</strong></span> <span class='ocrx_word' id='word_1_213' title='bbox 2614 1634 2999 1691; x_wconf 87' lang='lat' dir='ltr'><strong>catholicarum</strong></span> <span class='ocrx_word' id='word_1_214' title='bbox 3045 1652 3149 1692; x_wconf 92' lang='lat' dir='ltr'><strong>non</strong></span> <span class='ocrx_word' id='word_1_215' title='bbox 3176 1638 3466 1695; x_wconf 90' lang='lat' dir='ltr'><strong>difﬁculter</strong></span> <span class='ocrx_word' id='word_1_216' title='bbox 3495 1657 3655 1711; x_wconf 89' lang='lat' dir='ltr'><strong>posse</strong></span> 
     </span>
    </p>
   </div>
   <div class='ocr_carea' id='block_1_33' title="bbox 354 1714 3651 1803">
    <p class='ocr_par' dir='ltr' id='par_1_33' title="bbox 354 1714 3651 1803">
     <span class='ocr_line' id='line_1_33' title="bbox 354 1714 3651 1803; baseline 0.006 -35"><span class='ocrx_word' id='word_1_217' title='bbox 354 1714 660 1771; x_wconf 84' lang='lat' dir='ltr'><strong>obedirent.</strong></span> <span class='ocrx_word' id='word_1_218' title='bbox 719 1714 982 1771; x_wconf 76' lang='lat' dir='ltr'><strong>Placitum</strong></span> <span class='ocrx_word' id='word_1_219' title='bbox 1008 1755 1023 1781; x_wconf 95' lang='lat'><strong>,</strong></span> <span class='ocrx_word' id='word_1_220' title='bbox 1056 1725 1113 1770; x_wconf 89' lang='lat' dir='ltr'><strong>ut</strong></span> <span class='ocrx_word' id='word_1_221' title='bbox 1152 1716 1251 1785; x_wconf 87' lang='lat' dir='ltr'><strong>ipsi</strong></span> <span class='ocrx_word' id='word_1_222' title='bbox 1305 1716 1643 1787; x_wconf 90' lang='lat' dir='ltr'><strong>signiﬁcant,</strong></span> <span class='ocrx_word' id='word_1_223' title='bbox 1686 1720 1953 1789; x_wconf 87' lang='lat' dir='ltr'><strong>scriptura</strong></span> <span class='ocrx_word' id='word_1_224' title='bbox 1982 1739 2031 1803; x_wconf 60' lang='grc' dir='ltr'>ε</span> <span class='ocrx_word' id='word_1_225' title='bbox 2059 1723 2347 1787; x_wconf 76' lang='lat' dir='ltr'><strong>concilium</strong></span> <span class='ocrx_word' id='word_1_226' title='bbox 2375 1726 2689 1793; x_wconf 87' lang='lat' dir='ltr'><strong>impetrare.</strong></span> <span class='ocrx_word' id='word_1_227' title='bbox 2716 1728 2808 1783; x_wconf 88' lang='lat' dir='ltr'><strong>Dei</strong></span> <span class='ocrx_word' id='word_1_228' title='bbox 2837 1732 3224 1801; x_wconf 87' lang='lat' dir='ltr'><strong>omnipotentis</strong></span> <span class='ocrx_word' id='word_1_229' title='bbox 3247 1734 3536 1803; x_wconf 74' lang='lat' dir='ltr'><strong>clementia</strong></span> <span class='ocrx_word' id='word_1_230' title='bbox 3598 1746 3651 1795; x_wconf 89' lang='lat' dir='ltr'><strong>te</strong></span> 
     </span>
    </p>
   </div>
   <div class='ocr_carea' id='block_1_34' title="bbox 354 1808 1947 1882">
    <p class='ocr_par' dir='ltr' id='par_1_34' title="bbox 354 1808 1947 1882">
     <span class='ocr_line' id='line_1_34' title="bbox 354 1808 1947 1882; baseline 0.004 -19"><span class='ocrx_word' id='word_1_231' title='bbox 354 1815 495 1864; x_wconf 82' lang='lat' dir='ltr'><strong>teste</strong></span> <span class='ocrx_word' id='word_1_232' title='bbox 525 1808 788 1875; x_wconf 87' lang='lat' dir='ltr'><strong>ﬁrmatur,</strong></span> <span class='ocrx_word' id='word_1_233' title='bbox 812 1809 920 1864; x_wconf 87' lang='lat' dir='ltr'><strong>itur</strong></span> <span class='ocrx_word' id='word_1_234' title='bbox 942 1809 994 1864; x_wconf 93' lang='lat' dir='ltr'><strong>in</strong></span> <span class='ocrx_word' id='word_1_235' title='bbox 1021 1808 1310 1865; x_wconf 85' lang='lat' dir='ltr'><strong>concilium</strong></span> <span class='ocrx_word' id='word_1_236' title='bbox 1342 1827 1355 1862; x_wconf 88' lang='lat'><strong>:</strong></span> <span class='ocrx_word' id='word_1_237' title='bbox 1388 1811 1659 1882; x_wconf 88' lang='lat' dir='ltr'><strong>accipiunt</strong></span> <span class='ocrx_word' id='word_1_238' title='bbox 1707 1828 1828 1873; x_wconf 91' lang='lat' dir='ltr'><strong>cum</strong></span> <span class='ocrx_word' id='word_1_239' title='bbox 1851 1813 1947 1869; x_wconf 83' lang='lat' dir='ltr'><strong>de-</strong></span> 
     </span>
    </p>
   </div>
   <div class='ocr_carea' id='block_1_35' title="bbox 353 1900 1948 1973">
    <p class='ocr_par' dir='ltr' id='par_1_35' title="bbox 353 1900 1948 1973">
     <span class='ocr_line' id='line_1_35' title="bbox 353 1900 1948 1973; baseline 0.006 -18"><span class='ocrx_word' id='word_1_240' title='bbox 353 1900 676 1958; x_wconf 87' lang='lat' dir='ltr'><strong>liberatione</strong></span> <span class='ocrx_word' id='word_1_241' title='bbox 709 1917 1002 1973; x_wconf 84' lang='lat' dir='ltr'><strong>respousa,</strong></span> <span class='ocrx_word' id='word_1_242' title='bbox 1064 1903 1177 1958; x_wconf 84' lang='lat' dir='ltr'><strong>Arii</strong></span> <span class='ocrx_word' id='word_1_243' title='bbox 1235 1903 1534 1959; x_wconf 86' lang='lat' dir='ltr'><strong>doctrinam</strong></span> <span class='ocrx_word' id='word_1_244' title='bbox 1584 1921 1641 1960; x_wconf 90' lang='lat' dir='ltr'><strong>se</strong></span> <span class='ocrx_word' id='word_1_245' title='bbox 1689 1906 1948 1964; x_wconf 86' lang='lat' dir='ltr'><strong>damnare</strong></span> 
     </span>
    </p>
   </div>
   <div class='ocr_carea' id='block_1_36' title="bbox 351 1994 1942 2068">
    <p class='ocr_par' dir='ltr' id='par_1_36' title="bbox 351 1994 1942 2068">
     <span class='ocr_line' id='line_1_36' title="bbox 351 1994 1942 2068; baseline 0.003 -19"><span class='ocrx_word' id='word_1_246' title='bbox 351 2008 462 2049; x_wconf 91' lang='lat' dir='ltr'><strong>non</strong></span> <span class='ocrx_word' id='word_1_247' title='bbox 494 2008 688 2063; x_wconf 89' lang='lat' dir='ltr'><strong>posse,</strong></span> <span class='ocrx_word' id='word_1_248' title='bbox 743 1994 1136 2061; x_wconf 85' lang='lat' dir='ltr'><strong>Athanasium,</strong></span> <span class='ocrx_word' id='word_1_249' title='bbox 1195 1994 1340 2065; x_wconf 91' lang='lat' dir='ltr'><strong>quod</strong></span> <span class='ocrx_word' id='word_1_250' title='bbox 1401 1995 1577 2050; x_wconf 86' lang='lat' dir='ltr'><strong>solum</strong></span> <span class='ocrx_word' id='word_1_251' title='bbox 1618 1996 1942 2068; x_wconf 81' lang='lat' dir='ltr'><strong>exigebant,</strong></span> 
     </span>
    </p>
   </div>
   <div class='ocr_carea' id='block_1_37' title="bbox 347 2086 1947 2158">
    <p class='ocr_par' dir='ltr' id='par_1_37' title="bbox 347 2086 1947 2158">
     <span class='ocr_line' id='line_1_37' title="bbox 347 2086 1947 2158; baseline 0.001 -15"><span class='ocrx_word' id='word_1_252' title='bbox 347 2088 733 2143; x_wconf 81' lang='lat' dir='ltr'><strong>Communione</strong></span> <span class='ocrx_word' id='word_1_253' title='bbox 774 2102 898 2143; x_wconf 84' lang='lat' dir='ltr'><strong>esse</strong></span> <span class='ocrx_word' id='word_1_254' title='bbox 943 2086 1281 2158; x_wconf 84' lang='lat' dir='ltr'><strong>privandum.</strong></span> <span class='ocrx_word' id='word_1_255' title='bbox 1322 2087 1459 2143; x_wconf 84' lang='lat' dir='ltr'><strong>Hinc</strong></span> <span class='ocrx_word' id='word_1_256' title='bbox 1501 2087 1613 2158; x_wconf 88' lang='lat' dir='ltr'><strong>jam</strong></span> <span class='ocrx_word' id='word_1_257' title='bbox 1659 2090 1947 2145; x_wconf 85' lang='lat' dir='ltr'><strong>cletneutia</strong></span> 
     </span>
    </p>
   </div>
   <div class='ocr_carea' id='block_1_38' title="bbox 348 2180 1952 2253">
    <p class='ocr_par' dir='ltr' id='par_1_38' title="bbox 348 2180 1952 2253">
     <span class='ocr_line' id='line_1_38' title="bbox 348 2180 1952 2253; baseline 0.001 -17"><span class='ocrx_word' id='word_1_258' title='bbox 348 2193 439 2237; x_wconf 90' lang='lat' dir='ltr'><strong>tua</strong></span> <span class='ocrx_word' id='word_1_259' title='bbox 466 2183 566 2237; x_wconf 88' lang='lat' dir='ltr'><strong>hoc</strong></span> <span class='ocrx_word' id='word_1_260' title='bbox 592 2197 807 2253; x_wconf 84' lang='lat' dir='ltr'><strong>quoque</strong></span> <span class='ocrx_word' id='word_1_261' title='bbox 834 2180 1175 2246; x_wconf 88' lang='lat' dir='ltr'><strong>consideret,</strong></span> <span class='ocrx_word' id='word_1_262' title='bbox 1206 2190 1354 2237; x_wconf 89' lang='lat' dir='ltr'><strong>recte</strong></span> <span class='ocrx_word' id='word_1_263' title='bbox 1407 2181 1691 2238; x_wconf 78' lang='lat' dir='ltr'><strong>catholicze</strong></span> <span class='ocrx_word' id='word_1_264' title='bbox 1736 2183 1952 2253; x_wconf 89' lang='lat' dir='ltr'><strong>religio-</strong></span> 
     </span>
    </p>
   </div>
   <div class='ocr_carea' id='block_1_39' title="bbox 345 2273 1944 2346">
    <p class='ocr_par' dir='ltr' id='par_1_39' title="bbox 345 2273 1944 2346">
     <span class='ocr_line' id='line_1_39' title="bbox 345 2273 1944 2346; baseline 0.003 -19"><span class='ocrx_word' id='word_1_265' title='bbox 345 2273 433 2327; x_wconf 66' lang='lat' dir='ltr'><strong>nii</strong></span> <span class='ocrx_word' id='word_1_266' title='bbox 460 2274 583 2343; x_wconf 86' lang='lat' dir='ltr'><strong>jure</strong></span> <span class='ocrx_word' id='word_1_267' title='bbox 606 2283 818 2329; x_wconf 86' lang='lat' dir='ltr'><strong>servato</strong></span> <span class='ocrx_word' id='word_1_268' title='bbox 840 2315 855 2338; x_wconf 95' lang='lat'><strong>,</strong></span> <span class='ocrx_word' id='word_1_269' title='bbox 890 2289 956 2327; x_wconf 89' lang='lat' dir='ltr'><strong>au</strong></span> <span class='ocrx_word' id='word_1_270' title='bbox 983 2274 1216 2329; x_wconf 80' lang='lat' dir='ltr'><strong>hominis</strong></span> <span class='ocrx_word' id='word_1_271' title='bbox 1243 2287 1407 2328; x_wconf 90' lang='lat' dir='ltr'><strong>causa</strong></span> <span class='ocrx_word' id='word_1_272' title='bbox 1465 2273 1665 2330; x_wconf 89' lang='lat' dir='ltr'><strong>debeat</strong></span> <span class='ocrx_word' id='word_1_273' title='bbox 1711 2274 1944 2346; x_wconf 88' lang='lat' dir='ltr'><strong>diligen-</strong></span> 
     </span>
    </p>
   </div>
   <div class='ocr_carea' id='block_1_40' title="bbox 357 2366 1087 2437">
    <p class='ocr_par' dir='ltr' id='par_1_40' title="bbox 357 2366 1087 2437">
     <span class='ocr_line' id='line_1_40' title="bbox 357 2366 1087 2437; baseline -0.004 -16"><span class='ocrx_word' id='word_1_274' title='bbox 357 2378 442 2421; x_wconf 85' lang='lat' dir='ltr'><strong>ter</strong></span> <span class='ocrx_word' id='word_1_275' title='bbox 472 2382 815 2437; x_wconf 74' lang='lat' dir='ltr'><strong>excusseque</strong></span> <span class='ocrx_word' id='word_1_276' title='bbox 846 2366 1087 2422; x_wconf 87' lang='lat' dir='ltr'><strong>tractari.</strong></span> 
     </span>
    </p>
   </div>
   <div class='ocr_carea' id='block_1_41' title="bbox 418 2458 1941 2528">
    <p class='ocr_par' dir='ltr' id='par_1_41' title="bbox 418 2458 1941 2528">
     <span class='ocr_line' id='line_1_41' title="bbox 418 2458 1941 2528; baseline 0.001 -14"><span class='ocrx_word' id='word_1_277' title='bbox 418 2460 474 2514; x_wconf 83' lang='lat'><strong>6.</strong></span> <span class='ocrx_word' id='word_1_278' title='bbox 505 2458 792 2515; x_wconf 83' lang='lat' dir='ltr'><strong>Concilium</strong></span> <span class='ocrx_word' id='word_1_279' title='bbox 840 2460 987 2514; x_wconf 71' lang='lat' dir='ltr'><strong>enixe</strong></span> <span class='ocrx_word' id='word_1_280' title='bbox 1038 2459 1362 2528; x_wconf 76' lang='lat' dir='ltr'><strong>deprecatur.</strong></span> <span class='ocrx_word' id='word_1_281' title='bbox 1416 2489 1486 2500; x_wconf 89' lang='lat'><strong>~-</strong></span> <span class='ocrx_word' id='word_1_282' title='bbox 1538 2458 1692 2516; x_wconf 89' lang='lat' dir='ltr'><strong>Unde</strong></span> <span class='ocrx_word' id='word_1_283' title='bbox 1745 2460 1941 2516; x_wconf 87' lang='lat' dir='ltr'><strong>iterum</strong></span> 
     </span>
    </p>
   </div>
   <div class='ocr_carea' id='block_1_42' title="bbox 340 2553 1937 2625">
    <p class='ocr_par' dir='ltr' id='par_1_42' title="bbox 340 2553 1937 2625">
     <span class='ocr_line' id='line_1_42' title="bbox 340 2553 1937 2625; baseline 0.003 -19"><span class='ocrx_word' id='word_1_284' title='bbox 340 2564 508 2624; x_wconf 87' lang='lat' dir='ltr'><strong>atque</strong></span> <span class='ocrx_word' id='word_1_285' title='bbox 534 2553 730 2608; x_wconf 89' lang='lat' dir='ltr'><strong>iterum</strong></span> <span class='ocrx_word' id='word_1_286' title='bbox 781 2553 1252 2609; x_wconf 86' lang='lat' dir='ltr'><strong>mansuetudinem</strong></span> <span class='ocrx_word' id='word_1_287' title='bbox 1293 2564 1436 2608; x_wconf 89' lang='lat' dir='ltr'><strong>tuam</strong></span> <span class='ocrx_word' id='word_1_288' title='bbox 1485 2566 1646 2625; x_wconf 85' lang='lat' dir='ltr'><strong>atque</strong></span> <span class='ocrx_word' id='word_1_289' title='bbox 1694 2557 1937 2611; x_wconf 87' lang='lat' dir='ltr'><strong>animum</strong></span> 
     </span>
    </p>
   </div>
   <div class='ocr_carea' id='block_1_43' title="bbox 342 2646 1938 2718">
    <p class='ocr_par' dir='ltr' id='par_1_43' title="bbox 342 2646 1938 2718">
     <span class='ocr_line' id='line_1_43' title="bbox 342 2646 1938 2718; baseline 0.002 -17"><span class='ocrx_word' id='word_1_290' title='bbox 342 2656 498 2702; x_wconf 89' lang='lat' dir='ltr'><strong>tuum</strong></span> <span class='ocrx_word' id='word_1_291' title='bbox 532 2647 643 2703; x_wconf 89' lang='lat' dir='ltr'><strong>Deo</strong></span> <span class='ocrx_word' id='word_1_292' title='bbox 666 2646 923 2703; x_wconf 82' lang='lat' dir='ltr'><strong>devotum</strong></span> <span class='ocrx_word' id='word_1_293' title='bbox 956 2661 1209 2717; x_wconf 91' lang='lat' dir='ltr'><strong>rogamus</strong></span> <span class='ocrx_word' id='word_1_294' title='bbox 1235 2663 1328 2717; x_wconf 87' lang='lat' dir='ltr'><strong>per</strong></span> <span class='ocrx_word' id='word_1_295' title='bbox 1349 2649 1467 2716; x_wconf 89' lang='lat' dir='ltr'><strong>ejus</strong></span> <span class='ocrx_word' id='word_1_296' title='bbox 1495 2648 1748 2703; x_wconf 79' lang='lat' dir='ltr'><strong>virtutem</strong></span> <span class='ocrx_word' id='word_1_297' title='bbox 1769 2688 1784 2713; x_wconf 90' lang='lat'><strong>,</strong></span> <span class='ocrx_word' id='word_1_298' title='bbox 1846 2648 1938 2718; x_wconf 91' lang='lat' dir='ltr'><strong>qui</strong></span> 
     </span>
    </p>
   </div>
   <div class='ocr_carea' id='block_1_44' title="bbox 345 2737 1944 2811">
    <p class='ocr_par' dir='ltr' id='par_1_44' title="bbox 345 2737 1944 2811">
     <span class='ocr_line' id='line_1_44' title="bbox 345 2737 1944 2811; baseline 0.002 -18"><span class='ocrx_word' id='word_1_299' title='bbox 345 2753 411 2793; x_wconf 74' lang='lat' dir='ltr'><strong>se</strong></span> <span class='ocrx_word' id='word_1_300' title='bbox 444 2739 496 2793; x_wconf 92' lang='lat' dir='ltr'><strong>in</strong></span> <span class='ocrx_word' id='word_1_301' title='bbox 518 2737 838 2794; x_wconf 85' lang='lat' dir='ltr'><strong>defensioue</strong></span> <span class='ocrx_word' id='word_1_302' title='bbox 881 2746 970 2793; x_wconf 90' lang='lat' dir='ltr'><strong>tua</strong></span> <span class='ocrx_word' id='word_1_303' title='bbox 1020 2739 1286 2811; x_wconf 81' lang='lat' dir='ltr'><strong>(adversus</strong></span> <span class='ocrx_word' id='word_1_304' title='bbox 1318 2738 1673 2809; x_wconf 80' lang='lat' dir='ltr'><strong>Magnentium</strong></span> <span class='ocrx_word' id='word_1_305' title='bbox 1716 2757 1803 2794; x_wconf 86' lang='lat' dir='ltr'><strong>an.</strong></span> <span class='ocrx_word' id='word_1_306' title='bbox 1836 2740 1944 2796; x_wconf 78' lang='grc'><strong>555</strong></span> 
     </span>
    </p>
   </div>
   <div class='ocr_carea' id='block_1_45' title="bbox 338 2830 1944 2903">
    <p class='ocr_par' dir='ltr' id='par_1_45' title="bbox 338 2830 1944 2903">
     <span class='ocr_line' id='line_1_45' title="bbox 338 2830 1944 2903; baseline 0.002 -20"><span class='ocrx_word' id='word_1_307' title='bbox 338 2830 598 2903; x_wconf 78' lang='lat' dir='ltr'><strong>deletum)</strong></span> <span class='ocrx_word' id='word_1_308' title='bbox 653 2843 885 2901; x_wconf 87' lang='lat' dir='ltr'><strong>quantus</strong></span> <span class='ocrx_word' id='word_1_309' title='bbox 928 2832 1029 2897; x_wconf 92' lang='lat' dir='ltr'><strong>sit,</strong></span> <span class='ocrx_word' id='word_1_310' title='bbox 1086 2832 1352 2887; x_wconf 91' lang='lat' dir='ltr'><strong>universis</strong></span> <span class='ocrx_word' id='word_1_311' title='bbox 1383 2833 1699 2889; x_wconf 89' lang='lat' dir='ltr'><strong>mortalibus</strong></span> <span class='ocrx_word' id='word_1_312' title='bbox 1746 2849 1944 2903; x_wconf 80' lang='lat' dir='ltr'><strong>appro—</strong></span> 
     </span>
    </p>
   </div>
   <div class='ocr_carea' id='block_1_46' title="bbox 338 2924 1943 2995">
    <p class='ocr_par' dir='ltr' id='par_1_46' title="bbox 338 2924 1943 2995">
     <span class='ocr_line' id='line_1_46' title="bbox 338 2924 1943 2995; baseline 0 -15"><span class='ocrx_word' id='word_1_313' title='bbox 338 2924 526 2989; x_wconf 81' lang='lat' dir='ltr'><strong>bavit,</strong></span> <span class='ocrx_word' id='word_1_314' title='bbox 556 2932 614 2979; x_wconf 89' lang='lat' dir='ltr'><strong>ut</strong></span> <span class='ocrx_word' id='word_1_315' title='bbox 641 2924 847 2980; x_wconf 84' lang='lat' dir='ltr'><strong>habens</strong></span> <span class='ocrx_word' id='word_1_316' title='bbox 879 2936 1004 2979; x_wconf 86' lang='lat' dir='ltr'><strong>ante</strong></span> <span class='ocrx_word' id='word_1_317' title='bbox 1032 2925 1220 2980; x_wconf 90' lang='lat' dir='ltr'><strong>oculos</strong></span> <span class='ocrx_word' id='word_1_318' title='bbox 1237 2926 1354 2993; x_wconf 81' lang='lat' dir='ltr'><strong>ejus</strong></span> <span class='ocrx_word' id='word_1_319' title='bbox 1382 2924 1641 2980; x_wconf 80' lang='lat' dir='ltr'><strong>beneﬁcia</strong></span> <span class='ocrx_word' id='word_1_320' title='bbox 1663 2968 1677 2991; x_wconf 94' lang='lat'><strong>,</strong></span> <span class='ocrx_word' id='word_1_321' title='bbox 1709 2926 1798 2995; x_wconf 89' lang='lat' dir='ltr'><strong>qtti</strong></span> <span class='ocrx_word' id='word_1_322' title='bbox 1840 2926 1943 2980; x_wconf 84' lang='lat' dir='ltr'><strong>im-</strong></span> 
     </span>
    </p>
   </div>
   <div class='ocr_carea' id='block_1_47' title="bbox 341 3017 1942 3089">
    <p class='ocr_par' dir='ltr' id='par_1_47' title="bbox 341 3017 1942 3089">
     <span class='ocr_line' id='line_1_47' title="bbox 341 3017 1942 3089; baseline -0.001 -15"><span class='ocrx_word' id='word_1_323' title='bbox 341 3020 556 3089; x_wconf 88' lang='lat' dir='ltr'><strong>perium</strong></span> <span class='ocrx_word' id='word_1_324' title='bbox 588 3028 738 3073; x_wconf 90' lang='lat' dir='ltr'><strong>tuum</strong></span> <span class='ocrx_word' id='word_1_325' title='bbox 768 3018 818 3072; x_wconf 93' lang='lat' dir='ltr'><strong>in</strong></span> <span class='ocrx_word' id='word_1_326' title='bbox 852 3017 1105 3073; x_wconf 85' lang='lat' dir='ltr'><strong>omnibus</strong></span> <span class='ocrx_word' id='word_1_327' title='bbox 1135 3019 1303 3087; x_wconf 85' lang='lat' dir='ltr'><strong>regit,</strong></span> <span class='ocrx_word' id='word_1_328' title='bbox 1337 3017 1454 3073; x_wconf 68' lang='lat' dir='ltr'><strong>haec</strong></span> <span class='ocrx_word' id='word_1_329' title='bbox 1478 3019 1527 3071; x_wconf 89' lang='lat' dir='ltr'><strong>iii</strong></span> <span class='ocrx_word' id='word_1_330' title='bbox 1552 3027 1698 3074; x_wconf 81' lang='lat' dir='ltr'><strong>ctetu</strong></span> <span class='ocrx_word' id='word_1_331' title='bbox 1730 3019 1942 3087; x_wconf 88' lang='lat' dir='ltr'><strong>episco-</strong></span> 
     </span>
    </p>
   </div>
   <div class='ocr_carea' id='block_1_48' title="bbox 340 3109 1939 3183">
    <p class='ocr_par' dir='ltr' id='par_1_48' title="bbox 340 3109 1939 3183">
     <span class='ocr_line' id='line_1_48' title="bbox 340 3109 1939 3183; baseline 0 -17"><span class='ocrx_word' id='word_1_332' title='bbox 340 3126 537 3183; x_wconf 86' lang='lat' dir='ltr'><strong>porum</strong></span> <span class='ocrx_word' id='word_1_333' title='bbox 582 3111 871 3181; x_wconf 79' lang='lat' dir='ltr'><strong>diligenter</strong></span> <span class='ocrx_word' id='word_1_334' title='bbox 919 3112 1081 3165; x_wconf 78' lang='lat' dir='ltr'><strong>facias</strong></span> <span class='ocrx_word' id='word_1_335' title='bbox 1126 3109 1275 3166; x_wconf 90' lang='lat' dir='ltr'><strong>omni</strong></span> <span class='ocrx_word' id='word_1_336' title='bbox 1328 3125 1449 3165; x_wconf 93' lang='lat' dir='ltr'><strong>cum</strong></span> <span class='ocrx_word' id='word_1_337' title='bbox 1502 3111 1939 3167; x_wconf 71' lang='lat' dir='ltr'><strong>consideratione</strong></span> 
     </span>
    </p>
   </div>
   <div class='ocr_carea' id='block_1_49' title="bbox 338 3206 1936 3277">
    <p class='ocr_par' dir='ltr' id='par_1_49' title="bbox 338 3206 1936 3277">
     <span class='ocr_line' id='line_1_49' title="bbox 338 3206 1936 3277; baseline 0.001 -16"><span class='ocrx_word' id='word_1_338' title='bbox 338 3207 606 3262; x_wconf 62' lang='lat' dir='ltr'><strong>tractari:</strong></span> <span class='ocrx_word' id='word_1_339' title='bbox 642 3217 698 3260; x_wconf 92' lang='lat' dir='ltr'><strong>ut</strong></span> <span class='ocrx_word' id='word_1_340' title='bbox 722 3206 928 3275; x_wconf 82' lang='lat' dir='ltr'><strong>pacatis</strong></span> <span class='ocrx_word' id='word_1_341' title='bbox 960 3221 1053 3275; x_wconf 90' lang='lat' dir='ltr'><strong>per</strong></span> <span class='ocrx_word' id='word_1_342' title='bbox 1077 3214 1131 3260; x_wconf 91' lang='lat' dir='ltr'><strong>te</strong></span> <span class='ocrx_word' id='word_1_343' title='bbox 1167 3207 1277 3261; x_wconf 87' lang='lat' dir='ltr'><strong>Deo</strong></span> <span class='ocrx_word' id='word_1_344' title='bbox 1307 3206 1522 3261; x_wconf 76' lang='lat' dir='ltr'><strong>favente</strong></span> <span class='ocrx_word' id='word_1_345' title='bbox 1565 3208 1900 3277; x_wconf 80' lang='lat' dir='ltr'><strong>temporibus</strong></span> <span class='ocrx_word' id='word_1_346' title='bbox 1921 3251 1936 3274; x_wconf 95' lang='lat'><strong>,</strong></span> 
     </span>
    </p>
   </div>
   <div class='ocr_carea' id='block_1_50' title="bbox 339 3298 1939 3370">
    <p class='ocr_par' dir='ltr' id='par_1_50' title="bbox 339 3298 1939 3370">
     <span class='ocr_line' id='line_1_50' title="bbox 339 3298 1939 3370; baseline 0.001 -16"><span class='ocrx_word' id='word_1_347' title='bbox 339 3299 735 3370; x_wconf 87' lang='lat' dir='ltr'><strong>tranquillitate</strong></span> <span class='ocrx_word' id='word_1_348' title='bbox 762 3307 850 3353; x_wconf 90' lang='lat' dir='ltr'><strong>tua</strong></span> <span class='ocrx_word' id='word_1_349' title='bbox 881 3299 1289 3362; x_wconf 87' lang='lat' dir='ltr'><strong>ceiisentieute,</strong></span> <span class='ocrx_word' id='word_1_350' title='bbox 1319 3299 1397 3354; x_wconf 83' lang='lat' dir='ltr'><strong>sic</strong></span> <span class='ocrx_word' id='word_1_351' title='bbox 1438 3300 1615 3352; x_wconf 86' lang='lat' dir='ltr'><strong>omnia</strong></span> <span class='ocrx_word' id='word_1_352' title='bbox 1642 3298 1939 3355; x_wconf 86' lang='lat' dir='ltr'><strong>discutian-</strong></span> 
     </span>
    </p>
   </div>
   <div class='ocr_carea' id='block_1_51' title="bbox 342 3443 1939 3517">
    <p class='ocr_par' dir='ltr' id='par_1_51' title="bbox 342 3443 1939 3517">
     <span class='ocr_line' id='line_1_51' title="bbox 342 3443 1939 3517; baseline 0 -18"><span class='ocrx_word' id='word_1_353' title='bbox 342 3443 643 3517; x_wconf 70' lang='lat' dir='ltr'><strong>Alexandro</strong></span> <span class='ocrx_word' id='word_1_354' title='bbox 658 3444 897 3517; x_wconf 82' lang='lat' dir='ltr'><strong>episcopo</strong></span> <span class='ocrx_word' id='word_1_355' title='bbox 920 3443 1174 3497; x_wconf 85' lang='lat' dir='ltr'><strong>damnatis</strong></span> <span class='ocrx_word' id='word_1_356' title='bbox 1194 3443 1428 3517; x_wconf 76' lang='lat' dir='ltr'><strong>ecclesia:</strong></span> <span class='ocrx_word' id='word_1_357' title='bbox 1457 3444 1760 3517; x_wconf 86' lang='lat' dir='ltr'><strong>(catholicis</strong></span> <span class='ocrx_word' id='word_1_358' title='bbox 1782 3458 1939 3513; x_wconf 84' lang='lat' dir='ltr'><strong>erep-</strong></span> 
     </span>
    </p>
   </div>
   <div class='ocr_carea' id='block_1_52' title="bbox 342 3514 1938 3589">
    <p class='ocr_par' dir='ltr' id='par_1_52' title="bbox 342 3514 1938 3589">
     <span class='ocr_line' id='line_1_52' title="bbox 342 3514 1938 3589; baseline -0.001 -18"><span class='ocrx_word' id='word_1_359' title='bbox 342 3516 437 3589; x_wconf 74' lang='lat' dir='ltr'><strong>tae)</strong></span> <span class='ocrx_word' id='word_1_360' title='bbox 462 3514 755 3589; x_wconf 41' lang='lat' dir='ltr'><strong>donentur.</strong></span> <span class='ocrx_word' id='word_1_361' title='bbox 792 3514 877 3589; x_wconf 83' lang='lat' dir='ltr'><strong>Ita</strong></span> <span class='ocrx_word' id='word_1_362' title='bbox 922 3517 972 3571; x_wconf 88' lang='lat' dir='ltr'><strong>in</strong></span> <span class='ocrx_word' id='word_1_363' title='bbox 1008 3516 1281 3589; x_wconf 84' lang='lat' dir='ltr'><strong>_siiperiori</strong></span> <span class='ocrx_word' id='word_1_364' title='bbox 1326 3514 1486 3589; x_wconf 75' lang='lat' dir='ltr'><strong>Libya</strong></span> <span class='ocrx_word' id='word_1_365' title='bbox 1514 3516 1834 3589; x_wconf 81' lang='lat' dir='ltr'><strong>Secundus,</strong></span> <span class='ocrx_word' id='word_1_366' title='bbox 1884 3518 1938 3571; x_wconf 89' lang='lat' dir='ltr'><strong>in</strong></span> 
     </span>
    </p>
   </div>
   <div class='ocr_carea' id='block_1_53' title="bbox 338 3585 1933 3654">
    <p class='ocr_par' dir='ltr' id='par_1_53' title="bbox 338 3585 1933 3654">
     <span class='ocr_line' id='line_1_53' title="bbox 338 3585 1933 3654; baseline -0.003 -9"><span class='ocrx_word' id='word_1_367' title='bbox 338 3585 663 3645; x_wconf 66' lang='lat' dir='ltr'><strong>Alexandria</strong></span> <span class='ocrx_word' id='word_1_368' title='bbox 712 3587 942 3649; x_wconf 68' lang='lat' dir='ltr'><strong>Eubius</strong></span> <span class='ocrx_word' id='word_1_369' title='bbox 992 3586 1352 3651; x_wconf 78' lang='lat' dir='ltr'><strong>Cltananteiis,</strong></span> <span class='ocrx_word' id='word_1_370' title='bbox 1424 3585 1637 3652; x_wconf 81' lang='lat' dir='ltr'><strong>Julius,</strong></span> <span class='ocrx_word' id='word_1_371' title='bbox 1686 3588 1933 3654; x_wconf 82' lang='lat' dir='ltr'><strong>Ammon,</strong></span> 
     </span>
    </p>
   </div>
   <div class='ocr_carea' id='block_1_54' title="bbox 343 3656 1933 3729">
    <p class='ocr_par' dir='ltr' id='par_1_54' title="bbox 343 3656 1933 3729">
     <span class='ocr_line' id='line_1_54' title="bbox 343 3656 1933 3729; baseline -0.001 -15"><span class='ocrx_word' id='word_1_372' title='bbox 343 3659 586 3721; x_wconf 59' lang='lat' dir='ltr'><strong>Hortus,</strong></span> <span class='ocrx_word' id='word_1_373' title='bbox 609 3659 862 3722; x_wconf 71' lang='lat' dir='ltr'><strong>lnam,</strong></span> <span class='ocrx_word' id='word_1_374' title='bbox 882 3657 1153 3723; x_wconf 77' lang='lat' dir='ltr'><strong>lusimus,</strong></span> <span class='ocrx_word' id='word_1_375' title='bbox 1186 3657 1437 3724; x_wconf 77' lang='lat' dir='ltr'><strong>Serapion</strong></span> <span class='ocrx_word' id='word_1_376' title='bbox 1468 3671 1801 3729; x_wconf 79' lang='lat' dir='ltr'><strong>cognomento</strong></span> <span class='ocrx_word' id='word_1_377' title='bbox 1825 3656 1933 3713; x_wconf 87' lang='lat' dir='ltr'><strong>Pc-</strong></span> 
     </span>
    </p>
   </div>
   <div class='ocr_carea' id='block_1_55' title="bbox 340 3730 1929 3803">
    <p class='ocr_par' dir='ltr' id='par_1_55' title="bbox 340 3730 1929 3803">
     <span class='ocr_line' id='line_1_55' title="bbox 340 3730 1929 3803; baseline -0.002 -16"><span class='ocrx_word' id='word_1_378' title='bbox 340 3733 521 3803; x_wconf 75' lang='lat' dir='ltr'><strong>lecou,</strong></span> <span class='ocrx_word' id='word_1_379' title='bbox 549 3740 595 3786; x_wconf 89' lang='lat' dir='ltr'><strong>et</strong></span> <span class='ocrx_word' id='word_1_380' title='bbox 622 3731 674 3787; x_wconf 88' lang='lat' dir='ltr'><strong>iu</strong></span> <span class='ocrx_word' id='word_1_381' title='bbox 694 3730 858 3803; x_wconf 85' lang='lat' dir='ltr'><strong>Libya</strong></span> <span class='ocrx_word' id='word_1_382' title='bbox 891 3730 1153 3803; x_wconf 68' lang='lat' dir='ltr'><strong>Sisimiqu</strong></span> <span class='ocrx_word' id='word_1_383' title='bbox 1181 3746 1297 3803; x_wconf 79' lang='lat' dir='ltr'><strong>cum</strong></span> <span class='ocrx_word' id='word_1_384' title='bbox 1316 3730 1589 3803; x_wconf 73' lang='lat' dir='ltr'><strong>juvenibus</strong></span> <span class='ocrx_word' id='word_1_385' title='bbox 1608 3731 1929 3803; x_wconf 81' lang='lat' dir='ltr'><strong>ejiisdeiiise-</strong></span> 
     </span>
    </p>
   </div>
   <div class='ocr_carea' id='block_1_56' title="bbox 342 3800 1611 3864">
    <p class='ocr_par' dir='ltr' id='par_1_56' title="bbox 342 3800 1611 3864">
     <span class='ocr_line' id='line_1_56' title="bbox 342 3800 1611 3864; baseline -0.005 -6"><span class='ocrx_word' id='word_1_386' title='bbox 342 3820 463 3858; x_wconf 77' lang='lat' dir='ltr'><strong>cum</strong></span> <span class='ocrx_word' id='word_1_387' title='bbox 488 3802 738 3859; x_wconf 65' lang='lat' dir='ltr'><strong>hereseos</strong></span> <span class='ocrx_word' id='word_1_388' title='bbox 757 3800 1037 3857; x_wconf 83' lang='lat' dir='ltr'><strong>cultoribus</strong></span> <span class='ocrx_word' id='word_1_389' title='bbox 1067 3800 1306 3855; x_wconf 80' lang='lat' dir='ltr'><strong>ecclesias</strong></span> <span class='ocrx_word' id='word_1_390' title='bbox 1338 3802 1611 3864; x_wconf 81' lang='lat' dir='ltr'><strong>accipiunt.</strong></span> 
     </span>
    </p>
   </div>
   <div class='ocr_carea' id='block_1_57' title="bbox 420 3871 1928 3945">
    <p class='ocr_par' dir='ltr' id='par_1_57' title="bbox 420 3871 1928 3945">
     <span class='ocr_line' id='line_1_57' title="bbox 420 3871 1928 3945; baseline -0.001 -18"><span class='ocrx_word' id='word_1_391' title='bbox 420 3875 500 3945; x_wconf 88' lang='lat' dir='ltr'><strong>(a)</strong></span> <span class='ocrx_word' id='word_1_392' title='bbox 543 3874 782 3929; x_wconf 76' lang='lat' dir='ltr'><strong>Valesius</strong></span> <span class='ocrx_word' id='word_1_393' title='bbox 810 3888 930 3945; x_wconf 82' lang='lat' dir='ltr'><strong>cum</strong></span> <span class='ocrx_word' id='word_1_394' title='bbox 967 3871 1237 3945; x_wconf 73' lang='lat' dir='ltr'><strong>Georgium</strong></span> <span class='ocrx_word' id='word_1_395' title='bbox 1280 3872 1334 3925; x_wconf 88' lang='lat' dir='ltr'><strong>iii</strong></span> <span class='ocrx_word' id='word_1_396' title='bbox 1374 3871 1691 3945; x_wconf 76' lang='lat' dir='ltr'><strong>Alexandria</strong></span> <span class='ocrx_word' id='word_1_397' title='bbox 1736 3873 1813 3926; x_wconf 84' lang='lat' dir='ltr'><strong>sic</strong></span> <span class='ocrx_word' id='word_1_398' title='bbox 1843 3873 1928 3926; x_wconf 87' lang='lat' dir='ltr'><strong>iii-</strong></span> 
     </span>
    </p>
   </div>
   <div class='ocr_carea' id='block_1_58' title="bbox 347 3942 1928 4014">
    <p class='ocr_par' dir='ltr' id='par_1_58' title="bbox 347 3942 1928 4014">
     <span class='ocr_line' id='line_1_58' title="bbox 347 3942 1928 4014; baseline -0.003 -12"><span class='ocrx_word' id='word_1_399' title='bbox 347 3942 643 4002; x_wconf 67' lang='lat' dir='ltr'><strong>tellettisset</strong></span> <span class='ocrx_word' id='word_1_400' title='bbox 664 3945 814 4013; x_wconf 86' lang='lat' dir='ltr'><strong>quasi</strong></span> <span class='ocrx_word' id='word_1_401' title='bbox 838 3943 1125 4014; x_wconf 76' lang='lat' dir='ltr'><strong>Georgium</strong></span> <span class='ocrx_word' id='word_1_402' title='bbox 1154 3942 1572 4014; x_wconf 71' lang='lat' dir='ltr'><strong>Alexandrinum</strong></span> <span class='ocrx_word' id='word_1_403' title='bbox 1595 3943 1928 4011; x_wconf 74' lang='lat' dir='ltr'><strong>episcopum,</strong></span> 
     </span>
    </p>
   </div>
   <div class='ocr_carea' id='block_1_59' title="bbox 340 4013 1928 4087">
    <p class='ocr_par' dir='ltr' id='par_1_59' title="bbox 340 4013 1928 4087">
     <span class='ocr_line' id='line_1_59' title="bbox 340 4013 1928 4087; baseline -0.002 -15"><span class='ocrx_word' id='word_1_404' title='bbox 340 4032 503 4087; x_wconf 84' lang='lat' dir='ltr'><strong>quem</strong></span> <span class='ocrx_word' id='word_1_405' title='bbox 533 4024 745 4073; x_wconf 83' lang='lat' dir='ltr'><strong>constat</strong></span> <span class='ocrx_word' id='word_1_406' title='bbox 787 4031 932 4069; x_wconf 87' lang='lat' dir='ltr'><strong>anno</strong></span> <span class='ocrx_word' id='word_1_407' title='bbox 964 4013 1167 4087; x_wconf 81' lang='lat' dir='ltr'><strong>tantum</strong></span> <span class='ocrx_word' id='word_1_408' title='bbox 1197 4016 1301 4068; x_wconf 65' lang='lat'><strong>3.36</strong></span> <span class='ocrx_word' id='word_1_409' title='bbox 1344 4013 1395 4068; x_wconf 89' lang='lat' dir='ltr'><strong>in</strong></span> <span class='ocrx_word' id='word_1_410' title='bbox 1443 4015 1716 4087; x_wconf 74' lang='lat' dir='ltr'><strong>Athanasii</strong></span> <span class='ocrx_word' id='word_1_411' title='bbox 1745 4014 1928 4069; x_wconf 76' lang='lat' dir='ltr'><strong>sedi-ni</strong></span> 
     </span>
    </p>
   </div>
   <div class='ocr_carea' id='block_1_60' title="bbox 343 4085 1930 4156">
    <p class='ocr_par' dir='ltr' id='par_1_60' title="bbox 343 4085 1930 4156">
     <span class='ocr_line' id='line_1_60' title="bbox 343 4085 1930 4156; baseline -0.002 -13"><span class='ocrx_word' id='word_1_412' title='bbox 343 4085 641 4153; x_wconf 82' lang='lat' dir='ltr'><strong>invasisse;</strong></span> <span class='ocrx_word' id='word_1_413' title='bbox 685 4103 750 4142; x_wconf 81' lang='lat' dir='ltr'><strong>ro</strong></span> <span class='ocrx_word' id='word_1_414' title='bbox 782 4088 898 4141; x_wconf 83' lang='lat' dir='ltr'><strong>loco</strong></span> <span class='ocrx_word' id='word_1_415' title='bbox 933 4085 1193 4139; x_wconf 88' lang='lat' dir='ltr'><strong>adductus</strong></span> <span class='ocrx_word' id='word_1_416' title='bbox 1219 4095 1335 4150; x_wconf 83' lang='lat' dir='ltr'><strong>est,</strong></span> <span class='ocrx_word' id='word_1_417' title='bbox 1387 4096 1443 4138; x_wconf 91' lang='lat' dir='ltr'><strong>ut</strong></span> <span class='ocrx_word' id='word_1_418' title='bbox 1486 4085 1619 4139; x_wconf 87' lang='lat' dir='ltr'><strong>hanc</strong></span> <span class='ocrx_word' id='word_1_419' title='bbox 1652 4086 1930 4156; x_wconf 79' lang='lat' dir='ltr'><strong>epismlam</strong></span> 
     </span>
    </p>
   </div>
   <div class='ocr_carea' id='block_1_61' title="bbox 343 4157 1932 4225">
    <p class='ocr_par' dir='ltr' id='par_1_61' title="bbox 343 4157 1932 4225">
     <span class='ocr_line' id='line_1_61' title="bbox 343 4157 1932 4225; baseline -0.003 -11"><span class='ocrx_word' id='word_1_420' title='bbox 343 4168 473 4215; x_wconf 86' lang='lat' dir='ltr'><strong>ante</strong></span> <span class='ocrx_word' id='word_1_421' title='bbox 512 4159 757 4215; x_wconf 89' lang='lat' dir='ltr'><strong>eumdem</strong></span> <span class='ocrx_word' id='word_1_422' title='bbox 802 4173 1000 4213; x_wconf 88' lang='lat' dir='ltr'><strong>annum</strong></span> <span class='ocrx_word' id='word_1_423' title='bbox 1041 4157 1296 4223; x_wconf 81' lang='lat' dir='ltr'><strong>scriptam</strong></span> <span class='ocrx_word' id='word_1_424' title='bbox 1344 4166 1578 4225; x_wconf 58' lang='lat' dir='ltr'><strong>negaret.</strong></span> <span class='ocrx_word' id='word_1_425' title='bbox 1615 4157 1676 4211; x_wconf 85' lang='lat' dir='ltr'><strong>At</strong></span> <span class='ocrx_word' id='word_1_426' title='bbox 1718 4168 1932 4211; x_wconf 62' lang='lat' dir='ltr'><strong>notatur</strong></span> 
     </span>
    </p>
   </div>
   <div class='ocr_carea' id='block_1_62' title="bbox 346 4227 1931 4309">
    <p class='ocr_par' dir='ltr' id='par_1_62' title="bbox 346 4227 1931 4309">
     <span class='ocr_line' id='line_1_62' title="bbox 346 4227 1931 4309; baseline -0.003 -22"><span class='ocrx_word' id='word_1_427' title='bbox 346 4234 453 4309; x_wconf 74' lang='lat' dir='ltr'><strong>hoc</strong></span> <span class='ocrx_word' id='word_1_428' title='bbox 477 4231 596 4287; x_wconf 90' lang='lat' dir='ltr'><strong>loco</strong></span> <span class='ocrx_word' id='word_1_429' title='bbox 621 4228 883 4309; x_wconf 86' lang='lat' dir='ltr'><strong>Georgius</strong></span> <span class='ocrx_word' id='word_1_430' title='bbox 910 4230 1150 4309; x_wconf 83' lang='lat' dir='ltr'><strong>alter._et</strong></span> <span class='ocrx_word' id='word_1_431' title='bbox 1174 4238 1227 4280; x_wconf 88' lang='lat' dir='ltr'><strong>ut</strong></span> <span class='ocrx_word' id='word_1_432' title='bbox 1242 4228 1528 4309; x_wconf 74' lang='lat' dir='ltr'><strong>primatiile</strong></span> <span class='ocrx_word' id='word_1_433' title='bbox 1541 4238 1623 4309; x_wconf 74' lang='lat' dir='ltr'><strong>est</strong></span> <span class='ocrx_word' id='word_1_434' title='bbox 1650 4227 1931 4309; x_wconf 47' lang='lat' dir='ltr'><strong>Laodicea:</strong></span> 
     </span>
    </p>
   </div>
   <div class='ocr_carea' id='block_1_63' title="bbox 344 4299 1931 4373">
    <p class='ocr_par' dir='ltr' id='par_1_63' title="bbox 344 4299 1931 4373">
     <span class='ocr_line' id='line_1_63' title="bbox 344 4299 1931 4373; baseline -0.002 -17"><span class='ocrx_word' id='word_1_435' title='bbox 344 4303 781 4373; x_wconf 24' lang='lat' dir='ltr'><strong>cpiSropustqui</strong></span> <span class='ocrx_word' id='word_1_436' title='bbox 810 4309 967 4354; x_wconf 84' lang='lat' dir='ltr'><strong>antea</strong></span> <span class='ocrx_word' id='word_1_437' title='bbox 999 4299 1290 4373; x_wconf 63' lang='lat' dir='ltr'><strong>Athanasio</strong></span> <span class='ocrx_word' id='word_1_438' title='bbox 1328 4310 1466 4373; x_wconf 80' lang='lat' dir='ltr'><strong>teste</strong></span> <span class='ocrx_word' id='word_1_439' title='bbox 1496 4299 1590 4353; x_wconf 86' lang='lat' dir='ltr'><strong>lib.</strong></span> <span class='ocrx_word' id='word_1_440' title='bbox 1633 4299 1699 4373; x_wconf 89' lang='lat' dir='ltr'><strong>de</strong></span> <span class='ocrx_word' id='word_1_441' title='bbox 1727 4299 1931 4373; x_wconf 82' lang='lat' dir='ltr'><strong>Synod.</strong></span> 
     </span>
    </p>
   </div>
   <div class='ocr_carea' id='block_1_64' title="bbox 346 4368 1934 4444">
    <p class='ocr_par' dir='ltr' id='par_1_64' title="bbox 346 4368 1934 4444">
     <span class='ocr_line' id='line_1_64' title="bbox 346 4368 1934 4444; baseline -0.003 -18"><span class='ocrx_word' id='word_1_442' title='bbox 346 4368 401 4444; x_wconf 63' lang='grc' dir='ltr'><strong>νζ</strong></span> <span class='ocrx_word' id='word_1_443' title='bbox 427 4368 753 4444; x_wconf 49' lang='lat'><strong>38611887,</strong></span> <span class='ocrx_word' id='word_1_444' title='bbox 779 4368 1502 4444; x_wconf 26' lang='lat' dir='ltr'><strong>Alexaudiinus‘presliyter,</strong></span> <span class='ocrx_word' id='word_1_445' title='bbox 1536 4372 1602 4444; x_wconf 76' lang='lat' dir='ltr'><strong>ab</strong></span> <span class='ocrx_word' id='word_1_446' title='bbox 1626 4368 1934 4444; x_wconf 77' lang='lat' dir='ltr'><strong>Ali-xandro</strong></span> 
     </span>
    </p>
   </div>
   <div class='ocr_carea' id='block_1_65' title="bbox 340 4441 1934 4513">
    <p class='ocr_par' dir='ltr' id='par_1_65' title="bbox 340 4441 1934 4513">
     <span class='ocr_line' id='line_1_65' title="bbox 340 4441 1934 4513; baseline -0.001 -16"><span class='ocrx_word' id='word_1_447' title='bbox 340 4441 555 4513; x_wconf 60' lang='lat' dir='ltr'><strong>eiectus</strong></span> <span class='ocrx_word' id='word_1_448' title='bbox 582 4443 774 4498; x_wconf 86' lang='lat' dir='ltr'><strong>fuerat.</strong></span> <span class='ocrx_word' id='word_1_449' title='bbox 826 4442 978 4497; x_wconf 89' lang='lat' dir='ltr'><strong>Unde</strong></span> <span class='ocrx_word' id='word_1_450' title='bbox 1019 4452 1134 4508; x_wconf 91' lang='lat' dir='ltr'><strong>post</strong></span> <span class='ocrx_word' id='word_1_451' title='bbox 1179 4441 1230 4513; x_wconf 64' lang='lat' dir='ltr'><strong>iii</strong></span> <span class='ocrx_word' id='word_1_452' title='bbox 1269 4441 1603 4505; x_wconf 72' lang='lat' dir='ltr'><strong>Alexandria,</strong></span> <span class='ocrx_word' id='word_1_453' title='bbox 1651 4443 1934 4513; x_wconf 83' lang='lat' dir='ltr'><strong>commode</strong></span> 
     </span>
    </p>
   </div>
   <div class='ocr_carea' id='block_1_66' title="bbox 345 4509 1934 4584">
    <p class='ocr_par' dir='ltr' id='par_1_66' title="bbox 345 4509 1934 4584">
     <span class='ocr_line' id='line_1_66' title="bbox 345 4509 1934 4584; baseline -0.002 -13"><span class='ocrx_word' id='word_1_454' title='bbox 345 4509 685 4584; x_wconf 65' lang='lat' dir='ltr'><strong>suppleverit;</strong></span> <span class='ocrx_word' id='word_1_455' title='bbox 713 4515 834 4569; x_wconf 88' lang='lat' dir='ltr'><strong>olim</strong></span> <span class='ocrx_word' id='word_1_456' title='bbox 873 4513 1158 4584; x_wconf 75' lang='lat' dir='ltr'><strong>presbyter.</strong></span> <span class='ocrx_word' id='word_1_457' title='bbox 1180 4509 1528 4584; x_wconf 75' lang='lat' dir='ltr'><strong>Cpuunotlius</strong></span> <span class='ocrx_word' id='word_1_458' title='bbox 1560 4527 1685 4568; x_wconf 86' lang='lat' dir='ltr'><strong>vero</strong></span> <span class='ocrx_word' id='word_1_459' title='bbox 1723 4511 1934 4568; x_wconf 86' lang='lat' dir='ltr'><strong>intelle-</strong></span> 
     </span>
    </p>
   </div>
   <div class='ocr_carea' id='block_1_67' title="bbox 2059 1816 3655 1897">
    <p class='ocr_par' dir='ltr' id='par_1_67' title="bbox 2059 1816 3655 1897">
     <span class='ocr_line' id='line_1_67' title="bbox 2059 1816 3655 1897; baseline 0.01 -26"><span class='ocrx_word' id='word_1_460' title='bbox 2059 1816 2216 1874; x_wconf 89' lang='lat' dir='ltr'><strong>uobis</strong></span> <span class='ocrx_word' id='word_1_461' title='bbox 2279 1820 2593 1885; x_wconf 81' lang='lat' dir='ltr'><strong>custodiat,</strong></span> <span class='ocrx_word' id='word_1_462' title='bbox 2657 1821 3079 1880; x_wconf 88' lang='lat' dir='ltr'><strong>clementissime</strong></span> <span class='ocrx_word' id='word_1_463' title='bbox 3127 1839 3192 1880; x_wconf 91' lang='lat' dir='ltr'><strong>ac</strong></span> <span class='ocrx_word' id='word_1_464' title='bbox 3246 1826 3655 1897; x_wconf 83' lang='lat' dir='ltr'><strong>religiosissime</strong></span> 
     </span>
    </p>
   </div>
   <div class='ocr_carea' id='block_1_68' title="bbox 2058 1912 2723 1985">
    <p class='ocr_par' dir='ltr' id='par_1_68' title="bbox 2058 1912 2723 1985">
     <span class='ocr_line' id='line_1_68' title="bbox 2058 1912 2723 1985; baseline 0.002 -20"><span class='ocrx_word' id='word_1_465' title='bbox 2058 1912 2141 1984; x_wconf 84' lang='lat' dir='ltr'><strong>(a)</strong></span> <span class='ocrx_word' id='word_1_466' title='bbox 2173 1916 2427 1985; x_wconf 84' lang='lat' dir='ltr'><strong>Auguste.</strong></span> <span class='ocrx_word' id='word_1_467' title='bbox 2470 1912 2723 1982; x_wconf 82' lang='lat' dir='ltr'><strong>Explicit.</strong></span> 
     </span>
    </p>
   </div>
   <div class='ocr_carea' id='block_1_69' title="bbox 2305 2050 3396 2130">
    <p class='ocr_par' dir='ltr' id='par_1_69' title="bbox 2305 2050 3396 2130">
     <span class='ocr_line' id='line_1_69' title="bbox 2305 2050 3396 2130; baseline 0.005 -23"><span class='ocrx_word' id='word_1_468' title='bbox 2305 2050 2789 2109; x_wconf 77' lang='lat' dir='ltr'><strong>FRAGMENTUM</strong></span> <span class='ocrx_word' id='word_1_469' title='bbox 2831 2052 2897 2108; x_wconf 82' lang='lat' dir='ltr'><strong>Vl</strong></span> <span class='ocrx_word' id='word_1_470' title='bbox 2941 2055 3109 2127; x_wconf 71' lang='lat' dir='ltr'><strong>(Alias</strong></span> <span class='ocrx_word' id='word_1_471' title='bbox 3143 2072 3157 2111; x_wconf 90' lang='grc' dir='ltr'>ι</span> <span class='ocrx_word' id='word_1_472' title='bbox 3189 2056 3396 2130; x_wconf 84' lang='lat' dir='ltr'><strong>partis).</strong></span> 
     </span>
    </p>
   </div>
   <div class='ocr_carea' id='block_1_70' title="bbox 2052 2162 3652 2236">
    <p class='ocr_par' dir='ltr' id='par_1_70' title="bbox 2052 2162 3652 2236">
     <span class='ocr_line' id='line_1_70' title="bbox 2052 2162 3652 2236; baseline 0.006 -16"><span class='ocrx_word' id='word_1_473' title='bbox 2052 2162 2306 2221; x_wconf 73' lang='lat' dir='ltr'><strong>LIBERIUS</strong></span> <span class='ocrx_word' id='word_1_474' title='bbox 2355 2181 2494 2221; x_wconf 77' lang='lat' dir='ltr'><strong>ANTE</strong></span> <span class='ocrx_word' id='word_1_475' title='bbox 2554 2181 2701 2230; x_wconf 60' lang='lat' dir='ltr'><strong>QUAE</strong></span> <span class='ocrx_word' id='word_1_476' title='bbox 2742 2183 2810 2222; x_wconf 78' lang='lat' dir='ltr'><strong>AD</strong></span> <span class='ocrx_word' id='word_1_477' title='bbox 2850 2181 3097 2223; x_wconf 70' lang='lat' dir='ltr'><strong>EXSILIUI</strong></span> <span class='ocrx_word' id='word_1_478' title='bbox 3141 2185 3300 2236; x_wconf 76' lang='lat' dir='ltr'><strong>IRET,</strong></span> <span class='ocrx_word' id='word_1_479' title='bbox 3353 2188 3491 2229; x_wconf 71' lang='lat' dir='ltr'><strong>HANC</strong></span> <span class='ocrx_word' id='word_1_480' title='bbox 3533 2189 3652 2229; x_wconf 78' lang='lat' dir='ltr'><strong>UNI-</strong></span> 
     </span>
    </p>
   </div>
   <div class='ocr_carea' id='block_1_71' title="bbox 2126 2258 3651 2333">
    <p class='ocr_par' dir='ltr' id='par_1_71' title="bbox 2126 2258 3651 2333">
     <span class='ocr_line' id='line_1_71' title="bbox 2126 2258 3651 2333; baseline 0.007 -22"><span class='ocrx_word' id='word_1_481' title='bbox 2126 2272 2343 2314; x_wconf 76' lang='lat' dir='ltr'><strong>POBIEII</strong></span> <span class='ocrx_word' id='word_1_482' title='bbox 2400 2258 2473 2331; x_wconf 80' lang='grc' dir='ltr'><strong>(ε)</strong></span> <span class='ocrx_word' id='word_1_483' title='bbox 2529 2273 2831 2317; x_wconf 68' lang='grc' dir='ltr'><strong>Ειηετοωιί</strong></span> <span class='ocrx_word' id='word_1_484' title='bbox 2892 2259 3321 2320; x_wconf 64' lang='grc' dir='ltr'><strong>ϐοαι-εεεοιιωυε</strong></span> <span class='ocrx_word' id='word_1_485' title='bbox 3378 2280 3651 2333; x_wconf 74' lang='lat' dir='ltr'><strong>semestr,</strong></span> 
     </span>
    </p>
   </div>
   <div class='ocr_carea' id='block_1_72' title="bbox 2121 2350 3647 2417">
    <p class='ocr_par' dir='ltr' id='par_1_72' title="bbox 2121 2350 3647 2417">
     <span class='ocr_line' id='line_1_72' title="bbox 2121 2350 3647 2417; baseline 0.007 -12"><span class='ocrx_word' id='word_1_486' title='bbox 2121 2365 2175 2405; x_wconf 86' lang='lat' dir='ltr'><strong>ID</strong></span> <span class='ocrx_word' id='word_1_487' title='bbox 2213 2366 2346 2415; x_wconf 73' lang='lat' dir='ltr'><strong>cs&#39;r,</strong></span> <span class='ocrx_word' id='word_1_488' title='bbox 2390 2350 2648 2417; x_wconf 76' lang='lat' dir='ltr'><strong>EUSEBIO,</strong></span> <span class='ocrx_word' id='word_1_489' title='bbox 2694 2354 2945 2409; x_wconf 72' lang='lat' dir='ltr'><strong>Dioavsm</strong></span> <span class='ocrx_word' id='word_1_490' title='bbox 2984 2370 3051 2409; x_wconf 76' lang='lat' dir='ltr'><strong>nr</strong></span> <span class='ocrx_word' id='word_1_491' title='bbox 3097 2355 3369 2413; x_wconf 77' lang='lat' dir='ltr'><strong>LUGIFERO</strong></span> <span class='ocrx_word' id='word_1_492' title='bbox 3408 2375 3459 2413; x_wconf 82' lang='lat' dir='ltr'><strong>IN</strong></span> <span class='ocrx_word' id='word_1_493' title='bbox 3501 2375 3647 2416; x_wconf 73' lang='grc' dir='ltr'>εχει-</span> 
     </span>
    </p>
   </div>
   <div class='ocr_carea' id='block_1_73' title="bbox 2120 2446 2937 2517">
    <p class='ocr_par' dir='ltr' id='par_1_73' title="bbox 2120 2446 2937 2517">
     <span class='ocr_line' id='line_1_73' title="bbox 2120 2446 2937 2517; baseline -0.001 -17"><span class='ocrx_word' id='word_1_494' title='bbox 2120 2459 2205 2500; x_wconf 82' lang='grc' dir='ltr'><strong>ι,ιο</strong></span> <span class='ocrx_word' id='word_1_495' title='bbox 2242 2459 2591 2500; x_wconf 75' lang='lat' dir='ltr'><strong>CONSTITUTIS</strong></span> <span class='ocrx_word' id='word_1_496' title='bbox 2630 2448 2748 2514; x_wconf 90' lang='lat' dir='ltr'><strong>(au.</strong></span> <span class='ocrx_word' id='word_1_497' title='bbox 2780 2446 2937 2517; x_wconf 79' lang='grc'><strong>555).</strong></span> 
     </span>
    </p>
   </div>
   <div class='ocr_carea' id='block_1_74' title="bbox 2121 2555 3651 2629">
    <p class='ocr_par' dir='ltr' id='par_1_74' title="bbox 2121 2555 3651 2629">
     <span class='ocr_line' id='line_1_74' title="bbox 2121 2555 3651 2629; baseline 0.007 -18"><span class='ocrx_word' id='word_1_498' title='bbox 2121 2555 2475 2611; x_wconf 75' lang='lat' dir='ltr'><strong>LExsulibus</strong></span> <span class='ocrx_word' id='word_1_499' title='bbox 2509 2558 2800 2627; x_wconf 85' lang='lat' dir='ltr'><strong>gratulatur</strong></span> <span class='ocrx_word' id='word_1_500' title='bbox 2845 2557 3097 2613; x_wconf 84' lang='lat' dir='ltr'><strong>Liberius.</strong></span> <span class='ocrx_word' id='word_1_501' title='bbox 3129 2590 3199 2601; x_wconf 89' lang='lat'>—</span> <span class='ocrx_word' id='word_1_502' title='bbox 3243 2562 3501 2629; x_wconf 82' lang='lat' dir='ltr'><strong>Quamvis</strong></span> <span class='ocrx_word' id='word_1_503' title='bbox 3550 2568 3651 2627; x_wconf 85' lang='lat' dir='ltr'><strong>sub</strong></span> 
     </span>
    </p>
   </div>
   <div class='ocr_carea' id='block_1_75' title="bbox 2049 2646 3646 2719">
    <p class='ocr_par' dir='ltr' id='par_1_75' title="bbox 2049 2646 3646 2719">
     <span class='ocr_line' id='line_1_75' title="bbox 2049 2646 3646 2719; baseline 0.006 -17"><span class='ocrx_word' id='word_1_504' title='bbox 2049 2647 2283 2718; x_wconf 85' lang='lat' dir='ltr'><strong>imagine</strong></span> <span class='ocrx_word' id='word_1_505' title='bbox 2315 2646 2464 2717; x_wconf 89' lang='lat' dir='ltr'><strong>pacis</strong></span> <span class='ocrx_word' id='word_1_506' title='bbox 2484 2688 2500 2711; x_wconf 92' lang='lat'><strong>,</strong></span> <span class='ocrx_word' id='word_1_507' title='bbox 2531 2648 2752 2701; x_wconf 89' lang='lat' dir='ltr'><strong>humani</strong></span> <span class='ocrx_word' id='word_1_508' title='bbox 2781 2650 2997 2719; x_wconf 85' lang='lat' dir='ltr'><strong>generis</strong></span> <span class='ocrx_word' id='word_1_509' title='bbox 3038 2650 3291 2707; x_wconf 90' lang='lat' dir='ltr'><strong>inimicos</strong></span> <span class='ocrx_word' id='word_1_510' title='bbox 3345 2654 3646 2711; x_wconf 87' lang='lat' dir='ltr'><strong>vehemen-</strong></span> 
     </span>
    </p>
   </div>
   <div class='ocr_carea' id='block_1_76' title="bbox 2054 2738 3647 2815">
    <p class='ocr_par' dir='ltr' id='par_1_76' title="bbox 2054 2738 3647 2815">
     <span class='ocr_line' id='line_1_76' title="bbox 2054 2738 3647 2815; baseline 0.006 -22"><span class='ocrx_word' id='word_1_511' title='bbox 2054 2740 2160 2795; x_wconf 91' lang='lat' dir='ltr'><strong>tius</strong></span> <span class='ocrx_word' id='word_1_512' title='bbox 2188 2741 2243 2793; x_wconf 92' lang='lat' dir='ltr'><strong>in</strong></span> <span class='ocrx_word' id='word_1_513' title='bbox 2269 2738 2513 2795; x_wconf 89' lang='lat' dir='ltr'><strong>membra</strong></span> <span class='ocrx_word' id='word_1_514' title='bbox 2549 2738 2810 2795; x_wconf 80' lang='lat' dir='ltr'><strong>Ecclesiae</strong></span> <span class='ocrx_word' id='word_1_515' title='bbox 2865 2740 3113 2797; x_wconf 88' lang='lat' dir='ltr'><strong>videatur</strong></span> <span class='ocrx_word' id='word_1_516' title='bbox 3164 2754 3285 2798; x_wconf 83' lang='lat' dir='ltr'><strong>esse</strong></span> <span class='ocrx_word' id='word_1_517' title='bbox 3334 2757 3647 2815; x_wconf 87' lang='lat' dir='ltr'><strong>grassatus;</strong></span> 
     </span>
    </p>
   </div>
   <div class='ocr_carea' id='block_1_77' title="bbox 2051 2830 3650 2906">
    <p class='ocr_par' dir='ltr' id='par_1_77' title="bbox 2051 2830 3650 2906">
     <span class='ocr_line' id='line_1_77' title="bbox 2051 2830 3650 2906; baseline 0.006 -22"><span class='ocrx_word' id='word_1_518' title='bbox 2051 2846 2150 2885; x_wconf 89' lang='lat' dir='ltr'><strong>vos</strong></span> <span class='ocrx_word' id='word_1_519' title='bbox 2182 2841 2361 2886; x_wconf 88' lang='lat' dir='ltr'><strong>tamen</strong></span> <span class='ocrx_word' id='word_1_520' title='bbox 2382 2871 2396 2893; x_wconf 91' lang='lat'><strong>,</strong></span> <span class='ocrx_word' id='word_1_521' title='bbox 2429 2830 2499 2900; x_wconf 77' lang='grc' dir='ltr'><strong>(Ῑ)</strong></span> <span class='ocrx_word' id='word_1_522' title='bbox 2557 2832 2921 2900; x_wconf 87' lang='lat' dir='ltr'><strong>acceptissimi</strong></span> <span class='ocrx_word' id='word_1_523' title='bbox 2952 2833 3003 2886; x_wconf 93' lang='lat' dir='ltr'><strong>in</strong></span> <span class='ocrx_word' id='word_1_524' title='bbox 3034 2832 3263 2889; x_wconf 90' lang='lat' dir='ltr'><strong>Domino</strong></span> <span class='ocrx_word' id='word_1_525' title='bbox 3298 2836 3611 2894; x_wconf 87' lang='lat' dir='ltr'><strong>sacerdotes</strong></span> <span class='ocrx_word' id='word_1_526' title='bbox 3633 2880 3650 2906; x_wconf 90' lang='lat'><strong>,</strong></span> 
     </span>
    </p>
   </div>
   <div class='ocr_carea' id='block_1_78' title="bbox 2051 2921 3649 2995">
    <p class='ocr_par' dir='ltr' id='par_1_78' title="bbox 2051 2921 3649 2995">
     <span class='ocr_line' id='line_1_78' title="bbox 2051 2921 3649 2995; baseline 0.006 -18"><span class='ocrx_word' id='word_1_527' title='bbox 2051 2924 2268 2992; x_wconf 73' lang='lat' dir='ltr'><strong>egregia</strong></span> <span class='ocrx_word' id='word_1_528' title='bbox 2295 2930 2352 2978; x_wconf 89' lang='lat' dir='ltr'><strong>et</strong></span> <span class='ocrx_word' id='word_1_529' title='bbox 2380 2921 2672 2992; x_wconf 81' lang='lat' dir='ltr'><strong>singularis</strong></span> <span class='ocrx_word' id='word_1_530' title='bbox 2697 2922 2831 2978; x_wconf 88' lang='lat' dir='ltr'><strong>ﬁdes</strong></span> <span class='ocrx_word' id='word_1_531' title='bbox 2856 2933 2913 2979; x_wconf 92' lang='lat' dir='ltr'><strong>et</strong></span> <span class='ocrx_word' id='word_1_532' title='bbox 2941 2923 3028 2978; x_wconf 87' lang='lat' dir='ltr'><strong>hie</strong></span> <span class='ocrx_word' id='word_1_533' title='bbox 3058 2927 3367 2995; x_wconf 88' lang='lat' dir='ltr'><strong>probabiles</strong></span> <span class='ocrx_word' id='word_1_534' title='bbox 3392 2929 3506 2985; x_wconf 87' lang='lat' dir='ltr'><strong>Deo</strong></span> <span class='ocrx_word' id='word_1_535' title='bbox 3557 2946 3649 2986; x_wconf 90' lang='lat' dir='ltr'><strong>os-</strong></span> 
     </span>
    </p>
   </div>
   <div class='ocr_carea' id='block_1_79' title="bbox 2053 3014 3658 3093">
    <p class='ocr_par' dir='ltr' id='par_1_79' title="bbox 2053 3014 3658 3093">
     <span class='ocr_line' id='line_1_79' title="bbox 2053 3014 3658 3093; baseline 0.006 -24"><span class='ocrx_word' id='word_1_536' title='bbox 2053 3016 2258 3084; x_wconf 85' lang='lat' dir='ltr'><strong>tendit,</strong></span> <span class='ocrx_word' id='word_1_537' title='bbox 2284 3024 2339 3071; x_wconf 89' lang='lat' dir='ltr'><strong>et</strong></span> <span class='ocrx_word' id='word_1_538' title='bbox 2358 3014 2470 3085; x_wconf 89' lang='lat' dir='ltr'><strong>jatn</strong></span> <span class='ocrx_word' id='word_1_539' title='bbox 2494 3015 2561 3070; x_wconf 90' lang='lat' dir='ltr'><strong>ad</strong></span> <span class='ocrx_word' id='word_1_540' title='bbox 2591 3016 2824 3071; x_wconf 90' lang='lat' dir='ltr'><strong>futuram</strong></span> <span class='ocrx_word' id='word_1_541' title='bbox 2854 3017 3079 3086; x_wconf 85' lang='lat' dir='ltr'><strong>gloriam</strong></span> <span class='ocrx_word' id='word_1_542' title='bbox 3112 3030 3383 3091; x_wconf 85' lang='lat' dir='ltr'><strong>martyres</strong></span> <span class='ocrx_word' id='word_1_543' title='bbox 3402 3021 3658 3093; x_wconf 88' lang='lat' dir='ltr'><strong>designa-</strong></span> 
     </span>
    </p>
   </div>
   <div class='ocr_carea' id='block_1_80' title="bbox 2048 3110 3647 3183">
    <p class='ocr_par' dir='ltr' id='par_1_80' title="bbox 2048 3110 3647 3183">
     <span class='ocr_line' id='line_1_80' title="bbox 2048 3110 3647 3183; baseline 0.005 -18"><span class='ocrx_word' id='word_1_544' title='bbox 2048 3110 2141 3166; x_wconf 88' lang='lat' dir='ltr'><strong>vit.</strong></span> <span class='ocrx_word' id='word_1_545' title='bbox 2175 3112 2294 3179; x_wconf 84' lang='lat' dir='ltr'><strong>Quo</strong></span> <span class='ocrx_word' id='word_1_546' title='bbox 2323 3112 2502 3181; x_wconf 86' lang='lat' dir='ltr'><strong>itaque</strong></span> <span class='ocrx_word' id='word_1_547' title='bbox 2526 3112 2797 3180; x_wconf 68' lang='lat' dir='ltr'><strong>praeconio</strong></span> <span class='ocrx_word' id='word_1_548' title='bbox 2826 3111 3030 3181; x_wconf 85' lang='lat' dir='ltr'><strong>laudis,</strong></span> <span class='ocrx_word' id='word_1_549' title='bbox 3070 3129 3175 3183; x_wconf 88' lang='lat' dir='ltr'><strong>qua</strong></span> <span class='ocrx_word' id='word_1_550' title='bbox 3207 3115 3352 3169; x_wconf 84' lang='lat' dir='ltr'><strong>vocis</strong></span> <span class='ocrx_word' id='word_1_551' title='bbox 3400 3118 3647 3174; x_wconf 82' lang='lat' dir='ltr'><strong>exsulta-</strong></span> 
     </span>
    </p>
   </div>
   <div class='ocr_carea' id='block_1_81' title="bbox 1969 3182 3656 3276">
    <p class='ocr_par' dir='ltr' id='par_1_81' title="bbox 1969 3182 3656 3276">
     <span class='ocr_line' id='line_1_81' title="bbox 1969 3182 3656 3276; baseline 0.004 -17"><span class='ocrx_word' id='word_1_552' title='bbox 1969 3182 2016 3246; x_wconf 62' lang='grc' dir='ltr'><strong>ί)</strong></span> <span class='ocrx_word' id='word_1_553' title='bbox 2048 3204 2193 3259; x_wconf 88' lang='lat' dir='ltr'><strong>tione</strong></span> <span class='ocrx_word' id='word_1_554' title='bbox 2217 3203 2408 3259; x_wconf 86' lang='lat' dir='ltr'><strong>merita</strong></span> <span class='ocrx_word' id='word_1_555' title='bbox 2433 3203 2648 3258; x_wconf 91' lang='lat' dir='ltr'><strong>virtutis</strong></span> <span class='ocrx_word' id='word_1_556' title='bbox 2676 3211 2873 3259; x_wconf 73' lang='lat' dir='ltr'><strong>vestra:</strong></span> <span class='ocrx_word' id='word_1_557' title='bbox 2895 3203 3167 3274; x_wconf 85' lang='lat' dir='ltr'><strong>proferam</strong></span> <span class='ocrx_word' id='word_1_558' title='bbox 3189 3245 3204 3270; x_wconf 95' lang='lat'><strong>,</strong></span> <span class='ocrx_word' id='word_1_559' title='bbox 3248 3208 3458 3276; x_wconf 89' lang='lat' dir='ltr'><strong>positus</strong></span> <span class='ocrx_word' id='word_1_560' title='bbox 3502 3209 3656 3265; x_wconf 85' lang='lat' dir='ltr'><strong>inter</strong></span> 
     </span>
    </p>
   </div>
   <div class='ocr_carea' id='block_1_82' title="bbox 2046 3296 3643 3373">
    <p class='ocr_par' dir='ltr' id='par_1_82' title="bbox 2046 3296 3643 3373">
     <span class='ocr_line' id='line_1_82' title="bbox 2046 3296 3643 3373; baseline 0.003 -20"><span class='ocrx_word' id='word_1_561' title='bbox 2046 3312 2334 3354; x_wconf 74' lang='lat' dir='ltr'><strong>intereram</strong></span> <span class='ocrx_word' id='word_1_562' title='bbox 2402 3296 2660 3355; x_wconf 70' lang='lat' dir='ltr'><strong>absentia:</strong></span> <span class='ocrx_word' id='word_1_563' title='bbox 2739 3308 2931 3353; x_wconf 68' lang='lat' dir='ltr'><strong>vestra}</strong></span> <span class='ocrx_word' id='word_1_564' title='bbox 3000 3309 3054 3353; x_wconf 91' lang='lat' dir='ltr'><strong>et</strong></span> <span class='ocrx_word' id='word_1_565' title='bbox 3105 3298 3358 3369; x_wconf 88' lang='lat' dir='ltr'><strong>gaudium</strong></span> <span class='ocrx_word' id='word_1_566' title='bbox 3425 3301 3643 3373; x_wconf 65' lang='lat' dir='ltr'><strong>gloriae,</strong></span> 
     </span>
    </p>
   </div>
   <div class='ocr_carea' id='block_1_83' title="bbox 2050 3444 3647 3518">
    <p class='ocr_par' dir='ltr' id='par_1_83' title="bbox 2050 3444 3647 3518">
     <span class='ocr_line' id='line_1_83' title="bbox 2050 3444 3647 3518; baseline 0.007 -20"><span class='ocrx_word' id='word_1_567' title='bbox 2050 3462 2112 3500; x_wconf 88' lang='lat' dir='ltr'><strong>ac</strong></span> <span class='ocrx_word' id='word_1_568' title='bbox 2160 3444 2394 3518; x_wconf 75' lang='lat' dir='ltr'><strong>tandem</strong></span> <span class='ocrx_word' id='word_1_569' title='bbox 2426 3444 2763 3518; x_wconf 85' lang='lat' dir='ltr'><strong>Vincentium</strong></span> <span class='ocrx_word' id='word_1_570' title='bbox 2814 3446 2864 3501; x_wconf 88' lang='lat' dir='ltr'><strong>vi</strong></span> <span class='ocrx_word' id='word_1_571' title='bbox 2922 3449 3262 3518; x_wconf 86' lang='lat' dir='ltr'><strong>compulsum</strong></span> <span class='ocrx_word' id='word_1_572' title='bbox 3319 3452 3647 3509; x_wconf 80' lang='lat' dir='ltr'><strong>Arianorum</strong></span> 
     </span>
    </p>
   </div>
   <div class='ocr_carea' id='block_1_84' title="bbox 2050 3515 2583 3587">
    <p class='ocr_par' dir='ltr' id='par_1_84' title="bbox 2050 3515 2583 3587">
     <span class='ocr_line' id='line_1_84' title="bbox 2050 3515 2583 3587; baseline -0.004 -16"><span class='ocrx_word' id='word_1_573' title='bbox 2050 3518 2243 3587; x_wconf 86' lang='lat' dir='ltr'><strong>placita</strong></span> <span class='ocrx_word' id='word_1_574' title='bbox 2274 3515 2583 3587; x_wconf 79' lang='lat' dir='ltr'><strong>perfecisse.</strong></span> 
     </span>
    </p>
   </div>
   <div class='ocr_carea' id='block_1_85' title="bbox 2119 3586 3353 3660">
    <p class='ocr_par' dir='ltr' id='par_1_85' title="bbox 2119 3586 3353 3660">
     <span class='ocr_line' id='line_1_85' title="bbox 2119 3586 3353 3660; baseline 0.002 -18"><span class='ocrx_word' id='word_1_575' title='bbox 2119 3587 2203 3660; x_wconf 70' lang='lat' dir='ltr'><strong>(tl)</strong></span> <span class='ocrx_word' id='word_1_576' title='bbox 2228 3587 2385 3660; x_wconf 75' lang='lat' dir='ltr'><strong>Apud</strong></span> <span class='ocrx_word' id='word_1_577' title='bbox 2410 3586 2601 3642; x_wconf 88' lang='lat' dir='ltr'><strong>Baron.</strong></span> <span class='ocrx_word' id='word_1_578' title='bbox 2617 3631 2629 3651; x_wconf 91' lang='lat'><strong>,</strong></span> <span class='ocrx_word' id='word_1_579' title='bbox 2647 3589 3025 3660; x_wconf 78' lang='lat' dir='ltr'><strong>religiosissime</strong></span> <span class='ocrx_word' id='word_1_580' title='bbox 3052 3592 3353 3659; x_wconf 80' lang='lat' dir='ltr'><strong>imperator.</strong></span> 
     </span>
    </p>
   </div>
   <div class='ocr_carea' id='block_1_86' title="bbox 2120 3658 3641 3730">
    <p class='ocr_par' dir='ltr' id='par_1_86' title="bbox 2120 3658 3641 3730">
     <span class='ocr_line' id='line_1_86' title="bbox 2120 3658 3641 3730; baseline 0.007 -19"><span class='ocrx_word' id='word_1_581' title='bbox 2120 3658 2190 3730; x_wconf 69' lang='lat' dir='ltr'><strong>te)</strong></span> <span class='ocrx_word' id='word_1_582' title='bbox 2224 3659 2486 3714; x_wconf 87' lang='lat' dir='ltr'><strong>Baronius</strong></span> <span class='ocrx_word' id='word_1_583' title='bbox 2514 3659 2579 3713; x_wconf 89' lang='lat' dir='ltr'><strong>ad</strong></span> <span class='ocrx_word' id='word_1_584' title='bbox 2615 3676 2702 3713; x_wconf 92' lang='lat' dir='ltr'><strong>au.</strong></span> <span class='ocrx_word' id='word_1_585' title='bbox 2733 3659 2858 3718; x_wconf 80' lang='grc'><strong>555.</strong></span> <span class='ocrx_word' id='word_1_586' title='bbox 2889 3679 2941 3714; x_wconf 86' lang='grc' dir='ltr'><strong>ιι.</strong></span> <span class='ocrx_word' id='word_1_587' title='bbox 2966 3661 3054 3725; x_wconf 68' lang='lat'><strong>52,</strong></span> <span class='ocrx_word' id='word_1_588' title='bbox 3084 3663 3369 3730; x_wconf 86' lang='lat' dir='ltr'><strong>epistolam</strong></span> <span class='ocrx_word' id='word_1_589' title='bbox 3395 3667 3641 3721; x_wconf 86' lang='lat' dir='ltr'><strong>eamdem</strong></span> 
     </span>
    </p>
   </div>
   <div class='ocr_carea' id='block_1_87' title="bbox 2042 3731 3642 3799">
    <p class='ocr_par' dir='ltr' id='par_1_87' title="bbox 2042 3731 3642 3799">
     <span class='ocr_line' id='line_1_87' title="bbox 2042 3731 3642 3799; baseline 0.006 -16"><span class='ocrx_word' id='word_1_590' title='bbox 2042 3731 2279 3787; x_wconf 74' lang='lat' dir='ltr'><strong>exhibet.</strong></span> <span class='ocrx_word' id='word_1_591' title='bbox 2321 3731 2492 3798; x_wconf 87' lang='lat' dir='ltr'><strong>Quam</strong></span> <span class='ocrx_word' id='word_1_592' title='bbox 2526 3732 2578 3784; x_wconf 93' lang='lat' dir='ltr'><strong>iu</strong></span> <span class='ocrx_word' id='word_1_593' title='bbox 2621 3731 2755 3785; x_wconf 81' lang='lat' dir='ltr'><strong>attis</strong></span> <span class='ocrx_word' id='word_1_594' title='bbox 2782 3731 2996 3799; x_wconf 82' lang='lat' dir='ltr'><strong>quidem</strong></span> <span class='ocrx_word' id='word_1_595' title='bbox 3029 3733 3086 3787; x_wconf 89' lang='lat' dir='ltr'><strong>S.</strong></span> <span class='ocrx_word' id='word_1_596' title='bbox 3124 3734 3343 3790; x_wconf 82' lang='lat' dir='ltr'><strong>Eusebii</strong></span> <span class='ocrx_word' id='word_1_597' title='bbox 3384 3736 3448 3790; x_wconf 89' lang='lat' dir='ltr'><strong>ad</strong></span> <span class='ocrx_word' id='word_1_598' title='bbox 3479 3752 3642 3793; x_wconf 89' lang='lat' dir='ltr'><strong>unum</strong></span> 
     </span>
    </p>
   </div>
   <div class='ocr_carea' id='block_1_88' title="bbox 2046 3800 3633 3874">
    <p class='ocr_par' dir='ltr' id='par_1_88' title="bbox 2046 3800 3633 3874">
     <span class='ocr_line' id='line_1_88' title="bbox 2046 3800 3633 3874; baseline 0.005 -19"><span class='ocrx_word' id='word_1_599' title='bbox 2046 3800 2336 3856; x_wconf 69' lang='lat' dir='ltr'><strong>EUSt‘lliUln</strong></span> <span class='ocrx_word' id='word_1_600' title='bbox 2359 3843 2372 3865; x_wconf 94' lang='lat'><strong>,</strong></span> <span class='ocrx_word' id='word_1_601' title='bbox 2408 3800 2461 3855; x_wconf 89' lang='lat' dir='ltr'><strong>in</strong></span> <span class='ocrx_word' id='word_1_602' title='bbox 2492 3803 2676 3857; x_wconf 85' lang='lat' dir='ltr'><strong>codice</strong></span> <span class='ocrx_word' id='word_1_603' title='bbox 2698 3816 2880 3874; x_wconf 81' lang='lat' dir='ltr'><strong>autem</strong></span> <span class='ocrx_word' id='word_1_604' title='bbox 2921 3802 3176 3874; x_wconf 71' lang='lat' dir='ltr'><strong>Vaticano</strong></span> <span class='ocrx_word' id='word_1_605' title='bbox 3209 3815 3316 3858; x_wconf 87' lang='lat' dir='ltr'><strong>lunt</strong></span> <span class='ocrx_word' id='word_1_606' title='bbox 3349 3806 3414 3859; x_wconf 85' lang='lat' dir='ltr'><strong>ad</strong></span> <span class='ocrx_word' id='word_1_607' title='bbox 3458 3808 3633 3874; x_wconf 87' lang='lat' dir='ltr'><strong>ipsum</strong></span> 
     </span>
    </p>
   </div>
   <div class='ocr_carea' id='block_1_89' title="bbox 2040 3872 3635 3944">
    <p class='ocr_par' dir='ltr' id='par_1_89' title="bbox 2040 3872 3635 3944">
     <span class='ocr_line' id='line_1_89' title="bbox 2040 3872 3635 3944; baseline 0.005 -19"><span class='ocrx_word' id='word_1_608' title='bbox 2040 3882 2150 3925; x_wconf 88' lang='lat' dir='ltr'><strong>tum</strong></span> <span class='ocrx_word' id='word_1_609' title='bbox 2183 3874 2246 3926; x_wconf 87' lang='lat' dir='ltr'><strong>ad</strong></span> <span class='ocrx_word' id='word_1_610' title='bbox 2290 3874 2529 3944; x_wconf 81' lang='lat' dir='ltr'><strong>reliquos</strong></span> <span class='ocrx_word' id='word_1_611' title='bbox 2558 3872 2794 3935; x_wconf 77' lang='lat' dir='ltr'><strong>exsules,</strong></span> <span class='ocrx_word' id='word_1_612' title='bbox 2822 3889 2883 3927; x_wconf 91' lang='lat' dir='ltr'><strong>ac</strong></span> <span class='ocrx_word' id='word_1_613' title='bbox 2913 3873 3127 3928; x_wconf 86' lang='lat' dir='ltr'><strong>demum</strong></span> <span class='ocrx_word' id='word_1_614' title='bbox 3162 3876 3211 3929; x_wconf 93' lang='lat' dir='ltr'><strong>in</strong></span> <span class='ocrx_word' id='word_1_615' title='bbox 3246 3872 3488 3944; x_wconf 84' lang='lat' dir='ltr'><strong>pluribus</strong></span> <span class='ocrx_word' id='word_1_616' title='bbox 3513 3879 3635 3933; x_wconf 90' lang='lat' dir='ltr'><strong>aliis</strong></span> 
     </span>
    </p>
   </div>
   <div class='ocr_carea' id='block_1_90' title="bbox 2038 3943 3641 4012">
    <p class='ocr_par' dir='ltr' id='par_1_90' title="bbox 2038 3943 3641 4012">
     <span class='ocr_line' id='line_1_90' title="bbox 2038 3943 3641 4012; baseline 0.004 -14"><span class='ocrx_word' id='word_1_617' title='bbox 2038 3943 2435 4012; x_wconf 71' lang='lat' dir='ltr'><strong>exemplaribus</strong></span> <span class='ocrx_word' id='word_1_618' title='bbox 2493 3944 2558 3996; x_wconf 89' lang='lat' dir='ltr'><strong>ad</strong></span> <span class='ocrx_word' id='word_1_619' title='bbox 2586 3960 2773 3997; x_wconf 82' lang='lat' dir='ltr'><strong>omnes</strong></span> <span class='ocrx_word' id='word_1_620' title='bbox 2796 3944 3138 4001; x_wconf 62' lang='lat' dir='ltr'><strong>(‘tllliCSatll&#39;CS</strong></span> <span class='ocrx_word' id='word_1_621' title='bbox 3167 3943 3397 4002; x_wconf 83' lang='lat' dir='ltr'><strong>diversis</strong></span> <span class='ocrx_word' id='word_1_622' title='bbox 3426 3948 3475 4002; x_wconf 91' lang='lat' dir='ltr'><strong>in</strong></span> <span class='ocrx_word' id='word_1_623' title='bbox 3510 3949 3641 4004; x_wconf 90' lang='lat' dir='ltr'><strong>locis</strong></span> 
     </span>
    </p>
   </div>
   <div class='ocr_carea' id='block_1_91' title="bbox 2040 4015 3641 4085">
    <p class='ocr_par' dir='ltr' id='par_1_91' title="bbox 2040 4015 3641 4085">
     <span class='ocr_line' id='line_1_91' title="bbox 2040 4015 3641 4085; baseline 0.004 -16"><span class='ocrx_word' id='word_1_624' title='bbox 2040 4015 2350 4069; x_wconf 84' lang='lat' dir='ltr'><strong>exsulantes</strong></span> <span class='ocrx_word' id='word_1_625' title='bbox 2368 4015 2692 4084; x_wconf 85' lang='lat' dir='ltr'><strong>encyclicani</strong></span> <span class='ocrx_word' id='word_1_626' title='bbox 2718 4015 3027 4085; x_wconf 60' lang='lat' dir='ltr'><strong>inscriptam</strong></span> <span class='ocrx_word' id='word_1_627' title='bbox 3047 4027 3421 4073; x_wconf 84' lang='lat' dir='ltr'><strong>essetestatur.</strong></span> <span class='ocrx_word' id='word_1_628' title='bbox 3441 4021 3534 4074; x_wconf 84' lang='lat' dir='ltr'><strong>Cui</strong></span> <span class='ocrx_word' id='word_1_629' title='bbox 3559 4022 3641 4075; x_wconf 89' lang='lat' dir='ltr'><strong>in-</strong></span> 
     </span>
    </p>
   </div>
   <div class='ocr_carea' id='block_1_92' title="bbox 2036 4085 3633 4155">
    <p class='ocr_par' dir='ltr' id='par_1_92' title="bbox 2036 4085 3633 4155">
     <span class='ocr_line' id='line_1_92' title="bbox 2036 4085 3633 4155; baseline 0.003 -15"><span class='ocrx_word' id='word_1_630' title='bbox 2036 4086 2319 4154; x_wconf 88' lang='lat' dir='ltr'><strong>scriptioui</strong></span> <span class='ocrx_word' id='word_1_631' title='bbox 2351 4087 2512 4149; x_wconf 83' lang='lat' dir='ltr'><strong>favet,</strong></span> <span class='ocrx_word' id='word_1_632' title='bbox 2540 4087 2681 4155; x_wconf 76' lang='lat' dir='ltr'><strong>quod</strong></span> <span class='ocrx_word' id='word_1_633' title='bbox 2715 4085 2851 4138; x_wconf 81' lang='lat' dir='ltr'><strong>hanc</strong></span> <span class='ocrx_word' id='word_1_634' title='bbox 2876 4087 3184 4155; x_wconf 80' lang='lat' dir='ltr'><strong>uniformem</strong></span> <span class='ocrx_word' id='word_1_635' title='bbox 3232 4090 3461 4145; x_wconf 83' lang='lat' dir='ltr'><strong>llilarius</strong></span> <span class='ocrx_word' id='word_1_636' title='bbox 3493 4107 3633 4145; x_wconf 85' lang='lat' dir='ltr'><strong>nun-</strong></span> 
     </span>
    </p>
   </div>
   <div class='ocr_carea' id='block_1_93' title="bbox 2037 4156 3637 4231">
    <p class='ocr_par' dir='ltr' id='par_1_93' title="bbox 2037 4156 3637 4231">
     <span class='ocr_line' id='line_1_93' title="bbox 2037 4156 3637 4231; baseline 0.003 -20"><span class='ocrx_word' id='word_1_637' title='bbox 2037 4166 2218 4225; x_wconf 63' lang='lat' dir='ltr'><strong>cupiit.</strong></span> <span class='ocrx_word' id='word_1_638' title='bbox 2267 4157 2415 4231; x_wconf 75' lang='lat' dir='ltr'><strong>Untle</strong></span> <span class='ocrx_word' id='word_1_639' title='bbox 2453 4158 2700 4231; x_wconf 76' lang='lat' dir='ltr'><strong>proxime</strong></span> <span class='ocrx_word' id='word_1_640' title='bbox 2754 4167 2871 4223; x_wconf 85' lang='lat' dir='ltr'><strong>post</strong></span> <span class='ocrx_word' id='word_1_641' title='bbox 2907 4161 3065 4212; x_wconf 86' lang='lat' dir='ltr'><strong>verba</strong></span> <span class='ocrx_word' id='word_1_642' title='bbox 3101 4156 3350 4231; x_wconf 85' lang='lat' dir='ltr'><strong>Dionysio</strong></span> <span class='ocrx_word' id='word_1_643' title='bbox 3370 4170 3438 4231; x_wconf 18' lang='lat' dir='ltr'><strong>it&#39;l</strong></span> <span class='ocrx_word' id='word_1_644' title='bbox 3480 4159 3637 4215; x_wconf 86' lang='lat' dir='ltr'><strong>Luci-</strong></span> 
     </span>
    </p>
   </div>
   <div class='ocr_carea' id='block_1_94' title="bbox 2038 4228 3637 4299">
    <p class='ocr_par' dir='ltr' id='par_1_94' title="bbox 2038 4228 3637 4299">
     <span class='ocr_line' id='line_1_94' title="bbox 2038 4228 3637 4299; baseline 0.004 -18"><span class='ocrx_word' id='word_1_645' title='bbox 2038 4231 2169 4299; x_wconf 75' lang='lat' dir='ltr'><strong>fero.</strong></span> <span class='ocrx_word' id='word_1_646' title='bbox 2204 4228 2559 4299; x_wconf 86' lang='lat' dir='ltr'><strong>supplendum</strong></span> <span class='ocrx_word' id='word_1_647' title='bbox 2596 4228 2801 4282; x_wconf 77' lang='lat' dir='ltr'><strong>videtur</strong></span> <span class='ocrx_word' id='word_1_648' title='bbox 2843 4239 2886 4282; x_wconf 88' lang='lat' dir='ltr'><strong>et</strong></span> <span class='ocrx_word' id='word_1_649' title='bbox 2928 4231 3142 4284; x_wconf 80' lang='lat' dir='ltr'><strong>rwteris.</strong></span> <span class='ocrx_word' id='word_1_650' title='bbox 3179 4228 3339 4286; x_wconf 72' lang='lat' dir='ltr'><strong>certe</strong></span> <span class='ocrx_word' id='word_1_651' title='bbox 3368 4230 3637 4288; x_wconf 79' lang='lat' dir='ltr'><strong>Pancratii</strong></span> 
     </span>
    </p>
   </div>
   <div class='ocr_carea' id='block_1_95' title="bbox 2077 4298 3627 4373">
    <p class='ocr_par' dir='ltr' id='par_1_95' title="bbox 2077 4298 3627 4373">
     <span class='ocr_line' id='line_1_95' title="bbox 2077 4298 3627 4373; baseline 0.003 -20"><span class='ocrx_word' id='word_1_652' title='bbox 2077 4299 2336 4373; x_wconf 78' lang='lat' dir='ltr'><strong>resliyteri</strong></span> <span class='ocrx_word' id='word_1_653' title='bbox 2373 4298 2659 4373; x_wconf 86' lang='lat' dir='ltr'><strong>et_llil_arii</strong></span> <span class='ocrx_word' id='word_1_654' title='bbox 2684 4299 2916 4361; x_wconf 87' lang='lat' dir='ltr'><strong>diaeooi,</strong></span> <span class='ocrx_word' id='word_1_655' title='bbox 2960 4302 3047 4368; x_wconf 93' lang='lat' dir='ltr'><strong>qui</strong></span> <span class='ocrx_word' id='word_1_656' title='bbox 3078 4318 3184 4373; x_wconf 84' lang='lat' dir='ltr'><strong>una</strong></span> <span class='ocrx_word' id='word_1_657' title='bbox 3222 4318 3342 4357; x_wconf 87' lang='lat' dir='ltr'><strong>coni</strong></span> <span class='ocrx_word' id='word_1_658' title='bbox 3374 4303 3627 4373; x_wconf 86' lang='lat' dir='ltr'><strong>Eusebio,</strong></span> 
     </span>
    </p>
   </div>
   <div class='ocr_carea' id='block_1_96' title="bbox 2085 4367 3627 4442">
    <p class='ocr_par' dir='ltr' id='par_1_96' title="bbox 2085 4367 3627 4442">
     <span class='ocr_line' id='line_1_96' title="bbox 2085 4367 3627 4442; baseline 0.004 -19"><span class='ocrx_word' id='word_1_659' title='bbox 2085 4371 2295 4442; x_wconf 69' lang='lat' dir='ltr'><strong>iouy~io</strong></span> <span class='ocrx_word' id='word_1_660' title='bbox 2336 4381 2388 4423; x_wconf 81' lang='lat' dir='ltr'><strong>ct</strong></span> <span class='ocrx_word' id='word_1_661' title='bbox 2434 4367 2683 4442; x_wconf 79' lang='lat' dir='ltr'><strong>Lucifero</strong></span> <span class='ocrx_word' id='word_1_662' title='bbox 2719 4373 2889 4430; x_wconf 84' lang='lat' dir='ltr'><strong>missi,</strong></span> <span class='ocrx_word' id='word_1_663' title='bbox 2934 4367 3178 4427; x_wconf 87' lang='lat' dir='ltr'><strong>eamdem</strong></span> <span class='ocrx_word' id='word_1_664' title='bbox 3219 4375 3394 4428; x_wconf 70' lang='lat' dir='ltr'><strong>exsilii</strong></span> <span class='ocrx_word' id='word_1_665' title='bbox 3426 4367 3627 4431; x_wconf 78' lang='lat' dir='ltr'><strong>Sortcui</strong></span> 
     </span>
    </p>
   </div>
   <div class='ocr_carea' id='block_1_97' title="bbox 2037 4441 3628 4514">
    <p class='ocr_par' dir='ltr' id='par_1_97' title="bbox 2037 4441 3628 4514">
     <span class='ocr_line' id='line_1_97' title="bbox 2037 4441 3628 4514; baseline 0.001 -17"><span class='ocrx_word' id='word_1_666' title='bbox 2037 4441 2280 4514; x_wconf 75' lang='lat' dir='ltr'><strong>perpessi</strong></span> <span class='ocrx_word' id='word_1_667' title='bbox 2313 4451 2467 4496; x_wconf 89' lang='lat' dir='ltr'><strong>erant</strong></span> <span class='ocrx_word' id='word_1_668' title='bbox 2491 4484 2504 4503; x_wconf 86' lang='lat'><strong>,</strong></span> <span class='ocrx_word' id='word_1_669' title='bbox 2538 4441 2807 4514; x_wconf 86' lang='lat' dir='ltr'><strong>Liberium</strong></span> <span class='ocrx_word' id='word_1_670' title='bbox 2838 4442 3068 4496; x_wconf 88' lang='lat' dir='ltr'><strong>ohlitnin</strong></span> <span class='ocrx_word' id='word_1_671' title='bbox 3102 4461 3221 4499; x_wconf 80' lang='lat' dir='ltr'><strong>esse</strong></span> <span class='ocrx_word' id='word_1_672' title='bbox 3250 4446 3373 4514; x_wconf 87' lang='lat' dir='ltr'><strong>quis</strong></span> <span class='ocrx_word' id='word_1_673' title='bbox 3408 4447 3628 4500; x_wconf 87' lang='lat' dir='ltr'><strong>credat?</strong></span> 
     </span>
    </p>
   </div>
   <div class='ocr_carea' id='block_1_98' title="bbox 2110 4512 3628 4582">
    <p class='ocr_par' dir='ltr' id='par_1_98' title="bbox 2110 4512 3628 4582">
     <span class='ocr_line' id='line_1_98' title="bbox 2110 4512 3628 4582; baseline 0.003 -16"><span class='ocrx_word' id='word_1_674' title='bbox 2110 4512 2226 4568; x_wconf 85' lang='lat' dir='ltr'><strong>Non</strong></span> <span class='ocrx_word' id='word_1_675' title='bbox 2273 4514 2578 4582; x_wconf 86' lang='lat' dir='ltr'><strong>ambiguum</strong></span> <span class='ocrx_word' id='word_1_676' title='bbox 2608 4526 2710 4573; x_wconf 78' lang='lat' dir='ltr'><strong>eSI,</strong></span> <span class='ocrx_word' id='word_1_677' title='bbox 2751 4513 2894 4567; x_wconf 82' lang='lat' dir='ltr'><strong>illam</strong></span> <span class='ocrx_word' id='word_1_678' title='bbox 2924 4514 2988 4566; x_wconf 91' lang='lat' dir='ltr'><strong>ad</strong></span> <span class='ocrx_word' id='word_1_679' title='bbox 3021 4530 3114 4570; x_wconf 90' lang='lat' dir='ltr'><strong>eos</strong></span> <span class='ocrx_word' id='word_1_680' title='bbox 3144 4512 3373 4570; x_wconf 78' lang='lat' dir='ltr'><strong>maxime</strong></span> <span class='ocrx_word' id='word_1_681' title='bbox 3410 4518 3628 4571; x_wconf 82' lang='lat' dir='ltr'><strong>missam</strong></span> 
     </span>
    </p>
   </div>
   <div class='ocr_carea' id='block_1_99' title="bbox 346 4574 3631 4654">
    <p class='ocr_par' dir='ltr' id='par_1_99' title="bbox 346 4574 3631 4654">
     <span class='ocr_line' id='line_1_99' title="bbox 346 4574 3631 4654; baseline -0.001 -12"><span class='ocrx_word' id='word_1_682' title='bbox 346 4574 493 4642; x_wconf 72' lang='lat' dir='ltr'><strong>xeris</strong></span> <span class='ocrx_word' id='word_1_683' title='bbox 525 4602 647 4643; x_wconf 87' lang='lat' dir='ltr'><strong>euut</strong></span> <span class='ocrx_word' id='word_1_684' title='bbox 679 4583 765 4639; x_wconf 81' lang='lat' dir='ltr'><strong>hic</strong></span> <span class='ocrx_word' id='word_1_685' title='bbox 791 4574 978 4652; x_wconf 73' lang='lat' dir='ltr'><strong>argui,</strong></span> <span class='ocrx_word' id='word_1_686' title='bbox 1022 4574 1165 4653; x_wconf 70' lang='lat' dir='ltr'><strong>quod</strong></span> <span class='ocrx_word' id='word_1_687' title='bbox 1197 4582 1572 4637; x_wconf 73' lang='lat' dir='ltr'><strong>Alexandrinis</strong></span> <span class='ocrx_word' id='word_1_688' title='bbox 1603 4584 1813 4638; x_wconf 74' lang='lat' dir='ltr'><strong>Ariauis</strong></span> <span class='ocrx_word' id='word_1_689' title='bbox 1841 4601 1933 4652; x_wconf 86' lang='lat' dir='ltr'><strong>per</strong></span> <span class='ocrx_word' id='word_1_690' title='bbox 1960 4574 2012 4633; x_wconf 78' lang='grc' dir='ltr'><strong>Ι)</strong></span> <span class='ocrx_word' id='word_1_691' title='bbox 2039 4599 2183 4650; x_wconf 87' lang='lat' dir='ltr'><strong>esse,</strong></span> <span class='ocrx_word' id='word_1_692' title='bbox 2216 4586 2303 4654; x_wconf 85' lang='lat' dir='ltr'><strong>qui</strong></span> <span class='ocrx_word' id='word_1_693' title='bbox 2338 4586 2388 4636; x_wconf 92' lang='lat' dir='ltr'><strong>iu</strong></span> <span class='ocrx_word' id='word_1_694' title='bbox 2417 4574 2644 4637; x_wconf 68' lang='lat' dir='ltr'><strong>concilio</strong></span> <span class='ocrx_word' id='word_1_695' title='bbox 2675 4584 3061 4640; x_wconf 58' lang='lat' dir='ltr'><strong>Mediolaucusi</strong></span> <span class='ocrx_word' id='word_1_696' title='bbox 3094 4589 3218 4639; x_wconf 89' lang='lat' dir='ltr'><strong>anni</strong></span> <span class='ocrx_word' id='word_1_697' title='bbox 3241 4585 3369 4650; x_wconf 78' lang='grc'>555,</span> <span class='ocrx_word' id='word_1_698' title='bbox 3401 4588 3472 4639; x_wconf 86' lang='lat' dir='ltr'><strong>oli</strong></span> <span class='ocrx_word' id='word_1_699' title='bbox 3500 4604 3631 4641; x_wconf 66' lang='lat' dir='ltr'><strong>con.</strong></span> 
     </span>
    </p>
   </div>
   <div class='ocr_carea' id='block_1_100' title="bbox 344 4656 958 4713">
    <p class='ocr_par' dir='ltr' id='par_1_100' title="bbox 344 4656 958 4713">
     <span class='ocr_line' id='line_1_100' title="bbox 344 4656 958 4713; baseline -0.007 0"><span class='ocrx_word' id='word_1_700' title='bbox 344 4657 554 4713; x_wconf 85' lang='lat' dir='ltr'><strong>litteras</strong></span> <span class='ocrx_word' id='word_1_701' title='bbox 582 4656 958 4712; x_wconf 84' lang='lat' dir='ltr'><strong>communicet.</strong></span> 
     </span>
    </p>
   </div>
   <div class='ocr_carea' id='block_1_101' title="bbox 424 4724 1932 4802">
    <p class='ocr_par' dir='ltr' id='par_1_101' title="bbox 424 4724 1932 4802">
     <span class='ocr_line' id='line_1_101' title="bbox 424 4724 1932 4802; baseline -0.001 -21"><span class='ocrx_word' id='word_1_702' title='bbox 424 4731 501 4802; x_wconf 81' lang='lat' dir='ltr'><strong>(li)</strong></span> <span class='ocrx_word' id='word_1_703' title='bbox 540 4728 708 4802; x_wconf 76' lang='lat' dir='ltr'><strong>Abest</strong></span> <span class='ocrx_word' id='word_1_704' title='bbox 737 4726 976 4783; x_wconf 76' lang='lat' dir='ltr'><strong>exhibitis</strong></span> <span class='ocrx_word' id='word_1_705' title='bbox 1007 4724 1589 4802; x_wconf 51' lang='lat' dir='ltr'><strong>apiid_Baroitiuin._ln</strong></span> <span class='ocrx_word' id='word_1_706' title='bbox 1621 4739 1723 4802; x_wconf 69' lang='lat' dir='ltr'><strong>ius.</strong></span> <span class='ocrx_word' id='word_1_707' title='bbox 1766 4725 1932 4789; x_wconf 87' lang='lat' dir='ltr'><strong>Pitli.,</strong></span> 
     </span>
    </p>
   </div>
   <div class='ocr_carea' id='block_1_102' title="bbox 347 4795 1933 4871">
    <p class='ocr_par' dir='ltr' id='par_1_102' title="bbox 347 4795 1933 4871">
     <span class='ocr_line' id='line_1_102' title="bbox 347 4795 1933 4871; baseline -0.006 -13"><span class='ocrx_word' id='word_1_708' title='bbox 347 4795 590 4858; x_wconf 66' lang='lat' dir='ltr'><strong>aliibitis</strong></span> <span class='ocrx_word' id='word_1_709' title='bbox 611 4801 898 4871; x_wconf 77' lang='lat' dir='ltr'><strong>episcopis:</strong></span> <span class='ocrx_word' id='word_1_710' title='bbox 921 4795 1061 4867; x_wconf 90' lang='lat' dir='ltr'><strong>quod</strong></span> <span class='ocrx_word' id='word_1_711' title='bbox 1086 4796 1262 4871; x_wconf 76' lang='lat' dir='ltr'><strong>Faber</strong></span> <span class='ocrx_word' id='word_1_712' title='bbox 1286 4796 1555 4871; x_wconf 29' lang='lat' dir='ltr'><strong>non‘male</strong></span> <span class='ocrx_word' id='word_1_713' title='bbox 1585 4795 1795 4871; x_wconf 85' lang='lat' dir='ltr'><strong>videtur</strong></span> <span class='ocrx_word' id='word_1_714' title='bbox 1815 4812 1933 4849; x_wconf 83' lang='lat' dir='ltr'><strong>cor-</strong></span> 
     </span>
    </p>
   </div>
   <div class='ocr_carea' id='block_1_103' title="bbox 346 4866 1934 4940">
    <p class='ocr_par' dir='ltr' id='par_1_103' title="bbox 346 4866 1934 4940">
     <span class='ocr_line' id='line_1_103' title="bbox 346 4866 1934 4940; baseline -0.006 -12"><span class='ocrx_word' id='word_1_715' title='bbox 346 4873 576 4937; x_wconf 74' lang='lat' dir='ltr'><strong>rexisse,</strong></span> <span class='ocrx_word' id='word_1_716' title='bbox 604 4866 665 4925; x_wconf 79' lang='lat' dir='ltr'><strong>ut</strong></span> <span class='ocrx_word' id='word_1_717' title='bbox 695 4866 949 4940; x_wconf 85' lang='lat' dir='ltr'><strong>liquidius</strong></span> <span class='ocrx_word' id='word_1_718' title='bbox 968 4868 1196 4940; x_wconf 83' lang='lat' dir='ltr'><strong>patebit,</strong></span> <span class='ocrx_word' id='word_1_719' title='bbox 1220 4866 1267 4921; x_wconf 89' lang='lat' dir='ltr'><strong>si</strong></span> <span class='ocrx_word' id='word_1_720' title='bbox 1299 4867 1581 4940; x_wconf 82' lang='lat' dir='ltr'><strong>verborum</strong></span> <span class='ocrx_word' id='word_1_721' title='bbox 1606 4868 1738 4921; x_wconf 91' lang='lat' dir='ltr'><strong>ordo</strong></span> <span class='ocrx_word' id='word_1_722' title='bbox 1763 4878 1934 4940; x_wconf 80' lang='lat' dir='ltr'><strong>mute-</strong></span> 
     </span>
    </p>
   </div>
   <div class='ocr_carea' id='block_1_104' title="bbox 349 4938 1931 5006">
    <p class='ocr_par' dir='ltr' id='par_1_104' title="bbox 349 4938 1931 5006">
     <span class='ocr_line' id='line_1_104' title="bbox 349 4938 1931 5006; baseline -0.004 -7"><span class='ocrx_word' id='word_1_723' title='bbox 349 4952 436 4999; x_wconf 88' lang='lat' dir='ltr'><strong>tur</strong></span> <span class='ocrx_word' id='word_1_724' title='bbox 460 4944 516 4996; x_wconf 82' lang='lat' dir='ltr'><strong>in</strong></span> <span class='ocrx_word' id='word_1_725' title='bbox 541 4943 682 4997; x_wconf 86' lang='lat' dir='ltr'><strong>hunc</strong></span> <span class='ocrx_word' id='word_1_726' title='bbox 709 4938 925 4996; x_wconf 85' lang='lat' dir='ltr'><strong>modum</strong></span> <span class='ocrx_word' id='word_1_727' title='bbox 948 4938 1047 4995; x_wconf 58' lang='lat' dir='ltr'><strong>{Si</strong></span> <span class='ocrx_word' id='word_1_728' title='bbox 1068 4940 1249 4993; x_wconf 85' lang='lat' dir='ltr'><strong>talium</strong></span> <span class='ocrx_word' id='word_1_729' title='bbox 1276 4939 1535 4992; x_wconf 79' lang='lat' dir='ltr'><strong>sententiis</strong></span> <span class='ocrx_word' id='word_1_730' title='bbox 1553 4939 1667 5006; x_wconf 86' lang='lat' dir='ltr'><strong>jam</strong></span> <span class='ocrx_word' id='word_1_731' title='bbox 1696 4938 1931 4993; x_wconf 78' lang='lat' dir='ltr'><strong>exhibitis</strong></span> 
     </span>
    </p>
   </div>
   <div class='ocr_carea' id='block_1_105' title="bbox 348 5009 1939 5085">
    <p class='ocr_par' dir='ltr' id='par_1_105' title="bbox 348 5009 1939 5085">
     <span class='ocr_line' id='line_1_105' title="bbox 348 5009 1939 5085; baseline -0.002 -17"><span class='ocrx_word' id='word_1_732' title='bbox 348 5024 600 5085; x_wconf 71' lang='lat' dir='ltr'><strong>cogantur</strong></span> <span class='ocrx_word' id='word_1_733' title='bbox 625 5012 852 5081; x_wconf 72' lang='lat' dir='ltr'><strong>episcopi</strong></span> <span class='ocrx_word' id='word_1_734' title='bbox 875 5011 1098 5085; x_wconf 80' lang='lat' dir='ltr'><strong>obedire.</strong></span> <span class='ocrx_word' id='word_1_735' title='bbox 1120 5009 1274 5085; x_wconf 80' lang='lat' dir='ltr'><strong>Quod</strong></span> <span class='ocrx_word' id='word_1_736' title='bbox 1304 5020 1481 5064; x_wconf 87' lang='lat' dir='ltr'><strong>autem</strong></span> <span class='ocrx_word' id='word_1_737' title='bbox 1498 5010 1564 5085; x_wconf 81' lang='lat' dir='ltr'><strong>de</strong></span> <span class='ocrx_word' id='word_1_738' title='bbox 1589 5010 1638 5063; x_wconf 91' lang='lat' dir='ltr'><strong>vi</strong></span> <span class='ocrx_word' id='word_1_739' title='bbox 1662 5009 1939 5085; x_wconf 53' lang='lat' dir='ltr'><strong>etim-opis-</strong></span> 
     </span>
    </p>
   </div>
   <div class='ocr_carea' id='block_1_106' title="bbox 345 5080 1935 5151">
    <p class='ocr_par' dir='ltr' id='par_1_106' title="bbox 345 5080 1935 5151">
     <span class='ocr_line' id='line_1_106' title="bbox 345 5080 1935 5151; baseline -0.003 -11"><span class='ocrx_word' id='word_1_740' title='bbox 345 5080 498 5145; x_wconf 71' lang='lat' dir='ltr'><strong>illata</strong></span> <span class='ocrx_word' id='word_1_741' title='bbox 546 5080 774 5147; x_wconf 82' lang='lat' dir='ltr'><strong>subinde</strong></span> <span class='ocrx_word' id='word_1_742' title='bbox 800 5080 1055 5142; x_wconf 78' lang='lat' dir='ltr'><strong>dicitur,</strong></span> <span class='ocrx_word' id='word_1_743' title='bbox 1103 5080 1343 5151; x_wconf 75' lang='lat' dir='ltr'><strong>apertius</strong></span> <span class='ocrx_word' id='word_1_744' title='bbox 1390 5082 1624 5145; x_wconf 72' lang='lat' dir='ltr'><strong>explicat</strong></span> <span class='ocrx_word' id='word_1_745' title='bbox 1664 5081 1935 5151; x_wconf 75' lang='lat' dir='ltr'><strong>Sulpimus</strong></span> 
     </span>
    </p>
   </div>
   <div class='ocr_carea' id='block_1_107' title="bbox 348 5148 1938 5223">
    <p class='ocr_par' dir='ltr' id='par_1_107' title="bbox 348 5148 1938 5223">
     <span class='ocr_line' id='line_1_107' title="bbox 348 5148 1938 5223; baseline -0.001 -15"><span class='ocrx_word' id='word_1_746' title='bbox 348 5157 477 5215; x_wconf 82' lang='lat' dir='ltr'><strong>sev.</strong></span> <span class='ocrx_word' id='word_1_747' title='bbox 517 5157 609 5215; x_wconf 80' lang='lat' dir='ltr'><strong>lib.</strong></span> <span class='ocrx_word' id='word_1_748' title='bbox 640 5171 701 5220; x_wconf 81' lang='lat' dir='ltr'><strong>tt,</strong></span> <span class='ocrx_word' id='word_1_749' title='bbox 744 5171 796 5223; x_wconf 92' lang='lat' dir='ltr'><strong>p.</strong></span> <span class='ocrx_word' id='word_1_750' title='bbox 840 5155 968 5221; x_wconf 68' lang='lat'><strong>246,</strong></span> <span class='ocrx_word' id='word_1_751' title='bbox 997 5154 1084 5208; x_wconf 89' lang='lat' dir='ltr'><strong>ubi</strong></span> <span class='ocrx_word' id='word_1_752' title='bbox 1123 5148 1238 5207; x_wconf 83' lang='lat' dir='ltr'><strong>ait:</strong></span> <span class='ocrx_word' id='word_1_753' title='bbox 1281 5148 1519 5206; x_wconf 79' lang='lat' dir='ltr'><strong>Edictum</strong></span> <span class='ocrx_word' id='word_1_754' title='bbox 1544 5154 1607 5206; x_wconf 89' lang='lat' dir='ltr'><strong>ab</strong></span> <span class='ocrx_word' id='word_1_755' title='bbox 1634 5148 1938 5222; x_wconf 64' lang='lat' dir='ltr'><strong>imperatore</strong></span> 
     </span>
    </p>
   </div>
   <div class='ocr_carea' id='block_1_108' title="bbox 349 5223 1940 5313">
    <p class='ocr_par' dir='ltr' id='par_1_108' title="bbox 349 5223 1940 5313">
     <span class='ocr_line' id='line_1_108' title="bbox 349 5223 1940 5313; baseline -0.005 -29"><span class='ocrx_word' id='word_1_756' title='bbox 349 5230 687 5313; x_wconf 42' lang='lat' dir='ltr'><strong>proponitur,</strong></span> <span class='ocrx_word' id='word_1_757' title='bbox 706 5236 760 5280; x_wconf 84' lang='lat' dir='ltr'><strong>ut</strong></span> <span class='ocrx_word' id='word_1_758' title='bbox 786 5228 950 5313; x_wconf 50' lang='lat' dir='ltr'><strong>quinia</strong></span> <span class='ocrx_word' id='word_1_759' title='bbox 979 5223 1365 5313; x_wconf 64' lang='lat' dir='ltr'><strong>damuatiouem</strong></span> <span class='ocrx_word' id='word_1_760' title='bbox 1391 5224 1658 5278; x_wconf 77' lang='lat' dir='ltr'><strong>Athanasii</strong></span> <span class='ocrx_word' id='word_1_761' title='bbox 1687 5241 1788 5278; x_wconf 86' lang='lat' dir='ltr'><strong>non</strong></span> <span class='ocrx_word' id='word_1_762' title='bbox 1819 5223 1940 5278; x_wconf 85' lang='lat' dir='ltr'><strong>sub-</strong></span> 
     </span>
    </p>
   </div>
   <div class='ocr_carea' id='block_1_109' title="bbox 344 5295 1339 5365">
    <p class='ocr_par' dir='ltr' id='par_1_109' title="bbox 344 5295 1339 5365">
     <span class='ocr_line' id='line_1_109' title="bbox 344 5295 1339 5365; baseline -0.011 -7"><span class='ocrx_word' id='word_1_763' title='bbox 344 5295 648 5365; x_wconf 66' lang='lat' dir='ltr'><strong>scriberent,</strong></span> <span class='ocrx_word' id='word_1_764' title='bbox 668 5302 722 5353; x_wconf 76' lang='lat' dir='ltr'><strong>in</strong></span> <span class='ocrx_word' id='word_1_765' title='bbox 753 5299 989 5353; x_wconf 67' lang='lat' dir='ltr'><strong>exsilium</strong></span> <span class='ocrx_word' id='word_1_766' title='bbox 1017 5295 1339 5364; x_wconf 84' lang='lat' dir='ltr'><strong>pellerentur.</strong></span> 
     </span>
    </p>
   </div>
   <div class='ocr_carea' id='block_1_110' title="bbox 427 5366 1947 5443">
    <p class='ocr_par' dir='ltr' id='par_1_110' title="bbox 427 5366 1947 5443">
     <span class='ocr_line' id='line_1_110' title="bbox 427 5366 1947 5443; baseline -0.004 -17"><span class='ocrx_word' id='word_1_767' title='bbox 427 5370 499 5443; x_wconf 87' lang='lat' dir='ltr'><strong>(c)</strong></span> <span class='ocrx_word' id='word_1_768' title='bbox 532 5370 796 5443; x_wconf 75' lang='lat' dir='ltr'><strong>Viiicetitii</strong></span> <span class='ocrx_word' id='word_1_769' title='bbox 819 5369 935 5425; x_wconf 82' lang='lat' dir='ltr'><strong>scil.</strong></span> <span class='ocrx_word' id='word_1_770' title='bbox 969 5366 1204 5443; x_wconf 59' lang='lat' dir='ltr'><strong>Capuam</strong></span> <span class='ocrx_word' id='word_1_771' title='bbox 1228 5377 1281 5420; x_wconf 88' lang='lat' dir='ltr'><strong>et</strong></span> <span class='ocrx_word' id='word_1_772' title='bbox 1313 5367 1569 5443; x_wconf 79' lang='lat' dir='ltr'><strong>Marcelli,</strong></span> <span class='ocrx_word' id='word_1_773' title='bbox 1601 5366 1681 5443; x_wconf 80' lang='lat' dir='ltr'><strong>uti</strong></span> <span class='ocrx_word' id='word_1_774' title='bbox 1706 5366 1947 5443; x_wconf 80' lang='lat' dir='ltr'><strong>declara-</strong></span> 
     </span>
    </p>
   </div>
   <div class='ocr_carea' id='block_1_111' title="bbox 352 5440 1945 5509">
    <p class='ocr_par' dir='ltr' id='par_1_111' title="bbox 352 5440 1945 5509">
     <span class='ocr_line' id='line_1_111' title="bbox 352 5440 1945 5509; baseline -0.004 -10"><span class='ocrx_word' id='word_1_775' title='bbox 352 5440 444 5499; x_wconf 81' lang='lat' dir='ltr'><strong>tur</strong></span> <span class='ocrx_word' id='word_1_776' title='bbox 461 5440 706 5509; x_wconf 73' lang='lat' dir='ltr'><strong>sequenti</strong></span> <span class='ocrx_word' id='word_1_777' title='bbox 727 5441 1109 5506; x_wconf 65' lang='lat' dir='ltr'><strong>fragmentom.</strong></span> <span class='ocrx_word' id='word_1_778' title='bbox 1125 5440 1180 5502; x_wconf 77' lang='lat'><strong>3,</strong></span> <span class='ocrx_word' id='word_1_779' title='bbox 1203 5454 1431 5509; x_wconf 90' lang='lat' dir='ltr'><strong>quorum</strong></span> <span class='ocrx_word' id='word_1_780' title='bbox 1458 5441 1633 5505; x_wconf 80' lang='lat' dir='ltr'><strong>primi.</strong></span> <span class='ocrx_word' id='word_1_781' title='bbox 1654 5448 1745 5490; x_wconf 89' lang='lat' dir='ltr'><strong>aut</strong></span> <span class='ocrx_word' id='word_1_782' title='bbox 1770 5440 1945 5506; x_wconf 88' lang='lat' dir='ltr'><strong>petitis</strong></span> 
     </span>
    </p>
   </div>
   <div class='ocr_carea' id='block_1_112' title="bbox 350 5460 1943 5577">
    <p class='ocr_par' dir='ltr' id='par_1_112' title="bbox 350 5460 1943 5577">
     <span class='ocr_line' id='line_1_112' title="bbox 352 5460 1943 5509; baseline -0.004 -10"><span class='ocrx_word' id='word_1_783' title='bbox 352 5460 442 5499; x_wconf 74' lang='lat' dir='ltr'><strong>“1r</strong></span> <span class='ocrx_word' id='word_1_784' title='bbox 461 5460 533 5498; x_wconf 65' lang='lat' dir='ltr'><strong>SC!</strong></span> <span class='ocrx_word' id='word_1_785' title='bbox 559 5460 706 5497; x_wconf 68' lang='grc' dir='ltr'><strong>υιεῐιιι</strong></span> <span class='ocrx_word' id='word_1_786' title='bbox 727 5460 1109 5506; x_wconf 58' lang='grc' dir='ltr'><strong>ιτίικιιιθηιυμι.</strong></span> <span class='ocrx_word' id='word_1_787' title='bbox 1125 5460 1180 5502; x_wconf 76' lang='grc' dir='ltr'><em>ὓ,</em></span> <span class='ocrx_word' id='word_1_788' title='bbox 1203 5460 1431 5509; x_wconf 85' lang='lat' dir='ltr'><strong>quorum</strong></span> <span class='ocrx_word' id='word_1_789' title='bbox 1458 5460 1633 5505; x_wconf 81' lang='lat' dir='ltr'><strong>pruni,</strong></span> <span class='ocrx_word' id='word_1_790' title='bbox 1654 5460 1745 5490; x_wconf 70' lang='lat' dir='ltr'><strong>aut.</strong></span> <span class='ocrx_word' id='word_1_791' title='bbox 1770 5460 1943 5506; x_wconf 75' lang='lat' dir='ltr'><strong>pUlIIIS</strong></span> 
     </span>
     <span class='ocr_line' id='line_1_113' title="bbox 350 5460 1943 5577; baseline -0.004 -6"><span class='ocrx_word' id='word_1_792' title='bbox 350 5460 573 5577; x_wconf 70' lang='lat' dir='ltr'><strong>secundi</strong></span> <span class='ocrx_word' id='word_1_793' title='bbox 604 5522 829 5571; x_wconf 78' lang='lat' dir='ltr'><strong>Conatus</strong></span> <span class='ocrx_word' id='word_1_794' title='bbox 858 5512 945 5566; x_wconf 89' lang='lat' dir='ltr'><strong>hic</strong></span> <span class='ocrx_word' id='word_1_795' title='bbox 970 5521 1275 5565; x_wconf 80' lang='lat' dir='ltr'><strong>narrantur.</strong></span> <span class='ocrx_word' id='word_1_796' title='bbox 1306 5509 1649 5565; x_wconf 87' lang='lat' dir='ltr'><strong>Credendoni</strong></span> <span class='ocrx_word' id='word_1_797' title='bbox 1672 5511 1815 5563; x_wconf 89' lang='lat' dir='ltr'><strong>enim</strong></span> <span class='ocrx_word' id='word_1_798' title='bbox 1838 5518 1943 5576; x_wconf 88' lang='lat' dir='ltr'><strong>est,</strong></span> 
     </span>
    </p>
   </div>
   <div class='ocr_carea' id='block_1_113' title="bbox 351 5578 1942 5655">
    <p class='ocr_par' dir='ltr' id='par_1_113' title="bbox 351 5578 1942 5655">
     <span class='ocr_line' id='line_1_114' title="bbox 351 5578 1942 5655; baseline -0.004 -15"><span class='ocrx_word' id='word_1_799' title='bbox 351 5602 448 5640; x_wconf 85' lang='lat' dir='ltr'><strong>eos</strong></span> <span class='ocrx_word' id='word_1_800' title='bbox 493 5588 668 5655; x_wconf 83' lang='lat' dir='ltr'><strong>primo</strong></span> <span class='ocrx_word' id='word_1_801' title='bbox 708 5585 945 5639; x_wconf 83' lang='lat' dir='ltr'><strong>noluisse</strong></span> <span class='ocrx_word' id='word_1_802' title='bbox 991 5582 1212 5655; x_wconf 84' lang='lat' dir='ltr'><strong>omnino</strong></span> <span class='ocrx_word' id='word_1_803' title='bbox 1257 5578 1622 5655; x_wconf 73' lang='lat' dir='ltr'><strong>Athanasium</strong></span> <span class='ocrx_word' id='word_1_804' title='bbox 1664 5580 1942 5655; x_wconf 78' lang='lat' dir='ltr'><strong>damnare,</strong></span> 
     </span>
    </p>
   </div>
   <div class='ocr_carea' id='block_1_114' title="bbox 350 5650 1948 5723">
    <p class='ocr_par' dir='ltr' id='par_1_114' title="bbox 350 5650 1948 5723">
     <span class='ocr_line' id='line_1_115' title="bbox 350 5650 1948 5723; baseline -0.004 -12"><span class='ocrx_word' id='word_1_805' title='bbox 350 5650 547 5712; x_wconf 77' lang='lat' dir='ltr'><strong>deinde</strong></span> <span class='ocrx_word' id='word_1_806' title='bbox 573 5656 916 5711; x_wconf 85' lang='lat' dir='ltr'><strong>consensisse</strong></span> <span class='ocrx_word' id='word_1_807' title='bbox 942 5654 1154 5723; x_wconf 81' lang='lat' dir='ltr'><strong>quidem</strong></span> <span class='ocrx_word' id='word_1_808' title='bbox 1186 5653 1462 5706; x_wconf 79' lang='lat' dir='ltr'><strong>Athanasii</strong></span> <span class='ocrx_word' id='word_1_809' title='bbox 1488 5650 1948 5723; x_wconf 83' lang='lat' dir='ltr'><strong>contleuinatioui,</strong></span> 
     </span>
    </p>
   </div>
   <div class='ocr_carea' id='block_1_115' title="bbox 351 5722 1949 5798">
    <p class='ocr_par' dir='ltr' id='par_1_115' title="bbox 351 5722 1949 5798">
     <span class='ocr_line' id='line_1_116' title="bbox 351 5722 1949 5798; baseline -0.003 -16"><span class='ocrx_word' id='word_1_810' title='bbox 351 5729 516 5782; x_wconf 85' lang='lat' dir='ltr'><strong>modo</strong></span> <span class='ocrx_word' id='word_1_811' title='bbox 549 5730 645 5798; x_wconf 88' lang='lat' dir='ltr'><strong>ipsi</strong></span> <span class='ocrx_word' id='word_1_812' title='bbox 677 5728 821 5781; x_wconf 67' lang='lat' dir='ltr'><strong>illius</strong></span> <span class='ocrx_word' id='word_1_813' title='bbox 852 5722 1152 5787; x_wconf 74' lang='lat' dir='ltr'><strong>adversarii</strong></span> <span class='ocrx_word' id='word_1_814' title='bbox 1181 5723 1290 5780; x_wconf 76' lang='lat' dir='ltr'><strong>Arii</strong></span> <span class='ocrx_word' id='word_1_815' title='bbox 1327 5723 1576 5779; x_wconf 71' lang='lat' dir='ltr'><strong>haeresim</strong></span> <span class='ocrx_word' id='word_1_816' title='bbox 1604 5722 1949 5792; x_wconf 85' lang='lat' dir='ltr'><strong>damnarent,</strong></span> 
     </span>
    </p>
   </div>
   <div class='ocr_carea' id='block_1_116' title="bbox 2046 4654 3629 4722">
    <p class='ocr_par' dir='ltr' id='par_1_116' title="bbox 2046 4654 3629 4722">
     <span class='ocr_line' id='line_1_117' title="bbox 2046 4654 3629 4722; baseline 0.003 -14"><span class='ocrx_word' id='word_1_817' title='bbox 2046 4665 2276 4709; x_wconf 85' lang='lat' dir='ltr'><strong>stantem</strong></span> <span class='ocrx_word' id='word_1_818' title='bbox 2313 4654 2433 4707; x_wconf 85' lang='lat' dir='ltr'><strong>fidei</strong></span> <span class='ocrx_word' id='word_1_819' title='bbox 2473 4663 2633 4722; x_wconf 86' lang='lat' dir='ltr'><strong>atque</strong></span> <span class='ocrx_word' id='word_1_820' title='bbox 2661 4654 2941 4709; x_wconf 84' lang='lat' dir='ltr'><strong>Athanasii</strong></span> <span class='ocrx_word' id='word_1_821' title='bbox 2981 4656 3351 4711; x_wconf 84' lang='lat' dir='ltr'><strong>defensionem</strong></span> <span class='ocrx_word' id='word_1_822' title='bbox 3394 4658 3444 4709; x_wconf 91' lang='lat' dir='ltr'><strong>iu</strong></span> <span class='ocrx_word' id='word_1_823' title='bbox 3486 4659 3629 4712; x_wconf 74' lang='lat' dir='ltr'><strong>exsi-</strong></span> 
     </span>
    </p>
   </div>
   <div class='ocr_carea' id='block_1_117' title="bbox 2044 4725 3626 4795">
    <p class='ocr_par' dir='ltr' id='par_1_117' title="bbox 2044 4725 3626 4795">
     <span class='ocr_line' id='line_1_118' title="bbox 2044 4725 3626 4795; baseline 0.002 -18"><span class='ocrx_word' id='word_1_824' title='bbox 2044 4726 2172 4778; x_wconf 89' lang='lat' dir='ltr'><strong>lium</strong></span> <span class='ocrx_word' id='word_1_825' title='bbox 2205 4725 2324 4795; x_wconf 81' lang='lat' dir='ltr'><strong>ejii-i</strong></span> <span class='ocrx_word' id='word_1_826' title='bbox 2356 4732 2687 4777; x_wconf 83' lang='lat' dir='ltr'><strong>meruerunt.</strong></span> <span class='ocrx_word' id='word_1_827' title='bbox 2718 4725 2901 4794; x_wconf 79' lang='lat' dir='ltr'><strong>Neque</strong></span> <span class='ocrx_word' id='word_1_828' title='bbox 2935 4726 3112 4780; x_wconf 88' lang='lat' dir='ltr'><strong>minus</strong></span> <span class='ocrx_word' id='word_1_829' title='bbox 3150 4734 3233 4779; x_wconf 80' lang='lat' dir='ltr'><strong>cst</strong></span> <span class='ocrx_word' id='word_1_830' title='bbox 3264 4725 3626 4794; x_wconf 71' lang='lat' dir='ltr'><strong>perSpii&#39;uum,</strong></span> 
     </span>
    </p>
   </div>
   <div class='ocr_carea' id='block_1_118' title="bbox 2043 4797 3629 4866">
    <p class='ocr_par' dir='ltr' id='par_1_118' title="bbox 2043 4797 3629 4866">
     <span class='ocr_line' id='line_1_119' title="bbox 2043 4797 3629 4866; baseline 0.003 -15"><span class='ocrx_word' id='word_1_831' title='bbox 2043 4812 2159 4851; x_wconf 87' lang='lat' dir='ltr'><strong>eam</strong></span> <span class='ocrx_word' id='word_1_832' title='bbox 2202 4798 2380 4849; x_wconf 83' lang='lat' dir='ltr'><strong>statim</strong></span> <span class='ocrx_word' id='word_1_833' title='bbox 2432 4804 2550 4863; x_wconf 87' lang='lat' dir='ltr'><strong>post</strong></span> <span class='ocrx_word' id='word_1_834' title='bbox 2587 4797 2757 4862; x_wconf 81' lang='lat' dir='ltr'><strong>ipsum</strong></span> <span class='ocrx_word' id='word_1_835' title='bbox 2789 4798 3072 4850; x_wconf 85' lang='lat' dir='ltr'><strong>coocilitnn</strong></span> <span class='ocrx_word' id='word_1_836' title='bbox 3106 4812 3171 4850; x_wconf 92' lang='lat' dir='ltr'><strong>eo</strong></span> <span class='ocrx_word' id='word_1_837' title='bbox 3201 4797 3317 4866; x_wconf 67' lang='lat' dir='ltr'><strong>ipso</strong></span> <span class='ocrx_word' id='word_1_838' title='bbox 3352 4813 3493 4852; x_wconf 91' lang='lat' dir='ltr'><strong>anno</strong></span> <span class='ocrx_word' id='word_1_839' title='bbox 3525 4797 3629 4855; x_wconf 82' lang='grc'><strong>555</strong></span> 
     </span>
    </p>
   </div>
   <div class='ocr_carea' id='block_1_119' title="bbox 2040 4867 2458 4936">
    <p class='ocr_par' dir='ltr' id='par_1_119' title="bbox 2040 4867 2458 4936">
     <span class='ocr_line' id='line_1_120' title="bbox 2040 4867 2458 4936; baseline -0.007 -15"><span class='ocrx_word' id='word_1_840' title='bbox 2040 4867 2293 4936; x_wconf 84' lang='lat' dir='ltr'><strong>scriptam</strong></span> <span class='ocrx_word' id='word_1_841' title='bbox 2316 4880 2458 4920; x_wconf 88' lang='lat' dir='ltr'><strong>esse.</strong></span> 
     </span>
    </p>
   </div>
   <div class='ocr_carea' id='block_1_120' title="bbox 2110 4935 3627 5010">
    <p class='ocr_par' dir='ltr' id='par_1_120' title="bbox 2110 4935 3627 5010">
     <span class='ocr_line' id='line_1_121' title="bbox 2110 4935 3627 5010; baseline 0.004 -21"><span class='ocrx_word' id='word_1_842' title='bbox 2110 4935 2370 5010; x_wconf 74' lang='lat' dir='ltr'><strong>Quorirra</strong></span> <span class='ocrx_word' id='word_1_843' title='bbox 2399 4938 2448 5010; x_wconf 81' lang='lat' dir='ltr'><strong>si</strong></span> <span class='ocrx_word' id='word_1_844' title='bbox 2471 4944 2772 5005; x_wconf 86' lang='lat' dir='ltr'><strong>temporum</strong></span> <span class='ocrx_word' id='word_1_845' title='bbox 2798 4937 3039 5010; x_wconf 79' lang='lat' dir='ltr'><strong>ordinem</strong></span> <span class='ocrx_word' id='word_1_846' title='bbox 3070 4950 3302 5006; x_wconf 87' lang='lat' dir='ltr'><strong>spectes,</strong></span> <span class='ocrx_word' id='word_1_847' title='bbox 3333 4951 3627 5010; x_wconf 88' lang='lat' dir='ltr'><strong>sequentes</strong></span> 
     </span>
    </p>
   </div>
   <div class='ocr_carea' id='block_1_121' title="bbox 2040 5006 3627 5067">
    <p class='ocr_par' dir='ltr' id='par_1_121' title="bbox 2040 5006 3627 5067">
     <span class='ocr_line' id='line_1_122' title="bbox 2040 5006 3627 5067; baseline 0.001 -4"><span class='ocrx_word' id='word_1_848' title='bbox 2040 5019 2150 5063; x_wconf 88' lang='lat' dir='ltr'><strong>ttuu</strong></span> <span class='ocrx_word' id='word_1_849' title='bbox 2176 5010 2243 5063; x_wconf 91' lang='lat' dir='ltr'><strong>ad</strong></span> <span class='ocrx_word' id='word_1_850' title='bbox 2274 5006 2616 5063; x_wconf 65' lang='lat' dir='ltr'><strong>chilianuui</strong></span> <span class='ocrx_word' id='word_1_851' title='bbox 2652 5018 2760 5061; x_wconf 89' lang='lat' dir='ltr'><strong>tum</strong></span> <span class='ocrx_word' id='word_1_852' title='bbox 2789 5007 2854 5060; x_wconf 89' lang='lat' dir='ltr'><strong>ad</strong></span> <span class='ocrx_word' id='word_1_853' title='bbox 2883 5008 3064 5061; x_wconf 64' lang='lat' dir='ltr'><strong>Osiuni</strong></span> <span class='ocrx_word' id='word_1_854' title='bbox 3099 5011 3292 5063; x_wconf 70' lang='lat' dir='ltr'><strong>illlCl‘lU</strong></span> <span class='ocrx_word' id='word_1_855' title='bbox 3321 5006 3430 5063; x_wconf 79' lang='lat' dir='ltr'><strong>non</strong></span> <span class='ocrx_word' id='word_1_856' title='bbox 3453 5013 3627 5067; x_wconf 87' lang='lat' dir='ltr'><strong>solum</strong></span> 
     </span>
    </p>
   </div>
   <div class='ocr_carea' id='block_1_122' title="bbox 2039 5078 3630 5151">
    <p class='ocr_par' dir='ltr' id='par_1_122' title="bbox 2039 5078 3630 5151">
     <span class='ocr_line' id='line_1_123' title="bbox 2039 5078 3630 5151; baseline 0.001 -15"><span class='ocrx_word' id='word_1_857' title='bbox 2039 5092 2166 5136; x_wconf 86' lang='lat' dir='ltr'><strong>ante</strong></span> <span class='ocrx_word' id='word_1_858' title='bbox 2190 5080 2325 5134; x_wconf 88' lang='lat' dir='ltr'><strong>hanc</strong></span> <span class='ocrx_word' id='word_1_859' title='bbox 2345 5078 2647 5151; x_wconf 83' lang='lat' dir='ltr'><strong>epistolam,</strong></span> <span class='ocrx_word' id='word_1_860' title='bbox 2672 5079 2769 5151; x_wconf 72' lang='lat' dir='ltr'><strong>si-tl</strong></span> <span class='ocrx_word' id='word_1_861' title='bbox 2789 5086 2844 5131; x_wconf 86' lang='lat' dir='ltr'><strong>et</strong></span> <span class='ocrx_word' id='word_1_862' title='bbox 2863 5088 2986 5132; x_wconf 89' lang='lat' dir='ltr'><strong>ante</strong></span> <span class='ocrx_word' id='word_1_863' title='bbox 3004 5096 3248 5147; x_wconf 81' lang='lat' dir='ltr'><strong>superius</strong></span> <span class='ocrx_word' id='word_1_864' title='bbox 3274 5081 3630 5151; x_wconf 76' lang='lat' dir='ltr'><strong>fragmentum</strong></span> 
     </span>
    </p>
   </div>
   <div class='ocr_carea' id='block_1_123' title="bbox 2042 5150 3631 5220">
    <p class='ocr_par' dir='ltr' id='par_1_123' title="bbox 2042 5150 3631 5220">
     <span class='ocr_line' id='line_1_124' title="bbox 2042 5150 3631 5220; baseline 0.001 -13"><span class='ocrx_word' id='word_1_865' title='bbox 2042 5163 2197 5207; x_wconf 88' lang='lat' dir='ltr'><strong>erunt</strong></span> <span class='ocrx_word' id='word_1_866' title='bbox 2224 5151 2571 5205; x_wconf 61' lang='lat' dir='ltr'><strong>collocanda‘.</strong></span> <span class='ocrx_word' id='word_1_867' title='bbox 2611 5150 2716 5205; x_wconf 77' lang='lat' dir='ltr'><strong>Sed</strong></span> <span class='ocrx_word' id='word_1_868' title='bbox 2744 5150 2964 5203; x_wconf 82' lang='lat' dir='ltr'><strong>disnahi</strong></span> <span class='ocrx_word' id='word_1_869' title='bbox 3009 5167 3115 5205; x_wconf 91' lang='lat' dir='ltr'><strong>non</strong></span> <span class='ocrx_word' id='word_1_870' title='bbox 3151 5150 3471 5219; x_wconf 77' lang='lat' dir='ltr'><strong>ili-buerunt,</strong></span> <span class='ocrx_word' id='word_1_871' title='bbox 3511 5170 3631 5220; x_wconf 79' lang='lat' dir='ltr'><strong>qua:</strong></span> 
     </span>
    </p>
   </div>
   <div class='ocr_carea' id='block_1_124' title="bbox 2044 5222 3628 5293">
    <p class='ocr_par' dir='ltr' id='par_1_124' title="bbox 2044 5222 3628 5293">
     <span class='ocr_line' id='line_1_125' title="bbox 2044 5222 3628 5293; baseline 0.001 -16"><span class='ocrx_word' id='word_1_872' title='bbox 2044 5225 2111 5277; x_wconf 87' lang='lat' dir='ltr'><strong>ab</strong></span> <span class='ocrx_word' id='word_1_873' title='bbox 2139 5222 2343 5277; x_wconf 88' lang='lat' dir='ltr'><strong>llilario</strong></span> <span class='ocrx_word' id='word_1_874' title='bbox 2375 5224 2487 5293; x_wconf 84' lang='lat' dir='ltr'><strong>ipSo</strong></span> <span class='ocrx_word' id='word_1_875' title='bbox 2512 5236 2749 5275; x_wconf 64' lang='lat' dir='ltr'><strong>coouexa</strong></span> <span class='ocrx_word' id='word_1_876' title='bbox 2783 5231 2973 5285; x_wconf 86' lang='lat' dir='ltr'><strong>erant;</strong></span> <span class='ocrx_word' id='word_1_877' title='bbox 3005 5228 3129 5292; x_wconf 82' lang='lat' dir='ltr'><strong>qui,</strong></span> <span class='ocrx_word' id='word_1_878' title='bbox 3171 5233 3227 5276; x_wconf 87' lang='lat' dir='ltr'><strong>ut</strong></span> <span class='ocrx_word' id='word_1_879' title='bbox 3257 5225 3367 5291; x_wconf 70' lang='lat' dir='ltr'><strong>ip~e</strong></span> <span class='ocrx_word' id='word_1_880' title='bbox 3397 5241 3628 5293; x_wconf 63' lang='lat' dir='ltr'><strong>pra&#39;mo-</strong></span> 
     </span>
    </p>
   </div>
   <div class='ocr_carea' id='block_1_125' title="bbox 2048 5292 3629 5364">
    <p class='ocr_par' dir='ltr' id='par_1_125' title="bbox 2048 5292 3629 5364">
     <span class='ocr_line' id='line_1_126' title="bbox 2048 5292 3629 5364; baseline 0.001 -15"><span class='ocrx_word' id='word_1_881' title='bbox 2048 5295 2186 5359; x_wconf 91' lang='lat' dir='ltr'><strong>nuit,</strong></span> <span class='ocrx_word' id='word_1_882' title='bbox 2232 5292 2496 5347; x_wconf 88' lang='lat' dir='ltr'><strong>interdum</strong></span> <span class='ocrx_word' id='word_1_883' title='bbox 2533 5310 2635 5345; x_wconf 91' lang='lat' dir='ltr'><strong>nou</strong></span> <span class='ocrx_word' id='word_1_884' title='bbox 2668 5302 2770 5346; x_wconf 90' lang='lat' dir='ltr'><strong>tam</strong></span> <span class='ocrx_word' id='word_1_885' title='bbox 2806 5306 3104 5364; x_wconf 86' lang='lat' dir='ltr'><strong>temporum</strong></span> <span class='ocrx_word' id='word_1_886' title='bbox 3136 5292 3588 5351; x_wconf 34' lang='lat' dir='ltr'><strong>rationem&#39;liabet</strong></span> <span class='ocrx_word' id='word_1_887' title='bbox 3613 5337 3629 5361; x_wconf 96' lang='lat'><strong>,</strong></span> 
     </span>
    </p>
   </div>
   <div class='ocr_carea' id='block_1_126' title="bbox 2049 5364 3636 5437">
    <p class='ocr_par' dir='ltr' id='par_1_126' title="bbox 2049 5364 3636 5437">
     <span class='ocr_line' id='line_1_127' title="bbox 2049 5364 3636 5437; baseline 0.003 -20"><span class='ocrx_word' id='word_1_888' title='bbox 2049 5380 2447 5437; x_wconf 85' lang='lat' dir='ltr'><strong>quaturerutu.</strong></span> <span class='ocrx_word' id='word_1_889' title='bbox 2496 5364 2677 5435; x_wconf 81' lang='lat' dir='ltr'><strong>Neque</strong></span> <span class='ocrx_word' id='word_1_890' title='bbox 2717 5380 2859 5417; x_wconf 90' lang='lat' dir='ltr'><strong>nunc</strong></span> <span class='ocrx_word' id='word_1_891' title='bbox 2904 5366 3253 5431; x_wconf 86' lang='lat' dir='ltr'><strong>prudentibus</strong></span> <span class='ocrx_word' id='word_1_892' title='bbox 3296 5367 3426 5420; x_wconf 78' lang='lat' dir='ltr'><strong>latet</strong></span> <span class='ocrx_word' id='word_1_893' title='bbox 3466 5368 3636 5437; x_wconf 81' lang='lat' dir='ltr'><strong>ipsius</strong></span> 
     </span>
    </p>
   </div>
   <div class='ocr_carea' id='block_1_127' title="bbox 2050 5436 3637 5508">
    <p class='ocr_par' dir='ltr' id='par_1_127' title="bbox 2050 5436 3637 5508">
     <span class='ocr_line' id='line_1_128' title="bbox 2050 5436 3637 5508; baseline 0.001 -18"><span class='ocrx_word' id='word_1_894' title='bbox 2050 5436 2361 5501; x_wconf 77' lang='lat' dir='ltr'><strong>Consilium,</strong></span> <span class='ocrx_word' id='word_1_895' title='bbox 2383 5436 2526 5508; x_wconf 79' lang='lat' dir='ltr'><strong>illum</strong></span> <span class='ocrx_word' id='word_1_896' title='bbox 2558 5437 2805 5489; x_wconf 85' lang='lat' dir='ltr'><strong>uiiniruiu</strong></span> <span class='ocrx_word' id='word_1_897' title='bbox 2832 5452 2891 5488; x_wconf 86' lang='lat' dir='ltr'><strong>ea</strong></span> <span class='ocrx_word' id='word_1_898' title='bbox 2918 5438 2967 5489; x_wconf 92' lang='lat' dir='ltr'><strong>in</strong></span> <span class='ocrx_word' id='word_1_899' title='bbox 2998 5453 3159 5490; x_wconf 84' lang='lat' dir='ltr'><strong>unum</strong></span> <span class='ocrx_word' id='word_1_900' title='bbox 3179 5436 3637 5508; x_wconf 72' lang='lat' dir='ltr'><strong>collegisso,qu:n</strong></span> 
     </span>
    </p>
   </div>
   <div class='ocr_carea' id='block_1_128' title="bbox 2051 5505 3637 5581">
    <p class='ocr_par' dir='ltr' id='par_1_128' title="bbox 2051 5505 3637 5581">
     <span class='ocr_line' id='line_1_129' title="bbox 2051 5505 3637 5581; baseline 0.001 -19"><span class='ocrx_word' id='word_1_901' title='bbox 2051 5509 2189 5562; x_wconf 87' lang='lat' dir='ltr'><strong>unde</strong></span> <span class='ocrx_word' id='word_1_902' title='bbox 2216 5505 2470 5581; x_wconf 65' lang='lat' dir='ltr'><strong>ceciderit</strong></span> <span class='ocrx_word' id='word_1_903' title='bbox 2495 5506 2761 5581; x_wconf 47' lang='lat' dir='ltr'><strong>Liberitg,</strong></span> <span class='ocrx_word' id='word_1_904' title='bbox 2799 5517 2850 5560; x_wconf 88' lang='lat' dir='ltr'><strong>et</strong></span> <span class='ocrx_word' id='word_1_905' title='bbox 2882 5523 2911 5560; x_wconf 89' lang='lat' dir='ltr'><strong>a</strong></span> <span class='ocrx_word' id='word_1_906' title='bbox 2947 5524 3106 5581; x_wconf 86' lang='lat' dir='ltr'><strong>quam</strong></span> <span class='ocrx_word' id='word_1_907' title='bbox 3148 5505 3341 5578; x_wconf 80' lang='lat' dir='ltr'><strong>magno</strong></span> <span class='ocrx_word' id='word_1_908' title='bbox 3364 5505 3544 5564; x_wconf 82' lang='lat' dir='ltr'><strong>animo</strong></span> <span class='ocrx_word' id='word_1_909' title='bbox 3568 5510 3637 5565; x_wconf 87' lang='lat' dir='ltr'><strong>ad</strong></span> 
     </span>
    </p>
   </div>
   <div class='ocr_carea' id='block_1_129' title="bbox 2049 5578 3277 5649">
    <p class='ocr_par' dir='ltr' id='par_1_129' title="bbox 2049 5578 3277 5649">
     <span class='ocr_line' id='line_1_130' title="bbox 2049 5578 3277 5649; baseline 0 -16"><span class='ocrx_word' id='word_1_910' title='bbox 2049 5595 2210 5649; x_wconf 86' lang='lat' dir='ltr'><strong>quam</strong></span> <span class='ocrx_word' id='word_1_911' title='bbox 2239 5578 2489 5649; x_wconf 82' lang='lat' dir='ltr'><strong>pusillum</strong></span> <span class='ocrx_word' id='word_1_912' title='bbox 2514 5578 2585 5631; x_wconf 71' lang='lat' dir='ltr'><strong>sit</strong></span> <span class='ocrx_word' id='word_1_913' title='bbox 2608 5578 2847 5646; x_wconf 74' lang='lat' dir='ltr'><strong>dilapsus</strong></span> <span class='ocrx_word' id='word_1_914' title='bbox 2869 5618 2881 5641; x_wconf 95' lang='lat'><strong>,</strong></span> <span class='ocrx_word' id='word_1_915' title='bbox 2910 5579 3277 5633; x_wconf 85' lang='lat' dir='ltr'><strong>ostenderent.</strong></span> 
     </span>
    </p>
   </div>
   <div class='ocr_carea' id='block_1_130' title="bbox 2124 5648 3646 5721">
    <p class='ocr_par' dir='ltr' id='par_1_130' title="bbox 2124 5648 3646 5721">
     <span class='ocr_line' id='line_1_131' title="bbox 2124 5648 3646 5721; baseline 0.003 -18"><span class='ocrx_word' id='word_1_916' title='bbox 2124 5649 2192 5721; x_wconf 75' lang='lat' dir='ltr'><strong>(f)</strong></span> <span class='ocrx_word' id='word_1_917' title='bbox 2216 5651 2268 5721; x_wconf 60' lang='lat' dir='ltr'><strong>lii</strong></span> <span class='ocrx_word' id='word_1_918' title='bbox 2304 5664 2405 5721; x_wconf 79' lang='lat' dir='ltr'><strong>ius.</strong></span> <span class='ocrx_word' id='word_1_919' title='bbox 2426 5648 2605 5721; x_wconf 79' lang='lat' dir='ltr'><strong>Pith.,</strong></span> <span class='ocrx_word' id='word_1_920' title='bbox 2638 5650 3013 5721; x_wconf 78' lang='lat' dir='ltr'><strong>acceptissiutos</strong></span> <span class='ocrx_word' id='word_1_921' title='bbox 3041 5649 3174 5721; x_wconf 80' lang='lat' dir='ltr'><strong>:Cui</strong></span> <span class='ocrx_word' id='word_1_922' title='bbox 3202 5652 3316 5705; x_wconf 89' lang='lat' dir='ltr'><strong>voci</strong></span> <span class='ocrx_word' id='word_1_923' title='bbox 3348 5650 3527 5710; x_wconf 61' lang='lat' dir='ltr'><strong>Faber</strong></span> <span class='ocrx_word' id='word_1_924' title='bbox 3552 5652 3646 5708; x_wconf 85' lang='lat' dir='ltr'><strong>ad-</strong></span> 
     </span>
    </p>
   </div>
   <div class='ocr_carea' id='block_1_131' title="bbox 2054 5718 3359 5778">
    <p class='ocr_par' dir='ltr' id='par_1_131' title="bbox 2054 5718 3359 5778">
     <span class='ocr_line' id='line_1_132' title="bbox 2054 5718 3359 5778; baseline 0.001 -3"><span class='ocrx_word' id='word_1_925' title='bbox 2054 5718 2183 5775; x_wconf 88' lang='lat' dir='ltr'><strong>didit</strong></span> <span class='ocrx_word' id='word_1_926' title='bbox 2219 5719 2347 5777; x_wconf 69' lang='lat' dir='ltr'><strong>Deo.</strong></span> <span class='ocrx_word' id='word_1_927' title='bbox 2378 5718 2649 5777; x_wconf 83' lang='lat' dir='ltr'><strong>Sioccrior</strong></span> <span class='ocrx_word' id='word_1_928' title='bbox 2682 5718 2792 5775; x_wconf 76' lang='lat' dir='ltr'><strong>visa</strong></span> <span class='ocrx_word' id='word_1_929' title='bbox 2825 5730 2907 5773; x_wconf 82' lang='lat' dir='ltr'><strong>est</strong></span> <span class='ocrx_word' id='word_1_930' title='bbox 2932 5721 3092 5776; x_wconf 85' lang='lat' dir='ltr'><strong>lectio</strong></span> <span class='ocrx_word' id='word_1_931' title='bbox 3121 5720 3359 5778; x_wconf 88' lang='lat' dir='ltr'><strong>Barouii.</strong></span> 
     </span>
    </p>
   </div>
  </div>
