  <div class='ocr_page' id='page_1' title='image "/cluster/home/n/w/nwhite01/storage/ocr_20150623/10/hvd.32044096580394/350.png"; bbox 0 0 4100 6196; ppageno 0'>
   <div class='ocr_carea' id='block_1_1' title="bbox 331 309 438 366">
    <p class='ocr_par' dir='ltr' id='par_1_1' title="bbox 331 309 438 366">
     <span class='ocr_line' id='line_1_1' title="bbox 331 309 438 366; baseline 0 -1"><span class='ocrx_word' id='word_1_1' title='bbox 331 309 438 366; x_wconf 82' lang='grc'><strong>63]</strong></span> 
     </span>
    </p>
   </div>
   <div class='ocr_carea' id='block_1_2' title="bbox 1257 309 2680 378">
    <p class='ocr_par' dir='ltr' id='par_1_2' title="bbox 1257 309 2680 378">
     <span class='ocr_line' id='line_1_2' title="bbox 1257 309 2680 378; baseline 0.005 -11"><span class='ocrx_word' id='word_1_2' title='bbox 1257 311 1349 368; x_wconf 79' lang='lat' dir='ltr'><strong>EX</strong></span> <span class='ocrx_word' id='word_1_3' title='bbox 1387 309 1619 370; x_wconf 81' lang='lat' dir='ltr'><strong>OPERE</strong></span> <span class='ocrx_word' id='word_1_4' title='bbox 1658 311 2025 372; x_wconf 81' lang='lat' dir='ltr'><strong>HISTORICO</strong></span> <span class='ocrx_word' id='word_1_5' title='bbox 2064 313 2552 375; x_wconf 75' lang='lat' dir='ltr'><strong>FRAGMENTUM</strong></span> <span class='ocrx_word' id='word_1_6' title='bbox 2589 318 2680 378; x_wconf 81' lang='lat' dir='ltr'><strong>Vl.</strong></span> 
     </span>
    </p>
   </div>
   <div class='ocr_carea' id='block_1_3' title="bbox 3526 331 3630 391">
    <p class='ocr_par' dir='ltr' id='par_1_3' title="bbox 3526 331 3630 391">
     <span class='ocr_line' id='line_1_3' title="bbox 3526 331 3630 391; baseline 0.048 -6"><span class='ocrx_word' id='word_1_7' title='bbox 3526 331 3630 391; x_wconf 78' lang='lat'><strong>(90</strong></span> 
     </span>
    </p>
   </div>
   <div class='ocr_carea' id='block_1_4' title="bbox 326 424 3633 526">
    <p class='ocr_par' dir='ltr' id='par_1_4' title="bbox 326 424 3633 526">
     <span class='ocr_line' id='line_1_4' title="bbox 326 424 3633 526; baseline 0.006 -41"><span class='ocrx_word' id='word_1_8' title='bbox 326 443 424 526; x_wconf 74' lang='lat' dir='ltr'><strong>sus</strong></span> <span class='ocrx_word' id='word_1_9' title='bbox 449 429 504 485; x_wconf 89' lang='lat' dir='ltr'><strong>in</strong></span> <span class='ocrx_word' id='word_1_10' title='bbox 542 427 790 526; x_wconf 80' lang='lat' dir='ltr'><strong>exsilium</strong></span> <span class='ocrx_word' id='word_1_11' title='bbox 807 424 1164 526; x_wconf 35' lang='lat' dir='ltr'><strong>(ai-uniuersa</strong></span> <span class='ocrx_word' id='word_1_12' title='bbox 1197 427 1928 526; x_wconf 30' lang='lat' dir='ltr'><strong>in-irritunrdeduxit,,scri—</strong></span> <span class='ocrx_word' id='word_1_13' title='bbox 1951 436 2005 496; x_wconf 83' lang='grc' dir='ltr'><strong>Α</strong></span> <span class='ocrx_word' id='word_1_14' title='bbox 2029 431 2316 526; x_wconf 81' lang='lat' dir='ltr'><strong>sententiis</strong></span> <span class='ocrx_word' id='word_1_15' title='bbox 2343 435 2562 502; x_wconf 90' lang='lat' dir='ltr'><strong>vestris,</strong></span> <span class='ocrx_word' id='word_1_16' title='bbox 2612 435 2930 508; x_wconf 91' lang='lat' dir='ltr'><strong>litterasque</strong></span> <span class='ocrx_word' id='word_1_17' title='bbox 2958 453 3124 512; x_wconf 85' lang='lat' dir='ltr'><strong>super</strong></span> <span class='ocrx_word' id='word_1_18' title='bbox 3149 444 3370 503; x_wconf 89' lang='lat' dir='ltr'><strong>nomine</strong></span> <span class='ocrx_word' id='word_1_19' title='bbox 3417 445 3536 518; x_wconf 90' lang='lat' dir='ltr'><strong>ejus</strong></span> <span class='ocrx_word' id='word_1_20' title='bbox 3558 450 3633 526; x_wconf 74' lang='grc' dir='ltr'><strong>(θ)</strong></span> 
     </span>
    </p>
   </div>
   <div class='ocr_carea' id='block_1_5' title="bbox 325 520 1928 594">
    <p class='ocr_par' dir='ltr' id='par_1_5' title="bbox 325 520 1928 594">
     <span class='ocr_line' id='line_1_5' title="bbox 325 520 1928 594; baseline 0 -15"><span class='ocrx_word' id='word_1_21' title='bbox 325 522 464 580; x_wconf 84' lang='lat' dir='ltr'><strong>hens</strong></span> <span class='ocrx_word' id='word_1_22' title='bbox 493 521 1002 594; x_wconf 68' lang='lat' dir='ltr'><strong>praevaricatoribus</strong></span> <span class='ocrx_word' id='word_1_23' title='bbox 1031 521 1300 578; x_wconf 62' lang='lat' dir='ltr'><strong>haireticis</strong></span> <span class='ocrx_word' id='word_1_24' title='bbox 1327 520 1564 590; x_wconf 88' lang='lat' dir='ltr'><strong>Arianis,</strong></span> <span class='ocrx_word' id='word_1_25' title='bbox 1592 523 1682 594; x_wconf 90' lang='lat' dir='ltr'><strong>qui</strong></span> <span class='ocrx_word' id='word_1_26' title='bbox 1716 524 1770 579; x_wconf 94' lang='lat' dir='ltr'><strong>in</strong></span> <span class='ocrx_word' id='word_1_27' title='bbox 1801 537 1928 579; x_wconf 87' lang='lat' dir='ltr'><strong>san-</strong></span> 
     </span>
    </p>
   </div>
   <div class='ocr_carea' id='block_1_6' title="bbox 324 612 1926 688">
    <p class='ocr_par' dir='ltr' id='par_1_6' title="bbox 324 612 1926 688">
     <span class='ocr_line' id='line_1_6' title="bbox 324 612 1926 688; baseline 0 -17"><span class='ocrx_word' id='word_1_28' title='bbox 324 627 474 672; x_wconf 88' lang='lat' dir='ltr'><strong>ctum</strong></span> <span class='ocrx_word' id='word_1_29' title='bbox 516 614 872 670; x_wconf 82' lang='lat' dir='ltr'><strong>Athanasium</strong></span> <span class='ocrx_word' id='word_1_30' title='bbox 921 612 1283 669; x_wconf 78' lang='lat' dir='ltr'><strong>orthodoxam</strong></span> <span class='ocrx_word' id='word_1_31' title='bbox 1329 613 1642 686; x_wconf 87' lang='lat' dir='ltr'><strong>episcopum</strong></span> <span class='ocrx_word' id='word_1_32' title='bbox 1677 614 1926 688; x_wconf 78' lang='lat' dir='ltr'><strong>(bjinju-</strong></span> 
     </span>
    </p>
   </div>
   <div class='ocr_carea' id='block_1_7' title="bbox 321 705 1069 764">
    <p class='ocr_par' dir='ltr' id='par_1_7' title="bbox 321 705 1069 764">
     <span class='ocr_line' id='line_1_7' title="bbox 321 705 1069 764; baseline -0.008 -1"><span class='ocrx_word' id='word_1_33' title='bbox 321 717 466 764; x_wconf 82' lang='lat' dir='ltr'><strong>stam</strong></span> <span class='ocrx_word' id='word_1_34' title='bbox 493 706 664 763; x_wconf 87' lang='lat' dir='ltr'><strong>tulere</strong></span> <span class='ocrx_word' id='word_1_35' title='bbox 690 705 1069 762; x_wconf 66' lang='lat' dir='ltr'><strong>sententiam.»</strong></span> 
     </span>
    </p>
   </div>
   <div class='ocr_carea' id='block_1_8' title="bbox 323 845 1922 919">
    <p class='ocr_par' dir='ltr' id='par_1_8' title="bbox 323 845 1922 919">
     <span class='ocr_line' id='line_1_8' title="bbox 323 845 1922 919; baseline -0.001 -15"><span class='ocrx_word' id='word_1_36' title='bbox 323 847 704 904; x_wconf 87' lang='lat' dir='ltr'><strong>Dilectissimis</strong></span> <span class='ocrx_word' id='word_1_37' title='bbox 772 846 1028 902; x_wconf 88' lang='lat' dir='ltr'><strong>fratribus</strong></span> <span class='ocrx_word' id='word_1_38' title='bbox 1089 845 1418 918; x_wconf 83' lang='lat' dir='ltr'><strong>presbyteris</strong></span> <span class='ocrx_word' id='word_1_39' title='bbox 1459 856 1512 902; x_wconf 90' lang='lat' dir='ltr'><strong>et</strong></span> <span class='ocrx_word' id='word_1_40' title='bbox 1587 847 1922 919; x_wconf 82' lang='lat' dir='ltr'><strong>coepiscopis</strong></span> 
     </span>
    </p>
   </div>
   <div class='ocr_carea' id='block_1_9' title="bbox 397 936 1760 1014">
    <p class='ocr_par' dir='ltr' id='par_1_9' title="bbox 397 936 1760 1014">
     <span class='ocr_line' id='line_1_9' title="bbox 397 936 1760 1014; baseline -0.002 -16"><span class='ocrx_word' id='word_1_41' title='bbox 397 941 788 1008; x_wconf 83' lang='lat' dir='ltr'><strong>Orientalibus,</strong></span> <span class='ocrx_word' id='word_1_42' title='bbox 819 939 1068 996; x_wconf 86' lang='lat' dir='ltr'><strong>Liberius</strong></span> <span class='ocrx_word' id='word_1_43' title='bbox 1119 936 1279 1011; x_wconf 86' lang='lat' dir='ltr'><strong>(circa</strong></span> <span class='ocrx_word' id='word_1_44' title='bbox 1309 939 1462 1008; x_wconf 79' lang='lat' dir='ltr'><strong>ﬁnem</strong></span> <span class='ocrx_word' id='word_1_45' title='bbox 1487 956 1573 994; x_wconf 86' lang='lat' dir='ltr'><strong>an.</strong></span> <span class='ocrx_word' id='word_1_46' title='bbox 1603 939 1760 1014; x_wconf 75' lang='lat'><strong>557).</strong></span> 
     </span>
    </p>
   </div>
   <div class='ocr_carea' id='block_1_10' title="bbox 394 1061 1923 1147">
    <p class='ocr_par' dir='ltr' id='par_1_10' title="bbox 394 1061 1923 1147">
     <span class='ocr_line' id='line_1_10' title="bbox 394 1061 1923 1147; baseline -0.001 -15"><span class='ocrx_word' id='word_1_47' title='bbox 394 1077 449 1132; x_wconf 84' lang='lat'><strong>5.</strong></span> <span class='ocrx_word' id='word_1_48' title='bbox 499 1075 608 1131; x_wconf 87' lang='lat' dir='ltr'><strong>Pro</strong></span> <span class='ocrx_word' id='word_1_49' title='bbox 642 1075 835 1132; x_wconf 83' lang='lat' dir='ltr'><strong>deitieo</strong></span> <span class='ocrx_word' id='word_1_50' title='bbox 853 1073 1044 1130; x_wconf 83' lang='lat' dir='ltr'><strong>timore</strong></span> <span class='ocrx_word' id='word_1_51' title='bbox 1065 1081 1248 1129; x_wconf 89' lang='lat' dir='ltr'><strong>sancta</strong></span> <span class='ocrx_word' id='word_1_52' title='bbox 1277 1072 1408 1129; x_wconf 87' lang='lat' dir='ltr'><strong>fides</strong></span> <span class='ocrx_word' id='word_1_53' title='bbox 1430 1082 1608 1130; x_wconf 89' lang='lat' dir='ltr'><strong>vestra</strong></span> <span class='ocrx_word' id='word_1_54' title='bbox 1629 1074 1796 1147; x_wconf 74' lang='lat'><strong>678</strong></span> <span class='ocrx_word' id='word_1_55' title='bbox 1815 1061 1923 1130; x_wconf 77' lang='lat' dir='ltr'><strong>Deo</strong></span> 
     </span>
    </p>
   </div>
   <div class='ocr_carea' id='block_1_11' title="bbox 317 1167 1919 1243">
    <p class='ocr_par' dir='ltr' id='par_1_11' title="bbox 317 1167 1919 1243">
     <span class='ocr_line' id='line_1_11' title="bbox 317 1167 1919 1243; baseline -0.001 -18"><span class='ocrx_word' id='word_1_56' title='bbox 317 1171 533 1243; x_wconf 83' lang='lat' dir='ltr'><strong>cognita</strong></span> <span class='ocrx_word' id='word_1_57' title='bbox 563 1179 650 1225; x_wconf 87' lang='lat' dir='ltr'><strong>est</strong></span> <span class='ocrx_word' id='word_1_58' title='bbox 676 1179 730 1225; x_wconf 93' lang='lat' dir='ltr'><strong>et</strong></span> <span class='ocrx_word' id='word_1_59' title='bbox 752 1167 1061 1224; x_wconf 89' lang='lat' dir='ltr'><strong>hominibus</strong></span> <span class='ocrx_word' id='word_1_60' title='bbox 1089 1167 1245 1222; x_wconf 78' lang='lat' dir='ltr'><strong>bonae</strong></span> <span class='ocrx_word' id='word_1_61' title='bbox 1275 1167 1586 1222; x_wconf 83' lang='lat' dir='ltr'><strong>voluntatis.</strong></span> <span class='ocrx_word' id='word_1_62' title='bbox 1641 1167 1796 1224; x_wconf 89' lang='lat' dir='ltr'><strong>Sicut</strong></span> <span class='ocrx_word' id='word_1_63' title='bbox 1833 1167 1919 1224; x_wconf 82' lang='lat' dir='ltr'><strong>lex</strong></span> 
     </span>
    </p>
   </div>
   <div class='ocr_carea' id='block_1_12' title="bbox 315 1258 1914 1335">
    <p class='ocr_par' dir='ltr' id='par_1_12' title="bbox 315 1258 1914 1335">
     <span class='ocr_line' id='line_1_12' title="bbox 315 1258 1914 1335; baseline -0.003 -17"><span class='ocrx_word' id='word_1_64' title='bbox 315 1261 581 1334; x_wconf 85' lang='lat' dir='ltr'><strong>loquitur,</strong></span> <span class='ocrx_word' id='word_1_65' title='bbox 627 1259 780 1316; x_wconf 71' lang='lat' dir='ltr'><strong>Iusta</strong></span> <span class='ocrx_word' id='word_1_66' title='bbox 795 1259 1051 1335; x_wconf 80' lang='lat' dir='ltr'><strong>judicate,</strong></span> <span class='ocrx_word' id='word_1_67' title='bbox 1071 1259 1171 1330; x_wconf 82' lang='lat' dir='ltr'><strong>ﬁlii</strong></span> <span class='ocrx_word' id='word_1_68' title='bbox 1197 1260 1459 1314; x_wconf 79' lang='lat' dir='ltr'><strong>hominum</strong></span> <span class='ocrx_word' id='word_1_69' title='bbox 1480 1259 1651 1326; x_wconf 65' lang='grc' dir='ltr'><strong>(νισι.</strong></span> <span class='ocrx_word' id='word_1_70' title='bbox 1683 1275 1808 1322; x_wconf 78' lang='lat' dir='ltr'><strong>Lvtt.</strong></span> <span class='ocrx_word' id='word_1_71' title='bbox 1833 1258 1914 1330; x_wconf 76' lang='grc'><strong>2),</strong></span> 
     </span>
    </p>
   </div>
   <div class='ocr_carea' id='block_1_13' title="bbox 313 1348 1914 1426">
    <p class='ocr_par' dir='ltr' id='par_1_13' title="bbox 313 1348 1914 1426">
     <span class='ocr_line' id='line_1_13' title="bbox 313 1348 1914 1426; baseline -0.002 -15"><span class='ocrx_word' id='word_1_72' title='bbox 313 1371 420 1426; x_wconf 81' lang='lat' dir='ltr'><strong>ego</strong></span> <span class='ocrx_word' id='word_1_73' title='bbox 445 1353 805 1411; x_wconf 82' lang='lat' dir='ltr'><strong>Athanasium</strong></span> <span class='ocrx_word' id='word_1_74' title='bbox 834 1350 905 1424; x_wconf 81' lang='grc' dir='ltr'><strong>(ε)</strong></span> <span class='ocrx_word' id='word_1_75' title='bbox 933 1367 1040 1406; x_wconf 89' lang='lat' dir='ltr'><strong>non</strong></span> <span class='ocrx_word' id='word_1_76' title='bbox 1070 1348 1334 1406; x_wconf 90' lang='lat' dir='ltr'><strong>defendo:</strong></span> <span class='ocrx_word' id='word_1_77' title='bbox 1370 1351 1464 1407; x_wconf 90' lang='lat' dir='ltr'><strong>sed</strong></span> <span class='ocrx_word' id='word_1_78' title='bbox 1495 1352 1621 1422; x_wconf 86' lang='lat' dir='ltr'><strong>quia</strong></span> <span class='ocrx_word' id='word_1_79' title='bbox 1655 1366 1914 1420; x_wconf 90' lang='lat' dir='ltr'><strong>suscepe-</strong></span> 
     </span>
    </p>
   </div>
   <div class='ocr_carea' id='block_1_14' title="bbox 311 1445 1916 1517">
    <p class='ocr_par' dir='ltr' id='par_1_14' title="bbox 311 1445 1916 1517">
     <span class='ocr_line' id='line_1_14' title="bbox 311 1445 1916 1517; baseline -0.004 -10"><span class='ocrx_word' id='word_1_80' title='bbox 311 1461 402 1507; x_wconf 94' lang='lat' dir='ltr'><strong>rat</strong></span> <span class='ocrx_word' id='word_1_81' title='bbox 430 1450 582 1506; x_wconf 90' lang='lat' dir='ltr'><strong>illum</strong></span> <span class='ocrx_word' id='word_1_82' title='bbox 632 1449 788 1504; x_wconf 71' lang='lat' dir='ltr'><strong>boote</strong></span> <span class='ocrx_word' id='word_1_83' title='bbox 829 1446 1108 1504; x_wconf 82' lang='lat' dir='ltr'><strong>memoriae</strong></span> <span class='ocrx_word' id='word_1_84' title='bbox 1130 1445 1307 1502; x_wconf 84' lang='lat' dir='ltr'><strong>Julius</strong></span> <span class='ocrx_word' id='word_1_85' title='bbox 1331 1447 1620 1517; x_wconf 89' lang='lat' dir='ltr'><strong>episcopus</strong></span> <span class='ocrx_word' id='word_1_86' title='bbox 1649 1445 1916 1502; x_wconf 89' lang='lat' dir='ltr'><strong>decessor</strong></span> 
     </span>
    </p>
   </div>
   <div class='ocr_carea' id='block_1_15' title="bbox 311 1539 1918 1612">
    <p class='ocr_par' dir='ltr' id='par_1_15' title="bbox 311 1539 1918 1612">
     <span class='ocr_line' id='line_1_15' title="bbox 311 1539 1918 1612; baseline -0.004 -11"><span class='ocrx_word' id='word_1_87' title='bbox 311 1559 472 1601; x_wconf 87' lang='lat' dir='ltr'><strong>meus</strong></span> <span class='ocrx_word' id='word_1_88' title='bbox 503 1585 518 1610; x_wconf 92' lang='lat'><strong>,</strong></span> <span class='ocrx_word' id='word_1_89' title='bbox 572 1542 800 1598; x_wconf 83' lang='lat' dir='ltr'><strong>verebar</strong></span> <span class='ocrx_word' id='word_1_90' title='bbox 840 1556 908 1597; x_wconf 92' lang='lat' dir='ltr'><strong>ne</strong></span> <span class='ocrx_word' id='word_1_91' title='bbox 953 1539 1092 1596; x_wconf 77' lang='lat' dir='ltr'><strong>forte</strong></span> <span class='ocrx_word' id='word_1_92' title='bbox 1117 1539 1195 1612; x_wconf 77' lang='grc' dir='ltr'><strong>(ά)</strong></span> <span class='ocrx_word' id='word_1_93' title='bbox 1235 1539 1304 1595; x_wconf 88' lang='lat' dir='ltr'><strong>ab</strong></span> <span class='ocrx_word' id='word_1_94' title='bbox 1327 1539 1508 1610; x_wconf 90' lang='lat' dir='ltr'><strong>aliquo</strong></span> <span class='ocrx_word' id='word_1_95' title='bbox 1535 1540 1918 1610; x_wconf 84' lang='lat' dir='ltr'><strong>praevaricator</strong></span> 
     </span>
    </p>
   </div>
   <div class='ocr_carea' id='block_1_16' title="bbox 305 1629 1968 1706">
    <p class='ocr_par' dir='ltr' id='par_1_16' title="bbox 305 1629 1968 1706">
     <span class='ocr_line' id='line_1_16' title="bbox 305 1629 1968 1706; baseline -0.002 -16"><span class='ocrx_word' id='word_1_96' title='bbox 305 1635 612 1706; x_wconf 75' lang='lat' dir='ltr'><strong>iudicarer.</strong></span> <span class='ocrx_word' id='word_1_97' title='bbox 652 1633 724 1690; x_wconf 81' lang='lat' dir='ltr'><strong>At</strong></span> <span class='ocrx_word' id='word_1_98' title='bbox 748 1633 837 1690; x_wconf 86' lang='lat' dir='ltr'><strong>tibi</strong></span> <span class='ocrx_word' id='word_1_99' title='bbox 865 1631 1120 1704; x_wconf 87' lang='lat' dir='ltr'><strong>cognovi,</strong></span> <span class='ocrx_word' id='word_1_100' title='bbox 1151 1631 1368 1702; x_wconf 85' lang='lat' dir='ltr'><strong>quando</strong></span> <span class='ocrx_word' id='word_1_101' title='bbox 1393 1633 1502 1688; x_wconf 92' lang='lat' dir='ltr'><strong>Deo</strong></span> <span class='ocrx_word' id='word_1_102' title='bbox 1527 1629 1748 1702; x_wconf 88' lang='lat' dir='ltr'><strong>placuit,</strong></span> <span class='ocrx_word' id='word_1_103' title='bbox 1771 1632 1916 1702; x_wconf 89' lang='lat' dir='ltr'><strong>juste</strong></span> <span class='ocrx_word' id='word_1_104' title='bbox 1957 1671 1968 1676; x_wconf 89' lang='grc'><strong>-</strong></span> 
     </span>
    </p>
   </div>
   <div class='ocr_carea' id='block_1_17' title="bbox 2031 522 3631 605">
    <p class='ocr_par' dir='ltr' id='par_1_17' title="bbox 2031 522 3631 605">
     <span class='ocr_line' id='line_1_17' title="bbox 2031 522 3631 605; baseline 0.014 -27"><span class='ocrx_word' id='word_1_105' title='bbox 2031 522 2112 596; x_wconf 84' lang='lat' dir='ltr'><strong>(id</strong></span> <span class='ocrx_word' id='word_1_106' title='bbox 2137 533 2211 580; x_wconf 72' lang='lat' dir='ltr'><strong>est</strong></span> <span class='ocrx_word' id='word_1_107' title='bbox 2232 525 2296 580; x_wconf 86' lang='lat' dir='ltr'><strong>de</strong></span> <span class='ocrx_word' id='word_1_108' title='bbox 2319 527 2740 587; x_wconf 84' lang='lat' dir='ltr'><strong>condemnatione</strong></span> <span class='ocrx_word' id='word_1_109' title='bbox 2769 531 2980 604; x_wconf 72' lang='lat' dir='ltr'><strong>ipsius),</strong></span> <span class='ocrx_word' id='word_1_110' title='bbox 3013 549 3110 605; x_wconf 89' lang='lat' dir='ltr'><strong>per</strong></span> <span class='ocrx_word' id='word_1_111' title='bbox 3131 535 3355 595; x_wconf 81' lang='lat' dir='ltr'><strong>fratrem</strong></span> <span class='ocrx_word' id='word_1_112' title='bbox 3387 522 3631 600; x_wconf 82' lang='lat' dir='ltr'><strong>nostrum</strong></span> 
     </span>
    </p>
   </div>
   <div class='ocr_carea' id='block_1_18' title="bbox 2032 613 3630 702">
    <p class='ocr_par' dir='ltr' id='par_1_18' title="bbox 2032 613 3630 702">
     <span class='ocr_line' id='line_1_18' title="bbox 2032 613 3630 702; baseline 0.014 -33"><span class='ocrx_word' id='word_1_113' title='bbox 2032 613 2484 674; x_wconf 86' lang='lat' dir='ltr'><strong>Fortunatianum</strong></span> <span class='ocrx_word' id='word_1_114' title='bbox 2538 619 2662 676; x_wconf 89' lang='lat' dir='ltr'><strong>dedi</strong></span> <span class='ocrx_word' id='word_1_115' title='bbox 2713 622 3068 692; x_wconf 87' lang='lat' dir='ltr'><strong>perferendas</strong></span> <span class='ocrx_word' id='word_1_116' title='bbox 3117 627 3188 684; x_wconf 91' lang='lat' dir='ltr'><strong>ad</strong></span> <span class='ocrx_word' id='word_1_117' title='bbox 3245 630 3630 702; x_wconf 88' lang='lat' dir='ltr'><strong>imperatorem</strong></span> 
     </span>
    </p>
   </div>
   <div class='ocr_carea' id='block_1_19' title="bbox 2029 706 3630 797">
    <p class='ocr_par' dir='ltr' id='par_1_19' title="bbox 2029 706 3630 797">
     <span class='ocr_line' id='line_1_19' title="bbox 2029 706 3630 797; baseline 0.012 -31"><span class='ocrx_word' id='word_1_118' title='bbox 2029 706 2429 766; x_wconf 89' lang='lat' dir='ltr'><strong>Constantium.</strong></span> <span class='ocrx_word' id='word_1_119' title='bbox 2460 712 2646 786; x_wconf 88' lang='lat' dir='ltr'><strong>Itaque</strong></span> <span class='ocrx_word' id='word_1_120' title='bbox 2673 725 2858 772; x_wconf 90' lang='lat' dir='ltr'><strong>amoto</strong></span> <span class='ocrx_word' id='word_1_121' title='bbox 2887 718 3184 778; x_wconf 84' lang='lat' dir='ltr'><strong>Athanasio</strong></span> <span class='ocrx_word' id='word_1_122' title='bbox 3220 724 3296 797; x_wconf 62' lang='grc' dir='ltr'><strong>(ί)</strong></span> <span class='ocrx_word' id='word_1_123' title='bbox 3319 740 3350 780; x_wconf 89' lang='lat' dir='ltr'><strong>a</strong></span> <span class='ocrx_word' id='word_1_124' title='bbox 3378 741 3630 784; x_wconf 92' lang='lat' dir='ltr'><strong>commu-</strong></span> 
     </span>
    </p>
   </div>
   <div class='ocr_carea' id='block_1_20' title="bbox 2029 805 3633 886">
    <p class='ocr_par' dir='ltr' id='par_1_20' title="bbox 2029 805 3633 886">
     <span class='ocr_line' id='line_1_20' title="bbox 2029 805 3633 886; baseline 0.013 -27"><span class='ocrx_word' id='word_1_125' title='bbox 2029 805 2193 860; x_wconf 90' lang='lat' dir='ltr'><strong>nione</strong></span> <span class='ocrx_word' id='word_1_126' title='bbox 2217 808 2458 863; x_wconf 89' lang='lat' dir='ltr'><strong>omnium</strong></span> <span class='ocrx_word' id='word_1_127' title='bbox 2486 818 2752 876; x_wconf 87' lang='lat' dir='ltr'><strong>nostrum.</strong></span> <span class='ocrx_word' id='word_1_128' title='bbox 2783 812 2934 883; x_wconf 83' lang='lat' dir='ltr'><strong>cujus</strong></span> <span class='ocrx_word' id='word_1_129' title='bbox 2957 830 3056 870; x_wconf 89' lang='lat' dir='ltr'><strong>nec</strong></span> <span class='ocrx_word' id='word_1_130' title='bbox 3076 817 3318 886; x_wconf 89' lang='lat' dir='ltr'><strong>epistolia</strong></span> <span class='ocrx_word' id='word_1_131' title='bbox 3343 834 3374 874; x_wconf 92' lang='lat' dir='ltr'><strong>a</strong></span> <span class='ocrx_word' id='word_1_132' title='bbox 3397 837 3484 877; x_wconf 89' lang='lat' dir='ltr'><strong>me</strong></span> <span class='ocrx_word' id='word_1_133' title='bbox 3510 837 3633 880; x_wconf 85' lang='lat' dir='ltr'><strong>sus-</strong></span> 
     </span>
    </p>
   </div>
   <div class='ocr_carea' id='block_1_21' title="bbox 2025 895 3629 972">
    <p class='ocr_par' dir='ltr' id='par_1_21' title="bbox 2025 895 3629 972">
     <span class='ocr_line' id='line_1_21' title="bbox 2025 895 3629 972; baseline 0.013 -21"><span class='ocrx_word' id='word_1_134' title='bbox 2025 895 2272 966; x_wconf 88' lang='lat' dir='ltr'><strong>cipienda</strong></span> <span class='ocrx_word' id='word_1_135' title='bbox 2326 912 2474 968; x_wconf 91' lang='lat' dir='ltr'><strong>sunt,</strong></span> <span class='ocrx_word' id='word_1_136' title='bbox 2537 901 2660 958; x_wconf 89' lang='lat' dir='ltr'><strong>dico</strong></span> <span class='ocrx_word' id='word_1_137' title='bbox 2699 919 2786 960; x_wconf 92' lang='lat' dir='ltr'><strong>me</strong></span> <span class='ocrx_word' id='word_1_138' title='bbox 2812 920 2935 960; x_wconf 89' lang='lat' dir='ltr'><strong>cum</strong></span> <span class='ocrx_word' id='word_1_139' title='bbox 2963 907 3214 966; x_wconf 87' lang='lat' dir='ltr'><strong>omnibus</strong></span> <span class='ocrx_word' id='word_1_140' title='bbox 3241 913 3396 969; x_wconf 86' lang='lat' dir='ltr'><strong>vobis</strong></span> <span class='ocrx_word' id='word_1_141' title='bbox 3424 923 3480 970; x_wconf 93' lang='lat' dir='ltr'><strong>et</strong></span> <span class='ocrx_word' id='word_1_142' title='bbox 3506 931 3629 972; x_wconf 90' lang='lat' dir='ltr'><strong>cum</strong></span> 
     </span>
    </p>
   </div>
   <div class='ocr_carea' id='block_1_22' title="bbox 2027 991 3630 1073">
    <p class='ocr_par' dir='ltr' id='par_1_22' title="bbox 2027 991 3630 1073">
     <span class='ocr_line' id='line_1_22' title="bbox 2027 991 3630 1073; baseline 0.012 -27"><span class='ocrx_word' id='word_1_143' title='bbox 2027 991 2300 1048; x_wconf 88' lang='lat' dir='ltr'><strong>universis</strong></span> <span class='ocrx_word' id='word_1_144' title='bbox 2349 995 2620 1066; x_wconf 89' lang='lat' dir='ltr'><strong>episcopis</strong></span> <span class='ocrx_word' id='word_1_145' title='bbox 2647 995 3014 1055; x_wconf 85' lang='lat' dir='ltr'><strong>Orientalibus</strong></span> <span class='ocrx_word' id='word_1_146' title='bbox 3057 1015 3154 1057; x_wconf 90' lang='lat' dir='ltr'><strong>seu</strong></span> <span class='ocrx_word' id='word_1_147' title='bbox 3202 1018 3299 1073; x_wconf 93' lang='lat' dir='ltr'><strong>per</strong></span> <span class='ocrx_word' id='word_1_148' title='bbox 3346 1007 3630 1066; x_wconf 90' lang='lat' dir='ltr'><strong>universas</strong></span> 
     </span>
    </p>
   </div>
   <div class='ocr_carea' id='block_1_23' title="bbox 2026 1084 3341 1156">
    <p class='ocr_par' dir='ltr' id='par_1_23' title="bbox 2026 1084 3341 1156">
     <span class='ocr_line' id='line_1_23' title="bbox 2026 1084 3341 1156; baseline 0.011 -19"><span class='ocrx_word' id='word_1_149' title='bbox 2026 1084 2333 1154; x_wconf 84' lang='lat' dir='ltr'><strong>provincias</strong></span> <span class='ocrx_word' id='word_1_150' title='bbox 2368 1100 2554 1156; x_wconf 88' lang='lat' dir='ltr'><strong>pacem</strong></span> <span class='ocrx_word' id='word_1_151' title='bbox 2584 1097 2640 1144; x_wconf 88' lang='lat' dir='ltr'><strong>et</strong></span> <span class='ocrx_word' id='word_1_152' title='bbox 2672 1089 3082 1148; x_wconf 87' lang='lat' dir='ltr'><strong>unaniinitatem</strong></span> <span class='ocrx_word' id='word_1_153' title='bbox 3117 1092 3341 1152; x_wconf 88' lang='lat' dir='ltr'><strong>habere.</strong></span> 
     </span>
    </p>
   </div>
   <div class='ocr_carea' id='block_1_24' title="bbox 2096 1173 3682 1254">
    <p class='ocr_par' dir='ltr' id='par_1_24' title="bbox 2096 1173 3682 1254">
     <span class='ocr_line' id='line_1_24' title="bbox 2096 1173 3682 1254; baseline 0.012 -24"><span class='ocrx_word' id='word_1_154' title='bbox 2096 1173 2150 1230; x_wconf 86' lang='lat'><strong>6.</strong></span> <span class='ocrx_word' id='word_1_155' title='bbox 2195 1175 2469 1232; x_wconf 79' lang='lat' dir='ltr'><strong>Sirmiensi</strong></span> <span class='ocrx_word' id='word_1_156' title='bbox 2519 1179 2642 1245; x_wconf 77' lang='lat' dir='ltr'><strong>ﬁdei</strong></span> <span class='ocrx_word' id='word_1_157' title='bbox 2680 1179 2970 1236; x_wconf 74' lang='lat' dir='ltr'><strong>subscribit.</strong></span> <span class='ocrx_word' id='word_1_158' title='bbox 3011 1214 3083 1224; x_wconf 95' lang='lat'><strong>—</strong></span> <span class='ocrx_word' id='word_1_159' title='bbox 3128 1184 3300 1254; x_wconf 85' lang='lat' dir='ltr'><strong>Nam,</strong></span> <span class='ocrx_word' id='word_1_160' title='bbox 3357 1197 3418 1244; x_wconf 88' lang='lat' dir='ltr'><strong>ut</strong></span> <span class='ocrx_word' id='word_1_161' title='bbox 3442 1191 3623 1247; x_wconf 83' lang='lat' dir='ltr'><strong>verius</strong></span> <span class='ocrx_word' id='word_1_162' title='bbox 3671 1242 3682 1252; x_wconf 93' lang='lat'><strong>.</strong></span> 
     </span>
    </p>
   </div>
   <div class='ocr_carea' id='block_1_25' title="bbox 2022 1268 3625 1356">
    <p class='ocr_par' dir='ltr' id='par_1_25' title="bbox 2022 1268 3625 1356">
     <span class='ocr_line' id='line_1_25' title="bbox 2022 1268 3625 1356; baseline 0.011 -32"><span class='ocrx_word' id='word_1_163' title='bbox 2022 1268 2230 1335; x_wconf 88' lang='lat' dir='ltr'><strong>sciatis,</strong></span> <span class='ocrx_word' id='word_1_164' title='bbox 2261 1285 2345 1326; x_wconf 89' lang='lat' dir='ltr'><strong>me</strong></span> <span class='ocrx_word' id='word_1_165' title='bbox 2372 1272 2448 1344; x_wconf 85' lang='lat' dir='ltr'><strong>(g)</strong></span> <span class='ocrx_word' id='word_1_166' title='bbox 2469 1287 2596 1328; x_wconf 91' lang='lat' dir='ltr'><strong>vera</strong></span> <span class='ocrx_word' id='word_1_167' title='bbox 2627 1273 2732 1330; x_wconf 80' lang='lat' dir='ltr'><strong>title</strong></span> <span class='ocrx_word' id='word_1_168' title='bbox 2759 1291 2855 1344; x_wconf 91' lang='lat' dir='ltr'><strong>per</strong></span> <span class='ocrx_word' id='word_1_169' title='bbox 2882 1276 3024 1331; x_wconf 90' lang='lat' dir='ltr'><strong>hanc</strong></span> <span class='ocrx_word' id='word_1_170' title='bbox 3051 1279 3338 1349; x_wconf 88' lang='lat' dir='ltr'><strong>epistolam</strong></span> <span class='ocrx_word' id='word_1_171' title='bbox 3367 1298 3430 1339; x_wconf 89' lang='lat' dir='ltr'><strong>ea</strong></span> <span class='ocrx_word' id='word_1_172' title='bbox 3457 1285 3625 1356; x_wconf 89' lang='lat' dir='ltr'><strong>loqui,</strong></span> 
     </span>
    </p>
   </div>
   <div class='ocr_carea' id='block_1_26' title="bbox 2023 1358 3612 1449">
    <p class='ocr_par' dir='ltr' id='par_1_26' title="bbox 2023 1358 3612 1449">
     <span class='ocr_line' id='line_1_26' title="bbox 2023 1358 3612 1449; baseline 0.013 -35"><span class='ocrx_word' id='word_1_173' title='bbox 2023 1358 2274 1416; x_wconf 90' lang='lat' dir='ltr'><strong>dominus</strong></span> <span class='ocrx_word' id='word_1_174' title='bbox 2305 1372 2358 1416; x_wconf 93' lang='lat' dir='ltr'><strong>et</strong></span> <span class='ocrx_word' id='word_1_175' title='bbox 2389 1362 2556 1421; x_wconf 88' lang='lat' dir='ltr'><strong>frater</strong></span> <span class='ocrx_word' id='word_1_176' title='bbox 2587 1380 2738 1420; x_wconf 90' lang='lat' dir='ltr'><strong>meus</strong></span> <span class='ocrx_word' id='word_1_177' title='bbox 2763 1370 3069 1426; x_wconf 89' lang='lat' dir='ltr'><strong>communis</strong></span> <span class='ocrx_word' id='word_1_178' title='bbox 3097 1373 3478 1445; x_wconf 86' lang='lat' dir='ltr'><strong>Demophilus,</strong></span> <span class='ocrx_word' id='word_1_179' title='bbox 3521 1379 3612 1449; x_wconf 91' lang='lat' dir='ltr'><strong>qui</strong></span> 
     </span>
    </p>
   </div>
   <div class='ocr_carea' id='block_1_27' title="bbox 2023 1451 3621 1538">
    <p class='ocr_par' dir='ltr' id='par_1_27' title="bbox 2023 1451 3621 1538">
     <span class='ocr_line' id='line_1_27' title="bbox 2023 1451 3621 1538; baseline 0.011 -31"><span class='ocrx_word' id='word_1_180' title='bbox 2023 1451 2274 1524; x_wconf 85' lang='lat' dir='ltr'><strong>dignatus</strong></span> <span class='ocrx_word' id='word_1_181' title='bbox 2305 1463 2390 1510; x_wconf 90' lang='lat' dir='ltr'><strong>est</strong></span> <span class='ocrx_word' id='word_1_182' title='bbox 2419 1470 2516 1526; x_wconf 91' lang='lat' dir='ltr'><strong>pro</strong></span> <span class='ocrx_word' id='word_1_183' title='bbox 2542 1471 2638 1512; x_wconf 89' lang='lat' dir='ltr'><strong>sua</strong></span> <span class='ocrx_word' id='word_1_184' title='bbox 2665 1458 3044 1516; x_wconf 86' lang='lat' dir='ltr'><strong>benevolentia</strong></span> <span class='ocrx_word' id='word_1_185' title='bbox 3075 1463 3234 1520; x_wconf 81' lang='lat' dir='ltr'><strong>ﬁdem</strong></span> <span class='ocrx_word' id='word_1_186' title='bbox 3270 1466 3352 1538; x_wconf 72' lang='lat' dir='ltr'><strong>(li)</strong></span> <span class='ocrx_word' id='word_1_187' title='bbox 3385 1477 3621 1525; x_wconf 79' lang='lat' dir='ltr'><strong>vestram</strong></span> 
     </span>
    </p>
   </div>
   <div class='ocr_carea' id='block_1_28' title="bbox 2023 1547 3620 1625">
    <p class='ocr_par' dir='ltr' id='par_1_28' title="bbox 2023 1547 3620 1625">
     <span class='ocr_line' id='line_1_28' title="bbox 2023 1547 3620 1625; baseline 0.009 -25"><span class='ocrx_word' id='word_1_188' title='bbox 2023 1553 2078 1600; x_wconf 91' lang='lat' dir='ltr'><strong>et</strong></span> <span class='ocrx_word' id='word_1_189' title='bbox 2105 1547 2424 1603; x_wconf 86' lang='lat' dir='ltr'><strong>catholicam</strong></span> <span class='ocrx_word' id='word_1_190' title='bbox 2456 1561 2752 1620; x_wconf 82' lang='lat' dir='ltr'><strong>exponere,</strong></span> <span class='ocrx_word' id='word_1_191' title='bbox 2784 1566 2907 1622; x_wconf 74' lang='lat' dir='ltr'><strong>quae</strong></span> <span class='ocrx_word' id='word_1_192' title='bbox 2932 1551 3132 1610; x_wconf 89' lang='lat' dir='ltr'><strong>Sirmio</strong></span> <span class='ocrx_word' id='word_1_193' title='bbox 3172 1571 3202 1610; x_wconf 92' lang='lat' dir='ltr'><strong>a</strong></span> <span class='ocrx_word' id='word_1_194' title='bbox 3235 1557 3478 1625; x_wconf 89' lang='lat' dir='ltr'><strong>pluribus</strong></span> <span class='ocrx_word' id='word_1_195' title='bbox 3505 1559 3620 1614; x_wconf 81' lang='lat' dir='ltr'><strong>fra-</strong></span> 
     </span>
    </p>
   </div>
   <div class='ocr_carea' id='block_1_29' title="bbox 2025 1639 3621 1720">
    <p class='ocr_par' dir='ltr' id='par_1_29' title="bbox 2025 1639 3621 1720">
     <span class='ocr_line' id='line_1_29' title="bbox 2025 1639 3621 1720; baseline 0.009 -26"><span class='ocrx_word' id='word_1_196' title='bbox 2025 1639 2200 1696; x_wconf 92' lang='lat' dir='ltr'><strong>tribus</strong></span> <span class='ocrx_word' id='word_1_197' title='bbox 2239 1651 2293 1697; x_wconf 91' lang='lat' dir='ltr'><strong>et</strong></span> <span class='ocrx_word' id='word_1_198' title='bbox 2331 1643 2674 1715; x_wconf 87' lang='lat' dir='ltr'><strong>coepiscopis</strong></span> <span class='ocrx_word' id='word_1_199' title='bbox 2711 1645 2912 1700; x_wconf 85' lang='lat' dir='ltr'><strong>nostris</strong></span> <span class='ocrx_word' id='word_1_200' title='bbox 2945 1652 3170 1702; x_wconf 89' lang='lat' dir='ltr'><strong>tractata</strong></span> <span class='ocrx_word' id='word_1_201' title='bbox 3197 1691 3212 1716; x_wconf 89' lang='lat'><strong>,</strong></span> <span class='ocrx_word' id='word_1_202' title='bbox 3238 1651 3483 1720; x_wconf 83' lang='lat' dir='ltr'><strong>exposita</strong></span> <span class='ocrx_word' id='word_1_203' title='bbox 3505 1695 3519 1718; x_wconf 89' lang='lat'><strong>,</strong></span> <span class='ocrx_word' id='word_1_204' title='bbox 3566 1663 3621 1708; x_wconf 87' lang='lat' dir='ltr'><strong>et</strong></span> 
     </span>
    </p>
   </div>
   <div class='ocr_carea' id='block_1_30' title="bbox 308 1713 3606 1816">
    <p class='ocr_par' dir='ltr' id='par_1_30' title="bbox 308 1713 3606 1816">
     <span class='ocr_line' id='line_1_30' title="bbox 308 1713 3606 1816; baseline 0.001 -30"><span class='ocrx_word' id='word_1_205' title='bbox 308 1745 414 1788; x_wconf 86' lang='lat' dir='ltr'><strong>vos</strong></span> <span class='ocrx_word' id='word_1_206' title='bbox 432 1731 584 1786; x_wconf 89' lang='lat' dir='ltr'><strong>illum</strong></span> <span class='ocrx_word' id='word_1_207' title='bbox 612 1728 1025 1792; x_wconf 86' lang='lat' dir='ltr'><strong>condemnasse,</strong></span> <span class='ocrx_word' id='word_1_208' title='bbox 1057 1739 1182 1780; x_wconf 81' lang='lat' dir='ltr'><strong>mox</strong></span> <span class='ocrx_word' id='word_1_209' title='bbox 1209 1739 1534 1782; x_wconf 81' lang='lat' dir='ltr'><strong>consensum</strong></span> <span class='ocrx_word' id='word_1_210' title='bbox 1569 1724 1907 1781; x_wconf 87' lang='lat' dir='ltr'><strong>commodavi</strong></span> <span class='ocrx_word' id='word_1_211' title='bbox 1937 1713 1986 1773; x_wconf 88' lang='lat' dir='ltr'><strong>B</strong></span> <span class='ocrx_word' id='word_1_212' title='bbox 2012 1742 2260 1804; x_wconf 68' lang='lat' dir='ltr'><strong>suscepta</strong></span> <span class='ocrx_word' id='word_1_213' title='bbox 2283 1743 2367 1790; x_wconf 77' lang='lat' dir='ltr'><strong>est</strong></span> <span class='ocrx_word' id='word_1_214' title='bbox 2391 1733 2542 1806; x_wconf 69' lang='lat' dir='ltr'><strong>(Hinc</strong></span> <span class='ocrx_word' id='word_1_215' title='bbox 2569 1713 2631 1806; x_wconf 65' lang='grc' dir='ltr'><strong>(ἒ)</strong></span> <span class='ocrx_word' id='word_1_216' title='bbox 2661 1747 2734 1791; x_wconf 80' lang='lat' dir='ltr'><strong>est</strong></span> <span class='ocrx_word' id='word_1_217' title='bbox 2770 1737 2990 1808; x_wconf 82' lang='lat' dir='ltr'><strong>perﬁdia</strong></span> <span class='ocrx_word' id='word_1_218' title='bbox 3018 1713 3236 1808; x_wconf 67' lang='lat' dir='ltr'><strong>Ariona,</strong></span> <span class='ocrx_word' id='word_1_219' title='bbox 3261 1713 3358 1796; x_wconf 73' lang='lat' dir='ltr'><strong>hoc</strong></span> <span class='ocrx_word' id='word_1_220' title='bbox 3384 1759 3478 1816; x_wconf 85' lang='lat' dir='ltr'><strong>ego</strong></span> <span class='ocrx_word' id='word_1_221' title='bbox 3506 1713 3606 1798; x_wconf 49' lang='lat' dir='ltr'><strong>iw.</strong></span> 
     </span>
    </p>
   </div>
   <div class='ocr_carea' id='block_1_31' title="bbox 393 1889 1910 1964">
    <p class='ocr_par' dir='ltr' id='par_1_31' title="bbox 393 1889 1910 1964">
     <span class='ocr_line' id='line_1_31' title="bbox 393 1889 1910 1964; baseline 0 -18"><span class='ocrx_word' id='word_1_222' title='bbox 393 1893 468 1964; x_wconf 83' lang='grc' dir='ltr'><strong>(α)</strong></span> <span class='ocrx_word' id='word_1_223' title='bbox 503 1891 912 1964; x_wconf 12' lang='grc' dir='ltr'><strong>Ροειίθπαεεηηι.</strong></span> <span class='ocrx_word' id='word_1_224' title='bbox 937 1889 1104 1964; x_wconf 82' lang='lat' dir='ltr'><strong>inquit</strong></span> <span class='ocrx_word' id='word_1_225' title='bbox 1141 1889 1415 1964; x_wconf 66' lang='lat' dir='ltr'><strong>Albanas.</strong></span> <span class='ocrx_word' id='word_1_226' title='bbox 1441 1889 1504 1964; x_wconf 79' lang='lat' dir='ltr'><strong>ad</strong></span> <span class='ocrx_word' id='word_1_227' title='bbox 1523 1889 1679 1944; x_wconf 86' lang='lat' dir='ltr'><strong>Solit.</strong></span> <span class='ocrx_word' id='word_1_228' title='bbox 1714 1907 1764 1959; x_wconf 87' lang='lat' dir='ltr'><strong>p.</strong></span> <span class='ocrx_word' id='word_1_229' title='bbox 1785 1892 1910 1964; x_wconf 81' lang='grc'><strong>857,</strong></span> 
     </span>
    </p>
   </div>
   <div class='ocr_carea' id='block_1_32' title="bbox 310 1961 1917 2032">
    <p class='ocr_par' dir='ltr' id='par_1_32' title="bbox 310 1961 1917 2032">
     <span class='ocr_line' id='line_1_32' title="bbox 310 1961 1917 2032; baseline -0.002 -11"><span class='ocrx_word' id='word_1_230' title='bbox 310 1967 372 2021; x_wconf 86' lang='lat' dir='ltr'><strong>in</strong></span> <span class='ocrx_word' id='word_1_231' title='bbox 400 1961 582 2018; x_wconf 54' lang='lat' dir='ltr'><strong>exsilio</strong></span> <span class='ocrx_word' id='word_1_232' title='bbox 633 1963 891 2018; x_wconf 82' lang='lat' dir='ltr'><strong>biennium</strong></span> <span class='ocrx_word' id='word_1_233' title='bbox 941 1962 1160 2032; x_wconf 70' lang='lat' dir='ltr'><strong>inﬂexus</strong></span> <span class='ocrx_word' id='word_1_234' title='bbox 1205 1972 1300 2027; x_wconf 81' lang='lat' dir='ltr'><strong>est,</strong></span> <span class='ocrx_word' id='word_1_235' title='bbox 1344 1961 1597 2032; x_wconf 80' lang='lat' dir='ltr'><strong>minisque</strong></span> <span class='ocrx_word' id='word_1_236' title='bbox 1646 1963 1825 2017; x_wconf 76' lang='lat' dir='ltr'><strong>mortis</strong></span> <span class='ocrx_word' id='word_1_237' title='bbox 1849 1965 1917 2018; x_wconf 84' lang='lat' dir='ltr'><strong>ad</strong></span> 
     </span>
    </p>
   </div>
   <div class='ocr_carea' id='block_1_33' title="bbox 309 2033 1916 2102">
    <p class='ocr_par' dir='ltr' id='par_1_33' title="bbox 309 2033 1916 2102">
     <span class='ocr_line' id='line_1_33' title="bbox 309 2033 1916 2102; baseline 0 -11"><span class='ocrx_word' id='word_1_238' title='bbox 309 2036 739 2102; x_wconf 64' lang='lat' dir='ltr'><strong>subscriptionem</strong></span> <span class='ocrx_word' id='word_1_239' title='bbox 768 2035 1008 2088; x_wconf 83' lang='lat' dir='ltr'><strong>inductus</strong></span> <span class='ocrx_word' id='word_1_240' title='bbox 1035 2043 1129 2087; x_wconf 76' lang='lat' dir='ltr'><strong>est.</strong></span> <span class='ocrx_word' id='word_1_241' title='bbox 1191 2034 1268 2088; x_wconf 84' lang='lat' dir='ltr'><strong>Ex</strong></span> <span class='ocrx_word' id='word_1_242' title='bbox 1324 2047 1432 2100; x_wconf 88' lang='lat' dir='ltr'><strong>quo</strong></span> <span class='ocrx_word' id='word_1_243' title='bbox 1471 2033 1706 2087; x_wconf 85' lang='lat' dir='ltr'><strong>efﬁcitur</strong></span> <span class='ocrx_word' id='word_1_244' title='bbox 1732 2075 1748 2100; x_wconf 92' lang='lat'><strong>,</strong></span> <span class='ocrx_word' id='word_1_245' title='bbox 1805 2042 1916 2091; x_wconf 88' lang='lat' dir='ltr'><strong>tres</strong></span> 
     </span>
    </p>
   </div>
   <div class='ocr_carea' id='block_1_34' title="bbox 310 2103 1914 2178">
    <p class='ocr_par' dir='ltr' id='par_1_34' title="bbox 310 2103 1914 2178">
     <span class='ocr_line' id='line_1_34' title="bbox 310 2103 1914 2178; baseline -0.002 -14"><span class='ocrx_word' id='word_1_246' title='bbox 310 2109 714 2178; x_wconf 80' lang='lat' dir='ltr'><strong>subsequentes</strong></span> <span class='ocrx_word' id='word_1_247' title='bbox 739 2105 998 2176; x_wconf 86' lang='lat' dir='ltr'><strong>epistolas</strong></span> <span class='ocrx_word' id='word_1_248' title='bbox 1025 2111 1258 2178; x_wconf 56' lang='lat' dir='ltr'><strong>exeunte</strong></span> <span class='ocrx_word' id='word_1_249' title='bbox 1279 2119 1424 2178; x_wconf 84' lang='lat' dir='ltr'><strong>anno</strong></span> <span class='ocrx_word' id='word_1_250' title='bbox 1451 2103 1556 2178; x_wconf 64' lang='grc'><strong>557</strong></span> <span class='ocrx_word' id='word_1_251' title='bbox 1582 2144 1598 2170; x_wconf 90' lang='grc'><em>,</em></span> <span class='ocrx_word' id='word_1_252' title='bbox 1627 2112 1739 2178; x_wconf 68' lang='lat' dir='ltr'><strong>aut</strong></span> <span class='ocrx_word' id='word_1_253' title='bbox 1765 2115 1914 2178; x_wconf 80' lang='lat' dir='ltr'><strong>certe</strong></span> 
     </span>
    </p>
   </div>
   <div class='ocr_carea' id='block_1_35' title="bbox 309 2174 1915 2247">
    <p class='ocr_par' dir='ltr' id='par_1_35' title="bbox 309 2174 1915 2247">
     <span class='ocr_line' id='line_1_35' title="bbox 309 2174 1915 2247; baseline -0.003 -11"><span class='ocrx_word' id='word_1_254' title='bbox 309 2174 541 2236; x_wconf 82' lang='lat' dir='ltr'><strong>ineunte</strong></span> <span class='ocrx_word' id='word_1_255' title='bbox 569 2176 698 2241; x_wconf 76' lang='lat'><strong>558,</strong></span> <span class='ocrx_word' id='word_1_256' title='bbox 726 2174 956 2247; x_wconf 82' lang='lat' dir='ltr'><strong>scriptas</strong></span> <span class='ocrx_word' id='word_1_257' title='bbox 984 2190 1127 2247; x_wconf 82' lang='lat' dir='ltr'><strong>esse.</strong></span> <span class='ocrx_word' id='word_1_258' title='bbox 1187 2174 1370 2230; x_wconf 89' lang='lat' dir='ltr'><strong>Facile</strong></span> <span class='ocrx_word' id='word_1_259' title='bbox 1389 2175 1554 2230; x_wconf 90' lang='lat' dir='ltr'><strong>etiam</strong></span> <span class='ocrx_word' id='word_1_260' title='bbox 1591 2174 1814 2247; x_wconf 13' lang='lat' dir='ltr'><strong>aliquod,</strong></span> <span class='ocrx_word' id='word_1_261' title='bbox 1840 2177 1915 2231; x_wconf 89' lang='lat' dir='ltr'><strong>in-</strong></span> 
     </span>
    </p>
   </div>
   <div class='ocr_carea' id='block_1_36' title="bbox 308 2245 1911 2306">
    <p class='ocr_par' dir='ltr' id='par_1_36' title="bbox 308 2245 1911 2306">
     <span class='ocr_line' id='line_1_36' title="bbox 308 2245 1911 2306; baseline -0.002 0"><span class='ocrx_word' id='word_1_262' title='bbox 308 2260 399 2306; x_wconf 87' lang='lat' dir='ltr'><strong>ter</strong></span> <span class='ocrx_word' id='word_1_263' title='bbox 444 2264 538 2305; x_wconf 87' lang='lat' dir='ltr'><strong>eas</strong></span> <span class='ocrx_word' id='word_1_264' title='bbox 589 2245 933 2304; x_wconf 84' lang='lat' dir='ltr'><strong>intervallum</strong></span> <span class='ocrx_word' id='word_1_265' title='bbox 977 2245 1146 2302; x_wconf 89' lang='lat' dir='ltr'><strong>fuisse</strong></span> <span class='ocrx_word' id='word_1_266' title='bbox 1184 2247 1555 2302; x_wconf 89' lang='lat' dir='ltr'><strong>concedimus.</strong></span> <span class='ocrx_word' id='word_1_267' title='bbox 1620 2245 1756 2302; x_wconf 86' lang='lat' dir='ltr'><strong>Nam</strong></span> <span class='ocrx_word' id='word_1_268' title='bbox 1785 2245 1911 2302; x_wconf 92' lang='lat' dir='ltr'><strong>dum</strong></span> 
     </span>
    </p>
   </div>
   <div class='ocr_carea' id='block_1_37' title="bbox 310 2317 1915 2390">
    <p class='ocr_par' dir='ltr' id='par_1_37' title="bbox 310 2317 1915 2390">
     <span class='ocr_line' id='line_1_37' title="bbox 310 2317 1915 2390; baseline -0.003 -12"><span class='ocrx_word' id='word_1_269' title='bbox 310 2322 508 2378; x_wconf 71' lang='lat' dir='ltr'><strong>Roma:</strong></span> <span class='ocrx_word' id='word_1_270' title='bbox 533 2319 808 2376; x_wconf 90' lang='lat' dir='ltr'><strong>desiderio</strong></span> <span class='ocrx_word' id='word_1_271' title='bbox 833 2319 1068 2390; x_wconf 74' lang='lat' dir='ltr'><strong>ﬂagrans</strong></span> <span class='ocrx_word' id='word_1_272' title='bbox 1092 2317 1338 2373; x_wconf 76' lang='lat' dir='ltr'><strong>Liberius</strong></span> <span class='ocrx_word' id='word_1_273' title='bbox 1379 2317 1448 2372; x_wconf 88' lang='lat' dir='ltr'><strong>ab</strong></span> <span class='ocrx_word' id='word_1_274' title='bbox 1471 2317 1558 2390; x_wconf 85' lang='lat' dir='ltr'><strong>liis</strong></span> <span class='ocrx_word' id='word_1_275' title='bbox 1582 2357 1599 2380; x_wconf 88' lang='lat'><strong>,</strong></span> <span class='ocrx_word' id='word_1_276' title='bbox 1649 2331 1680 2372; x_wconf 91' lang='lat' dir='ltr'><strong>a</strong></span> <span class='ocrx_word' id='word_1_277' title='bbox 1719 2318 1915 2390; x_wconf 82' lang='lat' dir='ltr'><strong>quibus</strong></span> 
     </span>
    </p>
   </div>
   <div class='ocr_carea' id='block_1_38' title="bbox 314 2388 1915 2463">
    <p class='ocr_par' dir='ltr' id='par_1_38' title="bbox 314 2388 1915 2463">
     <span class='ocr_line' id='line_1_38' title="bbox 314 2388 1915 2463; baseline -0.002 -14"><span class='ocrx_word' id='word_1_278' title='bbox 314 2393 599 2463; x_wconf 86' lang='lat' dir='ltr'><strong>sperabat,</strong></span> <span class='ocrx_word' id='word_1_279' title='bbox 641 2407 700 2447; x_wconf 86' lang='lat' dir='ltr'><strong>se</strong></span> <span class='ocrx_word' id='word_1_280' title='bbox 727 2391 858 2447; x_wconf 89' lang='lat' dir='ltr'><strong>nihil</strong></span> <span class='ocrx_word' id='word_1_281' title='bbox 880 2388 1058 2463; x_wconf 67' lang='lat' dir='ltr'><strong>jiivari</strong></span> <span class='ocrx_word' id='word_1_282' title='bbox 1080 2398 1329 2463; x_wconf 81' lang='lat' dir='ltr'><strong>cerneret</strong></span> <span class='ocrx_word' id='word_1_283' title='bbox 1348 2405 1377 2463; x_wconf 27' lang='lat' dir='ltr'><strong>;A</strong></span> <span class='ocrx_word' id='word_1_284' title='bbox 1413 2388 1915 2463; x_wconf 70' lang='lat' dir='ltr'><strong>aliorum__subinde</strong></span> 
     </span>
    </p>
   </div>
   <div class='ocr_carea' id='block_1_39' title="bbox 311 2459 1916 2535">
    <p class='ocr_par' dir='ltr' id='par_1_39' title="bbox 311 2459 1916 2535">
     <span class='ocr_line' id='line_1_39' title="bbox 311 2459 1916 2535; baseline -0.002 -15"><span class='ocrx_word' id='word_1_285' title='bbox 311 2459 477 2535; x_wconf 73' lang='lat' dir='ltr'><strong>opem</strong></span> <span class='ocrx_word' id='word_1_286' title='bbox 506 2463 848 2535; x_wconf 77' lang='lat' dir='ltr'><strong>implorabat.</strong></span> <span class='ocrx_word' id='word_1_287' title='bbox 877 2459 1283 2535; x_wconf 18' lang='lat' dir='ltr'><strong>Unde‘prjmam</strong></span> <span class='ocrx_word' id='word_1_288' title='bbox 1312 2460 1378 2516; x_wconf 91' lang='lat' dir='ltr'><strong>ad</strong></span> <span class='ocrx_word' id='word_1_289' title='bbox 1403 2475 1602 2535; x_wconf 69' lang='lat' dir='ltr'><strong>annum</strong></span> <span class='ocrx_word' id='word_1_290' title='bbox 1631 2459 1758 2525; x_wconf 77' lang='lat'><strong>357,</strong></span> <span class='ocrx_word' id='word_1_291' title='bbox 1781 2461 1916 2535; x_wconf 82' lang='lat' dir='ltr'><strong>alias</strong></span> 
     </span>
    </p>
   </div>
   <div class='ocr_carea' id='block_1_40' title="bbox 313 2530 1912 2602">
    <p class='ocr_par' dir='ltr' id='par_1_40' title="bbox 313 2530 1912 2602">
     <span class='ocr_line' id='line_1_40' title="bbox 313 2530 1912 2602; baseline -0.002 -12"><span class='ocrx_word' id='word_1_292' title='bbox 313 2530 384 2590; x_wconf 76' lang='lat' dir='ltr'><strong>ad</strong></span> <span class='ocrx_word' id='word_1_293' title='bbox 413 2530 890 2602; x_wconf 44' lang='lat' dir='ltr'><strong>358,&#39;pertinere</strong></span> <span class='ocrx_word' id='word_1_294' title='bbox 939 2531 1219 2602; x_wconf 86' lang='lat' dir='ltr'><strong>probabile</strong></span> <span class='ocrx_word' id='word_1_295' title='bbox 1265 2540 1366 2587; x_wconf 87' lang='lat' dir='ltr'><strong>est.</strong></span> <span class='ocrx_word' id='word_1_296' title='bbox 1418 2530 1652 2586; x_wconf 88' lang='lat' dir='ltr'><strong>Litteras</strong></span> <span class='ocrx_word' id='word_1_297' title='bbox 1693 2532 1912 2602; x_wconf 79' lang='lat' dir='ltr'><strong>easdem</strong></span> 
     </span>
    </p>
   </div>
   <div class='ocr_carea' id='block_1_41' title="bbox 313 2600 1916 2675">
    <p class='ocr_par' dir='ltr' id='par_1_41' title="bbox 313 2600 1916 2675">
     <span class='ocr_line' id='line_1_41' title="bbox 313 2600 1916 2675; baseline -0.004 -13"><span class='ocrx_word' id='word_1_298' title='bbox 313 2605 606 2675; x_wconf 79' lang='lat' dir='ltr'><strong>descripsit</strong></span> <span class='ocrx_word' id='word_1_299' title='bbox 623 2600 902 2660; x_wconf 45' lang='lat' dir='ltr'><strong>&#39;Barunius</strong></span> <span class='ocrx_word' id='word_1_300' title='bbox 927 2604 992 2658; x_wconf 89' lang='lat' dir='ltr'><strong>ad</strong></span> <span class='ocrx_word' id='word_1_301' title='bbox 1016 2618 1104 2675; x_wconf 83' lang='lat' dir='ltr'><strong>an.</strong></span> <span class='ocrx_word' id='word_1_302' title='bbox 1131 2601 1259 2675; x_wconf 70' lang='lat'><strong>357,</strong></span> <span class='ocrx_word' id='word_1_303' title='bbox 1285 2619 1338 2657; x_wconf 84' lang='grc' dir='ltr'><strong>η.</strong></span> <span class='ocrx_word' id='word_1_304' title='bbox 1366 2604 1437 2658; x_wconf 73' lang='grc'><strong>54</strong></span> <span class='ocrx_word' id='word_1_305' title='bbox 1459 2645 1474 2668; x_wconf 85' lang='grc'>,</span> <span class='ocrx_word' id='word_1_306' title='bbox 1515 2617 1648 2670; x_wconf 88' lang='lat' dir='ltr'><strong>quas</strong></span> <span class='ocrx_word' id='word_1_307' title='bbox 1675 2603 1726 2656; x_wconf 92' lang='lat' dir='ltr'><strong>in</strong></span> <span class='ocrx_word' id='word_1_308' title='bbox 1757 2600 1916 2657; x_wconf 86' lang='lat' dir='ltr'><strong>Cres-</strong></span> 
     </span>
    </p>
   </div>
   <div class='ocr_carea' id='block_1_42' title="bbox 311 2673 1964 2734">
    <p class='ocr_par' dir='ltr' id='par_1_42' title="bbox 311 2673 1964 2734">
     <span class='ocr_line' id='line_1_42' title="bbox 311 2673 1964 2734; baseline -0.002 0"><span class='ocrx_word' id='word_1_309' title='bbox 311 2673 548 2734; x_wconf 81' lang='lat' dir='ltr'><strong>coniaiia</strong></span> <span class='ocrx_word' id='word_1_310' title='bbox 587 2677 908 2732; x_wconf 88' lang='lat' dir='ltr'><strong>collectione</strong></span> <span class='ocrx_word' id='word_1_311' title='bbox 929 2691 994 2731; x_wconf 87' lang='lat' dir='ltr'><strong>ac</strong></span> <span class='ocrx_word' id='word_1_312' title='bbox 1021 2673 1232 2729; x_wconf 89' lang='lat' dir='ltr'><strong>duobus</strong></span> <span class='ocrx_word' id='word_1_313' title='bbox 1263 2675 1545 2731; x_wconf 91' lang='lat' dir='ltr'><strong>codicibus</strong></span> <span class='ocrx_word' id='word_1_314' title='bbox 1583 2688 1643 2730; x_wconf 89' lang='lat' dir='ltr'><strong>se</strong></span> <span class='ocrx_word' id='word_1_315' title='bbox 1691 2685 1911 2730; x_wconf 88' lang='lat' dir='ltr'><strong>nactum</strong></span> <span class='ocrx_word' id='word_1_316' title='bbox 1960 2715 1964 2718; x_wconf 70' lang='lat'><strong>-</strong></span> 
     </span>
    </p>
   </div>
   <div class='ocr_carea' id='block_1_43' title="bbox 311 2747 892 2807">
    <p class='ocr_par' dir='ltr' id='par_1_43' title="bbox 311 2747 892 2807">
     <span class='ocr_line' id='line_1_43' title="bbox 311 2747 892 2807; baseline -0.01 0"><span class='ocrx_word' id='word_1_317' title='bbox 311 2765 440 2807; x_wconf 88' lang='lat' dir='ltr'><strong>esse</strong></span> <span class='ocrx_word' id='word_1_318' title='bbox 473 2758 702 2804; x_wconf 86' lang='lat' dir='ltr'><strong>testatur</strong></span> <span class='ocrx_word' id='word_1_319' title='bbox 722 2765 776 2803; x_wconf 93' lang='lat' dir='ltr'><strong>n.</strong></span> <span class='ocrx_word' id='word_1_320' title='bbox 802 2747 892 2803; x_wconf 66' lang='lat'><strong>33.</strong></span> 
     </span>
    </p>
   </div>
   <div class='ocr_carea' id='block_1_44' title="bbox 392 2817 1540 2894">
    <p class='ocr_par' dir='ltr' id='par_1_44' title="bbox 392 2817 1540 2894">
     <span class='ocr_line' id='line_1_44' title="bbox 392 2817 1540 2894; baseline -0.002 -19"><span class='ocrx_word' id='word_1_321' title='bbox 392 2819 471 2894; x_wconf 92' lang='lat' dir='ltr'><strong>(b)</strong></span> <span class='ocrx_word' id='word_1_322' title='bbox 497 2821 572 2894; x_wconf 86' lang='lat' dir='ltr'><strong>lta</strong></span> <span class='ocrx_word' id='word_1_323' title='bbox 603 2820 768 2894; x_wconf 87' lang='lat' dir='ltr'><strong>Sirm_.</strong></span> <span class='ocrx_word' id='word_1_324' title='bbox 800 2835 902 2894; x_wconf 84' lang='lat' dir='ltr'><strong>ms.</strong></span> <span class='ocrx_word' id='word_1_325' title='bbox 927 2818 1076 2894; x_wconf 78' lang='lat' dir='ltr'><strong>Alias</strong></span> <span class='ocrx_word' id='word_1_326' title='bbox 1099 2817 1540 2894; x_wconf 67' lang='lat' dir='ltr'><strong>autem,_i_njn_ste.</strong></span> 
     </span>
    </p>
   </div>
   <div class='ocr_carea' id='block_1_45' title="bbox 390 2887 1916 2963">
    <p class='ocr_par' dir='ltr' id='par_1_45' title="bbox 390 2887 1916 2963">
     <span class='ocr_line' id='line_1_45' title="bbox 390 2887 1916 2963; baseline -0.001 -17"><span class='ocrx_word' id='word_1_327' title='bbox 390 2887 467 2963; x_wconf 66' lang='lat' dir='ltr'><strong>ie)</strong></span> <span class='ocrx_word' id='word_1_328' title='bbox 495 2893 547 2946; x_wconf 91' lang='lat' dir='ltr'><strong>In</strong></span> <span class='ocrx_word' id='word_1_329' title='bbox 575 2907 676 2947; x_wconf 92' lang='lat' dir='ltr'><strong>ms.</strong></span> <span class='ocrx_word' id='word_1_330' title='bbox 711 2890 858 2946; x_wconf 89' lang='lat' dir='ltr'><strong>Pith.</strong></span> <span class='ocrx_word' id='word_1_331' title='bbox 889 2907 990 2944; x_wconf 86' lang='lat' dir='ltr'><strong>non</strong></span> <span class='ocrx_word' id='word_1_332' title='bbox 1019 2888 1248 2963; x_wconf 75' lang='lat' dir='ltr'><strong>defendi.</strong></span> <span class='ocrx_word' id='word_1_333' title='bbox 1314 2887 1479 2963; x_wconf 51' lang='lat' dir='ltr'><strong>lﬁobis</strong></span> <span class='ocrx_word' id='word_1_334' title='bbox 1515 2887 1916 2963; x_wconf 77' lang='lat' dir='ltr'><strong>magisproba-</strong></span> 
     </span>
    </p>
   </div>
   <div class='ocr_carea' id='block_1_46' title="bbox 309 2957 1916 3032">
    <p class='ocr_par' dir='ltr' id='par_1_46' title="bbox 309 2957 1916 3032">
     <span class='ocr_line' id='line_1_46' title="bbox 309 2957 1916 3032; baseline -0.001 -14"><span class='ocrx_word' id='word_1_335' title='bbox 309 2957 407 3018; x_wconf 82' lang='lat' dir='ltr'><strong>tur</strong></span> <span class='ocrx_word' id='word_1_336' title='bbox 435 2957 558 3019; x_wconf 84' lang='lat' dir='ltr'><strong>cum</strong></span> <span class='ocrx_word' id='word_1_337' title='bbox 591 2963 824 3018; x_wconf 87' lang='lat' dir='ltr'><strong>Baronio</strong></span> <span class='ocrx_word' id='word_1_338' title='bbox 867 2979 970 3017; x_wconf 81' lang='lat' dir='ltr'><strong>non</strong></span> <span class='ocrx_word' id='word_1_339' title='bbox 1021 2959 1263 3032; x_wconf 76' lang='lat' dir='ltr'><strong>defendo.</strong></span> <span class='ocrx_word' id='word_1_340' title='bbox 1317 2957 1452 3014; x_wconf 82' lang='lat' dir='ltr'><strong>Nam</strong></span> <span class='ocrx_word' id='word_1_341' title='bbox 1495 2957 1637 3032; x_wconf 82' lang='lat' dir='ltr'><strong>quod</strong></span> <span class='ocrx_word' id='word_1_342' title='bbox 1681 2957 1916 3018; x_wconf 73' lang='lat' dir='ltr'><strong>Athana-</strong></span> 
     </span>
    </p>
   </div>
   <div class='ocr_carea' id='block_1_47' title="bbox 307 3031 1532 3100">
    <p class='ocr_par' dir='ltr' id='par_1_47' title="bbox 307 3031 1532 3100">
     <span class='ocr_line' id='line_1_47' title="bbox 307 3031 1532 3100; baseline -0.004 -10"><span class='ocrx_word' id='word_1_343' title='bbox 307 3037 458 3090; x_wconf 82' lang='lat' dir='ltr'><strong>sium</strong></span> <span class='ocrx_word' id='word_1_344' title='bbox 485 3043 640 3089; x_wconf 84' lang='lat' dir='ltr'><strong>antea</strong></span> <span class='ocrx_word' id='word_1_345' title='bbox 671 3033 996 3096; x_wconf 71' lang='lat' dir='ltr'><strong>defenderit,</strong></span> <span class='ocrx_word' id='word_1_346' title='bbox 1029 3031 1272 3100; x_wconf 88' lang='lat' dir='ltr'><strong>pluribus</strong></span> <span class='ocrx_word' id='word_1_347' title='bbox 1301 3031 1532 3086; x_wconf 85' lang='lat' dir='ltr'><strong>constat.</strong></span> 
     </span>
    </p>
   </div>
   <div class='ocr_carea' id='block_1_48' title="bbox 389 3102 1986 3188">
    <p class='ocr_par' dir='ltr' id='par_1_48' title="bbox 389 3102 1986 3188">
     <span class='ocr_line' id='line_1_48' title="bbox 389 3102 1986 3188; baseline 0.003 -30"><span class='ocrx_word' id='word_1_348' title='bbox 389 3107 474 3180; x_wconf 74' lang='grc' dir='ltr'><strong>(ά)</strong></span> <span class='ocrx_word' id='word_1_349' title='bbox 530 3105 678 3188; x_wconf 74' lang='lat' dir='ltr'><strong>Alias</strong></span> <span class='ocrx_word' id='word_1_350' title='bbox 706 3121 770 3188; x_wconf 53' lang='lat' dir='ltr'><strong>eli</strong></span> <span class='ocrx_word' id='word_1_351' title='bbox 807 3120 910 3159; x_wconf 90' lang='lat' dir='ltr'><strong>ms.</strong></span> <span class='ocrx_word' id='word_1_352' title='bbox 943 3103 1109 3167; x_wconf 85' lang='lat' dir='ltr'><strong>Pith.,</strong></span> <span class='ocrx_word' id='word_1_353' title='bbox 1213 3103 1408 3188; x_wconf 52' lang='lat' dir='ltr'><strong>aliquo.</strong></span> <span class='ocrx_word' id='word_1_354' title='bbox 1456 3104 1532 3160; x_wconf 82' lang='lat' dir='ltr'><strong>Ex</strong></span> <span class='ocrx_word' id='word_1_355' title='bbox 1561 3104 1796 3160; x_wconf 87' lang='lat' dir='ltr'><strong>Baronio</strong></span> <span class='ocrx_word' id='word_1_356' title='bbox 1821 3121 1911 3162; x_wconf 44' lang='lat' dir='ltr'><strong>re:</strong></span> <span class='ocrx_word' id='word_1_357' title='bbox 1940 3123 1986 3188; x_wconf 69' lang='grc' dir='ltr'><strong>ρ</strong></span> 
     </span>
    </p>
   </div>
   <div class='ocr_carea' id='block_1_49' title="bbox 305 3173 1628 3248">
    <p class='ocr_par' dir='ltr' id='par_1_49' title="bbox 305 3173 1628 3248">
     <span class='ocr_line' id='line_1_49' title="bbox 305 3173 1628 3248; baseline -0.002 -16"><span class='ocrx_word' id='word_1_358' title='bbox 305 3173 576 3234; x_wconf 77' lang='lat' dir='ltr'><strong>vocamus</strong></span> <span class='ocrx_word' id='word_1_359' title='bbox 603 3177 668 3232; x_wconf 86' lang='lat' dir='ltr'><strong>ab</strong></span> <span class='ocrx_word' id='word_1_360' title='bbox 689 3176 885 3248; x_wconf 79' lang='lat' dir='ltr'><strong>aliqua,</strong></span> <span class='ocrx_word' id='word_1_361' title='bbox 932 3175 1304 3230; x_wconf 90' lang='lat' dir='ltr'><strong>consentiente</strong></span> <span class='ocrx_word' id='word_1_362' title='bbox 1337 3173 1500 3248; x_wconf 78' lang='lat' dir='ltr'><strong>Sirm.</strong></span> <span class='ocrx_word' id='word_1_363' title='bbox 1527 3191 1628 3248; x_wconf 87' lang='lat' dir='ltr'><strong>ms.</strong></span> 
     </span>
    </p>
   </div>
   <div class='ocr_carea' id='block_1_50' title="bbox 394 3246 1914 3321">
    <p class='ocr_par' dir='ltr' id='par_1_50' title="bbox 394 3246 1914 3321">
     <span class='ocr_line' id='line_1_50' title="bbox 394 3246 1914 3321; baseline 0 -19"><span class='ocrx_word' id='word_1_364' title='bbox 394 3247 471 3321; x_wconf 78' lang='grc' dir='ltr'><strong>(ε)</strong></span> <span class='ocrx_word' id='word_1_365' title='bbox 500 3249 627 3321; x_wconf 68' lang='lat' dir='ltr'><strong>llaec</strong></span> <span class='ocrx_word' id='word_1_366' title='bbox 646 3246 802 3303; x_wconf 84' lang='lat' dir='ltr'><strong>verba</strong></span> <span class='ocrx_word' id='word_1_367' title='bbox 831 3247 1147 3321; x_wconf 62' lang='lat' dir='ltr'><strong>charactere</strong></span> <span class='ocrx_word' id='word_1_368' title='bbox 1163 3261 1190 3297; x_wconf 90' lang='lat' dir='ltr'><strong>a</strong></span> <span class='ocrx_word' id='word_1_369' title='bbox 1218 3247 1430 3302; x_wconf 68' lang='lat' dir='ltr'><strong>cmteris</strong></span> <span class='ocrx_word' id='word_1_370' title='bbox 1447 3246 1717 3321; x_wconf 54' lang='lat' dir='ltr'><strong>dis-linem</strong></span> <span class='ocrx_word' id='word_1_371' title='bbox 1733 3247 1914 3321; x_wconf 82' lang='lat' dir='ltr'><strong>expri-</strong></span> 
     </span>
    </p>
   </div>
   <div class='ocr_carea' id='block_1_51' title="bbox 315 3317 1905 3386">
    <p class='ocr_par' dir='ltr' id='par_1_51' title="bbox 315 3317 1905 3386">
     <span class='ocr_line' id='line_1_51' title="bbox 315 3317 1905 3386; baseline -0.001 -10"><span class='ocrx_word' id='word_1_372' title='bbox 315 3317 410 3376; x_wconf 89' lang='lat' dir='ltr'><strong>mi</strong></span> <span class='ocrx_word' id='word_1_373' title='bbox 433 3317 636 3386; x_wconf 83' lang='lat' dir='ltr'><strong>primus</strong></span> <span class='ocrx_word' id='word_1_374' title='bbox 665 3321 873 3376; x_wconf 83' lang='lat' dir='ltr'><strong>curavit</strong></span> <span class='ocrx_word' id='word_1_375' title='bbox 901 3317 1107 3384; x_wconf 83' lang='lat' dir='ltr'><strong>Faber;</strong></span> <span class='ocrx_word' id='word_1_376' title='bbox 1140 3332 1200 3372; x_wconf 88' lang='lat' dir='ltr'><strong>ea</strong></span> <span class='ocrx_word' id='word_1_377' title='bbox 1234 3324 1411 3370; x_wconf 83' lang='lat' dir='ltr'><strong>tamen</strong></span> <span class='ocrx_word' id='word_1_378' title='bbox 1435 3329 1491 3372; x_wconf 91' lang='lat' dir='ltr'><strong>ut</strong></span> <span class='ocrx_word' id='word_1_379' title='bbox 1520 3317 1721 3373; x_wconf 85' lang='lat' dir='ltr'><strong>Liberii</strong></span> <span class='ocrx_word' id='word_1_380' title='bbox 1745 3320 1905 3374; x_wconf 88' lang='lat' dir='ltr'><strong>intel-</strong></span> 
     </span>
    </p>
   </div>
   <div class='ocr_carea' id='block_1_52' title="bbox 311 3389 1912 3460">
    <p class='ocr_par' dir='ltr' id='par_1_52' title="bbox 311 3389 1912 3460">
     <span class='ocr_line' id='line_1_52' title="bbox 311 3389 1912 3460; baseline 0 -14"><span class='ocrx_word' id='word_1_381' title='bbox 311 3391 454 3447; x_wconf 79' lang='lat' dir='ltr'><strong>lexit</strong></span> <span class='ocrx_word' id='word_1_382' title='bbox 484 3391 766 3458; x_wconf 82' lang='lat' dir='ltr'><strong>Baronius,</strong></span> <span class='ocrx_word' id='word_1_383' title='bbox 807 3405 981 3460; x_wconf 89' lang='lat' dir='ltr'><strong>neque</strong></span> <span class='ocrx_word' id='word_1_384' title='bbox 999 3399 1152 3445; x_wconf 90' lang='lat' dir='ltr'><strong>certo</strong></span> <span class='ocrx_word' id='word_1_385' title='bbox 1173 3397 1388 3444; x_wconf 87' lang='lat' dir='ltr'><strong>constat</strong></span> <span class='ocrx_word' id='word_1_386' title='bbox 1411 3406 1476 3443; x_wconf 87' lang='lat' dir='ltr'><strong>an</strong></span> <span class='ocrx_word' id='word_1_387' title='bbox 1511 3405 1618 3445; x_wconf 90' lang='lat' dir='ltr'><strong>non</strong></span> <span class='ocrx_word' id='word_1_388' title='bbox 1652 3389 1796 3445; x_wconf 89' lang='lat' dir='ltr'><strong>illius</strong></span> <span class='ocrx_word' id='word_1_389' title='bbox 1822 3406 1912 3446; x_wconf 80' lang='lat' dir='ltr'><strong>re-</strong></span> 
     </span>
    </p>
   </div>
   <div class='ocr_carea' id='block_1_53' title="bbox 310 3464 598 3518">
    <p class='ocr_par' dir='ltr' id='par_1_53' title="bbox 310 3464 598 3518">
     <span class='ocr_line' id='line_1_53' title="bbox 310 3464 598 3518; baseline -0.007 0"><span class='ocrx_word' id='word_1_390' title='bbox 310 3479 446 3518; x_wconf 76' lang='lat' dir='ltr'><strong>vera</strong></span> <span class='ocrx_word' id='word_1_391' title='bbox 471 3464 598 3518; x_wconf 89' lang='lat' dir='ltr'><strong>sint.</strong></span> 
     </span>
    </p>
   </div>
   <div class='ocr_carea' id='block_1_54' title="bbox 387 3530 1912 3605">
    <p class='ocr_par' dir='ltr' id='par_1_54' title="bbox 387 3530 1912 3605">
     <span class='ocr_line' id='line_1_54' title="bbox 387 3530 1912 3605; baseline -0.001 -16"><span class='ocrx_word' id='word_1_392' title='bbox 387 3535 460 3605; x_wconf 64' lang='grc' dir='ltr'><strong>(ἶ)</strong></span> <span class='ocrx_word' id='word_1_393' title='bbox 491 3533 646 3605; x_wconf 80' lang='lat' dir='ltr'><strong>Apud</strong></span> <span class='ocrx_word' id='word_1_394' title='bbox 681 3534 905 3602; x_wconf 89' lang='lat' dir='ltr'><strong>Baron.,</strong></span> <span class='ocrx_word' id='word_1_395' title='bbox 933 3541 1104 3587; x_wconf 89' lang='lat' dir='ltr'><strong>amoto</strong></span> <span class='ocrx_word' id='word_1_396' title='bbox 1128 3530 1437 3596; x_wconf 80' lang='lat' dir='ltr'><strong>Athanasio,</strong></span> <span class='ocrx_word' id='word_1_397' title='bbox 1479 3548 1764 3605; x_wconf 76' lang='lat' dir='ltr'><strong>superque</strong></span> <span class='ocrx_word' id='word_1_398' title='bbox 1805 3543 1912 3587; x_wconf 73' lang='lat' dir='ltr'><strong>sta-</strong></span> 
     </span>
    </p>
   </div>
   <div class='ocr_carea' id='block_1_55' title="bbox 310 3604 1912 3673">
    <p class='ocr_par' dir='ltr' id='par_1_55' title="bbox 310 3604 1912 3673">
     <span class='ocr_line' id='line_1_55' title="bbox 310 3604 1912 3673; baseline -0.001 -13"><span class='ocrx_word' id='word_1_399' title='bbox 310 3604 427 3660; x_wconf 78' lang='lat' dir='ltr'><strong>tum</strong></span> <span class='ocrx_word' id='word_1_400' title='bbox 453 3604 681 3660; x_wconf 85' lang='lat' dir='ltr'><strong>omnium</strong></span> <span class='ocrx_word' id='word_1_401' title='bbox 707 3617 930 3660; x_wconf 77' lang='lat' dir='ltr'><strong>vestrum</strong></span> <span class='ocrx_word' id='word_1_402' title='bbox 965 3621 996 3658; x_wconf 89' lang='lat' dir='ltr'><strong>a</strong></span> <span class='ocrx_word' id='word_1_403' title='bbox 1039 3619 1116 3657; x_wconf 84' lang='lat' dir='ltr'><strong>me</strong></span> <span class='ocrx_word' id='word_1_404' title='bbox 1152 3619 1267 3656; x_wconf 88' lang='lat' dir='ltr'><strong>cum</strong></span> <span class='ocrx_word' id='word_1_405' title='bbox 1305 3605 1423 3656; x_wconf 78' lang='lat' dir='ltr'><strong>sede</strong></span> <span class='ocrx_word' id='word_1_406' title='bbox 1451 3604 1736 3673; x_wconf 80' lang='lat' dir='ltr'><strong>apostolica</strong></span> <span class='ocrx_word' id='word_1_407' title='bbox 1755 3606 1912 3660; x_wconf 70' lang='lat' dir='ltr'><strong>susci-</strong></span> 
     </span>
    </p>
   </div>
   <div class='ocr_carea' id='block_1_56' title="bbox 307 3675 1910 3750">
    <p class='ocr_par' dir='ltr' id='par_1_56' title="bbox 307 3675 1910 3750">
     <span class='ocr_line' id='line_1_56' title="bbox 307 3675 1910 3750; baseline 0 -20"><span class='ocrx_word' id='word_1_408' title='bbox 307 3677 506 3750; x_wconf 76' lang='lat' dir='ltr'><strong>pienda</strong></span> <span class='ocrx_word' id='word_1_409' title='bbox 529 3687 666 3742; x_wconf 84' lang='lat' dir='ltr'><strong>sunt,</strong></span> <span class='ocrx_word' id='word_1_410' title='bbox 689 3678 824 3742; x_wconf 88' lang='lat' dir='ltr'><strong>dico,</strong></span> <span class='ocrx_word' id='word_1_411' title='bbox 849 3687 953 3733; x_wconf 91' lang='lat' dir='ltr'><strong>etc.</strong></span> <span class='ocrx_word' id='word_1_412' title='bbox 983 3692 999 3744; x_wconf 91' lang='lat'><strong>;</strong></span> <span class='ocrx_word' id='word_1_413' title='bbox 1024 3684 1076 3730; x_wconf 89' lang='lat' dir='ltr'><strong>et</strong></span> <span class='ocrx_word' id='word_1_414' title='bbox 1103 3689 1226 3729; x_wconf 85' lang='lat' dir='ltr'><strong>mox</strong></span> <span class='ocrx_word' id='word_1_415' title='bbox 1251 3716 1265 3741; x_wconf 93' lang='lat'><strong>,</strong></span> <span class='ocrx_word' id='word_1_416' title='bbox 1285 3675 1554 3742; x_wconf 77' lang='lat' dir='ltr'><strong>unitatem,</strong></span> <span class='ocrx_word' id='word_1_417' title='bbox 1588 3690 1694 3730; x_wconf 89' lang='lat' dir='ltr'><strong>non</strong></span> <span class='ocrx_word' id='word_1_418' title='bbox 1719 3677 1910 3730; x_wconf 82' lang='lat' dir='ltr'><strong>unani-</strong></span> 
     </span>
    </p>
   </div>
   <div class='ocr_carea' id='block_1_57' title="bbox 310 3751 563 3803">
    <p class='ocr_par' dir='ltr' id='par_1_57' title="bbox 310 3751 563 3803">
     <span class='ocr_line' id='line_1_57' title="bbox 310 3751 563 3803; baseline -0.004 0"><span class='ocrx_word' id='word_1_419' title='bbox 310 3751 563 3803; x_wconf 84' lang='lat' dir='ltr'><strong>mitatem.</strong></span> 
     </span>
    </p>
   </div>
   <div class='ocr_carea' id='block_1_58' title="bbox 389 3817 1914 3891">
    <p class='ocr_par' dir='ltr' id='par_1_58' title="bbox 389 3817 1914 3891">
     <span class='ocr_line' id='line_1_58' title="bbox 389 3817 1914 3891; baseline -0.002 -15"><span class='ocrx_word' id='word_1_420' title='bbox 389 3819 470 3891; x_wconf 87' lang='lat' dir='ltr'><strong>(g)</strong></span> <span class='ocrx_word' id='word_1_421' title='bbox 497 3819 554 3875; x_wconf 86' lang='lat' dir='ltr'><strong>In</strong></span> <span class='ocrx_word' id='word_1_422' title='bbox 586 3819 993 3890; x_wconf 76' lang='lat' dir='ltr'><strong>exemplaribus</strong></span> <span class='ocrx_word' id='word_1_423' title='bbox 1019 3817 1238 3891; x_wconf 79' lang='lat' dir='ltr'><strong>Baronii</strong></span> <span class='ocrx_word' id='word_1_424' title='bbox 1269 3859 1306 3891; x_wconf 82' lang='lat'><strong>,_</strong></span> <span class='ocrx_word' id='word_1_425' title='bbox 1344 3833 1424 3873; x_wconf 87' lang='lat' dir='ltr'><strong>me</strong></span> <span class='ocrx_word' id='word_1_426' title='bbox 1444 3833 1612 3891; x_wconf 79' lang='lat' dir='ltr'><strong>verum</strong></span> <span class='ocrx_word' id='word_1_427' title='bbox 1635 3818 1803 3891; x_wconf 79' lang='lat' dir='ltr'><strong>[idem</strong></span> <span class='ocrx_word' id='word_1_428' title='bbox 1821 3835 1914 3888; x_wconf 84' lang='lat' dir='ltr'><strong>per</strong></span> 
     </span>
    </p>
   </div>
   <div class='ocr_carea' id='block_1_59' title="bbox 315 3888 1912 3962">
    <p class='ocr_par' dir='ltr' id='par_1_59' title="bbox 315 3888 1912 3962">
     <span class='ocr_line' id='line_1_59' title="bbox 315 3888 1912 3962; baseline -0.001 -18"><span class='ocrx_word' id='word_1_429' title='bbox 315 3888 455 3946; x_wconf 69' lang='lat' dir='ltr'><strong>hanc</strong></span> <span class='ocrx_word' id='word_1_430' title='bbox 481 3888 763 3962; x_wconf 80' lang='lat' dir='ltr'><strong>epistolam</strong></span> <span class='ocrx_word' id='word_1_431' title='bbox 778 3908 944 3946; x_wconf 85' lang='lat' dir='ltr'><strong>meam</strong></span> <span class='ocrx_word' id='word_1_432' title='bbox 973 3889 1232 3961; x_wconf 84' lang='lat' dir='ltr'><strong>proloqui.</strong></span> <span class='ocrx_word' id='word_1_433' title='bbox 1281 3888 1473 3944; x_wconf 81' lang='lat' dir='ltr'><strong>POStea</strong></span> <span class='ocrx_word' id='word_1_434' title='bbox 1512 3889 1807 3945; x_wconf 87' lang='lat' dir='ltr'><strong>desiderari</strong></span> <span class='ocrx_word' id='word_1_435' title='bbox 1836 3891 1912 3943; x_wconf 63' lang='lat' dir='ltr'><strong>vi-</strong></span> 
     </span>
    </p>
   </div>
   <div class='ocr_carea' id='block_1_60' title="bbox 313 3962 986 4036">
    <p class='ocr_par' dir='ltr' id='par_1_60' title="bbox 313 3962 986 4036">
     <span class='ocr_line' id='line_1_60' title="bbox 313 3962 986 4036; baseline -0.003 -18"><span class='ocrx_word' id='word_1_436' title='bbox 313 3962 496 4036; x_wconf 78' lang='lat' dir='ltr'><strong>detur.</strong></span> <span class='ocrx_word' id='word_1_437' title='bbox 515 3980 679 4036; x_wconf 68' lang='lat' dir='ltr'><strong>quam</strong></span> <span class='ocrx_word' id='word_1_438' title='bbox 695 3963 986 4036; x_wconf 67' lang='lat' dir='ltr'><strong>proposuit.</strong></span> 
     </span>
    </p>
   </div>
   <div class='ocr_carea' id='block_1_61' title="bbox 389 4032 1909 4106">
    <p class='ocr_par' dir='ltr' id='par_1_61' title="bbox 389 4032 1909 4106">
     <span class='ocr_line' id='line_1_61' title="bbox 389 4032 1909 4106; baseline 0.001 -21"><span class='ocrx_word' id='word_1_439' title='bbox 389 4035 470 4104; x_wconf 78' lang='lat' dir='ltr'><strong>(Ii)</strong></span> <span class='ocrx_word' id='word_1_440' title='bbox 513 4032 572 4090; x_wconf 80' lang='lat' dir='ltr'><strong>In</strong></span> <span class='ocrx_word' id='word_1_441' title='bbox 619 4032 770 4106; x_wconf 84' lang='lat' dir='ltr'><strong>prius</strong></span> <span class='ocrx_word' id='word_1_442' title='bbox 795 4032 1042 4106; x_wconf 68' lang='lat' dir='ltr'><strong>vulgatis</strong></span> <span class='ocrx_word' id='word_1_443' title='bbox 1091 4032 1433 4106; x_wconf 77' lang='lat' dir='ltr'><strong>desideratur</strong></span> <span class='ocrx_word' id='word_1_444' title='bbox 1459 4042 1718 4106; x_wconf 19' lang='lat' dir='ltr'><strong>uestram;3</strong></span> <span class='ocrx_word' id='word_1_445' title='bbox 1767 4033 1909 4102; x_wconf 89' lang='lat' dir='ltr'><strong>quod</strong></span> 
     </span>
    </p>
   </div>
   <div class='ocr_carea' id='block_1_62' title="bbox 310 4049 1914 4174">
    <p class='ocr_par' dir='ltr' id='par_1_62' title="bbox 310 4049 1914 4174">
     <span class='ocr_line' id='line_1_62' title="bbox 389 4049 1909 4106; baseline 0.001 -21"><span class='ocrx_word' id='word_1_446' title='bbox 389 4049 470 4104; x_wconf 78' lang='grc' dir='ltr'><strong>(η)</strong></span> <span class='ocrx_word' id='word_1_447' title='bbox 515 4049 572 4090; x_wconf 84' lang='grc' dir='ltr'><strong>ιιι</strong></span> <span class='ocrx_word' id='word_1_448' title='bbox 619 4050 770 4106; x_wconf 72' lang='grc' dir='ltr'>ριίιιε</span> <span class='ocrx_word' id='word_1_449' title='bbox 813 4049 898 4089; x_wconf 75' lang='grc' dir='ltr'>νιιι</span> <span class='ocrx_word' id='word_1_450' title='bbox 940 4049 1042 4088; x_wconf 88' lang='lat' dir='ltr'><strong>aus</strong></span> <span class='ocrx_word' id='word_1_451' title='bbox 1091 4049 1433 4088; x_wconf 70' lang='lat' dir='ltr'><strong>GBSluel‘allﬂ&#39;</strong></span> <span class='ocrx_word' id='word_1_452' title='bbox 1459 4049 1676 4086; x_wconf 79' lang='lat' dir='ltr'><strong>vestram</strong></span> <span class='ocrx_word' id='word_1_453' title='bbox 1703 4073 1718 4089; x_wconf 80' lang='grc'><strong>.</strong></span> <span class='ocrx_word' id='word_1_454' title='bbox 1767 4049 1909 4102; x_wconf 83' lang='lat' dir='ltr'><strong>quoa</strong></span> 
     </span>
     <span class='ocr_line' id='line_1_63' title="bbox 310 4049 1914 4174; baseline 0.001 -16"><span class='ocrx_word' id='word_1_455' title='bbox 310 4108 630 4174; x_wconf 84' lang='lat' dir='ltr'><strong>supplenius</strong></span> <span class='ocrx_word' id='word_1_456' title='bbox 673 4122 740 4162; x_wconf 83' lang='lat' dir='ltr'><strong>ex</strong></span> <span class='ocrx_word' id='word_1_457' title='bbox 773 4120 875 4161; x_wconf 91' lang='lat' dir='ltr'><strong>ms.</strong></span> <span class='ocrx_word' id='word_1_458' title='bbox 902 4049 1054 4160; x_wconf 45' lang='lat' dir='ltr'><strong>gith.</strong></span> <span class='ocrx_word' id='word_1_459' title='bbox 1111 4105 1237 4174; x_wconf 84' lang='lat' dir='ltr'><strong>Ejus</strong></span> <span class='ocrx_word' id='word_1_460' title='bbox 1267 4103 1388 4158; x_wconf 87' lang='lat' dir='ltr'><strong>loco</strong></span> <span class='ocrx_word' id='word_1_461' title='bbox 1417 4104 1468 4158; x_wconf 90' lang='lat' dir='ltr'><strong>in</strong></span> <span class='ocrx_word' id='word_1_462' title='bbox 1499 4118 1631 4158; x_wconf 87' lang='lat' dir='ltr'><strong>mss.</strong></span> <span class='ocrx_word' id='word_1_463' title='bbox 1662 4102 1828 4159; x_wconf 90' lang='lat' dir='ltr'><strong>Sirm.</strong></span> <span class='ocrx_word' id='word_1_464' title='bbox 1857 4113 1914 4160; x_wconf 91' lang='lat' dir='ltr'><strong>et</strong></span> 
     </span>
    </p>
   </div>
   <div class='ocr_carea' id='block_1_63' title="bbox 310 4177 938 4232">
    <p class='ocr_par' dir='ltr' id='par_1_63' title="bbox 310 4177 938 4232">
     <span class='ocr_line' id='line_1_64' title="bbox 310 4177 938 4232; baseline -0.002 0"><span class='ocrx_word' id='word_1_465' title='bbox 310 4177 512 4232; x_wconf 85' lang='lat' dir='ltr'><strong>Baron.</strong></span> <span class='ocrx_word' id='word_1_466' title='bbox 547 4187 724 4232; x_wconf 78' lang='lat' dir='ltr'><strong>exstat</strong></span> <span class='ocrx_word' id='word_1_467' title='bbox 750 4194 938 4232; x_wconf 78' lang='lat' dir='ltr'><strong>verum.</strong></span> 
     </span>
    </p>
   </div>
   <div class='ocr_carea' id='block_1_64' title="bbox 386 4245 1913 4321">
    <p class='ocr_par' dir='ltr' id='par_1_64' title="bbox 386 4245 1913 4321">
     <span class='ocr_line' id='line_1_65' title="bbox 386 4245 1913 4321; baseline 0.002 -23"><span class='ocrx_word' id='word_1_468' title='bbox 386 4247 452 4321; x_wconf 74' lang='grc' dir='ltr'><strong>(ἱ)</strong></span> <span class='ocrx_word' id='word_1_469' title='bbox 493 4249 639 4304; x_wconf 79' lang='lat' dir='ltr'><strong>llanc</strong></span> <span class='ocrx_word' id='word_1_470' title='bbox 661 4257 864 4312; x_wconf 85' lang='lat' dir='ltr'><strong>notam,</strong></span> <span class='ocrx_word' id='word_1_471' title='bbox 887 4263 948 4321; x_wconf 83' lang='lat' dir='ltr'><strong>ex</strong></span> <span class='ocrx_word' id='word_1_472' title='bbox 973 4263 1076 4318; x_wconf 88' lang='lat' dir='ltr'><strong>qua</strong></span> <span class='ocrx_word' id='word_1_473' title='bbox 1101 4247 1330 4321; x_wconf 80' lang='lat' dir='ltr'><strong>maxima</strong></span> <span class='ocrx_word' id='word_1_474' title='bbox 1360 4246 1502 4321; x_wconf 68' lang='lat' dir='ltr'><strong>inter</strong></span> <span class='ocrx_word' id='word_1_475' title='bbox 1527 4245 1767 4321; x_wconf 58' lang='lat' dir='ltr'><strong>emtilitos</strong></span> <span class='ocrx_word' id='word_1_476' title='bbox 1783 4261 1913 4301; x_wconf 90' lang='lat' dir='ltr'><strong>con-</strong></span> 
     </span>
    </p>
   </div>
   <div class='ocr_carea' id='block_1_65' title="bbox 316 4315 1910 4386">
    <p class='ocr_par' dir='ltr' id='par_1_65' title="bbox 316 4315 1910 4386">
     <span class='ocr_line' id='line_1_66' title="bbox 316 4315 1910 4386; baseline -0.002 -11"><span class='ocrx_word' id='word_1_477' title='bbox 316 4315 586 4376; x_wconf 80' lang='lat' dir='ltr'><strong>troversia</strong></span> <span class='ocrx_word' id='word_1_478' title='bbox 619 4331 741 4374; x_wconf 88' lang='lat' dir='ltr'><strong>nata</strong></span> <span class='ocrx_word' id='word_1_479' title='bbox 773 4329 874 4380; x_wconf 85' lang='lat' dir='ltr'><strong>est.</strong></span> <span class='ocrx_word' id='word_1_480' title='bbox 900 4315 1096 4374; x_wconf 75' lang='lat' dir='ltr'><strong>Baron.</strong></span> <span class='ocrx_word' id='word_1_481' title='bbox 1131 4320 1194 4372; x_wconf 89' lang='lat' dir='ltr'><strong>ad</strong></span> <span class='ocrx_word' id='word_1_482' title='bbox 1228 4332 1317 4372; x_wconf 85' lang='lat' dir='ltr'><strong>an.</strong></span> <span class='ocrx_word' id='word_1_483' title='bbox 1339 4319 1470 4383; x_wconf 78' lang='grc'><strong>557,</strong></span> <span class='ocrx_word' id='word_1_484' title='bbox 1495 4333 1550 4372; x_wconf 90' lang='lat' dir='ltr'><strong>n.</strong></span> <span class='ocrx_word' id='word_1_485' title='bbox 1571 4315 1662 4384; x_wconf 66' lang='lat'><strong>54,</strong></span> <span class='ocrx_word' id='word_1_486' title='bbox 1690 4327 1910 4386; x_wconf 59' lang='lat' dir='ltr'><strong>praetcr-</strong></span> 
     </span>
    </p>
   </div>
   <div class='ocr_carea' id='block_1_66' title="bbox 309 4387 1907 4463">
    <p class='ocr_par' dir='ltr' id='par_1_66' title="bbox 309 4387 1907 4463">
     <span class='ocr_line' id='line_1_67' title="bbox 309 4387 1907 4463; baseline -0.003 -17"><span class='ocrx_word' id='word_1_487' title='bbox 309 4395 486 4447; x_wconf 84' lang='lat' dir='ltr'><strong>misit.</strong></span> <span class='ocrx_word' id='word_1_488' title='bbox 510 4391 567 4446; x_wconf 85' lang='lat' dir='ltr'><strong>lu</strong></span> <span class='ocrx_word' id='word_1_489' title='bbox 600 4391 894 4463; x_wconf 86' lang='lat' dir='ltr'><strong>appendice</strong></span> <span class='ocrx_word' id='word_1_490' title='bbox 928 4401 1104 4463; x_wconf 84' lang='lat' dir='ltr'><strong>tamen</strong></span> <span class='ocrx_word' id='word_1_491' title='bbox 1138 4389 1480 4463; x_wconf 80' lang='lat' dir='ltr'><strong>postmodum</strong></span> <span class='ocrx_word' id='word_1_492' title='bbox 1511 4387 1907 4463; x_wconf 76' lang='lat' dir='ltr'><strong>confessusest,</strong></span> 
     </span>
    </p>
   </div>
   <div class='ocr_carea' id='block_1_67' title="bbox 315 4458 1910 4530">
    <p class='ocr_par' dir='ltr' id='par_1_67' title="bbox 315 4458 1910 4530">
     <span class='ocr_line' id='line_1_68' title="bbox 315 4458 1910 4530; baseline -0.003 -11"><span class='ocrx_word' id='word_1_493' title='bbox 315 4466 566 4519; x_wconf 86' lang='lat' dir='ltr'><strong>eamdem</strong></span> <span class='ocrx_word' id='word_1_494' title='bbox 595 4458 738 4518; x_wconf 77' lang='lat' dir='ltr'><strong>sein</strong></span> <span class='ocrx_word' id='word_1_495' title='bbox 770 4462 1044 4518; x_wconf 76' lang='lat' dir='ltr'><strong>(Irescmiii</strong></span> <span class='ocrx_word' id='word_1_496' title='bbox 1077 4458 1394 4516; x_wconf 89' lang='lat' dir='ltr'><strong>collectione</strong></span> <span class='ocrx_word' id='word_1_497' title='bbox 1423 4458 1710 4530; x_wconf 80' lang='lat' dir='ltr'><strong>reperisse.</strong></span> <span class='ocrx_word' id='word_1_498' title='bbox 1739 4459 1910 4514; x_wconf 90' lang='lat' dir='ltr'><strong>Porro</strong></span> 
     </span>
    </p>
   </div>
   <div class='ocr_carea' id='block_1_68' title="bbox 307 4511 1988 4606">
    <p class='ocr_par' dir='ltr' id='par_1_68' title="bbox 307 4511 1988 4606">
     <span class='ocr_line' id='line_1_69' title="bbox 307 4511 1988 4606; baseline -0.004 -16"><span class='ocrx_word' id='word_1_499' title='bbox 307 4511 439 4590; x_wconf 57' lang='lat' dir='ltr'><strong>ait;</strong></span> <span class='ocrx_word' id='word_1_500' title='bbox 449 4511 673 4606; x_wconf 52' lang='lat' dir='ltr'><strong>&quot;(iibi&#39;e&#39;x</strong></span> <span class='ocrx_word' id='word_1_501' title='bbox 689 4511 1132 4590; x_wconf 45' lang='lat' dir='ltr'><strong>gessisset;</strong></span> <span class='ocrx_word' id='word_1_502' title='bbox 1147 4511 1406 4606; x_wconf 48' lang='lat' dir='ltr'><strong>“taeitos;</strong></span> <span class='ocrx_word' id='word_1_503' title='bbox 1423 4511 1434 4514; x_wconf 64' lang='grc'>⁷</span> <span class='ocrx_word' id='word_1_504' title='bbox 1451 4511 1760 4606; x_wconf 29' lang='lat' dir='ltr'><strong>pii—rosae.—</strong></span> <span class='ocrx_word' id='word_1_505' title='bbox 1789 4511 1903 4606; x_wconf 48' lang='lat' dir='ltr'><strong>sui</strong></span> <span class='ocrx_word' id='word_1_506' title='bbox 1940 4511 1988 4570; x_wconf 87' lang='grc'><strong>1)</strong></span> 
     </span>
    </p>
   </div>
   <div class='ocr_carea' id='block_1_69' title="bbox 307 4601 1909 4676">
    <p class='ocr_par' dir='ltr' id='par_1_69' title="bbox 307 4601 1909 4676">
     <span class='ocr_line' id='line_1_70' title="bbox 307 4601 1909 4676; baseline -0.002 -15"><span class='ocrx_word' id='word_1_507' title='bbox 307 4619 502 4662; x_wconf 84' lang='lat' dir='ltr'><strong>contra</strong></span> <span class='ocrx_word' id='word_1_508' title='bbox 529 4601 814 4660; x_wconf 73' lang='lat' dir='ltr'><strong>Photinum</strong></span> <span class='ocrx_word' id='word_1_509' title='bbox 839 4607 1057 4676; x_wconf 84' lang='lat' dir='ltr'><strong>scripta,</strong></span> <span class='ocrx_word' id='word_1_510' title='bbox 1087 4607 1255 4676; x_wconf 77' lang='lat' dir='ltr'><strong>altera</strong></span> <span class='ocrx_word' id='word_1_511' title='bbox 1286 4602 1398 4658; x_wconf 89' lang='lat' dir='ltr'><strong>Osii</strong></span> <span class='ocrx_word' id='word_1_512' title='bbox 1425 4601 1764 4676; x_wconf 78' lang='lat' dir='ltr'><strong>nominean.</strong></span> <span class='ocrx_word' id='word_1_513' title='bbox 1803 4603 1909 4676; x_wconf 69' lang='grc'><strong>557</strong></span> 
     </span>
    </p>
   </div>
   <div class='ocr_carea' id='block_1_70' title="bbox 306 4672 1912 4748">
    <p class='ocr_par' dir='ltr' id='par_1_70' title="bbox 306 4672 1912 4748">
     <span class='ocr_line' id='line_1_71' title="bbox 306 4672 1912 4748; baseline -0.001 -16"><span class='ocrx_word' id='word_1_514' title='bbox 306 4679 529 4748; x_wconf 81' lang='lat' dir='ltr'><strong>vulgata</strong></span> <span class='ocrx_word' id='word_1_515' title='bbox 557 4719 572 4743; x_wconf 86' lang='lat'><strong>,</strong></span> <span class='ocrx_word' id='word_1_516' title='bbox 623 4689 891 4746; x_wconf 88' lang='lat' dir='ltr'><strong>postrema</strong></span> <span class='ocrx_word' id='word_1_517' title='bbox 925 4672 1111 4748; x_wconf 83' lang='lat' dir='ltr'><strong>mense</strong></span> <span class='ocrx_word' id='word_1_518' title='bbox 1136 4673 1274 4748; x_wconf 72' lang='lat' dir='ltr'><strong>Maio</strong></span> <span class='ocrx_word' id='word_1_519' title='bbox 1297 4689 1385 4748; x_wconf 78' lang='lat' dir='ltr'><strong>an.</strong></span> <span class='ocrx_word' id='word_1_520' title='bbox 1439 4673 1543 4729; x_wconf 76' lang='lat'><strong>559</strong></span> <span class='ocrx_word' id='word_1_521' title='bbox 1579 4672 1719 4726; x_wconf 85' lang='lat' dir='ltr'><strong>edita</strong></span> <span class='ocrx_word' id='word_1_522' title='bbox 1748 4688 1762 4736; x_wconf 90' lang='lat'><strong>;</strong></span> <span class='ocrx_word' id='word_1_523' title='bbox 1805 4673 1912 4748; x_wconf 84' lang='lat' dir='ltr'><strong>dis-</strong></span> 
     </span>
    </p>
   </div>
   <div class='ocr_carea' id='block_1_71' title="bbox 307 4745 1914 4819">
    <p class='ocr_par' dir='ltr' id='par_1_71' title="bbox 307 4745 1914 4819">
     <span class='ocr_line' id='line_1_72' title="bbox 307 4745 1914 4819; baseline 0 -17"><span class='ocrx_word' id='word_1_524' title='bbox 307 4745 506 4819; x_wconf 76' lang='lat' dir='ltr'><strong>putant</strong></span> <span class='ocrx_word' id='word_1_525' title='bbox 552 4745 786 4814; x_wconf 83' lang='lat' dir='ltr'><strong>eruditi,</strong></span> <span class='ocrx_word' id='word_1_526' title='bbox 843 4763 1005 4818; x_wconf 89' lang='lat' dir='ltr'><strong>quam</strong></span> <span class='ocrx_word' id='word_1_527' title='bbox 1057 4746 1145 4801; x_wconf 88' lang='lat' dir='ltr'><strong>hic</strong></span> <span class='ocrx_word' id='word_1_528' title='bbox 1189 4745 1439 4800; x_wconf 87' lang='lat' dir='ltr'><strong>Liberius</strong></span> <span class='ocrx_word' id='word_1_529' title='bbox 1491 4758 1552 4798; x_wconf 92' lang='lat' dir='ltr'><strong>se</strong></span> <span class='ocrx_word' id='word_1_530' title='bbox 1609 4745 1914 4812; x_wconf 88' lang='lat' dir='ltr'><strong>suscepisse</strong></span> 
     </span>
    </p>
   </div>
   <div class='ocr_carea' id='block_1_72' title="bbox 302 4821 476 4876">
    <p class='ocr_par' dir='ltr' id='par_1_72' title="bbox 302 4821 476 4876">
     <span class='ocr_line' id='line_1_73' title="bbox 302 4821 476 4876; baseline -0.006 0"><span class='ocrx_word' id='word_1_531' title='bbox 302 4821 476 4876; x_wconf 84' lang='lat' dir='ltr'><strong>dicat.</strong></span> 
     </span>
    </p>
   </div>
   <div class='ocr_carea' id='block_1_73' title="bbox 386 4883 1914 4955">
    <p class='ocr_par' dir='ltr' id='par_1_73' title="bbox 386 4883 1914 4955">
     <span class='ocr_line' id='line_1_74' title="bbox 386 4883 1914 4955; baseline -0.003 -8"><span class='ocrx_word' id='word_1_532' title='bbox 386 4891 548 4947; x_wconf 88' lang='lat' dir='ltr'><strong>Solus</strong></span> <span class='ocrx_word' id='word_1_533' title='bbox 569 4891 838 4955; x_wconf 89' lang='lat' dir='ltr'><strong>Valesius,</strong></span> <span class='ocrx_word' id='word_1_534' title='bbox 863 4883 1790 4944; x_wconf 83' lang='lat' dir='ltr'><strong>animadversionibusinSozomeni</strong></span> <span class='ocrx_word' id='word_1_535' title='bbox 1821 4887 1914 4942; x_wconf 90' lang='lat' dir='ltr'><strong>lib.</strong></span> 
     </span>
    </p>
   </div>
   <div class='ocr_carea' id='block_1_74' title="bbox 305 4957 1910 5029">
    <p class='ocr_par' dir='ltr' id='par_1_74' title="bbox 305 4957 1910 5029">
     <span class='ocr_line' id='line_1_75' title="bbox 305 4957 1910 5029; baseline -0.004 -10"><span class='ocrx_word' id='word_1_536' title='bbox 305 4978 372 5019; x_wconf 78' lang='lat' dir='ltr'><strong>iv</strong></span> <span class='ocrx_word' id='word_1_537' title='bbox 398 5008 412 5029; x_wconf 91' lang='lat'><strong>,</strong></span> <span class='ocrx_word' id='word_1_538' title='bbox 449 4979 500 5020; x_wconf 90' lang='lat' dir='ltr'><strong>c.</strong></span> <span class='ocrx_word' id='word_1_539' title='bbox 531 4963 620 5028; x_wconf 64' lang='grc' dir='ltr'><strong>τι,</strong></span> <span class='ocrx_word' id='word_1_540' title='bbox 661 4963 936 5018; x_wconf 76' lang='lat' dir='ltr'><strong>existimat</strong></span> <span class='ocrx_word' id='word_1_541' title='bbox 975 4961 1186 5015; x_wconf 88' lang='lat' dir='ltr'><strong>tertiam</strong></span> <span class='ocrx_word' id='word_1_542' title='bbox 1244 4957 1331 5014; x_wconf 90' lang='lat' dir='ltr'><strong>hic</strong></span> <span class='ocrx_word' id='word_1_543' title='bbox 1369 4957 1697 5029; x_wconf 85' lang='lat' dir='ltr'><strong>memorari;</strong></span> <span class='ocrx_word' id='word_1_544' title='bbox 1749 4973 1910 5026; x_wconf 91' lang='lat' dir='ltr'><strong>quam</strong></span> 
     </span>
    </p>
   </div>
   <div class='ocr_carea' id='block_1_75' title="bbox 304 5028 1908 5093">
    <p class='ocr_par' dir='ltr' id='par_1_75' title="bbox 304 5028 1908 5093">
     <span class='ocr_line' id='line_1_76' title="bbox 304 5028 1908 5093; baseline -0.004 -3"><span class='ocrx_word' id='word_1_545' title='bbox 304 5028 461 5090; x_wconf 77' lang='lat' dir='ltr'><strong>inter</strong></span> <span class='ocrx_word' id='word_1_546' title='bbox 474 5051 664 5090; x_wconf 87' lang='lat' dir='ltr'><strong>omnes</strong></span> <span class='ocrx_word' id='word_1_547' title='bbox 692 5035 805 5088; x_wconf 89' lang='lat' dir='ltr'><strong>fere</strong></span> <span class='ocrx_word' id='word_1_548' title='bbox 825 5033 1078 5088; x_wconf 86' lang='lat' dir='ltr'><strong>convenit</strong></span> <span class='ocrx_word' id='word_1_549' title='bbox 1095 5029 1331 5086; x_wconf 88' lang='lat' dir='ltr'><strong>nondum</strong></span> <span class='ocrx_word' id='word_1_550' title='bbox 1358 5029 1524 5084; x_wconf 88' lang='lat' dir='ltr'><strong>fuisse</strong></span> <span class='ocrx_word' id='word_1_551' title='bbox 1535 5028 1758 5093; x_wconf 82' lang='lat' dir='ltr'><strong>editam,</strong></span> <span class='ocrx_word' id='word_1_552' title='bbox 1787 5045 1908 5084; x_wconf 89' lang='lat' dir='ltr'><strong>cum</strong></span> 
     </span>
    </p>
   </div>
   <div class='ocr_carea' id='block_1_76' title="bbox 305 5099 1908 5171">
    <p class='ocr_par' dir='ltr' id='par_1_76' title="bbox 305 5099 1908 5171">
     <span class='ocr_line' id='line_1_77' title="bbox 305 5099 1908 5171; baseline -0.004 -11"><span class='ocrx_word' id='word_1_553' title='bbox 305 5109 432 5160; x_wconf 66' lang='lat' dir='ltr'><strong>haec</strong></span> <span class='ocrx_word' id='word_1_554' title='bbox 463 5107 707 5162; x_wconf 88' lang='lat' dir='ltr'><strong>Liberius</strong></span> <span class='ocrx_word' id='word_1_555' title='bbox 728 5105 1012 5161; x_wconf 81' lang='lat' dir='ltr'><strong>scriberet.</strong></span> <span class='ocrx_word' id='word_1_556' title='bbox 1039 5103 1142 5158; x_wconf 83' lang='lat' dir='ltr'><strong>Alii</strong></span> <span class='ocrx_word' id='word_1_557' title='bbox 1167 5101 1384 5171; x_wconf 86' lang='lat' dir='ltr'><strong>quidem</strong></span> <span class='ocrx_word' id='word_1_558' title='bbox 1407 5099 1739 5171; x_wconf 74' lang='lat' dir='ltr'><strong>arbitrantur</strong></span> <span class='ocrx_word' id='word_1_559' title='bbox 1762 5101 1908 5154; x_wconf 90' lang='lat' dir='ltr'><strong>illum</strong></span> 
     </span>
    </p>
   </div>
   <div class='ocr_carea' id='block_1_77' title="bbox 303 5169 1907 5242">
    <p class='ocr_par' dir='ltr' id='par_1_77' title="bbox 303 5169 1907 5242">
     <span class='ocr_line' id='line_1_78' title="bbox 303 5169 1907 5242; baseline -0.004 -10"><span class='ocrx_word' id='word_1_560' title='bbox 303 5177 554 5236; x_wconf 77' lang='lat' dir='ltr'><strong>adfuisse</strong></span> <span class='ocrx_word' id='word_1_561' title='bbox 585 5177 791 5240; x_wconf 89' lang='lat' dir='ltr'><strong>Sirmii,</strong></span> <span class='ocrx_word' id='word_1_562' title='bbox 838 5191 959 5232; x_wconf 90' lang='lat' dir='ltr'><strong>cum</strong></span> <span class='ocrx_word' id='word_1_563' title='bbox 983 5175 1056 5230; x_wconf 87' lang='lat' dir='ltr'><strong>ibi</strong></span> <span class='ocrx_word' id='word_1_564' title='bbox 1088 5169 1344 5242; x_wconf 62' lang='lat' dir='ltr'><strong>praedicta</strong></span> <span class='ocrx_word' id='word_1_565' title='bbox 1377 5169 1604 5226; x_wconf 82' lang='lat' dir='ltr'><strong>formula</strong></span> <span class='ocrx_word' id='word_1_566' title='bbox 1628 5171 1770 5242; x_wconf 81' lang='lat' dir='ltr'><strong>edita</strong></span> <span class='ocrx_word' id='word_1_567' title='bbox 1799 5179 1907 5238; x_wconf 90' lang='lat' dir='ltr'><strong>est,</strong></span> 
     </span>
    </p>
   </div>
   <div class='ocr_carea' id='block_1_78' title="bbox 303 5241 1911 5320">
    <p class='ocr_par' dir='ltr' id='par_1_78' title="bbox 303 5241 1911 5320">
     <span class='ocr_line' id='line_1_79' title="bbox 303 5241 1911 5320; baseline -0.006 -14"><span class='ocrx_word' id='word_1_568' title='bbox 303 5250 474 5320; x_wconf 84' lang='lat' dir='ltr'><strong>eique</strong></span> <span class='ocrx_word' id='word_1_569' title='bbox 495 5249 880 5320; x_wconf 76' lang='lat' dir='ltr'><strong>subscripsisse</strong></span> <span class='ocrx_word' id='word_1_570' title='bbox 908 5264 923 5301; x_wconf 91' lang='lat'><strong>:</strong></span> <span class='ocrx_word' id='word_1_571' title='bbox 971 5246 1064 5302; x_wconf 90' lang='lat' dir='ltr'><strong>sed</strong></span> <span class='ocrx_word' id='word_1_572' title='bbox 1092 5241 1213 5300; x_wconf 82' lang='lat' dir='ltr'><strong>cum</strong></span> <span class='ocrx_word' id='word_1_573' title='bbox 1240 5245 1368 5320; x_wconf 84' lang='lat' dir='ltr'><strong>illuc</strong></span> <span class='ocrx_word' id='word_1_574' title='bbox 1395 5257 1500 5296; x_wconf 89' lang='lat' dir='ltr'><strong>non</strong></span> <span class='ocrx_word' id='word_1_575' title='bbox 1519 5243 1631 5320; x_wconf 76' lang='lat' dir='ltr'><strong>nisi</strong></span> <span class='ocrx_word' id='word_1_576' title='bbox 1659 5241 1911 5320; x_wconf 82' lang='lat' dir='ltr'><strong>Orienta-</strong></span> 
     </span>
    </p>
   </div>
   <div class='ocr_carea' id='block_1_79' title="bbox 303 5315 1906 5386">
    <p class='ocr_par' dir='ltr' id='par_1_79' title="bbox 303 5315 1906 5386">
     <span class='ocr_line' id='line_1_80' title="bbox 303 5315 1906 5386; baseline -0.005 -10"><span class='ocrx_word' id='word_1_577' title='bbox 303 5315 446 5376; x_wconf 62' lang='lat' dir='ltr'><strong>liu&#39;m</strong></span> <span class='ocrx_word' id='word_1_578' title='bbox 469 5320 652 5376; x_wconf 77' lang='lat' dir='ltr'><strong>faVore</strong></span> <span class='ocrx_word' id='word_1_579' title='bbox 681 5319 754 5374; x_wconf 71' lang='lat' dir='ltr'><strong>sit</strong></span> <span class='ocrx_word' id='word_1_580' title='bbox 778 5328 1001 5375; x_wconf 87' lang='lat' dir='ltr'><strong>vocatus</strong></span> <span class='ocrx_word' id='word_1_581' title='bbox 1026 5359 1042 5383; x_wconf 91' lang='lat'><strong>,</strong></span> <span class='ocrx_word' id='word_1_582' title='bbox 1091 5331 1266 5386; x_wconf 88' lang='lat' dir='ltr'><strong>neque</strong></span> <span class='ocrx_word' id='word_1_583' title='bbox 1309 5316 1445 5370; x_wconf 87' lang='lat' dir='ltr'><strong>lianc</strong></span> <span class='ocrx_word' id='word_1_584' title='bbox 1482 5315 1551 5368; x_wconf 91' lang='lat' dir='ltr'><strong>ab</strong></span> <span class='ocrx_word' id='word_1_585' title='bbox 1575 5315 1655 5386; x_wconf 89' lang='lat' dir='ltr'><strong>eis</strong></span> <span class='ocrx_word' id='word_1_586' title='bbox 1680 5315 1906 5386; x_wconf 76' lang='lat' dir='ltr'><strong>gratiam</strong></span> 
     </span>
    </p>
   </div>
   <div class='ocr_carea' id='block_1_80' title="bbox 301 5385 1911 5463">
    <p class='ocr_par' dir='ltr' id='par_1_80' title="bbox 301 5385 1911 5463">
     <span class='ocr_line' id='line_1_81' title="bbox 301 5385 1911 5463; baseline -0.005 -15"><span class='ocrx_word' id='word_1_587' title='bbox 301 5393 545 5463; x_wconf 85' lang='lat' dir='ltr'><strong>nisibac</strong></span> <span class='ocrx_word' id='word_1_588' title='bbox 572 5392 796 5463; x_wconf 82' lang='lat' dir='ltr'><strong>epismla</strong></span> <span class='ocrx_word' id='word_1_589' title='bbox 822 5389 1121 5463; x_wconf 79' lang='lat' dir='ltr'><strong>impetrarit</strong></span> <span class='ocrx_word' id='word_1_590' title='bbox 1145 5405 1159 5454; x_wconf 92' lang='lat'><strong>;</strong></span> <span class='ocrx_word' id='word_1_591' title='bbox 1195 5401 1418 5444; x_wconf 88' lang='lat' dir='ltr'><strong>necesse</strong></span> <span class='ocrx_word' id='word_1_592' title='bbox 1445 5393 1526 5441; x_wconf 91' lang='lat' dir='ltr'><strong>est</strong></span> <span class='ocrx_word' id='word_1_593' title='bbox 1552 5395 1607 5440; x_wconf 91' lang='lat' dir='ltr'><strong>ut</strong></span> <span class='ocrx_word' id='word_1_594' title='bbox 1637 5385 1911 5463; x_wconf 71' lang='lat' dir='ltr'><strong>lidemhic</strong></span> 
     </span>
    </p>
   </div>
   <div class='ocr_carea' id='block_1_81' title="bbox 303 5457 1910 5534">
    <p class='ocr_par' dir='ltr' id='par_1_81' title="bbox 303 5457 1910 5534">
     <span class='ocr_line' id='line_1_82' title="bbox 303 5457 1910 5534; baseline -0.005 -14"><span class='ocrx_word' id='word_1_595' title='bbox 303 5479 376 5520; x_wconf 81' lang='lat' dir='ltr'><strong>se</strong></span> <span class='ocrx_word' id='word_1_596' title='bbox 408 5462 556 5519; x_wconf 89' lang='lat' dir='ltr'><strong>dicat</strong></span> <span class='ocrx_word' id='word_1_597' title='bbox 593 5457 1084 5534; x_wconf 50' lang='lat' dir='ltr'><strong>suscepisse&#39;aliatn</strong></span> <span class='ocrx_word' id='word_1_598' title='bbox 1110 5501 1124 5525; x_wconf 92' lang='lat'><strong>,</strong></span> <span class='ocrx_word' id='word_1_599' title='bbox 1161 5473 1320 5532; x_wconf 89' lang='lat' dir='ltr'><strong>quam</strong></span> <span class='ocrx_word' id='word_1_600' title='bbox 1351 5473 1470 5529; x_wconf 73' lang='lat' dir='ltr'><strong>qua:</strong></span> <span class='ocrx_word' id='word_1_601' title='bbox 1495 5471 1618 5511; x_wconf 89' lang='lat' dir='ltr'><strong>cum</strong></span> <span class='ocrx_word' id='word_1_602' title='bbox 1651 5457 1910 5512; x_wconf 83' lang='lat' dir='ltr'><strong>Sirmium</strong></span> 
     </span>
    </p>
   </div>
   <div class='ocr_carea' id='block_1_82' title="bbox 302 5535 1606 5610">
    <p class='ocr_par' dir='ltr' id='par_1_82' title="bbox 302 5535 1606 5610">
     <span class='ocr_line' id='line_1_83' title="bbox 302 5535 1606 5610; baseline -0.001 0"><span class='ocrx_word' id='word_1_603' title='bbox 302 5535 730 5610; x_wconf 57' lang='lat' dir='ltr'><strong>pervenitsdita</strong></span> <span class='ocrx_word' id='word_1_604' title='bbox 759 5543 862 5610; x_wconf 62' lang='lat' dir='ltr'><strong>‘Pﬁi-</strong></span> <span class='ocrx_word' id='word_1_605' title='bbox 998 5604 1008 5610; x_wconf 86' lang='lat'><strong>.</strong></span> <span class='ocrx_word' id='word_1_606' title='bbox 1235 5602 1245 5610; x_wconf 91' lang='lat'><strong>.</strong></span> <span class='ocrx_word' id='word_1_607' title='bbox 1335 5608 1341 5610; x_wconf 17' lang='grc' dir='ltr'><strong><em>Α</em></strong></span> <span class='ocrx_word' id='word_1_608' title='bbox 1593 5596 1606 5608; x_wconf 96' lang='grc'><strong><em>.</em></strong></span> 
     </span>
    </p>
   </div>
   <div class='ocr_carea' id='block_1_83' title="bbox 389 5598 1916 5673">
    <p class='ocr_par' dir='ltr' id='par_1_83' title="bbox 389 5598 1916 5673">
     <span class='ocr_line' id='line_1_84' title="bbox 389 5598 1916 5673; baseline -0.005 -12"><span class='ocrx_word' id='word_1_609' title='bbox 389 5606 704 5662; x_wconf 82' lang='lat' dir='ltr'><strong>Blondellus</strong></span> <span class='ocrx_word' id='word_1_610' title='bbox 733 5605 932 5672; x_wconf 87' lang='lat' dir='ltr'><strong>aliique</strong></span> <span class='ocrx_word' id='word_1_611' title='bbox 961 5604 1142 5673; x_wconf 88' lang='lat' dir='ltr'><strong>plures</strong></span> <span class='ocrx_word' id='word_1_612' title='bbox 1162 5602 1350 5656; x_wconf 90' lang='lat' dir='ltr'><strong>volunt</strong></span> <span class='ocrx_word' id='word_1_613' title='bbox 1381 5642 1397 5665; x_wconf 90' lang='lat'><strong>,</strong></span> <span class='ocrx_word' id='word_1_614' title='bbox 1429 5598 1702 5673; x_wconf 82' lang='lat' dir='ltr'><strong>Liberium</strong></span> <span class='ocrx_word' id='word_1_615' title='bbox 1734 5598 1803 5654; x_wconf 92' lang='lat' dir='ltr'><strong>de</strong></span> <span class='ocrx_word' id='word_1_616' title='bbox 1828 5613 1916 5655; x_wconf 86' lang='lat' dir='ltr'><strong>se-</strong></span> 
     </span>
    </p>
   </div>
   <div class='ocr_carea' id='block_1_84' title="bbox 305 5669 1912 5756">
    <p class='ocr_par' dir='ltr' id='par_1_84' title="bbox 305 5669 1912 5756">
     <span class='ocr_line' id='line_1_85' title="bbox 305 5669 1912 5756; baseline -0.007 -20"><span class='ocrx_word' id='word_1_617' title='bbox 305 5677 806 5756; x_wconf 71' lang='lat' dir='ltr'><strong>cundaSirmiebsi</strong></span> <span class='ocrx_word' id='word_1_618' title='bbox 835 5669 1240 5756; x_wconf 60' lang='lat' dir='ltr'><strong>ftiijniula__loqtii</strong></span> <span class='ocrx_word' id='word_1_619' title='bbox 1264 5713 1276 5726; x_wconf 94' lang='lat'><strong>.</strong></span> <span class='ocrx_word' id='word_1_620' title='bbox 1303 5681 1414 5728; x_wconf 90' lang='lat' dir='ltr'><strong>tum</strong></span> <span class='ocrx_word' id='word_1_621' title='bbox 1441 5669 1912 5756; x_wconf 35' lang='lat' dir='ltr'><strong>quia‘bancnnam</strong></span> 
     </span>
    </p>
   </div>
   <div class='ocr_carea' id='block_1_85' title="bbox 309 5746 1913 5820">
    <p class='ocr_par' dir='ltr' id='par_1_85' title="bbox 309 5746 1913 5820">
     <span class='ocr_line' id='line_1_86' title="bbox 309 5746 1913 5820; baseline -0.005 -16"><span class='ocrx_word' id='word_1_622' title='bbox 309 5748 560 5820; x_wconf 68' lang='lat' dir='ltr'><strong>perﬁdiae</strong></span> <span class='ocrx_word' id='word_1_623' title='bbox 591 5749 808 5820; x_wconf 85' lang='lat' dir='ltr'><strong>nomine</strong></span> <span class='ocrx_word' id='word_1_624' title='bbox 831 5755 986 5820; x_wconf 85' lang='lat' dir='ltr'><strong>notat</strong></span> <span class='ocrx_word' id='word_1_625' title='bbox 1013 5746 1246 5800; x_wconf 75' lang='lat' dir='ltr'><strong>Hilarius</strong></span> <span class='ocrx_word' id='word_1_626' title='bbox 1271 5787 1285 5809; x_wconf 91' lang='lat'><strong>,</strong></span> <span class='ocrx_word' id='word_1_627' title='bbox 1316 5757 1438 5798; x_wconf 90' lang='lat' dir='ltr'><strong>cum</strong></span> <span class='ocrx_word' id='word_1_628' title='bbox 1465 5749 1651 5820; x_wconf 77' lang='lat' dir='ltr'><strong>contra</strong></span> <span class='ocrx_word' id='word_1_629' title='bbox 1665 5746 1913 5820; x_wconf 60' lang='lat' dir='ltr'><strong>primum</strong></span> 
     </span>
    </p>
   </div>
   <div class='ocr_carea' id='block_1_86' title="bbox 308 5809 1914 5889">
    <p class='ocr_par' dir='ltr' id='par_1_86' title="bbox 308 5809 1914 5889">
     <span class='ocr_line' id='line_1_87' title="bbox 308 5809 1914 5889; baseline -0.006 -13"><span class='ocrx_word' id='word_1_630' title='bbox 308 5809 416 5876; x_wconf 76' lang='lat' dir='ltr'><strong>iib.</strong></span> <span class='ocrx_word' id='word_1_631' title='bbox 443 5821 512 5876; x_wconf 89' lang='lat' dir='ltr'><strong>de</strong></span> <span class='ocrx_word' id='word_1_632' title='bbox 533 5819 766 5889; x_wconf 79' lang='lat' dir='ltr'><strong>Synodis</strong></span> <span class='ocrx_word' id='word_1_633' title='bbox 796 5819 987 5889; x_wconf 81' lang='lat' dir='ltr'><strong>probet</strong></span> <span class='ocrx_word' id='word_1_634' title='bbox 1016 5827 1070 5872; x_wconf 91' lang='lat' dir='ltr'><strong>et</strong></span> <span class='ocrx_word' id='word_1_635' title='bbox 1087 5827 1307 5871; x_wconf 81' lang='lat' dir='ltr'><strong>excuset.</strong></span> <span class='ocrx_word' id='word_1_636' title='bbox 1332 5831 1346 5878; x_wconf 85' lang='lat'><strong>;</strong></span> <span class='ocrx_word' id='word_1_637' title='bbox 1376 5823 1486 5868; x_wconf 89' lang='lat' dir='ltr'><strong>tum</strong></span> <span class='ocrx_word' id='word_1_638' title='bbox 1514 5812 1635 5880; x_wconf 88' lang='lat' dir='ltr'><strong>quia</strong></span> <span class='ocrx_word' id='word_1_639' title='bbox 1665 5809 1914 5866; x_wconf 85' lang='lat' dir='ltr'><strong>Liberius</strong></span> 
     </span>
    </p>
   </div>
   <div class='ocr_carea' id='block_1_87' title="bbox 2021 1896 3620 1972">
    <p class='ocr_par' dir='ltr' id='par_1_87' title="bbox 2021 1896 3620 1972">
     <span class='ocr_line' id='line_1_88' title="bbox 2021 1896 3620 1972; baseline 0.006 -22"><span class='ocrx_word' id='word_1_640' title='bbox 2021 1908 2141 1972; x_wconf 82' lang='lat' dir='ltr'><strong>eam</strong></span> <span class='ocrx_word' id='word_1_641' title='bbox 2161 1910 2225 1972; x_wconf 78' lang='lat' dir='ltr'><strong>se</strong></span> <span class='ocrx_word' id='word_1_642' title='bbox 2249 1896 2555 1972; x_wconf 80' lang='lat' dir='ltr'><strong>suscepisse</strong></span> <span class='ocrx_word' id='word_1_643' title='bbox 2575 1896 2654 1972; x_wconf 79' lang='lat' dir='ltr'><strong>ait</strong></span> <span class='ocrx_word' id='word_1_644' title='bbox 2676 1897 2864 1972; x_wconf 74' lang='lat' dir='ltr'><strong>fidem.</strong></span> <span class='ocrx_word' id='word_1_645' title='bbox 2888 1910 3002 1968; x_wconf 71' lang='lat' dir='ltr'><strong>quae</strong></span> <span class='ocrx_word' id='word_1_646' title='bbox 3029 1899 3283 1955; x_wconf 83' lang='lat' dir='ltr'><strong>Sirmium</strong></span> <span class='ocrx_word' id='word_1_647' title='bbox 3328 1917 3360 1955; x_wconf 84' lang='grc' dir='ltr'><strong><em>α</em></strong></span> <span class='ocrx_word' id='word_1_648' title='bbox 3386 1902 3620 1972; x_wconf 81' lang='lat' dir='ltr'><strong>pluribus</strong></span> 
     </span>
    </p>
   </div>
   <div class='ocr_carea' id='block_1_88' title="bbox 2019 1967 3617 2041">
    <p class='ocr_par' dir='ltr' id='par_1_88' title="bbox 2019 1967 3617 2041">
     <span class='ocr_line' id='line_1_89' title="bbox 2019 1967 3617 2041; baseline 0.009 -24"><span class='ocrx_word' id='word_1_649' title='bbox 2019 1967 2266 2037; x_wconf 76' lang='lat' dir='ltr'><strong>fratribus</strong></span> <span class='ocrx_word' id='word_1_650' title='bbox 2290 1978 2336 2022; x_wconf 87' lang='lat' dir='ltr'><strong>et</strong></span> <span class='ocrx_word' id='word_1_651' title='bbox 2356 1969 2680 2041; x_wconf 70' lang='lat' dir='ltr'><strong>coepitcOpis</strong></span> <span class='ocrx_word' id='word_1_652' title='bbox 2705 1967 3415 2041; x_wconf 42' lang='lat' dir='ltr'><strong>nostristractatamxpositd,</strong></span> <span class='ocrx_word' id='word_1_653' title='bbox 3446 1985 3492 2030; x_wconf 88' lang='lat' dir='ltr'><strong>et</strong></span> <span class='ocrx_word' id='word_1_654' title='bbox 3506 1992 3617 2032; x_wconf 76' lang='lat' dir='ltr'><strong>sus-</strong></span> 
     </span>
    </p>
   </div>
   <div class='ocr_carea' id='block_1_89' title="bbox 2015 2037 3608 2117">
    <p class='ocr_par' dir='ltr' id='par_1_89' title="bbox 2015 2037 3608 2117">
     <span class='ocr_line' id='line_1_90' title="bbox 2015 2037 3608 2117; baseline 0.008 -27"><span class='ocrx_word' id='word_1_655' title='bbox 2015 2049 2164 2117; x_wconf 70' lang='lat' dir='ltr'><strong>cepta</strong></span> <span class='ocrx_word' id='word_1_656' title='bbox 2197 2047 2269 2092; x_wconf 78' lang='lat' dir='ltr'><strong>est</strong></span> <span class='ocrx_word' id='word_1_657' title='bbox 2313 2037 2376 2092; x_wconf 82' lang='lat' dir='ltr'><strong>ob</strong></span> <span class='ocrx_word' id='word_1_658' title='bbox 2422 2037 2656 2117; x_wconf 67' lang='lat' dir='ltr'><strong>omnibus</strong></span> <span class='ocrx_word' id='word_1_659' title='bbox 2693 2041 2782 2117; x_wconf 80' lang='lat' dir='ltr'><strong>q_u_i</strong></span> <span class='ocrx_word' id='word_1_660' title='bbox 2825 2042 2876 2117; x_wconf 76' lang='lat' dir='ltr'><strong>iu</strong></span> <span class='ocrx_word' id='word_1_661' title='bbox 2917 2045 3154 2117; x_wconf 59' lang='lat' dir='ltr'><strong>prieseiiti</strong></span> <span class='ocrx_word' id='word_1_662' title='bbox 3182 2037 3410 2117; x_wconf 76' lang='lat' dir='ltr'><strong>{uerunt</strong></span> <span class='ocrx_word' id='word_1_663' title='bbox 3436 2061 3456 2100; x_wconf 88' lang='lat'><strong><em>:</em></strong></span> <span class='ocrx_word' id='word_1_664' title='bbox 3485 2064 3608 2117; x_wconf 61' lang='lat' dir='ltr'><strong>quae</strong></span> 
     </span>
    </p>
   </div>
   <div class='ocr_carea' id='block_1_90' title="bbox 2017 2109 3618 2185">
    <p class='ocr_par' dir='ltr' id='par_1_90' title="bbox 2017 2109 3618 2185">
     <span class='ocr_line' id='line_1_91' title="bbox 2017 2109 3618 2185; baseline 0.007 -23"><span class='ocrx_word' id='word_1_665' title='bbox 2017 2110 2187 2185; x_wconf 80' lang='lat' dir='ltr'><strong>verba</strong></span> <span class='ocrx_word' id='word_1_666' title='bbox 2237 2123 2357 2164; x_wconf 91' lang='lat' dir='ltr'><strong>cum</strong></span> <span class='ocrx_word' id='word_1_667' title='bbox 2403 2109 2656 2185; x_wconf 72' lang='lat' dir='ltr'><strong>secunda:</strong></span> <span class='ocrx_word' id='word_1_668' title='bbox 2690 2109 3020 2185; x_wconf 26' lang='lat' dir='ltr'><strong>_S_irm‘ie_n_sis</strong></span> <span class='ocrx_word' id='word_1_669' title='bbox 3059 2109 3304 2168; x_wconf 79' lang='lat' dir='ltr'><strong>formulae</strong></span> <span class='ocrx_word' id='word_1_670' title='bbox 3349 2109 3618 2185; x_wconf 71' lang='lat' dir='ltr'><strong>prooemio</strong></span> 
     </span>
    </p>
   </div>
   <div class='ocr_carea' id='block_1_91' title="bbox 2017 2181 3618 2244">
    <p class='ocr_par' dir='ltr' id='par_1_91' title="bbox 2017 2181 3618 2244">
     <span class='ocr_line' id='line_1_92' title="bbox 2017 2181 3618 2244; baseline 0.006 -10"><span class='ocrx_word' id='word_1_671' title='bbox 2017 2181 2152 2234; x_wconf 86' lang='lat' dir='ltr'><strong>satis</strong></span> <span class='ocrx_word' id='word_1_672' title='bbox 2192 2181 2539 2236; x_wconf 86' lang='lat' dir='ltr'><strong>conveniant.</strong></span> <span class='ocrx_word' id='word_1_673' title='bbox 2597 2181 2654 2236; x_wconf 91' lang='lat' dir='ltr'><strong>ln</strong></span> <span class='ocrx_word' id='word_1_674' title='bbox 2686 2181 2948 2238; x_wconf 88' lang='lat' dir='ltr'><strong>Blondelli</strong></span> <span class='ocrx_word' id='word_1_675' title='bbox 3001 2187 3322 2240; x_wconf 88' lang='lat' dir='ltr'><strong>sententiam</strong></span> <span class='ocrx_word' id='word_1_676' title='bbox 3351 2181 3618 2244; x_wconf 76' lang='lat' dir='ltr'><strong>Petavius</strong></span> 
     </span>
    </p>
   </div>
   <div class='ocr_carea' id='block_1_92' title="bbox 2021 2251 3615 2326">
    <p class='ocr_par' dir='ltr' id='par_1_92' title="bbox 2021 2251 3615 2326">
     <span class='ocr_line' id='line_1_93' title="bbox 2021 2251 3615 2326; baseline 0.007 -21"><span class='ocrx_word' id='word_1_677' title='bbox 2021 2253 2162 2326; x_wconf 71' lang='lat' dir='ltr'><strong>potis</strong></span> <span class='ocrx_word' id='word_1_678' title='bbox 2190 2251 2242 2306; x_wconf 90' lang='lat' dir='ltr'><strong>in</strong></span> <span class='ocrx_word' id='word_1_679' title='bbox 2270 2251 2542 2326; x_wconf 75' lang='lat' dir='ltr'><strong>Epipban.</strong></span> <span class='ocrx_word' id='word_1_680' title='bbox 2573 2268 2695 2326; x_wconf 76' lang='lat' dir='ltr'><strong>pag.</strong></span> <span class='ocrx_word' id='word_1_681' title='bbox 2720 2254 2868 2326; x_wconf 8' lang='lat'><strong>571,6,</strong></span> <span class='ocrx_word' id='word_1_682' title='bbox 2887 2256 3222 2324; x_wconf 86' lang='lat' dir='ltr'><strong>propendet:</strong></span> <span class='ocrx_word' id='word_1_683' title='bbox 3253 2260 3498 2326; x_wconf 87' lang='lat' dir='ltr'><strong>quamvis</strong></span> <span class='ocrx_word' id='word_1_684' title='bbox 3525 2259 3615 2316; x_wconf 86' lang='lat' dir='ltr'><strong>Li-</strong></span> 
     </span>
    </p>
   </div>
   <div class='ocr_carea' id='block_1_93' title="bbox 2020 2320 3618 2403">
    <p class='ocr_par' dir='ltr' id='par_1_93' title="bbox 2020 2320 3618 2403">
     <span class='ocr_line' id='line_1_94' title="bbox 2020 2320 3618 2403; baseline 0.006 -27"><span class='ocrx_word' id='word_1_685' title='bbox 2020 2320 2228 2403; x_wconf 78' lang='lat' dir='ltr'><strong>berium</strong></span> <span class='ocrx_word' id='word_1_686' title='bbox 2253 2320 2538 2403; x_wconf 57' lang='lat' dir='ltr'><strong>ab&#39;hrcresi</strong></span> <span class='ocrx_word' id='word_1_687' title='bbox 2571 2320 2726 2403; x_wconf 66' lang='lat' dir='ltr'><strong>facile</strong></span> <span class='ocrx_word' id='word_1_688' title='bbox 2749 2320 2964 2403; x_wconf 71' lang='lat' dir='ltr'><strong>liberari</strong></span> <span class='ocrx_word' id='word_1_689' title='bbox 2988 2320 3154 2403; x_wconf 74' lang='lat' dir='ltr'><strong>posse</strong></span> <span class='ocrx_word' id='word_1_690' title='bbox 3180 2320 3483 2396; x_wconf 78' lang='lat' dir='ltr'><strong>censeat,si</strong></span> <span class='ocrx_word' id='word_1_691' title='bbox 3501 2334 3618 2403; x_wconf 87' lang='lat' dir='ltr'><strong>pri-</strong></span> 
     </span>
    </p>
   </div>
   <div class='ocr_carea' id='block_1_94' title="bbox 2019 2393 3617 2472">
    <p class='ocr_par' dir='ltr' id='par_1_94' title="bbox 2019 2393 3617 2472">
     <span class='ocr_line' id='line_1_95' title="bbox 2019 2393 3617 2472; baseline 0.006 -24"><span class='ocrx_word' id='word_1_692' title='bbox 2019 2407 2162 2448; x_wconf 89' lang='lat' dir='ltr'><strong>mam</strong></span> <span class='ocrx_word' id='word_1_693' title='bbox 2184 2393 2476 2472; x_wconf 83' lang='lat' dir='ltr'><strong>_dumtax_at</strong></span> <span class='ocrx_word' id='word_1_694' title='bbox 2505 2395 2775 2472; x_wconf 62' lang='lat' dir='ltr'><strong>praedictae</strong></span> <span class='ocrx_word' id='word_1_695' title='bbox 2803 2393 3054 2472; x_wconf 69' lang='lat' dir='ltr'><strong>for-malm</strong></span> <span class='ocrx_word' id='word_1_696' title='bbox 3082 2407 3287 2468; x_wconf 90' lang='lat' dir='ltr'><strong>partem</strong></span> <span class='ocrx_word' id='word_1_697' title='bbox 3310 2443 3324 2472; x_wconf 86' lang='lat'><strong>,</strong></span> <span class='ocrx_word' id='word_1_698' title='bbox 3367 2393 3472 2472; x_wconf 85' lang='lat' dir='ltr'><strong>qua</strong></span> <span class='ocrx_word' id='word_1_699' title='bbox 3502 2393 3617 2457; x_wconf 72' lang='grc' dir='ltr'><strong>Ἰω-</strong></span> 
     </span>
    </p>
   </div>
   <div class='ocr_carea' id='block_1_95' title="bbox 2020 2464 3608 2537">
    <p class='ocr_par' dir='ltr' id='par_1_95' title="bbox 2020 2464 3608 2537">
     <span class='ocr_line' id='line_1_96' title="bbox 2020 2464 3608 2537; baseline 0.007 -19"><span class='ocrx_word' id='word_1_700' title='bbox 2020 2465 2270 2520; x_wconf 89' lang='lat' dir='ltr'><strong>mousion</strong></span> <span class='ocrx_word' id='word_1_701' title='bbox 2304 2475 2360 2521; x_wconf 92' lang='lat' dir='ltr'><strong>et</strong></span> <span class='ocrx_word' id='word_1_702' title='bbox 2402 2464 2741 2522; x_wconf 71' lang='lat' dir='ltr'><strong>hommusion</strong></span> <span class='ocrx_word' id='word_1_703' title='bbox 2783 2464 3116 2524; x_wconf 84' lang='lat' dir='ltr'><strong>reticendum</strong></span> <span class='ocrx_word' id='word_1_704' title='bbox 3147 2484 3268 2526; x_wconf 88' lang='lat' dir='ltr'><strong>esse</strong></span> <span class='ocrx_word' id='word_1_705' title='bbox 3293 2464 3608 2537; x_wconf 72' lang='lat' dir='ltr'><strong>decernunt,</strong></span> 
     </span>
    </p>
   </div>
   <div class='ocr_carea' id='block_1_96' title="bbox 2020 2536 3606 2619">
    <p class='ocr_par' dir='ltr' id='par_1_96' title="bbox 2020 2536 3606 2619">
     <span class='ocr_line' id='line_1_97' title="bbox 2020 2536 3606 2619; baseline 0.008 -30"><span class='ocrx_word' id='word_1_706' title='bbox 2020 2537 2169 2619; x_wconf 80' lang='lat' dir='ltr'><strong>pacis</strong></span> <span class='ocrx_word' id='word_1_707' title='bbox 2197 2546 2252 2592; x_wconf 91' lang='lat' dir='ltr'><strong>ct</strong></span> <span class='ocrx_word' id='word_1_708' title='bbox 2275 2536 2472 2618; x_wconf 71' lang='lat' dir='ltr'><strong>quietis</strong></span> <span class='ocrx_word' id='word_1_709' title='bbox 2512 2537 2689 2619; x_wconf 84' lang='lat' dir='ltr'><strong>studio</strong></span> <span class='ocrx_word' id='word_1_710' title='bbox 2714 2537 2927 2593; x_wconf 90' lang='lat' dir='ltr'><strong>dicatur</strong></span> <span class='ocrx_word' id='word_1_711' title='bbox 2955 2554 3078 2594; x_wconf 90' lang='lat' dir='ltr'><strong>esse</strong></span> <span class='ocrx_word' id='word_1_712' title='bbox 3118 2542 3455 2619; x_wconf 79' lang='lat' dir='ltr'><strong>complexus.</strong></span> <span class='ocrx_word' id='word_1_713' title='bbox 3500 2536 3606 2600; x_wconf 86' lang='lat' dir='ltr'><strong>Sed</strong></span> 
     </span>
    </p>
   </div>
   <div class='ocr_carea' id='block_1_97' title="bbox 2019 2613 3609 2731">
    <p class='ocr_par' dir='ltr' id='par_1_97' title="bbox 2019 2613 3609 2731">
     <span class='ocr_line' id='line_1_98' title="bbox 2019 2613 3609 2731; baseline 0.01 -76"><span class='ocrx_word' id='word_1_714' title='bbox 2019 2613 2141 2731; x_wconf 59' lang='lat' dir='ltr'><strong>ﬂuis</strong></span> <span class='ocrx_word' id='word_1_715' title='bbox 2165 2622 2288 2662; x_wconf 93' lang='lat' dir='ltr'><strong>eum</strong></span> <span class='ocrx_word' id='word_1_716' title='bbox 2315 2613 2540 2676; x_wconf 83' lang='lat' dir='ltr'><strong>primam</strong></span> <span class='ocrx_word' id='word_1_717' title='bbox 2581 2615 2785 2662; x_wconf 87' lang='lat' dir='ltr'><strong>tantum</strong></span> <span class='ocrx_word' id='word_1_718' title='bbox 2834 2619 3042 2680; x_wconf 87' lang='lat' dir='ltr'><strong>partem</strong></span> <span class='ocrx_word' id='word_1_719' title='bbox 3083 2613 3390 2682; x_wconf 90' lang='lat' dir='ltr'><strong>suscepisse</strong></span> <span class='ocrx_word' id='word_1_720' title='bbox 3413 2629 3609 2670; x_wconf 89' lang='lat' dir='ltr'><strong>conce-</strong></span> 
     </span>
     <span class='ocr_line' id='line_1_99' title="bbox 2059 2677 3607 2731; baseline 0.001 -1"><span class='ocrx_word' id='word_1_721' title='bbox 2059 2689 2133 2731; x_wconf 90' lang='lat' dir='ltr'><strong>at.</strong></span> <span class='ocrx_word' id='word_1_722' title='bbox 2153 2693 2181 2731; x_wconf 89' lang='lat' dir='ltr'><strong>a</strong></span> <span class='ocrx_word' id='word_1_723' title='bbox 2209 2693 2317 2731; x_wconf 86' lang='lat' dir='ltr'><strong>auo</strong></span> <span class='ocrx_word' id='word_1_724' title='bbox 2343 2679 2512 2731; x_wconf 89' lang='lat' dir='ltr'><strong>audit.</strong></span> <span class='ocrx_word' id='word_1_725' title='bbox 2551 2677 2703 2731; x_wconf 82' lang='lat' dir='ltr'><strong>Hanc</strong></span> <span class='ocrx_word' id='word_1_726' title='bbox 2741 2695 2836 2731; x_wconf 85' lang='lat' dir='ltr'><strong>eao</strong></span> <span class='ocrx_word' id='word_1_727' title='bbox 2865 2679 3039 2731; x_wconf 83' lang='lat' dir='ltr'><strong>libenti</strong></span> <span class='ocrx_word' id='word_1_728' title='bbox 3065 2683 3237 2731; x_wconf 83' lang='lat' dir='ltr'><strong>animo</strong></span> <span class='ocrx_word' id='word_1_729' title='bbox 3266 2685 3465 2731; x_wconf 72' lang='lat' dir='ltr'><strong>susceni</strong></span> <span class='ocrx_word' id='word_1_730' title='bbox 3490 2727 3502 2731; x_wconf 87' lang='lat'>_</span> <span class='ocrx_word' id='word_1_731' title='bbox 3554 2688 3607 2731; x_wconf 74' lang='lat' dir='ltr'><strong>in</strong></span> 
     </span>
    </p>
   </div>
   <div class='ocr_carea' id='block_1_98' title="bbox 2059 2677 3608 2756">
    <p class='ocr_par' dir='ltr' id='par_1_98' title="bbox 2059 2677 3608 2756">
     <span class='ocr_line' id='line_1_100' title="bbox 2059 2677 3608 2756; baseline 0.006 -26"><span class='ocrx_word' id='word_1_732' title='bbox 2059 2689 2181 2756; x_wconf 53' lang='grc' dir='ltr'><strong>διεδ</strong></span> <span class='ocrx_word' id='word_1_733' title='bbox 2209 2693 2317 2748; x_wconf 91' lang='lat' dir='ltr'><strong>quo</strong></span> <span class='ocrx_word' id='word_1_734' title='bbox 2343 2679 2522 2756; x_wconf 60' lang='lat' dir='ltr'><strong>audit,</strong></span> <span class='ocrx_word' id='word_1_735' title='bbox 2550 2677 2703 2756; x_wconf 59' lang='lat' dir='ltr'><strong>lianc</strong></span> <span class='ocrx_word' id='word_1_736' title='bbox 2741 2677 2851 2756; x_wconf 64' lang='lat' dir='ltr'><strong>ego</strong></span> <span class='ocrx_word' id='word_1_737' title='bbox 2865 2679 3051 2756; x_wconf 73' lang='lat' dir='ltr'><strong>libenti</strong></span> <span class='ocrx_word' id='word_1_738' title='bbox 3065 2677 3465 2756; x_wconf 27' lang='lat' dir='ltr'><strong>animoisuscepi</strong></span> <span class='ocrx_word' id='word_1_739' title='bbox 3489 2727 3504 2752; x_wconf 92' lang='lat'><strong>,</strong></span> <span class='ocrx_word' id='word_1_740' title='bbox 3554 2688 3608 2740; x_wconf 84' lang='lat' dir='ltr'><strong>in</strong></span> 
     </span>
    </p>
   </div>
   <div class='ocr_carea' id='block_1_99' title="bbox 2019 2748 3608 2820">
    <p class='ocr_par' dir='ltr' id='par_1_99' title="bbox 2019 2748 3608 2820">
     <span class='ocr_line' id='line_1_101' title="bbox 2019 2748 3608 2820; baseline 0.006 -19"><span class='ocrx_word' id='word_1_741' title='bbox 2019 2748 2165 2820; x_wconf 85' lang='lat' dir='ltr'><strong>nullo</strong></span> <span class='ocrx_word' id='word_1_742' title='bbox 2195 2749 2524 2820; x_wconf 53' lang='lat' dir='ltr'><strong>contradici?</strong></span> <span class='ocrx_word' id='word_1_743' title='bbox 2547 2748 2652 2805; x_wconf 85' lang='lat' dir='ltr'><strong>Sed</strong></span> <span class='ocrx_word' id='word_1_744' title='bbox 2677 2748 2817 2820; x_wconf 83' lang='lat' dir='ltr'><strong>quod</strong></span> <span class='ocrx_word' id='word_1_745' title='bbox 2843 2751 3205 2807; x_wconf 88' lang='lat' dir='ltr'><strong>certissimum</strong></span> <span class='ocrx_word' id='word_1_746' title='bbox 3234 2748 3433 2810; x_wconf 83' lang='lat' dir='ltr'><strong>ibidem</strong></span> <span class='ocrx_word' id='word_1_747' title='bbox 3458 2748 3608 2811; x_wconf 84' lang='lat' dir='ltr'><strong>asse-</strong></span> 
     </span>
    </p>
   </div>
   <div class='ocr_carea' id='block_1_100' title="bbox 2018 2819 3608 2891">
    <p class='ocr_par' dir='ltr' id='par_1_100' title="bbox 2018 2819 3608 2891">
     <span class='ocr_line' id='line_1_102' title="bbox 2018 2819 3608 2891; baseline 0.005 -18"><span class='ocrx_word' id='word_1_748' title='bbox 2018 2823 2090 2891; x_wconf 81' lang='lat' dir='ltr'><strong>rit</strong></span> <span class='ocrx_word' id='word_1_749' title='bbox 2111 2819 2394 2886; x_wconf 90' lang='lat' dir='ltr'><strong>Petavius,</strong></span> <span class='ocrx_word' id='word_1_750' title='bbox 2426 2819 2709 2876; x_wconf 81' lang='lat' dir='ltr'><strong>Liberium</strong></span> <span class='ocrx_word' id='word_1_751' title='bbox 2732 2821 2852 2876; x_wconf 85' lang='lat' dir='ltr'><strong>scil.</strong></span> <span class='ocrx_word' id='word_1_752' title='bbox 2879 2825 3064 2891; x_wconf 77' lang='lat' dir='ltr'><strong>prima:</strong></span> <span class='ocrx_word' id='word_1_753' title='bbox 3093 2823 3372 2880; x_wconf 88' lang='lat' dir='ltr'><strong>Sirmiensi</strong></span> <span class='ocrx_word' id='word_1_754' title='bbox 3400 2825 3608 2881; x_wconf 83' lang='lat' dir='ltr'><strong>formu-</strong></span> 
     </span>
    </p>
   </div>
   <div class='ocr_carea' id='block_1_101' title="bbox 2017 2889 3609 2968">
    <p class='ocr_par' dir='ltr' id='par_1_101' title="bbox 2017 2889 3609 2968">
     <span class='ocr_line' id='line_1_103' title="bbox 2017 2889 3609 2968; baseline 0.005 -24"><span class='ocrx_word' id='word_1_755' title='bbox 2017 2889 2086 2968; x_wconf 74' lang='lat' dir='ltr'><strong>lae</strong></span> <span class='ocrx_word' id='word_1_756' title='bbox 2111 2905 2215 2945; x_wconf 92' lang='lat' dir='ltr'><strong>non</strong></span> <span class='ocrx_word' id='word_1_757' title='bbox 2239 2891 2624 2968; x_wconf 77' lang='lat' dir='ltr'><strong>subscripsisse</strong></span> <span class='ocrx_word' id='word_1_758' title='bbox 2647 2933 2671 2968; x_wconf 87' lang='lat'><strong>,_</strong></span> <span class='ocrx_word' id='word_1_759' title='bbox 2709 2891 2809 2948; x_wconf 88' lang='lat' dir='ltr'><strong>hac</strong></span> <span class='ocrx_word' id='word_1_760' title='bbox 2831 2889 2933 2968; x_wconf 79' lang='lat' dir='ltr'><strong>una</strong></span> <span class='ocrx_word' id='word_1_761' title='bbox 2964 2894 3172 2950; x_wconf 89' lang='lat' dir='ltr'><strong>ratione</strong></span> <span class='ocrx_word' id='word_1_762' title='bbox 3196 2897 3327 2968; x_wconf 83' lang='lat' dir='ltr'><strong>satis</strong></span> <span class='ocrx_word' id='word_1_763' title='bbox 3353 2896 3455 2951; x_wconf 83' lang='lat' dir='ltr'><strong>levi</strong></span> <span class='ocrx_word' id='word_1_764' title='bbox 3485 2913 3609 2968; x_wconf 89' lang='lat' dir='ltr'><strong>pro-</strong></span> 
     </span>
    </p>
   </div>
   <div class='ocr_carea' id='block_1_102' title="bbox 2017 2958 3605 3035">
    <p class='ocr_par' dir='ltr' id='par_1_102' title="bbox 2017 2958 3605 3035">
     <span class='ocr_line' id='line_1_104' title="bbox 2017 2958 3605 3035; baseline 0.005 -19"><span class='ocrx_word' id='word_1_765' title='bbox 2017 2958 2155 3035; x_wconf 65' lang='lat' dir='ltr'><strong>hat;</strong></span> <span class='ocrx_word' id='word_1_766' title='bbox 2202 2963 2339 3035; x_wconf 76' lang='lat' dir='ltr'><strong>quia</strong></span> <span class='ocrx_word' id='word_1_767' title='bbox 2377 2958 2628 3018; x_wconf 77' lang='lat' dir='ltr'><strong>nimirum</strong></span> <span class='ocrx_word' id='word_1_768' title='bbox 2656 2964 2772 3019; x_wconf 65' lang='lat' dir='ltr'><strong>haec</strong></span> <span class='ocrx_word' id='word_1_769' title='bbox 2809 2966 2980 3035; x_wconf 88' lang='lat' dir='ltr'><strong>prima</strong></span> <span class='ocrx_word' id='word_1_770' title='bbox 3006 2967 3241 3021; x_wconf 89' lang='lat' dir='ltr'><strong>ectbesis</strong></span> <span class='ocrx_word' id='word_1_771' title='bbox 3265 2967 3458 3023; x_wconf 90' lang='lat' dir='ltr'><strong>Liberii</strong></span> <span class='ocrx_word' id='word_1_772' title='bbox 3486 2958 3605 3024; x_wconf 53' lang='lat' dir='ltr'><strong>&#39;non</strong></span> 
     </span>
    </p>
   </div>
   <div class='ocr_carea' id='block_1_103' title="bbox 2017 3033 3599 3110">
    <p class='ocr_par' dir='ltr' id='par_1_103' title="bbox 2017 3033 3599 3110">
     <span class='ocr_line' id='line_1_105' title="bbox 2017 3033 3599 3110; baseline 0.004 -22"><span class='ocrx_word' id='word_1_773' title='bbox 2017 3033 2180 3110; x_wconf 74' lang='lat' dir='ltr'><strong>modo</strong></span> <span class='ocrx_word' id='word_1_774' title='bbox 2211 3033 2650 3110; x_wconf 67' lang='lat' dir='ltr'><strong>resuitutionem.</strong></span> <span class='ocrx_word' id='word_1_775' title='bbox 2693 3033 2900 3110; x_wconf 49' lang='lat' dir='ltr'><strong>_s_ed&#39;et</strong></span> <span class='ocrx_word' id='word_1_776' title='bbox 2924 3035 3188 3110; x_wconf 72' lang='lat' dir='ltr'><strong>exsilium</strong></span> <span class='ocrx_word' id='word_1_777' title='bbox 3238 3041 3599 3110; x_wconf 63' lang='lat' dir='ltr'><strong>praecesserit.</strong></span> 
     </span>
    </p>
   </div>
   <div class='ocr_carea' id='block_1_104' title="bbox 2017 3103 3606 3178">
    <p class='ocr_par' dir='ltr' id='par_1_104' title="bbox 2017 3103 3606 3178">
     <span class='ocr_line' id='line_1_106' title="bbox 2017 3103 3606 3178; baseline 0.006 -22"><span class='ocrx_word' id='word_1_778' title='bbox 2017 3103 2179 3178; x_wconf 84' lang='lat' dir='ltr'><strong>Quasi</strong></span> <span class='ocrx_word' id='word_1_779' title='bbox 2197 3120 2329 3178; x_wconf 87' lang='lat' dir='ltr'><strong>vero</strong></span> <span class='ocrx_word' id='word_1_780' title='bbox 2346 3107 2455 3178; x_wconf 80' lang='lat' dir='ltr'><strong>qui</strong></span> <span class='ocrx_word' id='word_1_781' title='bbox 2470 3107 2665 3178; x_wconf 80' lang='lat' dir='ltr'><strong>exsilio</strong></span> <span class='ocrx_word' id='word_1_782' title='bbox 2691 3105 2813 3161; x_wconf 88' lang='lat' dir='ltr'><strong>ideo</strong></span> <span class='ocrx_word' id='word_1_783' title='bbox 2831 3108 3088 3163; x_wconf 89' lang='lat' dir='ltr'><strong>multatus</strong></span> <span class='ocrx_word' id='word_1_784' title='bbox 3115 3103 3254 3173; x_wconf 71' lang='lat' dir='ltr'><strong>erat,</strong></span> <span class='ocrx_word' id='word_1_785' title='bbox 3285 3111 3425 3178; x_wconf 87' lang='lat' dir='ltr'><strong>quod</strong></span> <span class='ocrx_word' id='word_1_786' title='bbox 3438 3110 3606 3166; x_wconf 83' lang='lat' dir='ltr'><strong>Atha-</strong></span> 
     </span>
    </p>
   </div>
   <div class='ocr_carea' id='block_1_105' title="bbox 2018 3176 3600 3240">
    <p class='ocr_par' dir='ltr' id='par_1_105' title="bbox 2018 3176 3600 3240">
     <span class='ocr_line' id='line_1_107' title="bbox 2018 3176 3600 3240; baseline 0.005 -11"><span class='ocrx_word' id='word_1_787' title='bbox 2018 3177 2170 3230; x_wconf 86' lang='lat' dir='ltr'><strong>nasio</strong></span> <span class='ocrx_word' id='word_1_788' title='bbox 2199 3191 2264 3232; x_wconf 88' lang='lat' dir='ltr'><strong>ac</strong></span> <span class='ocrx_word' id='word_1_789' title='bbox 2291 3176 2412 3232; x_wconf 72' lang='lat' dir='ltr'><strong>fidei</strong></span> <span class='ocrx_word' id='word_1_790' title='bbox 2439 3177 2673 3234; x_wconf 73' lang='lat' dir='ltr'><strong>Nicienre</strong></span> <span class='ocrx_word' id='word_1_791' title='bbox 2693 3179 2976 3234; x_wconf 76' lang='lat' dir='ltr'><strong>adhzerens</strong></span> <span class='ocrx_word' id='word_1_792' title='bbox 2999 3220 3014 3240; x_wconf 81' lang='lat'><strong>,</strong></span> <span class='ocrx_word' id='word_1_793' title='bbox 3053 3194 3218 3234; x_wconf 88' lang='lat' dir='ltr'><strong>novas</strong></span> <span class='ocrx_word' id='word_1_794' title='bbox 3243 3176 3600 3237; x_wconf 81' lang='lat' dir='ltr'><strong>orientalium</strong></span> 
     </span>
    </p>
   </div>
   <div class='ocr_carea' id='block_1_106' title="bbox 2016 3246 3600 3316">
    <p class='ocr_par' dir='ltr' id='par_1_106' title="bbox 2016 3246 3600 3316">
     <span class='ocr_line' id='line_1_108' title="bbox 2016 3246 3600 3316; baseline 0.005 -15"><span class='ocrx_word' id='word_1_795' title='bbox 2016 3246 2275 3302; x_wconf 87' lang='lat' dir='ltr'><strong>formulas</strong></span> <span class='ocrx_word' id='word_1_796' title='bbox 2305 3249 2536 3316; x_wconf 89' lang='lat' dir='ltr'><strong>probare</strong></span> <span class='ocrx_word' id='word_1_797' title='bbox 2565 3261 2870 3304; x_wconf 87' lang='lat' dir='ltr'><strong>recusasset</strong></span> <span class='ocrx_word' id='word_1_798' title='bbox 2894 3267 2909 3315; x_wconf 90' lang='lat'><strong>;</strong></span> <span class='ocrx_word' id='word_1_799' title='bbox 2959 3266 3064 3304; x_wconf 91' lang='lat' dir='ltr'><strong>non</strong></span> <span class='ocrx_word' id='word_1_800' title='bbox 3090 3250 3142 3305; x_wconf 90' lang='lat' dir='ltr'><strong>id</strong></span> <span class='ocrx_word' id='word_1_801' title='bbox 3171 3265 3332 3306; x_wconf 76' lang='lat' dir='ltr'><strong>omne</strong></span> <span class='ocrx_word' id='word_1_802' title='bbox 3353 3267 3495 3306; x_wconf 88' lang='lat' dir='ltr'><strong>nunc</strong></span> <span class='ocrx_word' id='word_1_803' title='bbox 3519 3254 3600 3308; x_wconf 82' lang='lat' dir='ltr'><strong>ef-</strong></span> 
     </span>
    </p>
   </div>
   <div class='ocr_carea' id='block_1_107' title="bbox 2014 3317 3606 3384">
    <p class='ocr_par' dir='ltr' id='par_1_107' title="bbox 2014 3317 3606 3384">
     <span class='ocr_line' id='line_1_109' title="bbox 2014 3317 3606 3384; baseline 0.004 -11"><span class='ocrx_word' id='word_1_804' title='bbox 2014 3317 2158 3374; x_wconf 85' lang='lat' dir='ltr'><strong>ficiat</strong></span> <span class='ocrx_word' id='word_1_805' title='bbox 2189 3361 2203 3380; x_wconf 84' lang='lat'><strong>.</strong></span> <span class='ocrx_word' id='word_1_806' title='bbox 2254 3320 2398 3375; x_wconf 89' lang='lat' dir='ltr'><strong>unde</strong></span> <span class='ocrx_word' id='word_1_807' title='bbox 2423 3321 2494 3375; x_wconf 91' lang='lat' dir='ltr'><strong>ab</strong></span> <span class='ocrx_word' id='word_1_808' title='bbox 2521 3320 2712 3376; x_wconf 85' lang='lat' dir='ltr'><strong>exsilio</strong></span> <span class='ocrx_word' id='word_1_809' title='bbox 2732 3332 3015 3376; x_wconf 86' lang='lat' dir='ltr'><strong>revocetur</strong></span> <span class='ocrx_word' id='word_1_810' title='bbox 3041 3363 3056 3384; x_wconf 91' lang='lat'><strong>,</strong></span> <span class='ocrx_word' id='word_1_811' title='bbox 3091 3323 3218 3377; x_wconf 92' lang='lat' dir='ltr'><strong>dum</strong></span> <span class='ocrx_word' id='word_1_812' title='bbox 3241 3333 3295 3377; x_wconf 90' lang='lat' dir='ltr'><strong>et</strong></span> <span class='ocrx_word' id='word_1_813' title='bbox 3319 3322 3606 3380; x_wconf 86' lang='lat' dir='ltr'><strong>Athanasii</strong></span> 
     </span>
    </p>
   </div>
   <div class='ocr_carea' id='block_1_108' title="bbox 2014 3391 3602 3458">
    <p class='ocr_par' dir='ltr' id='par_1_108' title="bbox 2014 3391 3602 3458">
     <span class='ocr_line' id='line_1_110' title="bbox 2014 3391 3602 3458; baseline 0.004 -14"><span class='ocrx_word' id='word_1_814' title='bbox 2014 3404 2230 3444; x_wconf 59' lang='lat' dir='ltr'><strong>Causam</strong></span> <span class='ocrx_word' id='word_1_815' title='bbox 2259 3407 2319 3445; x_wconf 90' lang='lat' dir='ltr'><strong>se</strong></span> <span class='ocrx_word' id='word_1_816' title='bbox 2339 3392 2628 3458; x_wconf 66' lang='lat' dir='ltr'><strong>deserere,</strong></span> <span class='ocrx_word' id='word_1_817' title='bbox 2661 3401 2712 3446; x_wconf 90' lang='lat' dir='ltr'><strong>et</strong></span> <span class='ocrx_word' id='word_1_818' title='bbox 2740 3391 3018 3448; x_wconf 87' lang='lat' dir='ltr'><strong>Sirmiensi</strong></span> <span class='ocrx_word' id='word_1_819' title='bbox 3050 3391 3172 3448; x_wconf 71' lang='lat' dir='ltr'><strong>fidei</strong></span> <span class='ocrx_word' id='word_1_820' title='bbox 3201 3404 3386 3448; x_wconf 91' lang='lat' dir='ltr'><strong>contra</strong></span> <span class='ocrx_word' id='word_1_821' title='bbox 3413 3393 3602 3450; x_wconf 83' lang='lat' dir='ltr'><strong>Photi-</strong></span> 
     </span>
    </p>
   </div>
   <div class='ocr_carea' id='block_1_109' title="bbox 2015 3464 3602 3534">
    <p class='ocr_par' dir='ltr' id='par_1_109' title="bbox 2015 3464 3602 3534">
     <span class='ocr_line' id='line_1_111' title="bbox 2015 3464 3602 3534; baseline 0.005 -20"><span class='ocrx_word' id='word_1_822' title='bbox 2015 3475 2165 3534; x_wconf 81' lang='lat' dir='ltr'><strong>num,</strong></span> <span class='ocrx_word' id='word_1_823' title='bbox 2200 3477 2338 3530; x_wconf 62' lang='lat' dir='ltr'><strong>qum,</strong></span> <span class='ocrx_word' id='word_1_824' title='bbox 2372 3479 2494 3517; x_wconf 89' lang='lat' dir='ltr'><strong>cum</strong></span> <span class='ocrx_word' id='word_1_825' title='bbox 2520 3464 2786 3534; x_wconf 83' lang='lat' dir='ltr'><strong>relegatus</strong></span> <span class='ocrx_word' id='word_1_826' title='bbox 2807 3475 2910 3528; x_wconf 88' lang='lat' dir='ltr'><strong>est,</strong></span> <span class='ocrx_word' id='word_1_827' title='bbox 2943 3467 3082 3534; x_wconf 90' lang='lat' dir='ltr'><strong>apud</strong></span> <span class='ocrx_word' id='word_1_828' title='bbox 3096 3464 3402 3522; x_wconf 89' lang='lat' dir='ltr'><strong>Orientales</strong></span> <span class='ocrx_word' id='word_1_829' title='bbox 3423 3468 3602 3522; x_wconf 82' lang='lat' dir='ltr'><strong>novis-</strong></span> 
     </span>
    </p>
   </div>
   <div class='ocr_carea' id='block_1_110' title="bbox 2015 3531 3176 3604">
    <p class='ocr_par' dir='ltr' id='par_1_110' title="bbox 2015 3531 3176 3604">
     <span class='ocr_line' id='line_1_112' title="bbox 2015 3531 3176 3604; baseline 0.003 -18"><span class='ocrx_word' id='word_1_830' title='bbox 2015 3531 2151 3604; x_wconf 76' lang='lat' dir='ltr'><strong>sima</strong></span> <span class='ocrx_word' id='word_1_831' title='bbox 2178 3543 2312 3594; x_wconf 83' lang='lat' dir='ltr'><strong>erat.</strong></span> <span class='ocrx_word' id='word_1_832' title='bbox 2342 3548 2401 3588; x_wconf 93' lang='lat' dir='ltr'><strong>se</strong></span> <span class='ocrx_word' id='word_1_833' title='bbox 2431 3531 2816 3604; x_wconf 69' lang='lat' dir='ltr'><strong>subscripsisse</strong></span> <span class='ocrx_word' id='word_1_834' title='bbox 2844 3531 3176 3590; x_wconf 76' lang='lat' dir='ltr'><strong>testiﬁcatur.</strong></span> 
     </span>
    </p>
   </div>
   <div class='ocr_carea' id='block_1_111' title="bbox 2087 3601 3604 3676">
    <p class='ocr_par' dir='ltr' id='par_1_111' title="bbox 2087 3601 3604 3676">
     <span class='ocr_line' id='line_1_113' title="bbox 2087 3601 3604 3676; baseline 0.005 -18"><span class='ocrx_word' id='word_1_835' title='bbox 2087 3601 2438 3676; x_wconf 77' lang='lat' dir='ltr'><strong>Gravioribus</strong></span> <span class='ocrx_word' id='word_1_836' title='bbox 2455 3601 2740 3676; x_wconf 83' lang='lat' dir='ltr'><strong>momentis</strong></span> <span class='ocrx_word' id='word_1_837' title='bbox 2769 3605 2958 3660; x_wconf 89' lang='lat' dir='ltr'><strong>nititur</strong></span> <span class='ocrx_word' id='word_1_838' title='bbox 2977 3606 3177 3676; x_wconf 86' lang='lat' dir='ltr'><strong>opinio,</strong></span> <span class='ocrx_word' id='word_1_839' title='bbox 3207 3621 3313 3675; x_wconf 87' lang='lat' dir='ltr'><strong>qua</strong></span> <span class='ocrx_word' id='word_1_840' title='bbox 3338 3607 3604 3666; x_wconf 87' lang='lat' dir='ltr'><strong>Baronius</strong></span> 
     </span>
    </p>
   </div>
   <div class='ocr_carea' id='block_1_112' title="bbox 2015 3673 3602 3748">
    <p class='ocr_par' dir='ltr' id='par_1_112' title="bbox 2015 3673 3602 3748">
     <span class='ocr_line' id='line_1_114' title="bbox 2015 3673 3602 3748; baseline 0.004 -20"><span class='ocrx_word' id='word_1_841' title='bbox 2015 3673 2216 3744; x_wconf 89' lang='lat' dir='ltr'><strong>aliique</strong></span> <span class='ocrx_word' id='word_1_842' title='bbox 2237 3674 2510 3748; x_wconf 80' lang='lat' dir='ltr'><strong>Liberium</strong></span> <span class='ocrx_word' id='word_1_843' title='bbox 2531 3675 2780 3731; x_wconf 81' lang='lat' dir='ltr'><strong>secundae</strong></span> <span class='ocrx_word' id='word_1_844' title='bbox 2800 3673 3310 3732; x_wconf 55' lang='lat' dir='ltr'><strong>ectbesi&#39;b‘irmiensi</strong></span> <span class='ocrx_word' id='word_1_845' title='bbox 3327 3680 3602 3748; x_wconf 89' lang='lat' dir='ltr'><strong>subscrip-</strong></span> 
     </span>
    </p>
   </div>
   <div class='ocr_carea' id='block_1_113' title="bbox 2016 3747 3599 3835">
    <p class='ocr_par' dir='ltr' id='par_1_113' title="bbox 2016 3747 3599 3835">
     <span class='ocr_line' id='line_1_115' title="bbox 2016 3747 3599 3835; baseline 0.005 -37"><span class='ocrx_word' id='word_1_846' title='bbox 2016 3748 2153 3829; x_wconf 76' lang='lat' dir='ltr'><strong>sisse</strong></span> <span class='ocrx_word' id='word_1_847' title='bbox 2177 3747 2598 3835; x_wconf 51' lang='lat' dir='ltr'><strong>uegant.ml&#39;&gt;riiti_o</strong></span> <span class='ocrx_word' id='word_1_848' title='bbox 2627 3749 2769 3802; x_wconf 89' lang='lat' dir='ltr'><strong>enim</strong></span> <span class='ocrx_word' id='word_1_849' title='bbox 2795 3748 3016 3835; x_wconf 63' lang='lat' dir='ltr'><strong>quando</strong></span> <span class='ocrx_word' id='word_1_850' title='bbox 3033 3748 3146 3804; x_wconf 65' lang='lat' dir='ltr'><strong>haec</strong></span> <span class='ocrx_word' id='word_1_851' title='bbox 3170 3751 3472 3835; x_wconf 63' lang='lat' dir='ltr'><strong>conscripta</strong></span> <span class='ocrx_word' id='word_1_852' title='bbox 3495 3747 3599 3832; x_wconf 76' lang='lat' dir='ltr'><strong>est,</strong></span> 
     </span>
    </p>
   </div>
   <div class='ocr_carea' id='block_1_114' title="bbox 2011 3815 3598 3888">
    <p class='ocr_par' dir='ltr' id='par_1_114' title="bbox 2011 3815 3598 3888">
     <span class='ocr_line' id='line_1_116' title="bbox 2011 3815 3598 3888; baseline 0.004 -18"><span class='ocrx_word' id='word_1_853' title='bbox 2011 3816 2122 3888; x_wconf 85' lang='lat' dir='ltr'><strong>jam</strong></span> <span class='ocrx_word' id='word_1_854' title='bbox 2152 3815 2358 3872; x_wconf 81' lang='lat' dir='ltr'><strong>obierat</strong></span> <span class='ocrx_word' id='word_1_855' title='bbox 2387 3817 2703 3873; x_wconf 87' lang='lat' dir='ltr'><strong>Theodorus</strong></span> <span class='ocrx_word' id='word_1_856' title='bbox 2729 3835 2744 3883; x_wconf 85' lang='lat'><strong>;</strong></span> <span class='ocrx_word' id='word_1_857' title='bbox 2793 3815 3086 3888; x_wconf 85' lang='lat' dir='ltr'><strong>Cecropius</strong></span> <span class='ocrx_word' id='word_1_858' title='bbox 3117 3834 3274 3885; x_wconf 89' lang='lat' dir='ltr'><strong>vero,</strong></span> <span class='ocrx_word' id='word_1_859' title='bbox 3304 3815 3598 3888; x_wconf 81' lang='lat' dir='ltr'><strong>Eudoxius,</strong></span> 
     </span>
    </p>
   </div>
   <div class='ocr_carea' id='block_1_115' title="bbox 2016 3888 3602 3954">
    <p class='ocr_par' dir='ltr' id='par_1_115' title="bbox 2016 3888 3602 3954">
     <span class='ocr_line' id='line_1_117' title="bbox 2016 3888 3602 3954; baseline 0.003 -12"><span class='ocrx_word' id='word_1_860' title='bbox 2016 3896 2150 3953; x_wconf 89' lang='lat' dir='ltr'><strong>etc.,</strong></span> <span class='ocrx_word' id='word_1_861' title='bbox 2183 3888 2383 3942; x_wconf 88' lang='lat' dir='ltr'><strong>Sirmio</strong></span> <span class='ocrx_word' id='word_1_862' title='bbox 2411 3889 2673 3954; x_wconf 89' lang='lat' dir='ltr'><strong>aberant;</strong></span> <span class='ocrx_word' id='word_1_863' title='bbox 2702 3889 2917 3944; x_wconf 81' lang='lat' dir='ltr'><strong>demum</strong></span> <span class='ocrx_word' id='word_1_864' title='bbox 2962 3890 3010 3944; x_wconf 92' lang='lat' dir='ltr'><strong>ei</strong></span> <span class='ocrx_word' id='word_1_865' title='bbox 3036 3890 3103 3945; x_wconf 90' lang='lat' dir='ltr'><strong>ad</strong></span> <span class='ocrx_word' id='word_1_866' title='bbox 3133 3905 3192 3945; x_wconf 92' lang='lat' dir='ltr'><strong>se</strong></span> <span class='ocrx_word' id='word_1_867' title='bbox 3226 3890 3418 3946; x_wconf 59' lang='lat' dir='ltr'><strong>delata!</strong></span> <span class='ocrx_word' id='word_1_868' title='bbox 3449 3907 3602 3948; x_wconf 86' lang='lat' dir='ltr'><strong>acer-</strong></span> 
     </span>
    </p>
   </div>
   <div class='ocr_carea' id='block_1_116' title="bbox 2017 3957 3592 4028">
    <p class='ocr_par' dir='ltr' id='par_1_116' title="bbox 2017 3957 3592 4028">
     <span class='ocr_line' id='line_1_118' title="bbox 2017 3957 3592 4028; baseline 0.003 -14"><span class='ocrx_word' id='word_1_869' title='bbox 2017 3957 2154 4014; x_wconf 85' lang='lat' dir='ltr'><strong>rime</strong></span> <span class='ocrx_word' id='word_1_870' title='bbox 2177 3959 2442 4014; x_wconf 87' lang='lat' dir='ltr'><strong>adversati</strong></span> <span class='ocrx_word' id='word_1_871' title='bbox 2485 3970 2610 4014; x_wconf 91' lang='lat' dir='ltr'><strong>sunt</strong></span> <span class='ocrx_word' id='word_1_872' title='bbox 2641 3961 2887 4026; x_wconf 80' lang='lat' dir='ltr'><strong>Basilius,</strong></span> <span class='ocrx_word' id='word_1_873' title='bbox 2914 3961 3255 4017; x_wconf 86' lang='lat' dir='ltr'><strong>Macedonius</strong></span> <span class='ocrx_word' id='word_1_874' title='bbox 3275 4003 3290 4026; x_wconf 93' lang='lat'><strong>,</strong></span> <span class='ocrx_word' id='word_1_875' title='bbox 3318 3961 3592 4028; x_wconf 89' lang='lat' dir='ltr'><strong>Silvanus,</strong></span> 
     </span>
    </p>
   </div>
   <div class='ocr_carea' id='block_1_117' title="bbox 2016 4031 3602 4103">
    <p class='ocr_par' dir='ltr' id='par_1_117' title="bbox 2016 4031 3602 4103">
     <span class='ocr_line' id='line_1_119' title="bbox 2016 4031 3602 4103; baseline 0.003 -18"><span class='ocrx_word' id='word_1_876' title='bbox 2016 4039 2123 4085; x_wconf 91' lang='lat' dir='ltr'><strong>etc.</strong></span> <span class='ocrx_word' id='word_1_877' title='bbox 2151 4045 2286 4099; x_wconf 88' lang='lat' dir='ltr'><strong>quos</strong></span> <span class='ocrx_word' id='word_1_878' title='bbox 2303 4041 2482 4086; x_wconf 87' lang='lat' dir='ltr'><strong>tamen</strong></span> <span class='ocrx_word' id='word_1_879' title='bbox 2515 4046 2706 4086; x_wconf 90' lang='lat' dir='ltr'><strong>omnes</strong></span> <span class='ocrx_word' id='word_1_880' title='bbox 2733 4031 2868 4086; x_wconf 81' lang='lat' dir='ltr'><strong>infra</strong></span> <span class='ocrx_word' id='word_1_881' title='bbox 2899 4032 3160 4103; x_wconf 87' lang='lat' dir='ltr'><strong>habemus</strong></span> <span class='ocrx_word' id='word_1_882' title='bbox 3197 4034 3315 4103; x_wconf 88' lang='lat' dir='ltr'><strong>ejus</strong></span> <span class='ocrx_word' id='word_1_883' title='bbox 3359 4035 3602 4089; x_wconf 81' lang='lat' dir='ltr'><strong>formulae</strong></span> 
     </span>
    </p>
   </div>
   <div class='ocr_carea' id='block_1_118' title="bbox 2015 4102 3600 4167">
    <p class='ocr_par' dir='ltr' id='par_1_118' title="bbox 2015 4102 3600 4167">
     <span class='ocr_line' id='line_1_120' title="bbox 2015 4102 3600 4167; baseline 0.001 -9"><span class='ocrx_word' id='word_1_884' title='bbox 2015 4116 2134 4158; x_wconf 86' lang='lat' dir='ltr'><strong>esse</strong></span> <span class='ocrx_word' id='word_1_885' title='bbox 2160 4111 2426 4167; x_wconf 88' lang='lat' dir='ltr'><strong>auctores,</strong></span> <span class='ocrx_word' id='word_1_886' title='bbox 2457 4103 2541 4157; x_wconf 87' lang='lat' dir='ltr'><strong>cui</strong></span> <span class='ocrx_word' id='word_1_887' title='bbox 2587 4117 2646 4157; x_wconf 92' lang='lat' dir='ltr'><strong>se</strong></span> <span class='ocrx_word' id='word_1_888' title='bbox 2670 4105 3011 4159; x_wconf 90' lang='lat' dir='ltr'><strong>consensisse</strong></span> <span class='ocrx_word' id='word_1_889' title='bbox 3049 4102 3182 4159; x_wconf 92' lang='lat' dir='ltr'><strong>dicit</strong></span> <span class='ocrx_word' id='word_1_890' title='bbox 3202 4102 3464 4160; x_wconf 76' lang='lat' dir='ltr'><strong>Liberius.</strong></span> <span class='ocrx_word' id='word_1_891' title='bbox 3516 4104 3600 4160; x_wconf 86' lang='lat' dir='ltr'><strong>Ad</strong></span> 
     </span>
    </p>
   </div>
   <div class='ocr_carea' id='block_1_119' title="bbox 2016 4172 3602 4244">
    <p class='ocr_par' dir='ltr' id='par_1_119' title="bbox 2016 4172 3602 4244">
     <span class='ocr_line' id='line_1_121' title="bbox 2016 4172 3602 4244; baseline 0.002 -16"><span class='ocrx_word' id='word_1_892' title='bbox 2016 4172 2134 4228; x_wconf 70' lang='lat' dir='ltr'><strong>haec</strong></span> <span class='ocrx_word' id='word_1_893' title='bbox 2160 4173 2416 4228; x_wconf 70' lang='lat' dir='ltr'><strong>ri&#39;clamat</strong></span> <span class='ocrx_word' id='word_1_894' title='bbox 2444 4173 2692 4229; x_wconf 81' lang='lat' dir='ltr'><strong>Petavius</strong></span> <span class='ocrx_word' id='word_1_895' title='bbox 2717 4217 2729 4235; x_wconf 83' lang='lat'><strong>.</strong></span> <span class='ocrx_word' id='word_1_896' title='bbox 2765 4175 3062 4244; x_wconf 79' lang='lat' dir='ltr'><strong>subjectum</strong></span> <span class='ocrx_word' id='word_1_897' title='bbox 3101 4175 3451 4244; x_wconf 69' lang='lat' dir='ltr'><strong>appendicem</strong></span> <span class='ocrx_word' id='word_1_898' title='bbox 3492 4191 3602 4231; x_wconf 89' lang='lat' dir='ltr'><strong>non</strong></span> 
     </span>
    </p>
   </div>
   <div class='ocr_carea' id='block_1_120' title="bbox 2015 4243 3602 4314">
    <p class='ocr_par' dir='ltr' id='par_1_120' title="bbox 2015 4243 3602 4314">
     <span class='ocr_line' id='line_1_122' title="bbox 2015 4243 3602 4314; baseline 0.003 -16"><span class='ocrx_word' id='word_1_899' title='bbox 2015 4245 2084 4298; x_wconf 89' lang='lat' dir='ltr'><strong>ab</strong></span> <span class='ocrx_word' id='word_1_900' title='bbox 2115 4243 2336 4308; x_wconf 82' lang='lat' dir='ltr'><strong>Hilario,</strong></span> <span class='ocrx_word' id='word_1_901' title='bbox 2367 4245 2458 4300; x_wconf 90' lang='lat' dir='ltr'><strong>sed</strong></span> <span class='ocrx_word' id='word_1_902' title='bbox 2491 4247 2558 4299; x_wconf 81' lang='lat' dir='ltr'><strong>ab</strong></span> <span class='ocrx_word' id='word_1_903' title='bbox 2589 4245 2830 4313; x_wconf 88' lang='lat' dir='ltr'><strong>homine,</strong></span> <span class='ocrx_word' id='word_1_904' title='bbox 2868 4243 2964 4314; x_wconf 73' lang='lat' dir='ltr'><strong>Qui</strong></span> <span class='ocrx_word' id='word_1_905' title='bbox 2989 4243 3205 4302; x_wconf 65' lang='lat' dir='ltr'><strong>Arianae</strong></span> <span class='ocrx_word' id='word_1_906' title='bbox 3229 4257 3390 4302; x_wconf 69' lang='lat' dir='ltr'><strong>secta:</strong></span> <span class='ocrx_word' id='word_1_907' title='bbox 3417 4245 3602 4302; x_wconf 86' lang='lat' dir='ltr'><strong>divor-</strong></span> 
     </span>
    </p>
   </div>
   <div class='ocr_carea' id='block_1_121' title="bbox 2016 4315 3600 4388">
    <p class='ocr_par' dir='ltr' id='par_1_121' title="bbox 2016 4315 3600 4388">
     <span class='ocr_line' id='line_1_123' title="bbox 2016 4315 3600 4388; baseline 0 -17"><span class='ocrx_word' id='word_1_908' title='bbox 2016 4317 2087 4371; x_wconf 85' lang='lat' dir='ltr'><strong>tia</strong></span> <span class='ocrx_word' id='word_1_909' title='bbox 2118 4317 2388 4382; x_wconf 88' lang='lat' dir='ltr'><strong>nesciret,</strong></span> <span class='ocrx_word' id='word_1_910' title='bbox 2418 4315 2583 4388; x_wconf 79' lang='lat' dir='ltr'><strong>fuisse</strong></span> <span class='ocrx_word' id='word_1_911' title='bbox 2605 4317 2864 4372; x_wconf 86' lang='lat' dir='ltr'><strong>additam.</strong></span> <span class='ocrx_word' id='word_1_912' title='bbox 2891 4317 2967 4377; x_wconf 86' lang='lat' dir='ltr'><strong>Ita</strong></span> <span class='ocrx_word' id='word_1_913' title='bbox 2991 4318 3152 4374; x_wconf 89' lang='lat' dir='ltr'><strong>etiam</strong></span> <span class='ocrx_word' id='word_1_914' title='bbox 3177 4317 3400 4372; x_wconf 87' lang='lat' dir='ltr'><strong>verbum</strong></span> <span class='ocrx_word' id='word_1_915' title='bbox 3429 4320 3600 4388; x_wconf 84' lang='lat' dir='ltr'><strong>requi-</strong></span> 
     </span>
    </p>
   </div>
   <div class='ocr_carea' id='block_1_122' title="bbox 2013 4386 3603 4460">
    <p class='ocr_par' dir='ltr' id='par_1_122' title="bbox 2013 4386 3603 4460">
     <span class='ocr_line' id='line_1_124' title="bbox 2013 4386 3603 4460; baseline 0.003 -20"><span class='ocrx_word' id='word_1_916' title='bbox 2013 4389 2229 4442; x_wconf 83' lang='lat' dir='ltr'><strong>rendum</strong></span> <span class='ocrx_word' id='word_1_917' title='bbox 2253 4429 2266 4452; x_wconf 89' lang='lat'><strong>,</strong></span> <span class='ocrx_word' id='word_1_918' title='bbox 2292 4386 2433 4456; x_wconf 85' lang='lat' dir='ltr'><strong>quod</strong></span> <span class='ocrx_word' id='word_1_919' title='bbox 2450 4387 2515 4460; x_wconf 83' lang='lat' dir='ltr'><strong>in</strong></span> <span class='ocrx_word' id='word_1_920' title='bbox 2544 4389 2710 4459; x_wconf 90' lang='lat' dir='ltr'><strong>ipsius</strong></span> <span class='ocrx_word' id='word_1_921' title='bbox 2740 4388 2845 4444; x_wconf 83' lang='lat' dir='ltr'><strong>line</strong></span> <span class='ocrx_word' id='word_1_922' title='bbox 2880 4397 3089 4456; x_wconf 82' lang='lat' dir='ltr'><strong>exstat,</strong></span> <span class='ocrx_word' id='word_1_923' title='bbox 3117 4390 3169 4444; x_wconf 91' lang='lat' dir='ltr'><strong>in</strong></span> <span class='ocrx_word' id='word_1_924' title='bbox 3197 4391 3423 4460; x_wconf 77' lang='lat' dir='ltr'><strong>gratiam</strong></span> <span class='ocrx_word' id='word_1_925' title='bbox 3448 4386 3603 4445; x_wconf 84' lang='lat' dir='ltr'><strong>Peta-</strong></span> 
     </span>
    </p>
   </div>
   <div class='ocr_carea' id='block_1_123' title="bbox 2013 4459 3598 4532">
    <p class='ocr_par' dir='ltr' id='par_1_123' title="bbox 2013 4459 3598 4532">
     <span class='ocr_line' id='line_1_125' title="bbox 2013 4459 3598 4532; baseline 0.003 -21"><span class='ocrx_word' id='word_1_926' title='bbox 2013 4462 2188 4532; x_wconf 59' lang='lat' dir='ltr'><strong>uianie</strong></span> <span class='ocrx_word' id='word_1_927' title='bbox 2229 4459 2514 4532; x_wconf 66' lang='lat' dir='ltr'><strong>sententiae</strong></span> <span class='ocrx_word' id='word_1_928' title='bbox 2547 4462 2934 4532; x_wconf 85' lang='lat' dir='ltr'><strong>interpretatur</strong></span> <span class='ocrx_word' id='word_1_929' title='bbox 2965 4459 3273 4527; x_wconf 83' lang='lat' dir='ltr'><strong>nonnemo;</strong></span> <span class='ocrx_word' id='word_1_930' title='bbox 3317 4460 3470 4532; x_wconf 88' lang='lat' dir='ltr'><strong>quasi</strong></span> <span class='ocrx_word' id='word_1_931' title='bbox 3503 4461 3598 4515; x_wconf 83' lang='lat' dir='ltr'><strong>ad-</strong></span> 
     </span>
    </p>
   </div>
   <div class='ocr_carea' id='block_1_124' title="bbox 2017 4529 3604 4598">
    <p class='ocr_par' dir='ltr' id='par_1_124' title="bbox 2017 4529 3604 4598">
     <span class='ocr_line' id='line_1_126' title="bbox 2017 4529 3604 4598; baseline 0 -14"><span class='ocrx_word' id='word_1_932' title='bbox 2017 4529 2299 4586; x_wconf 91' lang='lat' dir='ltr'><strong>ditamenti</strong></span> <span class='ocrx_word' id='word_1_933' title='bbox 2323 4531 2481 4598; x_wconf 86' lang='lat' dir='ltr'><strong>hujus</strong></span> <span class='ocrx_word' id='word_1_934' title='bbox 2510 4529 2707 4587; x_wconf 76' lang='lat' dir='ltr'><strong>auctor</strong></span> <span class='ocrx_word' id='word_1_935' title='bbox 2733 4535 2969 4588; x_wconf 90' lang='lat' dir='ltr'><strong>incertus</strong></span> <span class='ocrx_word' id='word_1_936' title='bbox 2996 4547 3059 4588; x_wconf 91' lang='lat' dir='ltr'><strong>ac</strong></span> <span class='ocrx_word' id='word_1_937' title='bbox 3087 4532 3282 4588; x_wconf 88' lang='lat' dir='ltr'><strong>dubius</strong></span> <span class='ocrx_word' id='word_1_938' title='bbox 3301 4573 3316 4595; x_wconf 86' lang='lat'><strong>,</strong></span> <span class='ocrx_word' id='word_1_939' title='bbox 3335 4529 3351 4532; x_wconf 75' lang='grc'><em>’</em></span> <span class='ocrx_word' id='word_1_940' title='bbox 3370 4547 3484 4587; x_wconf 91' lang='lat' dir='ltr'><strong>rem</strong></span> <span class='ocrx_word' id='word_1_941' title='bbox 3517 4541 3604 4585; x_wconf 86' lang='lat' dir='ltr'><strong>to-</strong></span> 
     </span>
    </p>
   </div>
   <div class='ocr_carea' id='block_1_125' title="bbox 2021 4601 3602 4672">
    <p class='ocr_par' dir='ltr' id='par_1_125' title="bbox 2021 4601 3602 4672">
     <span class='ocr_line' id='line_1_127' title="bbox 2021 4601 3602 4672; baseline -0.001 -16"><span class='ocrx_word' id='word_1_942' title='bbox 2021 4609 2130 4656; x_wconf 90' lang='lat' dir='ltr'><strong>tam</strong></span> <span class='ocrx_word' id='word_1_943' title='bbox 2155 4601 2470 4672; x_wconf 88' lang='lat' dir='ltr'><strong>diligentius</strong></span> <span class='ocrx_word' id='word_1_944' title='bbox 2498 4605 2878 4658; x_wconf 74' lang='lat' dir='ltr'><strong>excutiendam</strong></span> <span class='ocrx_word' id='word_1_945' title='bbox 2921 4603 3020 4658; x_wconf 91' lang='lat' dir='ltr'><strong>hac</strong></span> <span class='ocrx_word' id='word_1_946' title='bbox 3051 4603 3234 4658; x_wconf 88' lang='lat' dir='ltr'><strong>notula</strong></span> <span class='ocrx_word' id='word_1_947' title='bbox 3261 4601 3602 4656; x_wconf 90' lang='lat' dir='ltr'><strong>admoneret.</strong></span> 
     </span>
    </p>
   </div>
   <div class='ocr_carea' id='block_1_126' title="bbox 2022 4672 3602 4742">
    <p class='ocr_par' dir='ltr' id='par_1_126' title="bbox 2022 4672 3602 4742">
     <span class='ocr_line' id='line_1_128' title="bbox 2022 4672 3602 4742; baseline -0.001 -14"><span class='ocrx_word' id='word_1_948' title='bbox 2022 4673 2130 4728; x_wconf 90' lang='lat' dir='ltr'><strong>Sed</strong></span> <span class='ocrx_word' id='word_1_949' title='bbox 2174 4688 2270 4738; x_wconf 87' lang='lat' dir='ltr'><strong>pro</strong></span> <span class='ocrx_word' id='word_1_950' title='bbox 2317 4672 2474 4742; x_wconf 86' lang='lat' dir='ltr'><strong>hujus</strong></span> <span class='ocrx_word' id='word_1_951' title='bbox 2524 4675 2837 4742; x_wconf 86' lang='lat' dir='ltr'><strong>appendicis</strong></span> <span class='ocrx_word' id='word_1_952' title='bbox 2863 4675 3091 4728; x_wconf 88' lang='lat' dir='ltr'><strong>veritate</strong></span> <span class='ocrx_word' id='word_1_953' title='bbox 3110 4673 3264 4728; x_wconf 89' lang='lat' dir='ltr'><strong>adest</strong></span> <span class='ocrx_word' id='word_1_954' title='bbox 3293 4688 3398 4726; x_wconf 93' lang='lat' dir='ltr'><strong>non</strong></span> <span class='ocrx_word' id='word_1_955' title='bbox 3427 4672 3602 4727; x_wconf 89' lang='lat' dir='ltr'><strong>solum</strong></span> 
     </span>
    </p>
   </div>
   <div class='ocr_carea' id='block_1_127' title="bbox 2023 4742 3606 4808">
    <p class='ocr_par' dir='ltr' id='par_1_127' title="bbox 2023 4742 3606 4808">
     <span class='ocr_line' id='line_1_129' title="bbox 2023 4742 3606 4808; baseline 0 -10"><span class='ocrx_word' id='word_1_956' title='bbox 2023 4760 2126 4798; x_wconf 92' lang='lat' dir='ltr'><strong>ms.</strong></span> <span class='ocrx_word' id='word_1_957' title='bbox 2177 4742 2468 4808; x_wconf 71' lang='lat' dir='ltr'><strong>Pitboeaui,</strong></span> <span class='ocrx_word' id='word_1_958' title='bbox 2497 4747 2591 4798; x_wconf 87' lang='lat' dir='ltr'><strong>sed</strong></span> <span class='ocrx_word' id='word_1_959' title='bbox 2618 4755 2671 4798; x_wconf 91' lang='lat' dir='ltr'><strong>et</strong></span> <span class='ocrx_word' id='word_1_960' title='bbox 2700 4745 3078 4800; x_wconf 75' lang='lat' dir='ltr'><strong>Cresconiana:</strong></span> <span class='ocrx_word' id='word_1_961' title='bbox 3104 4742 3442 4798; x_wconf 87' lang='lat' dir='ltr'><strong>collectionis</strong></span> <span class='ocrx_word' id='word_1_962' title='bbox 3476 4757 3606 4798; x_wconf 89' lang='lat' dir='ltr'><strong>auc-</strong></span> 
     </span>
    </p>
   </div>
   <div class='ocr_carea' id='block_1_128' title="bbox 2027 4812 3602 4884">
    <p class='ocr_par' dir='ltr' id='par_1_128' title="bbox 2027 4812 3602 4884">
     <span class='ocr_line' id='line_1_130' title="bbox 2027 4812 3602 4884; baseline 0 -16"><span class='ocrx_word' id='word_1_963' title='bbox 2027 4815 2234 4868; x_wconf 90' lang='lat' dir='ltr'><strong>toritas.</strong></span> <span class='ocrx_word' id='word_1_964' title='bbox 2277 4812 2462 4881; x_wconf 88' lang='lat' dir='ltr'><strong>Neque</strong></span> <span class='ocrx_word' id='word_1_965' title='bbox 2501 4816 2682 4868; x_wconf 88' lang='lat' dir='ltr'><strong>animo</strong></span> <span class='ocrx_word' id='word_1_966' title='bbox 2723 4814 2991 4870; x_wconf 80' lang='lat' dir='ltr'><strong>succurrit</strong></span> <span class='ocrx_word' id='word_1_967' title='bbox 3019 4857 3030 4877; x_wconf 85' lang='lat'><strong>,</strong></span> <span class='ocrx_word' id='word_1_968' title='bbox 3079 4828 3108 4866; x_wconf 91' lang='lat' dir='ltr'><strong>a</strong></span> <span class='ocrx_word' id='word_1_969' title='bbox 3135 4828 3241 4884; x_wconf 90' lang='lat' dir='ltr'><strong>quo</strong></span> <span class='ocrx_word' id='word_1_970' title='bbox 3265 4821 3324 4868; x_wconf 88' lang='lat' dir='ltr'><strong>et</strong></span> <span class='ocrx_word' id='word_1_971' title='bbox 3347 4829 3508 4884; x_wconf 87' lang='lat' dir='ltr'><strong>quam</strong></span> <span class='ocrx_word' id='word_1_972' title='bbox 3531 4814 3602 4868; x_wconf 90' lang='lat' dir='ltr'><strong>ob</strong></span> 
     </span>
    </p>
   </div>
   <div class='ocr_carea' id='block_1_129' title="bbox 2027 4885 3609 4954">
    <p class='ocr_par' dir='ltr' id='par_1_129' title="bbox 2027 4885 3609 4954">
     <span class='ocr_line' id='line_1_131' title="bbox 2027 4885 3609 4954; baseline -0.001 -14"><span class='ocrx_word' id='word_1_973' title='bbox 2027 4899 2243 4940; x_wconf 89' lang='lat' dir='ltr'><strong>causam</strong></span> <span class='ocrx_word' id='word_1_974' title='bbox 2275 4893 2352 4938; x_wconf 88' lang='lat' dir='ltr'><strong>tot</strong></span> <span class='ocrx_word' id='word_1_975' title='bbox 2371 4885 2612 4954; x_wconf 81' lang='lat' dir='ltr'><strong>episcopi</strong></span> <span class='ocrx_word' id='word_1_976' title='bbox 2642 4885 2966 4948; x_wconf 72' lang='lat' dir='ltr'><strong>excogitati:</strong></span> <span class='ocrx_word' id='word_1_977' title='bbox 3017 4901 3245 4954; x_wconf 90' lang='lat' dir='ltr'><strong>quorum</strong></span> <span class='ocrx_word' id='word_1_978' title='bbox 3277 4885 3492 4939; x_wconf 89' lang='lat' dir='ltr'><strong>nomina</strong></span> <span class='ocrx_word' id='word_1_979' title='bbox 3527 4886 3609 4938; x_wconf 87' lang='lat' dir='ltr'><strong>in-</strong></span> 
     </span>
    </p>
   </div>
   <div class='ocr_carea' id='block_1_130' title="bbox 2030 4955 3610 5024">
    <p class='ocr_par' dir='ltr' id='par_1_130' title="bbox 2030 4955 3610 5024">
     <span class='ocr_line' id='line_1_132' title="bbox 2030 4955 3610 5024; baseline 0.001 -15"><span class='ocrx_word' id='word_1_980' title='bbox 2030 4957 2416 5024; x_wconf 88' lang='lat' dir='ltr'><strong>terpolatorem</strong></span> <span class='ocrx_word' id='word_1_981' title='bbox 2457 4970 2636 5009; x_wconf 87' lang='lat' dir='ltr'><strong>rerum</strong></span> <span class='ocrx_word' id='word_1_982' title='bbox 2670 4955 2990 5010; x_wconf 72' lang='lat' dir='ltr'><strong>Arianarum</strong></span> <span class='ocrx_word' id='word_1_983' title='bbox 3044 4955 3229 5011; x_wconf 88' lang='lat' dir='ltr'><strong>rudem</strong></span> <span class='ocrx_word' id='word_1_984' title='bbox 3269 4959 3320 5011; x_wconf 89' lang='lat' dir='ltr'><strong>ei</strong></span> <span class='ocrx_word' id='word_1_985' title='bbox 3369 4955 3610 5024; x_wconf 85' lang='lat' dir='ltr'><strong>profecto</strong></span> 
     </span>
    </p>
   </div>
   <div class='ocr_carea' id='block_1_131' title="bbox 2017 5026 3601 5096">
    <p class='ocr_par' dir='ltr' id='par_1_131' title="bbox 2017 5026 3601 5096">
     <span class='ocr_line' id='line_1_133' title="bbox 2017 5026 3601 5096; baseline 0 -14"><span class='ocrx_word' id='word_1_986' title='bbox 2017 5043 2120 5082; x_wconf 88' lang='lat' dir='ltr'><strong>non</strong></span> <span class='ocrx_word' id='word_1_987' title='bbox 2145 5028 2390 5092; x_wconf 81' lang='lat' dir='ltr'><strong>sapient,</strong></span> <span class='ocrx_word' id='word_1_988' title='bbox 2439 5027 2528 5096; x_wconf 91' lang='lat' dir='ltr'><strong>qui</strong></span> <span class='ocrx_word' id='word_1_989' title='bbox 2569 5027 2838 5082; x_wconf 89' lang='lat' dir='ltr'><strong>Liberium</strong></span> <span class='ocrx_word' id='word_1_990' title='bbox 2863 5026 3147 5083; x_wconf 88' lang='lat' dir='ltr'><strong>Sirmiensi</strong></span> <span class='ocrx_word' id='word_1_991' title='bbox 3173 5026 3292 5081; x_wconf 90' lang='lat' dir='ltr'><strong>lidei</strong></span> <span class='ocrx_word' id='word_1_992' title='bbox 3342 5029 3467 5082; x_wconf 87' lang='lat' dir='ltr'><strong>anni</strong></span> <span class='ocrx_word' id='word_1_993' title='bbox 3499 5027 3601 5082; x_wconf 66' lang='lat'><strong>55&#39;!</strong></span> 
     </span>
    </p>
   </div>
   <div class='ocr_carea' id='block_1_132' title="bbox 2015 5095 3602 5170">
    <p class='ocr_par' dir='ltr' id='par_1_132' title="bbox 2015 5095 3602 5170">
     <span class='ocr_line' id='line_1_134' title="bbox 2015 5095 3602 5170; baseline -0.003 -16"><span class='ocrx_word' id='word_1_994' title='bbox 2015 5098 2404 5168; x_wconf 85' lang='lat' dir='ltr'><strong>subscripsisse</strong></span> <span class='ocrx_word' id='word_1_995' title='bbox 2428 5095 2702 5153; x_wconf 87' lang='lat' dir='ltr'><strong>defendet.</strong></span> <span class='ocrx_word' id='word_1_996' title='bbox 2735 5098 2888 5166; x_wconf 84' lang='lat' dir='ltr'><strong>Quod</strong></span> <span class='ocrx_word' id='word_1_997' title='bbox 2905 5098 2968 5152; x_wconf 78' lang='lat' dir='ltr'><strong>ad</strong></span> <span class='ocrx_word' id='word_1_998' title='bbox 2990 5098 3210 5152; x_wconf 89' lang='lat' dir='ltr'><strong>verbum</strong></span> <span class='ocrx_word' id='word_1_999' title='bbox 3237 5098 3602 5170; x_wconf 81' lang='lat' dir='ltr'><strong>requirendum</strong></span> 
     </span>
    </p>
   </div>
   <div class='ocr_carea' id='block_1_133' title="bbox 2015 5169 3604 5237">
    <p class='ocr_par' dir='ltr' id='par_1_133' title="bbox 2015 5169 3604 5237">
     <span class='ocr_line' id='line_1_135' title="bbox 2015 5169 3604 5237; baseline -0.001 -14"><span class='ocrx_word' id='word_1_1000' title='bbox 2015 5171 2230 5236; x_wconf 87' lang='lat' dir='ltr'><strong>attinet,</strong></span> <span class='ocrx_word' id='word_1_1001' title='bbox 2258 5171 2574 5225; x_wconf 90' lang='lat' dir='ltr'><strong>amauuensi</strong></span> <span class='ocrx_word' id='word_1_1002' title='bbox 2595 5171 2728 5224; x_wconf 89' lang='lat' dir='ltr'><strong>alias</strong></span> <span class='ocrx_word' id='word_1_1003' title='bbox 2749 5171 2910 5226; x_wconf 90' lang='lat' dir='ltr'><strong>etiam</strong></span> <span class='ocrx_word' id='word_1_1004' title='bbox 2935 5171 3246 5224; x_wconf 90' lang='lat' dir='ltr'><strong>dormitanti</strong></span> <span class='ocrx_word' id='word_1_1005' title='bbox 3274 5169 3370 5237; x_wconf 86' lang='lat' dir='ltr'><strong>pro</strong></span> <span class='ocrx_word' id='word_1_1006' title='bbox 3395 5169 3500 5226; x_wconf 86' lang='lat' dir='ltr'><strong>alio</strong></span> <span class='ocrx_word' id='word_1_1007' title='bbox 3533 5173 3604 5222; x_wconf 90' lang='lat' dir='ltr'><strong>ir-</strong></span> 
     </span>
    </p>
   </div>
   <div class='ocr_carea' id='block_1_134' title="bbox 2015 5239 3607 5312">
    <p class='ocr_par' dir='ltr' id='par_1_134' title="bbox 2015 5239 3607 5312">
     <span class='ocr_line' id='line_1_136' title="bbox 2015 5239 3607 5312; baseline -0.002 -17"><span class='ocrx_word' id='word_1_1008' title='bbox 2015 5242 2253 5312; x_wconf 76' lang='lat' dir='ltr'><strong>repsisse</strong></span> <span class='ocrx_word' id='word_1_1009' title='bbox 2282 5241 2439 5297; x_wconf 81' lang='lat' dir='ltr'><strong>facile</strong></span> <span class='ocrx_word' id='word_1_1010' title='bbox 2467 5242 2773 5311; x_wconf 85' lang='lat' dir='ltr'><strong>cogitatur;</strong></span> <span class='ocrx_word' id='word_1_1011' title='bbox 2822 5242 3054 5297; x_wconf 81' lang='lat' dir='ltr'><strong>maxime</strong></span> <span class='ocrx_word' id='word_1_1012' title='bbox 3081 5255 3204 5296; x_wconf 89' lang='lat' dir='ltr'><strong>cum</strong></span> <span class='ocrx_word' id='word_1_1013' title='bbox 3225 5240 3482 5312; x_wconf 90' lang='lat' dir='ltr'><strong>ejusloco</strong></span> <span class='ocrx_word' id='word_1_1014' title='bbox 3501 5239 3607 5312; x_wconf 81' lang='lat' dir='ltr'><strong>Ba-</strong></span> 
     </span>
    </p>
   </div>
   <div class='ocr_carea' id='block_1_135' title="bbox 2017 5311 3604 5384">
    <p class='ocr_par' dir='ltr' id='par_1_135' title="bbox 2017 5311 3604 5384">
     <span class='ocr_line' id='line_1_137' title="bbox 2017 5311 3604 5384; baseline -0.002 -16"><span class='ocrx_word' id='word_1_1015' title='bbox 2017 5311 2203 5369; x_wconf 87' lang='lat' dir='ltr'><strong>ronius</strong></span> <span class='ocrx_word' id='word_1_1016' title='bbox 2230 5315 2282 5368; x_wconf 90' lang='lat' dir='ltr'><strong>in</strong></span> <span class='ocrx_word' id='word_1_1017' title='bbox 2305 5327 2436 5384; x_wconf 80' lang='lat' dir='ltr'><strong>mss.</strong></span> <span class='ocrx_word' id='word_1_1018' title='bbox 2471 5315 2583 5368; x_wconf 85' lang='lat' dir='ltr'><strong>suis</strong></span> <span class='ocrx_word' id='word_1_1019' title='bbox 2607 5314 2872 5384; x_wconf 90' lang='lat' dir='ltr'><strong>repererit</strong></span> <span class='ocrx_word' id='word_1_1020' title='bbox 2897 5323 2944 5368; x_wconf 86' lang='lat' dir='ltr'><strong>et</strong></span> <span class='ocrx_word' id='word_1_1021' title='bbox 2965 5313 3078 5384; x_wconf 84' lang='lat' dir='ltr'><strong>alii.</strong></span> <span class='ocrx_word' id='word_1_1022' title='bbox 3122 5313 3233 5368; x_wconf 90' lang='lat' dir='ltr'><strong>Hoc</strong></span> <span class='ocrx_word' id='word_1_1023' title='bbox 3256 5312 3479 5368; x_wconf 91' lang='lat' dir='ltr'><strong>verbum</strong></span> <span class='ocrx_word' id='word_1_1024' title='bbox 3501 5311 3604 5384; x_wconf 82' lang='lat' dir='ltr'><strong>ali-</strong></span> 
     </span>
    </p>
   </div>
   <div class='ocr_carea' id='block_1_136' title="bbox 2016 5382 3605 5455">
    <p class='ocr_par' dir='ltr' id='par_1_136' title="bbox 2016 5382 3605 5455">
     <span class='ocr_line' id='line_1_138' title="bbox 2016 5382 3605 5455; baseline -0.001 -15"><span class='ocrx_word' id='word_1_1025' title='bbox 2016 5394 2098 5442; x_wconf 92' lang='lat' dir='ltr'><strong>ter</strong></span> <span class='ocrx_word' id='word_1_1026' title='bbox 2147 5387 2384 5455; x_wconf 83' lang='lat' dir='ltr'><strong>explicat</strong></span> <span class='ocrx_word' id='word_1_1027' title='bbox 2411 5382 2728 5451; x_wconf 79' lang='lat' dir='ltr'><strong>Salmasius,</strong></span> <span class='ocrx_word' id='word_1_1028' title='bbox 2759 5385 2898 5439; x_wconf 83' lang='lat' dir='ltr'><strong>notis</strong></span> <span class='ocrx_word' id='word_1_1029' title='bbox 2947 5385 3000 5439; x_wconf 91' lang='lat' dir='ltr'><strong>in</strong></span> <span class='ocrx_word' id='word_1_1030' title='bbox 3031 5383 3349 5440; x_wconf 87' lang='lat' dir='ltr'><strong>Tertulliani</strong></span> <span class='ocrx_word' id='word_1_1031' title='bbox 3396 5385 3495 5442; x_wconf 90' lang='lat' dir='ltr'><strong>lib.</strong></span> <span class='ocrx_word' id='word_1_1032' title='bbox 3533 5382 3605 5439; x_wconf 88' lang='lat' dir='ltr'><strong>de</strong></span> 
     </span>
    </p>
   </div>
   <div class='ocr_carea' id='block_1_137' title="bbox 2019 5455 3604 5528">
    <p class='ocr_par' dir='ltr' id='par_1_137' title="bbox 2019 5455 3604 5528">
     <span class='ocr_line' id='line_1_139' title="bbox 2019 5455 3604 5528; baseline -0.003 -15"><span class='ocrx_word' id='word_1_1033' title='bbox 2019 5456 2194 5513; x_wconf 91' lang='lat' dir='ltr'><strong>Pallio</strong></span> <span class='ocrx_word' id='word_1_1034' title='bbox 2218 5472 2271 5528; x_wconf 89' lang='lat' dir='ltr'><strong>p.</strong></span> <span class='ocrx_word' id='word_1_1035' title='bbox 2296 5455 2429 5512; x_wconf 75' lang='grc'><strong>425.</strong></span> <span class='ocrx_word' id='word_1_1036' title='bbox 2473 5461 2550 5512; x_wconf 85' lang='lat' dir='ltr'><strong>Ac</strong></span> <span class='ocrx_word' id='word_1_1037' title='bbox 2572 5456 2759 5528; x_wconf 15' lang='lat' dir='ltr'><strong>primo,</strong></span> <span class='ocrx_word' id='word_1_1038' title='bbox 2775 5455 2992 5526; x_wconf 90' lang='lat' dir='ltr'><strong>quidem</strong></span> <span class='ocrx_word' id='word_1_1039' title='bbox 3015 5455 3265 5510; x_wconf 88' lang='lat' dir='ltr'><strong>observat</strong></span> <span class='ocrx_word' id='word_1_1040' title='bbox 3286 5497 3330 5528; x_wconf 28' lang='grc' dir='ltr'><strong>,η</strong></span> <span class='ocrx_word' id='word_1_1041' title='bbox 3351 5456 3604 5526; x_wconf 89' lang='lat' dir='ltr'><strong>antiquos</strong></span> 
     </span>
    </p>
   </div>
   <div class='ocr_carea' id='block_1_138' title="bbox 2019 5527 3597 5595">
    <p class='ocr_par' dir='ltr' id='par_1_138' title="bbox 2019 5527 3597 5595">
     <span class='ocr_line' id='line_1_140' title="bbox 2019 5527 3597 5595; baseline -0.003 -11"><span class='ocrx_word' id='word_1_1042' title='bbox 2019 5527 2274 5584; x_wconf 86' lang='lat' dir='ltr'><strong>librarios</strong></span> <span class='ocrx_word' id='word_1_1043' title='bbox 2313 5529 2544 5583; x_wconf 90' lang='lat' dir='ltr'><strong>litteram</strong></span> <span class='ocrx_word' id='word_1_1044' title='bbox 2575 5528 2696 5582; x_wconf 88' lang='lat' dir='ltr'><strong>riis</strong></span> <span class='ocrx_word' id='word_1_1045' title='bbox 2747 5527 2881 5582; x_wconf 90' lang='lat' dir='ltr'><strong>locis</strong></span> <span class='ocrx_word' id='word_1_1046' title='bbox 2923 5541 3197 5595; x_wconf 89' lang='lat' dir='ltr'><strong>apponere</strong></span> <span class='ocrx_word' id='word_1_1047' title='bbox 3234 5527 3423 5581; x_wconf 86' lang='lat' dir='ltr'><strong>solitos</strong></span> <span class='ocrx_word' id='word_1_1048' title='bbox 3453 5540 3597 5594; x_wconf 88' lang='lat' dir='ltr'><strong>esse,</strong></span> 
     </span>
    </p>
   </div>
   <div class='ocr_carea' id='block_1_139' title="bbox 2020 5597 3605 5672">
    <p class='ocr_par' dir='ltr' id='par_1_139' title="bbox 2020 5597 3605 5672">
     <span class='ocr_line' id='line_1_141' title="bbox 2020 5597 3605 5672; baseline -0.001 -19"><span class='ocrx_word' id='word_1_1049' title='bbox 2020 5600 2217 5672; x_wconf 89' lang='lat' dir='ltr'><strong>quibus</strong></span> <span class='ocrx_word' id='word_1_1050' title='bbox 2265 5597 2467 5672; x_wconf 85' lang='lat' dir='ltr'><strong>aliquid</strong></span> <span class='ocrx_word' id='word_1_1051' title='bbox 2495 5598 2730 5672; x_wconf 19' lang='lat' dir='ltr'><strong>Adeesset</strong></span> <span class='ocrx_word' id='word_1_1052' title='bbox 2755 5597 2834 5672; x_wconf 85' lang='lat' dir='ltr'><strong>ad</strong></span> <span class='ocrx_word' id='word_1_1053' title='bbox 2890 5598 3172 5672; x_wconf 57' lang='lat' dir='ltr'><strong>sententiae</strong></span> <span class='ocrx_word' id='word_1_1054' title='bbox 3208 5597 3605 5672; x_wconf 77' lang='lat' dir='ltr'><strong>integritatem,</strong></span> 
     </span>
    </p>
   </div>
   <div class='ocr_carea' id='block_1_140' title="bbox 2021 5667 3604 5740">
    <p class='ocr_par' dir='ltr' id='par_1_140' title="bbox 2021 5667 3604 5740">
     <span class='ocr_line' id='line_1_142' title="bbox 2021 5667 3604 5740; baseline -0.003 -14"><span class='ocrx_word' id='word_1_1055' title='bbox 2021 5667 2164 5740; x_wconf 73' lang='lat' dir='ltr'><strong>quod</strong></span> <span class='ocrx_word' id='word_1_1056' title='bbox 2197 5667 2395 5740; x_wconf 86' lang='lat' dir='ltr'><strong>requiri</strong></span> <span class='ocrx_word' id='word_1_1057' title='bbox 2423 5669 2648 5726; x_wconf 89' lang='lat' dir='ltr'><strong>deberet</strong></span> <span class='ocrx_word' id='word_1_1058' title='bbox 2667 5679 2723 5724; x_wconf 91' lang='lat' dir='ltr'><strong>et</strong></span> <span class='ocrx_word' id='word_1_1059' title='bbox 2751 5669 3082 5740; x_wconf 87' lang='lat' dir='ltr'><strong>investigari.</strong></span> <span class='ocrx_word' id='word_1_1060' title='bbox 3123 5667 3290 5738; x_wconf 90' lang='lat' dir='ltr'><strong>Cujus</strong></span> <span class='ocrx_word' id='word_1_1061' title='bbox 3311 5667 3388 5724; x_wconf 83' lang='lat' dir='ltr'><strong>rei</strong></span> <span class='ocrx_word' id='word_1_1062' title='bbox 3415 5684 3604 5724; x_wconf 82' lang='lat' dir='ltr'><strong>exem-</strong></span> 
     </span>
    </p>
   </div>
   <div class='ocr_carea' id='block_1_141' title="bbox 2023 5739 3606 5813">
    <p class='ocr_par' dir='ltr' id='par_1_141' title="bbox 2023 5739 3606 5813">
     <span class='ocr_line' id='line_1_143' title="bbox 2023 5739 3606 5813; baseline -0.001 -17"><span class='ocrx_word' id='word_1_1063' title='bbox 2023 5739 2110 5813; x_wconf 84' lang='lat' dir='ltr'><strong>pla</strong></span> <span class='ocrx_word' id='word_1_1064' title='bbox 2141 5739 2378 5813; x_wconf 16' lang='lat' dir='ltr'><strong>singulis,</strong></span> <span class='ocrx_word' id='word_1_1065' title='bbox 2397 5741 2510 5813; x_wconf 71' lang='lat' dir='ltr'><strong>lere</strong></span> <span class='ocrx_word' id='word_1_1066' title='bbox 2539 5741 2744 5813; x_wconf 80' lang='lat' dir='ltr'><strong>paginis</strong></span> <span class='ocrx_word' id='word_1_1067' title='bbox 2773 5739 2994 5813; x_wconf 55' lang='lat' dir='ltr'><strong>exhibet</strong></span> <span class='ocrx_word' id='word_1_1068' title='bbox 3020 5739 3270 5813; x_wconf 86' lang='lat' dir='ltr'><strong>antiquus</strong></span> <span class='ocrx_word' id='word_1_1069' title='bbox 3302 5750 3355 5810; x_wconf 84' lang='lat' dir='ltr'><strong>et</strong></span> <span class='ocrx_word' id='word_1_1070' title='bbox 3382 5755 3606 5813; x_wconf 72' lang='lat' dir='ltr'><strong>accura-</strong></span> 
     </span>
    </p>
   </div>
   <div class='ocr_carea' id='block_1_142' title="bbox 2026 5807 3608 5884">
    <p class='ocr_par' dir='ltr' id='par_1_142' title="bbox 2026 5807 3608 5884">
     <span class='ocr_line' id='line_1_144' title="bbox 2026 5807 3608 5884; baseline -0.003 -15"><span class='ocrx_word' id='word_1_1071' title='bbox 2026 5807 2111 5869; x_wconf 77' lang='lat' dir='ltr'><strong>ius</strong></span> <span class='ocrx_word' id='word_1_1072' title='bbox 2157 5807 2327 5870; x_wconf 77' lang='lat' dir='ltr'><strong>codex</strong></span> <span class='ocrx_word' id='word_1_1073' title='bbox 2365 5811 2581 5881; x_wconf 85' lang='lat' dir='ltr'><strong>Majoris</strong></span> <span class='ocrx_word' id='word_1_1074' title='bbox 2611 5807 2920 5868; x_wconf 77' lang='lat' dir='ltr'><strong>monasterii</strong></span> <span class='ocrx_word' id='word_1_1075' title='bbox 2953 5807 3478 5884; x_wconf 38' lang='lat' dir='ltr'><strong>Torum—plerosque</strong></span> <span class='ocrx_word' id='word_1_1076' title='bbox 3517 5807 3608 5866; x_wconf 47' lang='lat' dir='ltr'><strong>&quot;in</strong></span> 
     </span>
    </p>
   </div>
  </div>
