4100 6196
447 306 545 362 (itii

447 422 571 488 lavi,
601 435 701 474 non
730 425 988 488 upostuta.
1023 413 1261 468 Liberius
1301 409 1599 482 sequentia)
1636 427 1651 465 :
1686 410 1751 464 ab
1796 408 2049 464 omnibus
2075 409 2125 469 Α

448 517 542 586 qui
595 517 647 568 in
704 509 958 582 praesenti
1005 507 1255 573 fuerunt;
1305 505 1445 560 hanc
1489 518 1593 575 ego
1633 502 1821 557 libenti
1865 504 2050 557 animo

452 606 620 680 679
646 602 722 678 (a)
750 600 967 670 suscepi
1021 599 1041 671 (
1074 600 1359 652 Anathema
1388 596 1477 650 tibi
1504 614 1536 650 a
1562 612 1641 650 me
1666 595 1857 650 dictum
1885 634 1900 658 ,
1960 590 2048 648 Li;

450 700 580 765 beri,
628 707 677 751 et
704 695 858 750 sociis
889 694 1037 761 tuis),
1063 692 1119 759 iu
1155 691 1301 745 nullo
1324 685 1622 745 contradixi
1653 729 1666 753 ,
1725 694 2050 742 consensum

457 786 895 856 accommodavi,
964 785 1100 839 hanc
1154 798 1394 853 sequor,
1448 782 1562 836 lucc
1606 796 1635 835 a
1692 795 1777 834 me
1840 788 2054 835 tenetur

456 882 678 957 (lterum
721 880 812 935 tibi
846 879 1120 932 anathema
1150 886 1195 931 et
1225 877 1391 943 tertio,
1439 875 1802 944 prmuaricator
1826 872 2048 944 Liberi).

458 977 603 1034 Sane
652 972 938 1044 petendam
988 970 1194 1026 credidi
1219 970 1566 1025 sanctitatem
1595 974 1874 1033 vestram,
1928 967 2053 1038 quia

451 1069 561 1141 jam
592 1065 887 1138 pervidetis
939 1066 990 1118 in
1038 1062 1291 1118 omnibus
1326 1078 1412 1117 me
1441 1060 1598 1116 vobis
1623 1068 2050 1116 consentaneum

451 1176 610 1229 esse,
659 1159 953 1232 dignemini
1000 1158 1273 1213 communi
1322 1155 1550 1211 consilio
1580 1170 1643 1210 ac
1683 1153 1865 1210 studio
1893 1153 2047 1209 labo-

453 1271 597 1322 rare,
628 1264 893 1321 quatenus
915 1252 982 1305 de
1010 1250 1204 1306 exsilio
1221 1249 1329 1320 jam
1363 1249 1624 1315 dimittar,
1680 1256 1735 1304 et
1763 1247 1830 1302 ad
1857 1246 2048 1303 sedem

448 1364 570 1421 qua:
599 1346 729 1403 mihi
761 1344 1020 1401 divinitus
1047 1341 1251 1399 credita
1280 1351 1363 1398 est
1392 1350 1662 1397 revertar.

448 1513 573 1570 larii
612 1514 665 1567 in
706 1511 944 1582 psalmos
969 1508 1254 1582 Tractatus
1274 1504 1581 1582 continens.
1630 1502 1767 1582 Tu_m
1800 1504 2051 1582 opinatur

443 1586 678 1640 litteram
708 1574 1020 1652 prmdictam
1080 1581 1149 1632 ab
1181 1578 1362 1652 aliquo
1409 1574 1653 1652 studioso
1699 1574 1750 1627 in
1783 1589 1876 1652 ora
1929 1574 2050 1652 libri

449 1643 726 1717 notatam;
745 1668 846 1722 qua
875 1656 1121 1704 moneret.
1148 1643 1533 1722 requirendum
1567 1658 1689 1722 esse
1720 1646 1939 1722 quinam
1970 1643 2048 1722 illi

448 1734 633 1781 es~ent
676 1717 776 1778 ibi'
800 1722 1060 1776 nominati
1092 1762 1106 1786 ,
1156 1732 1453 1788 qttarntnve
1480 1717 1756 1771 civitatum
1782 1717 2044 1785 cpisc0pi.

1654 291 1900 350 SANCTI
1944 287 2202 347 ΗΙΙΑΠΙΙ
2243 289 2554 345 EPISCOPI

3652 281 3761 334 (:92

2228 407 2281 460 7.
2310 404 2459 464 Fidei
2488 406 2600 477 ejus
2642 406 2728 476 qui
2764 412 3022 459 auctores.
3077 432 3147 442 —
3202 400 3524 457 (Perﬁdiam
3570 411 3758 454 autem

2153 499 2300 568 apud
2331 499 2585 555 Sirmium
2613 497 2964 566 descriptam,
2996 496 3163 568 680
3205 510 3367 566 quam
3418 494 3546 549 dicit
3588 492 3754 548 Libe-

2154 596 2263 650 rius
2289 592 2635 657 catholicam,
2663 607 2691 646 a
2724 590 3041 661 Dem0philo
3064 590 3165 644 sibi
3185 589 3510 659 expositam,
3542 587 3596 641 lii
3626 597 3760 641 sunt

2154 687 2244 756 qui
2274 685 2709 754 conscripserunt
2748 701 2761 737 :
2793 683 3097 747 Narcissus,
3130 681 3473 747 Theodorus,
3500 679 3757 746 Basilius,

2156 778 2432 835 Eudoxius
2456 822 2470 845 ,
2502 777 2873 847 DemOpbilus,
2907 776 3204 843 Cecropius
3227 817 3241 840 ,
3272 776 3545 838 Silvanus,
3581 773 3753 829 Ursa-

2161 872 2298 937 cius,
2341 868 2560 938 Valens,
2594 870 2875 939 Evagrius,
2910 866 2983 942 (b)
3010 869 3299 941 llyrenius,
3334 866 3756 936 Exuperantius,

2162 966 2540 1030 Terentianus,
2583 966 2658 1038 (c)
2713 965 2937 1030 Bassus,
2976 962 3334 1026 Gaudentius,
3381 946 3758 1029 Macedonius,

2159 1059 2239 1131 (ἀ)
2268 1054 2531 1124 Martinus,
2565 1059 2799 1123 Acticns,
2835 1057 3029 1121 Julius,
3065 1056 3312 1123 Surinus,
3354 1054 3667 1125 Simplicius
3698 1063 3759 1110 et

2160 1151 2232 1228 (e)
2258 1153 2471 1221 Juoior,
2512 1150 2946 1224 (requirendum)
2975 1164 3163 1207 omnes
3192 1148 3491 1206 haeretici.»

2155 1512 2211 1558 et
2234 1503 2373 1559 intra
2400 1510 2615 1571 tempus
2635 1504 2913 1559 exstitisse
2956 1502 3083 1557 olim
3115 1502 3488 1572 asserentibus
3510 1544 3525 1566 ,
3574 1511 3767 1572 postea

2155 1589 2289 1630 vero
2314 1574 2597 1630 Sirmiensi
2635 1574 2774 1641 ﬁde,
2836 1573 3139 1645 Ancyranis
3172 1571 3419 1645 decretis
3470 1571 3766 1645 illuétrata,

2155 1652 2282 1702 ante
2312 1657 2553 1714 tempora
2601 1654 2655 1700 et
2687 1662 2752 1699 ex
2787 1645 2877 1699 Dei
2916 1643 3216 1699 substantia
3242 1644 3626 1700 conﬁtentibus
3647 1689 3663 1709 ,
3695 1644 3767 1700 ad

2153 1730 2337 1772 veram
2365 1716 2524 1773 ﬁdem
2554 1718 2818 1785 proﬁcere
2843 1716 2939 1770 fuit
2958 1760 2971 1778 ,
2997 1724 3053 1770 et
3074 1714 3308 1782 quodam
3341 1715 3506 1769 modo
3525 1716 3764 1771 catholi-

448 1799 559 1853 Nos
586 1805 768 1849 autem
790 1794 927 1871 hanc
948 1785 1129 1846 notam
1154 1785 1454 1871 appositam
1464 1789 1806 1871 suSpicamur
1829 1796 2047 1871 propter
2079 1812 2125 1871 Β
2157 1804 2251 1870 eos
2277 1789 2528 1843 evadere.
2562 1785 2760 1843 Contra
2783 1788 3348 1871 LiberipSirpiensis
3380 1785 3503 1867 ﬁdei
3532 1788 3757 1870 confes-

451 1882 614 1923 nnum
646 1881 841 1920 nomen
869 1863 1087 1930 Iunior,
1121 1861 1263 1930 quod
1285 1860 1609 1928 adjectivnm
1645 1860 1812 1926 magis
1836 1859 2050 1914 videtur

449 1956 610 2010 quam
645 1937 919 2010 proprium
955 1977 968 1999 ,
1017 1948 1068 1988 et
1113 1931 1252 2010 apud
1287 1931 1584 2010 Baroninm
1608 1944 1712 1983 non
1749 1938 2046 2010 comparet.

454 2000 990 2066 Postremo-verbum
1026 2000 1408 2075 requirendum,
1444 2000 1585 2071 quod
1609 2002 1888 2075 marginali
1922 2012 2049 2055 nota

456 2080 948 2151 resigniﬁcabatnr,
979 2076 1046 2130 ab
1070 2072 1249 2151 aliquo
1280 2075 1331 2151 in
1361 2081 1564 2151 textum
1594 2072 2052 2151 translatnmesse

448 2141 742 2221 coniectat.
775 2150 868 2203 His
894 2141 960 2201 de
991 2141 1171 2201 verbo
1188 2143 1553 2221 requirendum
1578 2143 1807 2208 notatis,
1853 2143 1919 2197 ad
1969 2146 2051 2197 itt-

450 2216 694 2279 stitutam
722 2221 1075 2290 questionem
1110 2216 1413 2290 redeamus.

525 2295 579 2350 Si
605 2284 801 2347 Liberii
829 2289 1208 2359 expentlantur
1236 2286 1398 2359 verba
1426 2327 1440 2347 ,
1473 2284 1714 2359 planum
1747 2284 1836 2338 ﬁet
1863 2285 1928 2359 ad
1964 2300 2052 2339 se-

458 2365 688 2421 cundam
721 2354 1077 2417 Sirmiensem
1108 2358 1389 2412 formulam
1417 2356 1635 2410 minime
1664 2369 1785 2411 esse
1810 2354 2053 2411 referen-

454 2436 542 2491 da.
577 2433 950 2489 Orientalibus
981 2431 1123 2486 enim
1157 2430 1359 2495 primas
1390 2428 1596 2483 litteras
1624 2440 1751 2481 suas
1778 2426 2048 2494 inscribit,

455 2518 566 2561 tum
600 2506 667 2560 de
716 2505 855 2559 datis
894 2503 959 2557 ad
989 2500 1291 2556 Orientales
1327 2498 1520 2552 litteris
1554 2496 1830 2552 Ursacium
1861 2506 1915 2552 et
1940 2497 2050 2553 Va-

456 2579 655 2632 lentem
676 2619 689 2642 ,
739 2591 802 2631 ac
832 2572 1171 2642 postmodum
1201 2570 1544 2642 Vincentium
1582 2568 2049 2642 elltalgsrepisco-

455 2666 556 2719 pos
585 2639 1058 2703 studiose-monet.
1093 2641 1248 2719 Unde
1273 2655 1406 2719 _ve_ro
1436 2650 1577 2719 tanta
1604 2643 1661 2719 (ξὶ⁵
1678 2639 1729 2693 in
1745 2639 2051 2719 Orientales

456 2710 675 2780 ﬁducia,
712 2719 811 2772 nisi
846 2719 967 2784 quia
996 2730 1185 2770 eorum
1218 2712 1340 2769 ﬁdei
1370 2710 1782 2784 subscripsisset
1810 2712 1833 2784 i
1883 2712 2049 2784 At_qui

460 2790 823 2847 Orientalium
856 2781 991 2843 ﬁdes
1019 2786 1120 2841 alia
1152 2796 1261 2839 tum
1296 2799 1399 2839 non
1429 2793 1574 2843 erat,
1614 2783 1714 2836 nisi
1739 2783 1910 2852 prima
1935 2781 2051 2837 Sir-

462 2864 687 2917 miensis
720 2877 822 2914 una
862 2874 984 2912 cum
1032 2854 1578 2922 pseudo-Sardicensi
1614 2864 1668 2908 et
1690 2852 2047 2909 Antiochena.

460 2924 670 2987 Deinde
716 2933 759 2985 si
808 2929 1060 2984 secundae
1090 2928 1499 2995 subscripsisset
1522 2965 1537 2986 .
1573 2925 1713 2994 apud
1745 2924 2050 2979 Orientales

461 3006 643 3056 dicere
675 3018 781 3056 non
811 3002 994 3056 debuit
1021 3014 1080 3053 se
1121 2998 1443 3064 suscepisse‘
1455 2997 1609 3066 ﬁdem
1637 3006 1854 3050 vestram
1884 3007 1930 3049 et
1957 3012 2048 3049 ca-

459 3074 705 3129 tholicam
728 3089 841 3141 qua?
857 3073 1048 3127 Sirmio
1069 3087 1100 3123 a
1132 3070 1363 3135 pluribus
1389 3068 1633 3137 fratribus
1661 3077 1709 3141 et
1737 3067 2051 3141 coepiscopis

464 3146 654 3199 nostris
679 3139 921 3206 tractata,
954 3143 1185 3207 exposita
1210 3149 1255 3195 et
1272 3148 1505 3208 suscepta
1534 3147 1623 3192 est.
1658 3139 1787 3193 Nam
1813 3140 2047 3193 secunda

2154 1861 2307 1914 sione
2329 1868 2570 1913 Sanctam
2610 1859 3090 1915 consubstantialis
3120 1858 3282 1913 ﬁdem
3315 1857 3698 1929 snpprimenti,
3730 1874 3764 1914 a

2156 1946 2283 1984 vera
2313 1930 2418 1985 fide
2441 1930 2674 1985 deﬁcere
2701 1929 2801 1985 fuit
2827 1972 2840 1993 ,
2879 1942 2933 1985 et
2960 1929 3227 2000 perfidum
3251 1939 3414 1999 atque
3442 1928 3767 1985 hzereticnm

2154 2001 2385 2069 quadam
2414 2004 2625 2056 ratione
2651 2001 2790 2056 ﬁeri.
2846 2002 3130 2056 lia-reticis
3157 2002 3302 2055 enim
3330 2003 3765 2067 communicaris,

2156 2083 2210 2127 et
2239 2072 2494 2127 credendi
2525 2075 2699 2141 legem
2720 2113 2734 2133 ,
2769 2088 2927 2141 quam
2956 2071 3215 2127 lueretico
3244 2085 3409 2126 sensu
3440 2073 3568 2127 tueb
3587 2082 3762 2137 tatur,

2153 2144 2403 2213 quamvis
2431 2145 2711 2199 intellectu
2734 2143 3002 2199 catholico
3024 2143 3092 2197 ab
3119 2144 3199 2198 eis
3222 2143 3510 2210 recipiens,
3538 2142 3767 2198 bzeresis

2154 2224 2338 2285 partes
2364 2216 2799 2270 communiebat:
2828 2214 3130 2285 catholicus
3156 2214 3260 2270 ﬁde
3287 2224 3341 2269 et
3366 2213 3611 2270 interiori
3626 2230 3765 2269 con-

2154 2284 2406 2353 Scientia,
2434 2287 2824 2343 communione
2850 2301 2914 2341 ac
2940 2284 3078 2341 forte
3110 2286 3271 2340 etiam
3299 2299 3518 2340 rumore
3543 2286 3768 2353 publico

2154 2356 2443 2413 haereticus
2467 2376 2482 2420 ;
2510 2373 2617 2428 quo
2637 2358 2705 2412 de
2736 2373 2953 2413 rumore
2975 2356 3232 2426 legendus
3259 2356 3615 2422 Sozomenns,
3652 2357 3755 2428 lib.

2154 2444 2230 2492 tv,
2256 2428 2426 2500 c._15.
2470 2427 2551 2484 Eo
2578 2443 2738 2488 sensu
2763 2428 3148 2500 intelligendus
3175 2437 3259 2483 est
3279 2428 3638 2500 Hieronymus
3661 2427 3761 2483 lib.

2158 2515 2175 2555 ι
2225 2500 2292 2553 de
2321 2498 2519 2567 Script.
2553 2500 2691 2556 eccl.
2715 2497 2960 2565 dixisse,
2994 2499 3266 2557 Liberium
3304 2514 3333 2553 a
3367 2497 3764 2554 Fortunatiano

2160 2570 2231 2624 ad
2280 2571 2708 2640 subscriptionem
2753 2575 3003 2627 Itwreseos
3048 2570 3387 2639 compulsum
3437 2585 3580 2625 esse.
3639 2571 3763 2636 Quo

2152 2651 2366 2706 spectat
2396 2650 2451 2697 et
2470 2642 2598 2697 illud
2613 2641 2812 2698 Auxilii
2836 2642 2932 2698 lib.
2965 2659 2980 2697 ι
3012 2644 3080 2697 de
3101 2641 3533 2697 ordinatiOnibus
3552 2656 3603 2698 c.
3641 2641 3715 2697 25
3740 2660 3758 2698 :

2158 2713 2287 2786 Quis
2311 2715 2500 2768 nesciat
2536 2714 2673 2780 quod
2698 2714 2936 2769 Liberius
2962 2756 2977 2782 ,
3033 2715 3130 2768 heu
3161 2711 3290 2786 proh
3324 2714 3512 2768 dolor!
3542 2715 3760 2769 Ariona:

2156 2784 2337 2838 hteresi
2365 2786 2707 2855 subscripsit?

2228 2856 2304 2925 (a)
2341 2855 2639 2922 Baronius,
2675 2858 2879 2927 suscepi
2920 2858 2976 2911 in
3008 2856 3156 2912 nullo
3197 2856 3570 2911 contradicens.
3615 2856 3761 2913 Sane

2154 2928 2427 2999 petendam
2483 2929 2715 2994 credidi,
2772 2930 2837 2982 iis
2894 2929 3112 2983 omissis
3157 2943 3277 2998 qua:
3324 2928 3405 2982 his
3438 2928 3757 2998 interposita

2154 3007 2300 3051 sunt.
2352 2999 2609 3066 Quamvis
2650 3011 2829 3054 autem
2876 2999 2928 3054 in
2969 2998 3256 3053 novissima
3277 2998 3513 3053 editione
3540 3015 3601 3054 ea
3637 3000 3755 3067 ipsa

2153 3069 2521 3125 additamenta
2569 3073 2620 3126 in
2658 3070 2935 3126 Cresconii
2991 3070 3314 3125 collectione
3351 3086 3410 3125 se
3455 3070 3758 3129 oﬁ‘endis~e

2155 3138 2424 3205 fateatur;
2468 3158 2530 3197 ea
2582 3154 2759 3197 tamen
2794 3141 2979 3197 llilarii
3008 3157 3128 3196 esse
3156 3157 3377 3210 prorsus
3414 3152 3594 3211 negat.
3641 3142 3759 3196 No-

463 3233 489 3270 a
523 3220 649 3270 Solis
671 3201 1102 3272 Occidentalith
1134 3211 1357 3267 Ursacio
1382 3250 1395 3273 ,
1419 3201 1659 3282 'Valentc
1679 3251 1692 3273 ,
1746 3209 2045 3275 Germinio,
2075 3201 2121 3265 C
2156 3220 2294 3265 stras
2316 3227 2376 3266 ea
2406 3201 2473 3268 de
2497 3226 2556 3268 re
2583 3214 2919 3282 conjecturas
2943 3201 3249 3282 praponere
3266 3212 3394 3268 satis
3413 3201 3754 3271 habebimus.

465 3289 711 3341 Putantio
740 3298 787 3339 et
819 3286 944 3340 Osio
968 3282 1208 3352 exposita
1234 3292 1346 3346 est;
1377 3293 1440 3334 ac
1464 3280 1687 3349 proinde
1717 3284 1766 3333 in
1797 3295 1914 3352 eam
1948 3293 2054 3336 non

466 3359 610 3411 cadit
630 3367 869 3410 vestram.
906 3356 1087 3423 Longe
1109 3353 1287 3406 minus
1309 3352 1562 3405 Convenit
1583 3367 1685 3405 vox
1722 3351 2052 3412 catholicam.

464 3444 583 3497 qnzn
604 3429 685 3482 vix
729 3427 983 3481 Sirmium
1011 3439 1228 3497 egressa
1250 3434 1358 3497 est,
1389 3438 1511 3497 cum
1540 3438 1660 3497 eam
1690 3436 1880 3497 omnes
1900 3439 2054 3476 avere

464 3492 565 3552 sati
595 3508 736 3553 sunt.
786 3499 968 3567 Neque
992 3492 1215 3550 dicenda
1242 3494 1339 3548 fuit
1368 3511 1398 3545 a
1430 3492 1660 3567 pluribus
1685 3493 1929 3567 fratr-ibus
1961 3509 2052 3567 ea:-

465 3570 652 3637 posita,
688 3569 842 3639 cujus
875 3564 955 3622 vel
986 3574 1491 3639 sexjauctorestuon
1512 3564 1675 3639 facile
1706 3565 2049 3639 excogitaris.

464 3635 732 3696 Prteterea
755 3635 799 3694 si
826 3640 983 3693 ﬁdem
1011 3636 1250 3692 Valentis
1271 3635 1542 3691 etUrsacii
1572 3650 1733 3704 opera
1749 3636 2051 3704 expositam

464 3714 700 3783 recepit;
739 3728 835 3767 cur
860 3726 973 3783 non
1008 3708 1285 3783 contendit
1326 3707 1539 3761 illorum
1574 3708 1802 3783 primum
1833 3717 2052 3773 captare

464 3779 690 3852 gratiam
718 3825 733 3849 ,
781 3782 870 3853 qui
913 3791 967 3853 et
994 3780 1134 3849 apud
1168 3781 1544 3853 imperatorem
1581 3779 1867 3853 plurimum
1903 3787 2054 3853 pote-

463 3847 605 3920 rant,
637 3866 691 3911 et
721 3847 773 3909 in
796 3847 910 3923 ejus
925 3847 1197 3907 Comitatu
1217 3847 1328 3905 tum
1341 3850 1721 3923 versabantur?
1740 3848 1870 3916 Quis
1890 3847 2051 3904 etiam

462 3935 641 3995 neget,
678 3922 1050 3993 Detntiphilutn
1077 3936 1223 3991 sape
1245 3922 1449 3995 saepius
1476 3930 1632 3975 antea
1674 3930 1907 3995 tentasse
1932 3961 1948 3983 ,
1994 3928 2054 3976 ut

462 3990 734 4051 Liberium
778 3990 1097 4051 ad'Arianas
1134 3990 1700 4062 partes—inﬂectere”
1760 3990 1865 4046 Sed
1893 4000 2051 4047 antea

460 4068 663 4123 nullam
690 4069 1008 4123 Arianarum
1038 4064 1441 4135 partiumlidem
1465 4064 1822 4135 recentiorem
1849 4063 1897 4116 ei
1925 4065 2051 4118 sub-

461 4139 804 4194 scribendum
844 4137 1040 4191 offerre
1080 4136 1252 4204 potttit
1281 4177 1294 4199 ,
1349 4150 1509 4202 quam
1544 4134 1900 4189 Sirmiensem
1939 4134 2049 4202 pri-

461 4223 627 4263 mam.
670 4209 948 4270 Mittimus,
975 4209 1061 4261 vix
1087 4216 1198 4261 tum
1225 4204 1516 4261 secundam
1547 4206 1785 4274 potuisse
1805 4204 2049 4260 Berteam

459 4276 810 4339 deferri.cum
830 4280 1072 4333 Liberius
1101 4278 1281 4345 lapsus
1302 4287 1405 4331 est.
1441 4277 1675 4345 Denique
1692 4276 2047 4341 Sozomenus,

457 4347 551 4402 lib.
575 4363 648 4416 tv,
678 4349 833 4412 (ΜΒ,
869 4350 1023 4403 testis
1047 4358 1149 4410 est,
1174 4347 1472 4411 Liberium,
1501 4360 1624 4400 cum
1641 4346 1896 4401 Sirmium
1931 4362 2050 4413 per-

458 4420 723 4485 venisset,
752 4419 1151 4473 confessionem
1180 4419 1395 4472 dedisse
1418 4457 1434 4483 ,
1475 4433 1577 4485 qua
1610 4432 1695 4470 eos
1734 4417 1819 4481 qui
1853 4416 2049 4472 Filium

456 4491 743 4545 secundum
772 4490 1114 4543 substantiam
1134 4499 1180 4542 et
1205 4505 1294 4560 per
1321 4484 1494 4560 omnia
1525 4484 1921 4560 Patrisimilem
1944 4505 2047 4543 non

456 4578 566 4616 esse
590 4569 893 4621 assererent,
916 4560 1110 4615 alienos
1124 4560 1187 4613 ab
1204 4557 1435 4613 Ecclesia
1452 4557 1837 4630 pronuntiabat.
1863 4557 2046 4630 Neque

455 4632 558 4685 hoc
585 4633 824 4689 facturus
855 4641 1012 4697 erat,
1058 4632 1104 4686 si
1138 4630 1383 4702 proxime
1420 4639 1576 4685 antea
1606 4629 1920 4684 substantia:
1949 4629 2044 4686 νυ-

453 4705 704 4760 cabulum
728 4706 1057 4760 damnasset.

524 4797 616 4863 At,
642 4799 869 4869 inquies,
897 4797 939 4869 si
969 4795 1203 4852 Hilarius
1225 4794 1495 4851 Liberium
1542 4795 1729 4864 prima;
1761 4793 2041 4869 Sirmiensi

446 4869 650 4922 ecthesi
679 4866 1026 4924 consensisse
1048 4868 1345 4933 intellexit;
1377 4881 1474 4921 cur
1502 4880 1641 4935 eam,
1671 4881 1830 4934 quam
1857 4866 1949 4922 lib.
1971 4869 2040 4926 de

447 4938 679 5010 Synodis
710 4940 903 5010 probat
929 4949 979 4993 et
1022 4948 1277 5004 excusat,
1325 4954 1465 4993 nunc
1512 4937 1790 5010 perﬁdiam
1835 4941 2037 4995 vocat?

438 5008 565 5083 lam,
583 5008 731 5083 libris
752 5012 818 5066 de
835 5010 1067 5083 Synodis
1089 5020 1140 5065 et
1164 5012 1213 5064 in
1240 5010 1613 5083 Constantium
1630 5008 2034 5083 demonstrasse

442 5082 599 5136 nobis
623 5079 906 5149 videmur}
973 5098 1264 5151 numquam
1298 5081 1501 5135 Hilario
1546 5081 1825 5151 probatam
1870 5079 2035 5139 fuisse

440 5151 795 5208 Sirtnlensetn
826 5163 917 5207 aut
970 5153 1130 5206 aliam
1163 5151 1519 5207 Orientalium
1575 5150 1755 5205 ﬁdem.
1807 5152 1919 5205 [mo
1965 5168 2033 5209 ex

438 5237 505 5276 eo
533 5225 676 5292 quod
719 5227 796 5278 ait
818 5223 870 5276 in
899 5222 1181 5278 Constant.
1213 5240 1265 5276 ιι.
1300 5221 1407 5275 ‘24:
1458 5222 1722 5290 Quidquid
1752 5233 1934 5290 prater
1964 5226 2031 5292 ﬁ-

438 5295 553 5347 (lem
581 5308 733 5348 unam
761 5305 854 5358 est;
882 5295 1131 5364 perﬁdia;
1184 5311 1285 5347 non
1314 5294 1442 5362 ﬁdes
1471 5303 1545 5347 est
1592 5296 2030 5352 :cousectarium

433 5377 516 5435 est
556 5368 718 5420 etiam
760 5368 988 5435 primam
1015 5364 1365 5435 Sirmiensem
1392 5405 1407 5430 ,
1453 5367 1651 5435 quippe
1680 5376 1800 5435 quae
1826 5379 2023 5434 printer

433 5434 704 5491 Nicaenam
730 5434 831 5502 est,
858 5450 980 5493 esse
1004 5434 1299 5504 perﬁdiam.
1334 5436 1515 5505 Neque
1535 5434 1910 5490 inconStantia:
1929 5448 2023 5491 ar-

434 5508 677 5575 guendos
704 5517 786 5564 est
811 5509 1078 5575 Hilarius,
1120 5508 1264 5579 quod
1295 5508 1541 5563 eamdem
1569 5506 1691 5562 fidei
1717 5505 2020 5565 confessio-

433 5593 556 5631 nem
584 5594 703 5633 cnm
735 5580 1001 5635 laudasset
1025 5580 1158 5633 alias
1185 5620 1199 5645 ,
1230 5595 1373 5634 nunc
1401 5581 1597 5633 acriter
1624 5588 1810 5647 carpat
1837 5592 1900 5632 ac
1930 5594 2020 5636 re-

435 5650 755 5721 prehendat.
806 5652 1048 5721 Namique
1097 5660 1156 5705 ut
1190 5650 1265 5721 illi
1287 5650 1432 5721 digni
1460 5659 1596 5721 sunt
1629 5650 1787 5703 laude
1810 5689 1825 5714 ,
1870 5652 1959 5720 qui
1988 5666 2019 5707 a

436 5719 578 5772 malo
607 5722 895 5788 recedunt,
934 5719 1008 5775 iia
1037 5723 1124 5790 qui
1148 5737 1177 5775 a
1199 5719 1649 5783 bono‘deﬁciunt,
1683 5722 1876 5775 merito
1891 5719 2023 5779 sunt

421 5790 782 5861 vituperandi.
828 5792 900 5853 At
923 5806 1054 5848 vero
1074 5790 1439 5851 Orientalibus
1464 5833 1478 5859 ,
1530 5791 1723 5853 Filium
1753 5805 1820 5849 ex
1850 5790 2022 5851 nihilo

2162 3283 2295 3336 Cntn
2327 3285 2377 3337 in
2398 3299 2498 3337 ms.
2530 3285 2671 3339 Pith.
2706 3297 2825 3355 post
2856 3287 3074 3338 verbum
3106 3284 3305 3355 suscepi
3336 3326 3351 3348 ,
3399 3299 3506 3338 uno
3528 3287 3755 3339 eodem-

2161 3368 2265 3421 que
2285 3365 2539 3409 eontextu
2570 3352 2848 3425 sequatur,
2877 3355 3098 3410 Sanctus
3126 3352 3356 3408 Hilarius
3379 3357 3654 3410 anathema
3676 3359 3755 3411 illi

2161 3425 2321 3478 dicit:
2342 3427 2614 3480 anathema
2639 3427 2727 3481 tibi
2754 3445 2783 3478 a
2810 3443 2911 3490 me,
2942 3437 3072 3492 etc.,
3103 3427 3386 3490 Opinamur
3421 3427 3535 3483 huic
3564 3430 3753 3493 verba,

2162 3495 2387 3551 Sanctus
2415 3495 2652 3552 Hilarius
2683 3499 2959 3551 anathema
2988 3498 3066 3551 illi
3111 3498 3233 3551 dicit
3268 3538 3283 3560 ,
3344 3500 3395 3551 in
3444 3500 3757 3568 antiquiore

2162 3568 2454 3636 exemplari
2482 3570 2547 3623 ad
2575 3570 2871 3639 marginem
2901 3568 3179 3623 dumtaxat
3208 3568 3476 3637 adscripta
3501 3586 3621 3626 esse
3646 3612 3661 3629 .
3692 3586 3757 3626 ac

2162 3640 2502 3710 postmodum
2532 3640 2764 3709 imperiti
2793 3639 3016 3710 alicujus
3042 3640 3242 3710 librarii
3272 3654 3434 3710 opera
3458 3642 3510 3695 in
3545 3649 3753 3697 textum

2158 3707 2466 3781 irrepsisse.
2515 3707 2728 3781 Ex’quo
2759 3707 3062 3773 conﬁcitur,
3098 3709 3152 3763 Γ
3177 3725 3281 3765 ttOn
3312 3707 3567 3766 recentes
3624 3731 3754 3775 esse

2161 3779 2468 3849 hujusmodi
2495 3779 2964 3851 interpolationes;
2992 3781 3049 3835 2°
3106 3782 3214 3850 jam
3247 3782 3315 3835 ab
3344 3783 3577 3851 antiquis
3609 3793 3719 3838 tem
3739 3816 3753 3825 -

2160 3851 2383 3918 poribus
2417 3852 2675 3909 Hilarium
2703 3869 2921 3917 earum,
2976 3852 3086 3915 imo
3140 3853 3304 3907 tot'ns
3327 3852 3552 3923 hujusce
3581 3857 3755 3911 Colle-

2160 3923 2353 3978 ctionis
2380 3933 2655 3978 auctorem
2684 3925 2850 3978 fuisse
2887 3923 3172 3978 creditum.
3215 3869 3484 3978 i’raeterea
3520 3925 3740 3978 ferven-

2158 3923 2353 3978 cﬁonis
2380 3933 2655 3980 auctorem
2684 3925 2850 3979 fuisse
2887 3923 3172 3979 creditum.
3215 3923 3484 3979 Praiterca
3520 3925 3740 3981 ferven-

2161 3993 2368 4067 tissimo
2393 3996 2590 4067 Christi
2619 3996 2925 4051 Conlessori
2953 3997 3006 4049 ia
3032 3994 3309 4051 hominem
3329 4039 3343 4063 ,
3385 3997 3476 4067 qui
3503 3998 3751 4067 quamvis

2158 4064 2210 4119 in
2243 4079 2450 4120 summa
2480 4066 2738 4122 Ecclesia:
2759 4067 3017 4137 dignitate
3039 4067 3360 4122 constitutus
3382 4064 3413 4131 ,ἡ
3430 4064 3637 4124 Domini
3672 4080 3755 4123 ta-

2157 4151 2279 4190 men
2304 4137 2385 4191 sui
2407 4153 2625 4193 causam
2659 4139 2885 4205 turpiter
2905 4137 3229 4203 deseruerit,
3255 4140 3538 4193 anathema
3564 4140 3753 4199 dicere

2158 4207 2376 4279 licuisse
2417 4211 2679 4279 ApoStolo
2724 4219 2947 4264 auctore
2987 4208 3098 4278 jam
3144 4210 3509 4278 probavimus.
3562 4210 3671 4267 Sed
3705 4212 3749 4267 si

2159 4277 2296 4352 forte
2319 4280 2430 4334 huic
2460 4277 2822 4352 additamenta
2858 4277 3058 4335 Hilario
3083 4277 3329 4352 nonsunt
3350 4281 3589 4352 indigna,
3619 4298 3750 4338 cum

2156 4350 2389 4424 primum
2423 4351 2619 4424 Liberii
2644 4352 2850 4419 lapsum
2878 4352 3123 4424 rescivit;
3147 4351 3313 4407 nihilo
3345 4350 3519 4424 minus
3537 4354 3606 4407 ab
3628 4354 3750 4424 ipso

2155 4419 2370 4475 videtur
2394 4423 2653 4487 alienum,
2683 4435 2739 4477 ut
2771 4423 3020 4494 cumhoc
3045 4438 3181 4493 Opus
3202 4438 3356 4478 suum
3389 4423 3602 4480 Liberio
3631 4419 3746 4494 jam

2154 4500 2402 4549 correcto
2434 4494 2484 4549 in
2514 4494 2785 4564 publicum
2811 4493 3055 4549 emis-erit
3075 4536 3088 4558 ,
3143 4510 3206 4550 ea
3241 4506 3349 4549 tum
3381 4512 3485 4551 non
3515 4493 3751 4554 eraserit

2075 4594 2126 4654 Β
2155 4576 2375 4654 prorsus
2400 4566 2965 4654 atquensuppresserit.

2231 4634 2309 4705 (b)
2347 4633 2403 4689 lu
2428 4633 2529 4692 m's.
2555 4633 2718 4692 Sirm.
2745 4646 2800 4691 ut
2828 4645 2885 4692 et
2906 4636 3046 4708 apud
3072 4636 3268 4691 Baron.
3303 4634 3552 4694 lrenaeus.
3608 4639 3750 4693 Eva-

2152 4706 2323 4778 grius,
2358 4708 2447 4777 qui
2474 4719 2627 4763 antea
2662 4706 2966 4765 nominatur
2997 4750 3011 4775 ,
3062 4709 3178 4778 ipse
3201 4708 3340 4762 forte
3368 4720 3448 4765 est
3472 4709 3747 4767 Mitilenes

2151 4775 2343 4852 insula:
2368 4775 2674 4852 episcopus,
2698 4780 2788 4851 qui
2812 4781 2863 4834 in
2892 4775 3224 4836 Seleuciensi
3248 4779 3455 4852 synodo
3509 4780 3579 4836 ab
3603 4784 3749 4838 Aca-

2146 4848 2214 4902 cii
2244 4858 2394 4917 parte
2415 4851 2582 4906 stetit.

2218 4918 2291 4993 (c)
2323 4920 2586 4977 Baronius
2628 4937 2691 4977 ex
2730 4936 2858 4977 mss.
2906 4922 3018 4977 suis
3048 4921 3545 4990 expreSsitBustus.
3594 4924 3744 4981 later

2143 4991 2568 5067 subscriptiones
2589 4993 3160 5063 pseudo-Sardicensis
3173 4994 3363 5067 synodi
3388 4995 3585 5066 legitur
3604 4994 3743 5051 Bas-

2139 5078 2227 5116 sus
2253 5063 2521 5134 episcopus
2545 5082 2576 5119 a
2595 5067 2717 5119 Car.

2212 5132 2290 5205 (Δ)
2324 5132 2531 5203 lletnig.
2564 5150 2663 5191 ms.
2699 5135 2837 5206 apud
2867 5135 3033 5192 Sirm.
3056 5177 3087 5207 ,7
3107 5135 3348 5206 Martius,
3375 5137 3736 5207 Atticus,elc.

2136 5201 2319 5277 Multo
2335 5201 2504 5276 magis
2522 5201 2872 5262 arridet-hate
2902 5206 3115 5265 Baronii
3139 5210 3300 5263 lectio
3315 5201 3598 5277 ,tMurcus,
3627 5212 3739 5265 Ae-

2136 5274 2261 5351 tius,
2283 5273 2481 5339 Julius,
2511 5278 2806 5344 Severinus,
2840 5281 2930 5349 qui
2960 5279 3175 5349 quidem
3206 5280 3347 5351 apud
3373 5273 3738 5350 Epiphaniam

2135 5348 2433 5417 Ancyrante
2455 5350 2646 5421 synodi
2675 5344 3317 5421 subscribit‘epistoltekt
3334 5344 3494 5415 inira,
3512 5352 3735 5420 Frapnt.

2135 5421 2408 5501 xvpinter
2438 5420 2533 5475 eos
2566 5431 2880 5477 recensetur
2900 5465 2916 5490 ,
2966 5437 3101 5493 quos
3128 5420 3436 5479 Germinius
3479 5426 3736 5495 rescripti

2131 5501 2213 5542 sui
2245 5503 2396 5544 tnttto
2426 5501 2719 5563 nuncupat.

2198 5580 2268 5653 (e)
2300 5580 2586 5660 [neodem
2606 5601 2706 5641 ms.
2738 5594 2802 5660 et
2823 5586 2993 5660 elateri
3015 5587 3255 5660 juniores
3275 5586 3458 5657 quibus
3481 5588 3731 5658 credidit,

2128 5668 2311 5728 omnes
2360 5655 2806 5728 luet-eliciaApnd
2862 5655 3058 5713 Baron.
3101 5655 3456 5728 simpliCiter.
3508 5668 3556 5712 et
3609 5655 3730 5726 alii,

2127 5725 2342 5780 omiSs-is
2360 5727 2588 5782 caeteris.
2621 5727 2677 5782 In
2699 5729 2842 5802 illius
2865 5738 3045 5785 autem
3071 5725 3369 5802 appendice
3391 5730 3457 5785 ad
3484 5746 3573 5786 an.
3590 5725 3726 5799 355,

2127 5809 2342 5854 rursum
2383 5799 2878 5875 comparetlunior
2923 5802 3063 5865 inter
3109 5799 3206 5860 eos
3244 5803 3588 5875 nominatus,
3629 5806 3728 5878 qui
