4100 6196
346 269 456 328 695

1281 262 1374 322 EX
1413 257 1642 322 OPERE
1685 253 2055 319 HISTORICO
2095 251 2573 317 FRAGMENTUM
2619 259 2706 316 Vl.

3543 261 3649 322 694

337 385 504 462 εει
544 384 678 444 Item
705 381 951 442 Liberius
984 383 1060 458 (a)
1088 381 1158 441 de
1182 381 1398 450 exsilio,
1432 379 1678 450 Ursacio,
1697 381 1912 443 Valenti
1940 379 1993 440 Α
2088 376 2144 434 9.
2191 372 2408 433 Romani
2445 377 2636 434 remitti
2678 377 2828 435 cnice
2871 385 3041 451 rogat.
3099 397 3170 418 -ι-
3222 377 3292 434 Et
3337 377 3443 434 hac
3481 379 3643 436 etiam

947 507 1005 557 et
1033 495 1334 555 Germiuio.

408 656 466 716 8.
503 653 739 712 Liberius
776 654 840 710 ab
869 652 1141 709 Athanasii
1164 650 1518 708 communione
1555 660 1840 722 separatus.
1869 679 1942 694 --

333 749 472 819 Quia
499 748 612 805 scio
650 762 746 804 vos
778 746 918 804 ﬁlios
944 746 1091 816 pacis
1116 757 1259 809 esse,
1284 742 1508 814 diligere
1528 742 1688 799 etiam
1706 757 1939 800 concor-

331 845 480 902 diam
506 853 562 900 et
609 842 867 898 unitatem
921 839 1179 897 Ecclesiae
1209 836 1520 902 catholicae;
1569 836 1772 892 idcirco
1830 852 1938 894 non

331 937 514 1007 aliqua
539 935 865 992 necessitate
891 931 1228 1002 compulsus,
1255 929 1368 984 Deo
1395 937 1531 984 teste
1557 928 1700 996 dico,
1725 928 1820 985 sed
1842 944 1939 1000 pro

330 1033 482 1091 bene
515 1033 661 1104 pacis
685 1040 740 1086 et
767 1029 1096 1096 concordiae,
1137 1042 1258 1099 quae
1291 1028 1551 1099 martyrio
1576 1027 1932 1098 praeponitur,

330 1126 422 1184 his
452 1126 648 1182 litteris
673 1125 940 1182 cettveniu
973 1137 1090 1187 vos,
1123 1120 1328 1176 domini
1357 1120 1434 1192 (lt)
1484 1122 1675 1176 fratres
1724 1120 1935 1176 charis-

330 1221 482 1277 simi.
513 1220 816 1290 Cognoscat
836 1218 1019 1288 itaque
1035 1213 1320 1286 prudentia
1337 1224 1536 1275 vestra,
1555 1212 1931 1281 Athanasium,

325 1315 423 1388 qui
448 1312 829 1369 Alexandrina:
850 1310 1096 1366 ecclesiae
1113 1309 1399 1380 episcopus
1423 1306 1493 1380 (c)
1520 1306 1635 1373 fuit,
1660 1321 1688 1361 a
1709 1321 1795 1362 me
1816 1323 1936 1365 esse

325 1408 646 1466 damnatum
676 1407 848 1479 prius,
879 1420 1042 1476 uuam
1073 1403 1142 1458 ad
1162 1403 1476 1460 comitatum
1500 1403 1671 1459 sancti
1706 1405 1936 1474 impera-

327 1502 468 1557 toris
507 1501 714 1556 litteras
752 1497 1106 1555 Orientalium
1161 1495 1490 1550 destinarem
1531 1495 1932 1565 episcoporum,

323 1604 385 1652 et
412 1593 484 1650 ab
509 1591 756 1648 ecclesia:
782 1589 1038 1646 Romanae
1056 1587 1441 1644 communione
1463 1601 1584 1643 esse
1600 1598 1931 1657 separatum,

323 1689 491 1746 sicuti
519 1686 599 1762 (ά)
625 1693 761 1742 teste
785 1693 869 1741 est
910 1697 1071 1740 omne
1113 1683 1507 1755 presbyterium
1551 1681 1810 1738 Romana:
1843 1697 1932 1739 ec-

2044 469 2188 527 scire
2214 484 2312 526 vos
2333 469 2482 538 volo,
2511 469 2655 541 quod
2677 469 2900 530 fratrem
2920 470 3371 528 Fortunatianum
3393 472 3463 545 (ο
3487 471 3639 543 petii,

2045 569 2106 616 ut
2134 576 2257 616 cum
2291 561 2487 618 litteris
2533 561 2670 618 meis
2718 562 2785 620 ad
2830 563 3313 620 clementissimum
3349 565 3642 636 imperato-

2043 667 2158 708 rem
2187 650 2566 709 Constantium
2593 655 2889 726 Augustum
2919 664 3188 728 pergeret,
3213 664 3399 728 petere
3425 667 3481 713 ut
3501 656 3647 714 bono

2043 743 2194 815 pacis
2223 753 2279 800 et
2301 747 2632 814 concordiae,
2656 747 2710 804 in
2739 764 2841 821 qua
2869 749 3042 820 pietas
3071 750 3190 821 ejus
3225 765 3442 822 semper
3475 752 3644 826 ωε

2043 839 2298 906 exsultat,
2329 856 2418 898 me
2464 842 2533 898 ad
2586 842 2872 900 ecclesiam
2920 845 3050 899 mibi
3105 844 3364 902 divinitus
3393 847 3642 903 traditam

2036 932 2225 1002 jubeat
2246 935 2444 990 reverti
2471 954 2484 989 ε
2515 943 2576 990 ut
2606 936 2944 1006 temporibus
2975 937 3143 1009 ipsius
3185 937 3429 994 Romana
3471 940 3646 997 eccle-

2040 1029 2119 1082 sia
2150 1027 2350 1083 nullam
2383 1029 2646 1084 sustineat
2691 1031 3116 1087 tribulationem.
3165 1031 3249 1087 Me
3292 1042 3472 1088 autem
3519 1049 3642 1088 cum

2041 1121 2294 1178 omnibus
2343 1123 2496 1179 vobis
2539 1123 2808 1193 episcopis
2855 1125 3108 1181 Ecclesia:
3140 1124 3420 1182 catholica:
3451 1142 3638 1198 pacem

2039 1211 2262 1281 habere,
2297 1213 2381 1268 his
2414 1215 2610 1270 litteris
2637 1216 2774 1270 meis
2795 1232 2950 1284 aequo
2973 1225 3028 1272 et
3054 1217 3284 1288 simplici
3308 1219 3490 1274 animo
3507 1219 3644 1275 scire

2039 1305 2272 1373 debetis,
2325 1306 2522 1362 fratres
2567 1307 2896 1363 cbarissimi.
2959 1309 3206 1380 Magnum
3257 1309 3334 1382 (9)
3386 1311 3640 1366 solatium

2040 1400 2184 1455 enim
2218 1400 2375 1456 vobis
2409 1402 2460 1455 iu
2492 1400 2580 1456 die
2603 1402 2977 1458 retributionis
3005 1403 3323 1475 acquiretis,
3349 1407 3393 1459 si
3424 1419 3521 1475 per
3549 1420 3645 1461 vos

2037 1508 2147 1564 pax
2192 1495 2437 1551 ecclesiae
2489 1495 2751 1550 Romamn
2805 1495 2965 1552 fuerit
3005 1495 3236 1552 reddita.
3281 1497 3434 1554 Scire
3461 1506 3640 1554 autem

2036 1604 2136 1661 per
2175 1605 2273 1645 vos
2300 1590 2428 1646 volo
2459 1590 2623 1646 etiam
2674 1589 2873 1648 fratres
2922 1599 2978 1647 et
3024 1593 3380 1663 coepiscOpos
3427 1601 3646 1649 nostros

2039 1682 2345 1754 Epictetum
2374 1693 2430 1740 et
2465 1682 2817 1752 Auxentium,
2853 1699 3038 1754 pacem
3071 1700 3162 1740 me
3198 1694 3254 1741 et
3301 1687 3646 1742 communio-

321 1784 536 1841 clesite.
595 1782 720 1840 Sola
764 1779 880 1836 haec
922 1793 1085 1835 causa
1117 1777 1235 1843 fuit,
1269 1787 1327 1832 ut
1371 1776 1575 1832 tardius
1613 1776 1830 1832 viderer
1867 1777 1936 1834 de
1964 1768 2013 1829 B
2041 1790 2162 1830 nem
2191 1776 2620 1832 ecclesiasticam
2646 1791 2770 1832 cum
2817 1775 2950 1847 ipsis
2991 1775 3190 1832 habere
3236 1794 3250 1830 :
3295 1790 3436 1848 quos
3480 1776 3647 1834 credo

321 1876 553 1934 nomine
581 1873 753 1946 ipsius
781 1873 994 1928 litteras
1031 1869 1100 1925 ad
1130 1867 1328 1924 fratres
1356 1877 1412 1924 et
1446 1867 1800 1938 coepiscOpos
1827 1882 1927 1924 ηας

322 1977 480 2026 atros
503 1965 814 2024 Orientales
839 1963 994 2032 dare,
1028 1973 1085 2018 ut
1109 1960 1271 2034 legati
1301 1960 1372 2034 (e)
1396 1961 1502 2016 mei
1531 1975 1666 2032 quos
1701 1961 1769 2017 ab
1798 1961 1933 2018 urbe

319 2061 498 2118 Roma
529 2058 596 2116 ad
647 2060 964 2115 comitatum
1011 2055 1340 2122 direxeram,
1394 2069 1490 2110 seu
1546 2053 1785 2125 episcopi
1839 2055 1930 2126 qui

314 2154 538 2212 fuerant
561 2151 849 2225 deportati,
881 2160 938 2207 et
966 2150 1066 2222 ipsi
1095 2163 1200 2205 una
1233 2163 1360 2205 cum
1389 2147 1496 2217 his,
1549 2146 1595 2204 si
1642 2147 1758 2204 ﬁeri
1801 2161 1926 2220 pos-

319 2257 432 2317 set,
455 2247 526 2305 de
553 2245 744 2304 exsilio
772 2253 1175 2302 revocarentur.

322 2439 517 2490 contra
530 2430 884 2488 Athanasium
899 2425 1287 2486 Mediolanensl
1320 2426 1374 2482 in
1395 2425 1624 2482 concilio
1653 2424 1930 2496 subscrip-

324 2513 537 2560 serunt.
585 2505 660 2559 De
698 2503 865 2559 verbo
891 2499 1253 2572 requirendum
1279 2500 1414 2554 satis
1441 2496 1797 2554 disseruimus
1827 2511 1921 2553 su-

365 2591 530 2631 ριίυς.

321 2591 809 2718 Ρρὶἐιῖςλιίφιτιηιο
835 2650 959 2716 post
989 2658 1149 2718 quam
1169 2641 1508 2718 superiorem
1536 2639 1603 2695 ad
1625 2639 1930 2718 Orientales

325 2709 549 2784 scripsit
581 2709 861 2778 epistolam
896 2709 1178 2784 :atleoque
1204 2709 1346 2770 circa
1372 2711 1582 2768 initium
1622 2712 1750 2784 anni
1796 2709 1926 2784 558.

319 2781 482 2846 Hane
534 2790 796 2845 Batonius
833 2795 894 2844 ut
927 2781 1217 2858 genuinam
1265 2781 1634 2858 describithad
1679 2797 1768 2837 n.
1797 2783 1926 2858 5.52,

320 2878 384 2917 η.
413 2860 505 2916 55.
533 2864 600 2916 At
622 2861 890 2916 sententia
919 2852 1207 2914 retractata
1242 2859 1293 2912 iu
1327 2854 1636 2923 Appendice
1681 2869 1798 2923 pag.
1831 2852 1926 2921 25,

320 2932 683 2988 adulterinum
715 2945 834 2985 eam
862 2945 985 2986 esse
1015 2929 1147 2987 vult.
1181 2937 1236 2983 et
1261 2928 1329 2982 ab
1358 2926 1447 2991 iis,
1479 2941 1507 2977 a
1539 2925 1734 2995 quibus
1763 2939 1928 2992 supe-

319 3003 826 3075 riusfl'ragmentum
857 2999 1244 3075 tvgcunlictam.
1297 2997 1589 3075 Bostrenum
1620 2995 1762 3050 illius
1800 3009 1929 3050 sen-

323 3074 513 3131 tentia:
552 3069 856 3130 subscribit
907 3073 1114 3135 Bioius,
1164 3085 1265 3126 nec
1311 3069 1560 3124 Labbeus
1617 3077 1926 3136 repugnat:

318 3162 430 3218 qua
463 3147 670 3202 ratione
701 3145 950 3216 permoti,
985 3160 1106 3198 mox
1135 3141 1488 3212 expendetur.
1521 3141 1590 3194 At
1615 3149 1760 3218 certe
1787 3138 1927 3193 inte-

319 3211 430 3274 rim
469 3211 767 3272 concedant
796 3231 1016 3272 necesse
1047 3225 1150 3276 est.
1179 3211 1296 3268 eam
1331 3226 1506 3282 neque
1533 3211 1770 3264 auctoris
1805 3224 1930 3265 nos-

205 3295 220 3306 ‘
321 3289 394 3344 tri
412 3287 618 3356 judicio
659 3287 906 3344 falsitatis
947 3285 1114 3342 fuisse
1153 3281 1483 3353 suspectam,
1512 3297 1695 3356 neque
1724 3282 1866 3351 style
1893 3293 1922 3334 a
1953 3281 1998 3345 C

329 3353 547 3416 cmteris
578 3359 851 3414 Pontificis
865 3359 1108 3428 ejusdem
1139 3357 1332 3411 litteris
1360 3353 1644 3428 dissidere.

413 3432 493 3499 (ὁ)
521 3431 850 3487 Cuncinnius
871 3423 1008 3500 a'pud
1032 3430 1254 3492 Baron.,
1277 3427 1471 3480 domini
1490 3427 1585 3478 mei
1609 3423 1916 3500 charissimi.

403 3491 489 3574 (θ’
516 3504 603 3574 Es
623 3518 722 3559 ms.
743 3491 918 3560 Sirm:
952 3491 1247 3574 utcumque
1271 3509 1604 3574 restauratur
1640 3497 1726 3550 hic
1750 3491 1923 3574 locus,

319 3567 419 3646 qui
449 3567 515 3628 ex
549 3571 690 3628 Pitlr.
735 3585 894 3628 atntca
921 3572 999 3627 sic
1030 3567 1426 3646 vulgatuserat
1455 3586 1468 3623 :
1499 3567 1772 3646 episcopus
1802 3567 1920 3646 fuit,

322 3638 625 3716 priusquam
651 3646 720 3700 ad
744 3646 1039 3700 comitatum
1087 3638 1251 3696 sancti
1281 3638 1605 3716 imperatoris
1643 3638 1924 3716 secundum

323 3707 524 3771 litteras
559 3716 897 3771 Orientalium
930 3717 1308 3783 episcoporum,
1332 3707 1378 3768 et
1425 3715 1486 3768 ab
1529 3710 1777 3767 Ecclesiae
1817 3707 1924 3763 Ro-

321 3804 498 3842 mam
521 3789 875 3842 communione
899 3797 1165 3853 separatus
1190 3795 1286 3851 est,
1315 3785 1467 3841 sicuti
1506 3794 1630 3838 teste
1666 3791 1763 3846 est,
1811 3789 1921 3836 etc.

319 3859 485 3930 Apud
517 3859 802 3914 Baronium
831 3868 1034 3920 autem,
1079 3857 1350 3930 episcopus
1383 3857 1498 3930 fuit,
1531 3857 1831 3930 priusquam
1853 3853 1921 3906 ad

323 3929 627 3985 comitatum
656 3931 818 3986 sancti
865 3929 1190 4000 imperatoris
1237 3929 1592 4000 peruenissem,
1643 3929 1924 4000 secundum

322 4003 524 4056 litteras
555 4000 898 4056 Orientalium
929 3995 1283 4070 episcoporum
1309 4005 1371 4054 ab
1398 3997 1642 4052 Ecclesia:
1667 3995 1924 4070 [lamenta

323 4075 686 4128 communione
709 4090 819 4128 esse
842 4067 1158 4144 separatum:
1179 4070 1312 4144 Quas
1333 4070 1497 4126 verba
1517 4085 1638 4123 cum
1665 4067 1924 4144 Beronius

321 4149 397 4200 ita
428 4145 714 4226 intelligat,
763 4139 912 4214 quasi
943 4144 1096 4226 _tli_cat
1138 4139 1405 4226 Liberius,
1425 4156 1484 4196 se
1517 4149 1644 4226 ante
1672 4139 1920 4226 exsilium

323 4230 508 4276 suum.
543 4211 852 4286 priusquam
893 4214 960 4269 ad
1006 4213 1348 4282 imperatoris
1394 4211 1704 4286 cutrtitattmt
1741 4225 1925 4286 accer-

321 4289 465 4342 situs
487 4281 841 4355 pervenisset.
859 4281 1152 4342 secundum
1172 4286 1378 4340 litteras
1427 4281 1778 4355 Orientalium
1805 4281 1923 4352 epi-

321 4354 614 4428 scoparum
646 4358 984 4428 pontificatus
1006 4357 1087 4411 sui
1115 4357 1266 4412 initio
1293 4354 1922 4428 acceptas,At|tauasium

324 4429 397 4483 ab
425 4425 673 4485 ecclesia-
695 4427 952 4484 Romana:
973 4427 1353 4482 communione
1377 4425 1691 4497 separasse;
1723 4427 1765 4480 si
1785 4425 1924 4497 bene

323 4501 604 4572 intelligit,
640 4501 984 4572 totaurhauc
1011 4499 1293 4566 epistolam
1334 4501 1398 4554 iis
1438 4496 1631 4572 merito
1656 4496 1922 4562 attribuit,

323 4573 415 4642 qui
441 4570 777 4638 superiorem
808 4571 1107 4641 fragmento
1137 4586 1186 4625 tv
1215 4572 1436 4642 relatam
1470 4570 1758 4642 cuderunt.

398 4643 506 4698 Sed
531 4659 596 4698 ex
631 4639 1076 4712 lcetionefquam
1122 4641 1274 4696 nobis
1316 4641 1620 4712 suppeditat
1651 4639 1922 4712 Sirmoudi

322 4729 430 4770 ms.
479 4715 581 4770 hoc
635 4717 810 4785 potius
843 4710 1052 4785 videtur
1091 4713 1337 4769 Liberius
1359 4710 1655 4779 d't-‘clarare,
1682 4710 1922 4767 Athana-

321 4786 468 4840 sium
499 4801 526 4838 ει
551 4801 610 4841 se
632 4784 780 4856 prius
805 4801 926 4841 esse
955 4784 1290 4846 damnatum,
1321 4785 1578 4856 quamad
1621 4787 1918 4852 imperato-

321 4859 404 4912 ris
430 4854 745 4912 comitatum
767 4856 1068 4913 destinaret
1089 4865 1182 4910 aut
1203 4857 1343 4923 quod
1386 4857 1448 4910 ad
1478 4854 1785 4909 Orientales
1833 4872 1923 4910 stt-

323 4928 631 5000 periuribus
664 4929 855 4984 litteris
882 4931 1194 4994 scripserat,
1219 4938 1309 4981 aut
1337 4925 1477 5000 quod
1507 4927 1580 5000 illi
1609 4928 1672 4980 ad
1702 4926 1922 4982 easdem

322 4998 750 5126 gescripserant;
789 5000 952 5072 idque
980 4999 1238 5054 Romana:
1265 4999 1512 5055 ecclesia:
1534 4998 1642 5069 jam
1674 5011 1734 5051 se
1761 5000 1926 5070 signi-

367 5087 543 5126 casse.

367 5087 543 5128 03386.

399 5151 514 5206 Imo
575 5159 790 5222 recepta
857 5150 998 5206 ultro
1039 5149 1255 5206 Baronii
1301 5149 1551 5216 lectione,
1601 5147 1798 5222 Liberii
1837 5149 1923 5222 ad

325 5219 732 5292 imperatorem}
775 5223 922 5277 salva
954 5223 1110 5288 hujus
1153 5222 1409 5292 epistolae
1438 5223 1683 5283 veritate,
1719 5219 1922 5275 intelli-

323 5291 485 5362 getur
510 5295 792 5360 adventus,
821 5310 929 5348 non
967 5293 1207 5363 quidem,
1257 5300 1314 5347 ut
1363 5291 1452 5347 ille
1505 5293 1917 5363 interpretatur,

323 5364 498 5421 Roma
529 5365 885 5420 Mediolanum
922 5361 1064 5420 unde
1111 5363 1377 5435 relegatus
1411 5373 1514 5432 est,
1562 5361 1654 5435 sed
1708 5361 1920 5432 Bt-rma,

325 5449 438 5519 ειειο
488 5437 760 5519 relegatus
798 5447 935 5502 erat,
979 5433 1256 5519 Sirminm‘t
1303 5433 1462 5491 Certe
1503 5451 1566 5519 εξ
1595 5434 1921 5500 Sozomeno,

325 5505 424 5562 lib.
455 5523 528 5571 tv,
570 5505 625 5562 c.
685 5505 772 5574 15,
820 5517 1033 5562 constat
1082 5505 1373 5566 Liberium.
1426 5507 1660 5562 nondum
1705 5518 1924 5572 accepta

327 5577 558 5634 Romam
587 5577 891 5634 revertendi
922 5589 1204 5646 pote~tate.
1229 5580 1484 5634 Sirmium
1534 5577 1620 5633 ubi
1667 5577 1922 5634 versaba-

331 5657 420 5704 tur
452 5652 745 5720 imperator
772 5653 1094 5706 accersitum
1119 5665 1260 5706 esse.
1299 5650 1450 5705 Nunc
1483 5651 1649 5720 igitur
1672 5649 1922 5704 testifica-

331 5730 420 5794 tur
464 5719 538 5778 se
571 5722 880 5794 priusquam
922 5723 1025 5777 hoc
1051 5723 1156 5777 iter
1185 5719 1524 5794 coniecisset.
1570 5719 1923 5794 Athanasium

329 5791 622 5857 damnasse
649 5791 929 5853 secundum
957 5794 1152 5855 litteras
1175 5792 1539 5859 Orientalium;
1569 5791 1671 5850 hoc
1707 5803 1807 5861 est,
1839 5793 1925 5850 vel

2034 1879 2310 1942 gratanter
2338 1870 2458 1925 haec
2476 1882 2849 1942 suscepturos.
2883 1869 3222 1942 Quicumque
3248 1879 3428 1926 autem
3450 1886 3480 1925 a
3507 1885 3642 1942 pace

2035 1972 2089 2021 et
2111 1963 2403 2021 concordia
2422 1976 2632 2031 nostra,
2650 1979 2773 2036 qua:
2789 1979 2886 2035 per
2906 1965 3093 2019 orbem
3119 1973 3407 2031 terrarum,
3425 1964 3645 2022 volente

2037 2059 2170 2125 Deo,
2202 2058 2416 2114 ﬁrmata
2435 2070 2543 2124 est,
2574 2057 2922 2124 dissenserit;
2947 2055 3162 2113 seiatse
3183 2065 3491 2128 separatum
3519 2071 3641 2114 esse

2031 2167 2063 2206 a
2103 2158 2289 2206 nostra
2335 2151 2738 2206 communione.
2803 2149 2884 2222 (It)
2924 2147 3322 2205 Prteuarictttori
3367 2149 3644 2220 anatltema

2031 2260 2138 2300 una
2155 2261 2271 2300 cum
2290 2243 2497 2300 Arimis
2512 2261 2546 2298 α
2559 2259 2642 2301 me
2659 2243 2874 2300 dictum.

2031 2427 2332 2482 secundum
2355 2425 2586 2482 formam
2611 2425 2895 2482 sententiae
2918 2425 3114 2482 litteris
3135 2423 3487 2482 Orientalium
3509 2439 3612 2482 cou
3629 2455 3642 2470 -

2037 2499 2287 2568 signatur,
2333 2499 2420 2554 vel
2467 2497 2818 2566 obsequendo
2868 2496 3068 2568 litteris
3119 2495 3496 2568 Orientalium,
3547 2499 3640 2568 qui

2037 2565 2178 2624 hanc
2224 2568 2502 2622 Athanasii
2533 2565 3039 2624 condemnationem
3072 2577 3181 2621 tam
3215 2567 3524 2637 importune
3564 2565 3633 2625 ab

2032 2639 2154 2708 ipso
2207 2649 2518 2710 elegerant.
2570 2639 2626 2694 lu
2673 2638 2757 2693 bis
2807 2639 2949 2691 nulla
2983 2637 3210 2693 habetur
3237 2653 3359 2694 cum
3391 2640 3626 2709 pseudo.

2033 2711 2260 2782 epistola
2293 2709 2574 2779 superiore
2601 2709 3002 2765 convenientia.

2110 2781 2188 2852 (ά)
2231 2783 2383 2851 Apud
2413 2782 2634 2849 Baron.,
2667 2782 2930 2852 testisiest.
2989 2783 3068 2852 An
3116 2779 3333 2836 Liberio
3381 2779 3633 2852 usitatum

2033 2851 2136 2922 fuit
2165 2855 2301 2906 testis
2336 2863 2382 2906 et
2411 2861 2554 2918 teste,
2604 2851 2878 2920 quomodo
2923 2851 3078 2922 nobis
3119 2851 3288 2922 fidelis
3336 2860 3382 2905 ct
3433 2851 3634 2922 ﬁdele?

2033 2921 2356 2993 Conjectare
2405 2933 2487 2978 est
2538 2919 2751 2977 ex'hoc
2783 2923 2925 2988 loco,
2973 2919 3246 2980 Liberium
3295 2919 3474 2976 statim
3513 2933 3635 2994 post

2033 2994 2394 3050 defectionem
2420 2994 2568 3049 clero
2605 2994 2850 3048 Romano
2882 2994 3089 3049 litteras
3118 2994 3402 3064 scripsisse
3429 2994 3494 3048 iis
3517 2995 3632 3050 fere

2033 3066 2260 3128 similes.
2283 3082 2416 3136 quas
2463 3065 2742 3122 Vincentio
2785 3065 2933 3136 dedit
2965 3083 2979 3120 :
3010 3063 3242 3136 quibus,
3271 3073 3327 3136 ut
3371 3063 3634 3136 habemus

2035 3137 2197 3203 infra,
2235 3133 2396 3192 enixe
2419 3153 2541 3192 eum
2569 3145 2741 3208 rogat,
2786 3148 2837 3189 ut
2869 3135 2937 3191 de
2967 3133 3060 3192 sua
3103 3151 3226 3192 cum
3269 3133 3632 3208 Orientalibus

2034 3224 2166 3280 pace
2196 3223 2354 3279 quam
2389 3209 2616 3278 primum
2638 3205 3029 3277 irruperatorem
3055 3209 3346 3264 certiorem
3377 3205 3556 3262 faciat.

2103 3300 2177 3372 (e)
2215 3299 2365 3355 Alias
2391 3314 2513 3355 cum
2543 3315 2645 3356 ms.
2675 3299 2843 3364 Pitb.,
2899 3309 2950 3352 ut
2990 3300 3146 3371 legati
3185 3307 3234 3354 et
3266 3313 3412 3368 quos.
3443 3298 3633 3355 Melius

2028 3371 2243 3426 Baronii
2266 3371 2616 3442 exemplaria,
2645 3380 2699 3426 ut
2729 3371 2884 3442 legati
2903 3372 3022 3436 mei,
3058 3387 3153 3442 per
3175 3385 3311 3442 quos
3339 3369 3458 3425 scil.
3514 3372 3630 3442 epi-

2029 3444 2222 3498 Stolam
2255 3441 2518 3511 superiori
2557 3441 2854 3514 fragmento
2873 3441 3096 3514 relatam
3138 3441 3206 3498 ad
3252 3441 3627 3497 Constantium

2029 3514 2193 3569 misit.
2226 3515 2345 3568 Mox
2372 3529 2462 3568 seu
2500 3513 2726 3586 episcopi
2775 3513 2999 3586 perinde
3039 3523 3145 3582 est,
3190 3521 3355 3583 atque
3397 3515 3551 3568 simul
3578 3523 3628 3569 et

2026 3586 2210 3658 reliqui
2230 3587 2476 3658 episcOpi.

2212 3649 2366 3740 Apud
2405 3649 2608 3740 Barca.
2653 3665 2710 3710 ut
2752 3656 2946 3740 in_rns.
3013 3655 3179 3740 Sirm.
3228 3654 3464 3740 epistola
3515 3653 3630 3711 haec

2028 3725 2235 3783 auctior
2255 3725 2431 3782 exstat
2455 3730 2506 3783 in
2541 3727 2684 3783 hunc
2716 3727 2934 3783 modum
2969 3743 2982 3780 :
3011 3725 3152 3798 petii,
3183 3737 3239 3780 ut
3267 3725 3462 3782 litteras
3487 3743 3626 3782 meas

2028 3800 2098 3870 a_d
2155 3800 2603 3854 clementissimum
2654 3801 3009 3870 imperatorem
3067 3801 3314 3870 perferat,
3375 3813 3504 3869 quas
3557 3799 3626 3853 ad

2031 3868 2319 3925 Orientales
2349 3871 2613 3939 cpisc0pos
2650 3868 2768 3942 feci,
2817 3881 2871 3924 ut
2915 3868 3104 3924 scirent
3154 3868 3254 3937 ipsi
3311 3868 3414 3923 una
3458 3886 3627 3942 secum

2029 3942 2299 3996 Athanasii
2326 3941 2680 3996 communione
2701 3959 2780 3996 me
2805 3958 2913 3995 esse
2938 3949 3232 4012 separatum
3263 3956 3282 3994 :
3307 3956 3439 4010 quas
3475 3941 3628 3995 credo

2028 4014 2166 4084 quod
2193 4013 2355 4085 pietas
2380 4013 2542 4085 ipsius
2569 4029 2662 4085 pro
2683 4013 2988 4085 bonopacis
3025 4011 3348 4085 gratulanter
3385 4012 3628 4085 accipiet,

2029 4081 2246 4154 quorum
2272 4083 2550 4155 exemplar
2572 4081 2742 4155 etiam
2758 4081 3374 4155 Philagrio'imperatoris
3395 4081 3630 4137 eunucho

2030 4099 2246 4154 quorum
2291 4099 2550 4155 exemplar
2575 4099 2729 4137 etiam
2758 4099 3024 4155 rnttagrio
3047 4099 3374 4207 statueramus
3395 4099 3628 4137 eunucno

2030 4155 2216 4227 prodat
2261 4153 2372 4227 (vel
2416 4162 2474 4227 ut
2500 4154 2660 4227 habet
2686 4153 3066 4227 Sirm.etiam,
3128 4153 3279 4227 ilario
3305 4153 3628 4227 imperatoris

2031 4223 2172 4298 fideli
2195 4223 2378 4280 direxi.
2411 4224 2707 4298 Persidem)
2737 4223 2962 4281 charitas
2987 4235 3176 4298 uestra,
3219 4225 3326 4281 lucc
3350 4223 3629 4298 menenio

2027 4313 2129 4370 gno
2157 4305 2204 4352 et
2233 4298 2488 4352 innocenti
2516 4297 2687 4351 animo
2713 4297 2949 4370 gessisse.
2981 4297 3308 4370 Quapropter
3336 4297 3417 4351 Itis
3442 4297 3628 4352 litteris

2027 4367 2422 4442 ineisconvenio
2449 4381 2537 4423 vos
2565 4367 2839 4442 etuadjuro
2866 4367 3167 4442 perﬂant
3189 4373 3617 4442 omnipgtentent,

2029 4449 2074 4512 et
2107 4440 2368 4494 Christum
2387 4439 2565 4494 Iesum
2591 4438 2755 4507 ﬁlium
2791 4438 2904 4512 ejus
2941 4438 3330 4512 (Sirmsatldit
3357 4438 3551 4512 Deum)
3578 4449 3628 4494 et

2035 4511 2314 4566 Dominum
2343 4522 2573 4567 nostrum
2603 4511 2773 4577 (solus
2807 4511 3005 4566 Bacon.
3039 4511 3258 4580 subiicit
3279 4521 3327 4565 et
3373 4511 3628 4582 Spiritum

2027 4582 2324 4654 sanctum),
2357 4595 2414 4636 ut
2443 4583 2723 4654 dignemini
2748 4585 2818 4637 ad
2860 4583 3310 4638 clementissimum
3348 4582 3626 4649 imperato-

3059 4207 3066 4216 ι

1955 4674 2002 4734 D
2028 4670 2146 4734 rent
2167 4655 2516 4734 Constantium
2546 4655 2830 4734 Augustum
2873 4669 3109 4734 pergere,
3137 4665 3182 4734 et
3214 4661 3380 4721 petere
3409 4663 3464 4734 ut
3490 4654 3626 4734 bona

2031 4727 2194 4795 pacis,
2220 4735 2326 4780 etc.
2354 4725 2485 4790 Qua:
2517 4725 2676 4780 verba
2709 4741 2812 4795 non
2849 4722 3008 4778 modo
3039 4724 3308 4786 intricata,
3333 4722 3426 4777 sed
3447 4723 3618 4795 etin-

2034 4793 2407 4864 terpolationis
2436 4806 2562 4849 sunt
2605 4794 2760 4852 valde
2804 4804 3074 4862 suspecta.
3131 4795 3269 4861 Quid
3318 4795 3462 4848 enim
3512 4793 3629 4864 inec

2033 4863 2245 4930 sonant,
2299 4867 2398 4919 nisi
2445 4866 2714 4920 Liberium
2745 4866 2890 4936 prius
2921 4864 2987 4918 ad
3018 4865 3532 4936 Orientales,»quam
3560 4863 3628 4919 ad

2033 4939 2411 5006 imperatorem
2445 4934 2821 5004 scripsisse,‘et
2855 4936 3060 4991 litteras
3081 4953 3108 4986 a
3145 4952 3203 4987 se
3227 4937 3293 4991 ad
3323 4934 3627 4992 Orientales

2036 5011 2263 5072 scriptas
2295 5015 2481 5078 postea
2537 5008 2604 5063 ad
2636 5009 3014 5078 imperatorem
3062 5006 3626 5078 pcriFAurtuuatianum

2037 5075 2556 5150 misisset—quamvis
2594 5089 2942 5148 supr-nutum.
2977 5077 3030 5142 4,
3061 5075 3126 5132 ad
3156 5075 3460 5134 Oi-ientales
3494 5079 3631 5150 scri-

2035 5152 2190 5216 bens,
2221 5148 2438 5207 eosdem
2465 5160 2681 5205 moneat
2719 5163 2778 5207 se
2803 5150 2912 5220 jaut
2955 5159 3112 5205 antea
3161 5151 3368 5206 litteras
3408 5148 3627 5205 dedisse

2030 5239 2128 5294 per
2147 5223 2590 5278 Fortunatianum
2611 5221 2683 5294 ad
2701 5222 3081 5292 imperatorem
3103 5220 3477 5294 Constantium
3505 5235 3628 5294 per-

2029 5291 2301 5350 ferendas.
2347 5295 2546 5349 Contra
2593 5291 2914 5353 nitida’est.
2967 5301 3026 5348 et
3075 5292 3339 5362 superiori
3385 5291 3630 5362 epistolas

2027 5381 2250 5436 prorsus
2289 5375 2650 5421 consentanea
2679 5365 2860 5432 lectio,
2887 5379 3048 5436 quam
3088 5361 3155 5420 es
3198 5379 3301 5419 ms.
3342 5361 3486 5419 Pitlt.
3530 5378 3627 5418 ex-

2030 5451 2270 5508 pressam
2306 5437 2621 5493 retinemus.

2103 5507 2178 5579 (g)
2221 5509 2440 5571 θαι-οη..
2492 5524 2730 5580 magnum
2789 5505 2953 5580 etiam
2997 5505 3262 5580 proemium
3306 5503 3627 5580 nobis,_elc.

2031 5575 2196 5634 snio.
2225 5597 2325 5634 m~.
2360 5575 2597 5651 magnum
2626 5577 2758 5633 enim
2775 5575 3043 5650 premium
3066 5577 3204 5632 vobis
3232 5576 3386 5632 indie
3411 5575 3626 5633 tribula-

2028 5651 2182 5706 tionis
2207 5651 2496 5721 ucquiretis.

2073 5721 2181 5848 lto)
2226 5719 2372 5778 llanc
2421 5725 2581 5778 etiam
2634 5727 2816 5777 notam
2871 5719 3128 5778 exhibent
3181 5719 3398 5778 Baronii
3441 5735 3623 5778 exem-

2093 5809 2223 5848 arra.

2032 5809 2223 5866 ptarta.
