  <div class='ocr_page' id='page_1' title='image "/cluster/home/n/w/nwhite01/storage/ocr_20150623/10/hvd.32044096580394/353.png"; bbox 0 0 4100 6196; ppageno 0'>
   <div class='ocr_carea' id='block_1_1' title="bbox 417 248 523 305">
    <p class='ocr_par' dir='ltr' id='par_1_1' title="bbox 417 248 523 305">
     <span class='ocr_line' id='line_1_1' title="bbox 417 248 523 305; baseline 0 0"><span class='ocrx_word' id='word_1_1' title='bbox 417 248 523 305; x_wconf 75' lang='lat'><strong>695</strong></span> 
     </span>
    </p>
   </div>
   <div class='ocr_carea' id='block_1_2' title="bbox 495 501 2020 572">
    <p class='ocr_par' dir='ltr' id='par_1_2' title="bbox 495 501 2020 572">
     <span class='ocr_line' id='line_1_2' title="bbox 495 501 2020 572; baseline 0.001 -15"><span class='ocrx_word' id='word_1_2' title='bbox 495 501 583 559; x_wconf 82' lang='grc'><strong>10.</strong></span> <span class='ocrx_word' id='word_1_3' title='bbox 605 502 851 559; x_wconf 86' lang='lat' dir='ltr'><strong>Urbicum</strong></span> <span class='ocrx_word' id='word_1_4' title='bbox 877 503 974 556; x_wconf 86' lang='lat' dir='ltr'><strong>sibi</strong></span> <span class='ocrx_word' id='word_1_5' title='bbox 1005 511 1233 572; x_wconf 85' lang='lat' dir='ltr'><strong>ereptum</strong></span> <span class='ocrx_word' id='word_1_6' title='bbox 1255 501 1413 557; x_wconf 87' lang='lat' dir='ltr'><strong>dolet.</strong></span> <span class='ocrx_word' id='word_1_7' title='bbox 1440 533 1513 545; x_wconf 94' lang='lat'><strong>—-</strong></span> <span class='ocrx_word' id='word_1_8' title='bbox 1537 503 1654 560; x_wconf 89' lang='lat' dir='ltr'><strong>Non</strong></span> <span class='ocrx_word' id='word_1_9' title='bbox 1699 503 1893 570; x_wconf 84' lang='lat' dir='ltr'><strong>doceo,</strong></span> <span class='ocrx_word' id='word_1_10' title='bbox 1925 505 2020 559; x_wconf 88' lang='lat' dir='ltr'><strong>sed</strong></span> 
     </span>
    </p>
   </div>
   <div class='ocr_carea' id='block_1_3' title="bbox 421 596 2018 663">
    <p class='ocr_par' dir='ltr' id='par_1_3' title="bbox 421 596 2018 663">
     <span class='ocr_line' id='line_1_3' title="bbox 421 596 2018 663; baseline 0.001 -12"><span class='ocrx_word' id='word_1_11' title='bbox 421 596 689 652; x_wconf 84' lang='lat' dir='ltr'><strong>admOneo</strong></span> <span class='ocrx_word' id='word_1_12' title='bbox 723 603 968 650; x_wconf 88' lang='lat' dir='ltr'><strong>sanctum</strong></span> <span class='ocrx_word' id='word_1_13' title='bbox 1008 597 1245 650; x_wconf 87' lang='lat' dir='ltr'><strong>animum</strong></span> <span class='ocrx_word' id='word_1_14' title='bbox 1280 605 1450 661; x_wconf 90' lang='lat' dir='ltr'><strong>tuum,</strong></span> <span class='ocrx_word' id='word_1_15' title='bbox 1482 596 1651 653; x_wconf 89' lang='lat' dir='ltr'><strong>f&#39;rater</strong></span> <span class='ocrx_word' id='word_1_16' title='bbox 1680 597 2018 663; x_wconf 79' lang='lat' dir='ltr'><strong>charissima,</strong></span> 
     </span>
    </p>
   </div>
   <div class='ocr_carea' id='block_1_4' title="bbox 421 687 2026 761">
    <p class='ocr_par' dir='ltr' id='par_1_4' title="bbox 421 687 2026 761">
     <span class='ocr_line' id='line_1_4' title="bbox 421 687 2026 761; baseline 0.001 -18"><span class='ocrx_word' id='word_1_17' title='bbox 421 704 489 743; x_wconf 88' lang='lat' dir='ltr'><strong>eo</strong></span> <span class='ocrx_word' id='word_1_18' title='bbox 534 688 676 756; x_wconf 91' lang='lat' dir='ltr'><strong>quod</strong></span> <span class='ocrx_word' id='word_1_19' title='bbox 708 687 973 756; x_wconf 88' lang='lat' dir='ltr'><strong>colloquia</strong></span> <span class='ocrx_word' id='word_1_20' title='bbox 1023 687 1161 742; x_wconf 86' lang='lat' dir='ltr'><strong>mala</strong></span> <span class='ocrx_word' id='word_1_21' title='bbox 1212 704 1394 744; x_wconf 89' lang='lat' dir='ltr'><strong>mores</strong></span> <span class='ocrx_word' id='word_1_22' title='bbox 1444 689 1617 744; x_wconf 88' lang='lat' dir='ltr'><strong>bonos</strong></span> <span class='ocrx_word' id='word_1_23' title='bbox 1665 699 2026 761; x_wconf 89' lang='lat' dir='ltr'><strong>corrumpunt</strong></span> 
     </span>
    </p>
   </div>
   <div class='ocr_carea' id='block_1_5' title="bbox 423 778 2022 852">
    <p class='ocr_par' dir='ltr' id='par_1_5' title="bbox 423 778 2022 852">
     <span class='ocr_line' id='line_1_5' title="bbox 423 778 2022 852; baseline 0.003 -19"><span class='ocrx_word' id='word_1_24' title='bbox 423 779 465 852; x_wconf 94' lang='grc'><strong>(1</strong></span> <span class='ocrx_word' id='word_1_25' title='bbox 522 778 665 844; x_wconf 73' lang='grc' dir='ltr'><strong>σοι’..</strong></span> <span class='ocrx_word' id='word_1_26' title='bbox 711 795 800 843; x_wconf 79' lang='lat' dir='ltr'><strong>xv,</strong></span> <span class='ocrx_word' id='word_1_27' title='bbox 834 778 951 849; x_wconf 79' lang='grc'><strong>55).</strong></span> <span class='ocrx_word' id='word_1_28' title='bbox 982 779 1197 835; x_wconf 74' lang='lat' dir='ltr'><strong>insidia:</strong></span> <span class='ocrx_word' id='word_1_29' title='bbox 1230 780 1510 836; x_wconf 86' lang='lat' dir='ltr'><strong>hominum</strong></span> <span class='ocrx_word' id='word_1_30' title='bbox 1572 782 1833 838; x_wconf 90' lang='lat' dir='ltr'><strong>malorum</strong></span> <span class='ocrx_word' id='word_1_31' title='bbox 1883 782 2022 838; x_wconf 90' lang='lat' dir='ltr'><strong>bene</strong></span> 
     </span>
    </p>
   </div>
   <div class='ocr_carea' id='block_1_6' title="bbox 424 871 2017 943">
    <p class='ocr_par' dir='ltr' id='par_1_6' title="bbox 424 871 2017 943">
     <span class='ocr_line' id='line_1_6' title="bbox 424 871 2017 943; baseline 0.003 -19"><span class='ocrx_word' id='word_1_32' title='bbox 424 872 516 927; x_wconf 91' lang='lat' dir='ltr'><strong>tibi</strong></span> <span class='ocrx_word' id='word_1_33' title='bbox 549 873 780 940; x_wconf 76' lang='lat' dir='ltr'><strong>cognita:</strong></span> <span class='ocrx_word' id='word_1_34' title='bbox 808 880 957 935; x_wconf 85' lang='lat' dir='ltr'><strong>sunt,</strong></span> <span class='ocrx_word' id='word_1_35' title='bbox 1010 871 1151 927; x_wconf 89' lang='lat' dir='ltr'><strong>unde</strong></span> <span class='ocrx_word' id='word_1_36' title='bbox 1192 873 1257 926; x_wconf 88' lang='lat' dir='ltr'><strong>ad</strong></span> <span class='ocrx_word' id='word_1_37' title='bbox 1291 876 1432 929; x_wconf 86' lang='lat' dir='ltr'><strong>hunc</strong></span> <span class='ocrx_word' id='word_1_38' title='bbox 1478 874 1718 929; x_wconf 85' lang='lat' dir='ltr'><strong>laborem</strong></span> <span class='ocrx_word' id='word_1_39' title='bbox 1748 875 1967 943; x_wconf 88' lang='lat' dir='ltr'><strong>perveni</strong></span> <span class='ocrx_word' id='word_1_40' title='bbox 2004 891 2017 928; x_wconf 88' lang='lat'><strong>:</strong></span> 
     </span>
    </p>
   </div>
   <div class='ocr_carea' id='block_1_7' title="bbox 421 963 2019 1036">
    <p class='ocr_par' dir='ltr' id='par_1_7' title="bbox 421 963 2019 1036">
     <span class='ocr_line' id='line_1_7' title="bbox 421 963 2019 1036; baseline 0.001 -18"><span class='ocrx_word' id='word_1_41' title='bbox 421 973 477 1018; x_wconf 90' lang='lat' dir='ltr'><strong>et</strong></span> <span class='ocrx_word' id='word_1_42' title='bbox 499 979 592 1018; x_wconf 86' lang='lat' dir='ltr'><strong>ora</strong></span> <span class='ocrx_word' id='word_1_43' title='bbox 614 963 779 1036; x_wconf 73' lang='lat'><strong>683</strong></span> <span class='ocrx_word' id='word_1_44' title='bbox 804 971 861 1018; x_wconf 89' lang='lat' dir='ltr'><strong>nt</strong></span> <span class='ocrx_word' id='word_1_45' title='bbox 898 963 987 1018; x_wconf 90' lang='lat' dir='ltr'><strong>det</strong></span> <span class='ocrx_word' id='word_1_46' title='bbox 1020 964 1279 1020; x_wconf 87' lang='lat' dir='ltr'><strong>Dominus</strong></span> <span class='ocrx_word' id='word_1_47' title='bbox 1309 966 1671 1020; x_wconf 76' lang='lat' dir='ltr'><strong>tolerantiam.</strong></span> <span class='ocrx_word' id='word_1_48' title='bbox 1719 966 2019 1022; x_wconf 85' lang='lat' dir='ltr'><strong>Dilectissi-</strong></span> 
     </span>
    </p>
   </div>
   <div class='ocr_carea' id='block_1_8' title="bbox 419 1056 2021 1128">
    <p class='ocr_par' dir='ltr' id='par_1_8' title="bbox 419 1056 2021 1128">
     <span class='ocr_line' id='line_1_8' title="bbox 419 1056 2021 1128; baseline 0.001 -16"><span class='ocrx_word' id='word_1_49' title='bbox 419 1061 542 1112; x_wconf 85' lang='lat' dir='ltr'><strong>mus</strong></span> <span class='ocrx_word' id='word_1_50' title='bbox 567 1057 706 1111; x_wconf 90' lang='lat' dir='ltr'><strong>ﬁlius</strong></span> <span class='ocrx_word' id='word_1_51' title='bbox 737 1072 890 1112; x_wconf 90' lang='lat' dir='ltr'><strong>mens</strong></span> <span class='ocrx_word' id='word_1_52' title='bbox 917 1056 1148 1113; x_wconf 86' lang='lat' dir='ltr'><strong>Urbicus</strong></span> <span class='ocrx_word' id='word_1_53' title='bbox 1174 1057 1455 1124; x_wconf 85' lang='lat' dir='ltr'><strong>diaconus,</strong></span> <span class='ocrx_word' id='word_1_54' title='bbox 1480 1074 1639 1128; x_wconf 85' lang='lat' dir='ltr'><strong>quem</strong></span> <span class='ocrx_word' id='word_1_55' title='bbox 1674 1059 1898 1115; x_wconf 90' lang='lat' dir='ltr'><strong>videbar</strong></span> <span class='ocrx_word' id='word_1_56' title='bbox 1921 1060 2021 1114; x_wconf 90' lang='lat' dir='ltr'><strong>ha-</strong></span> 
     </span>
    </p>
   </div>
   <div class='ocr_carea' id='block_1_9' title="bbox 421 1146 2023 1225">
    <p class='ocr_par' dir='ltr' id='par_1_9' title="bbox 421 1146 2023 1225">
     <span class='ocr_line' id='line_1_9' title="bbox 421 1146 2023 1225; baseline 0.003 -24"><span class='ocrx_word' id='word_1_57' title='bbox 421 1146 550 1201; x_wconf 86' lang='lat' dir='ltr'><strong>bere</strong></span> <span class='ocrx_word' id='word_1_58' title='bbox 580 1150 854 1214; x_wconf 86' lang='lat' dir='ltr'><strong>solatium,</strong></span> <span class='ocrx_word' id='word_1_59' title='bbox 885 1164 916 1204; x_wconf 86' lang='lat' dir='ltr'><strong>a</strong></span> <span class='ocrx_word' id='word_1_60' title='bbox 950 1164 1034 1204; x_wconf 90' lang='lat' dir='ltr'><strong>me</strong></span> <span class='ocrx_word' id='word_1_61' title='bbox 1065 1164 1160 1220; x_wconf 87' lang='lat' dir='ltr'><strong>per</strong></span> <span class='ocrx_word' id='word_1_62' title='bbox 1185 1148 1470 1205; x_wconf 89' lang='lat' dir='ltr'><strong>Venerium</strong></span> <span class='ocrx_word' id='word_1_63' title='bbox 1500 1159 1747 1221; x_wconf 85' lang='lat' dir='ltr'><strong>agentem</strong></span> <span class='ocrx_word' id='word_1_64' title='bbox 1779 1152 1830 1206; x_wconf 92' lang='lat' dir='ltr'><strong>in</strong></span> <span class='ocrx_word' id='word_1_65' title='bbox 1860 1150 2023 1225; x_wconf 84' lang='lat' dir='ltr'><strong>rebus</strong></span> 
     </span>
    </p>
   </div>
   <div class='ocr_carea' id='block_1_10' title="bbox 426 1239 798 1296">
    <p class='ocr_par' dir='ltr' id='par_1_10' title="bbox 426 1239 798 1296">
     <span class='ocr_line' id='line_1_10' title="bbox 426 1239 798 1296; baseline -0.003 0"><span class='ocrx_word' id='word_1_66' title='bbox 426 1239 670 1296; x_wconf 86' lang='lat' dir='ltr'><strong>sublatus</strong></span> <span class='ocrx_word' id='word_1_67' title='bbox 697 1248 798 1295; x_wconf 91' lang='lat' dir='ltr'><strong>est.</strong></span> 
     </span>
    </p>
   </div>
   <div class='ocr_carea' id='block_1_11' title="bbox 493 1331 2024 1403">
    <p class='ocr_par' dir='ltr' id='par_1_11' title="bbox 493 1331 2024 1403">
     <span class='ocr_line' id='line_1_11' title="bbox 493 1331 2024 1403; baseline 0.003 -18"><span class='ocrx_word' id='word_1_68' title='bbox 493 1332 517 1385; x_wconf 78' lang='lat' dir='ltr'><strong>l</strong></span> <span class='ocrx_word' id='word_1_69' title='bbox 534 1331 553 1387; x_wconf 81' lang='grc' dir='ltr'><strong>Ι</strong></span> <span class='ocrx_word' id='word_1_70' title='bbox 571 1372 582 1383; x_wconf 91' lang='grc'><strong>.</strong></span> <span class='ocrx_word' id='word_1_71' title='bbox 602 1333 712 1396; x_wconf 81' lang='lat' dir='ltr'><strong>Quo</strong></span> <span class='ocrx_word' id='word_1_72' title='bbox 726 1333 928 1386; x_wconf 84' lang='lat' dir='ltr'><strong>nomine</strong></span> <span class='ocrx_word' id='word_1_73' title='bbox 940 1332 1159 1387; x_wconf 89' lang='lat' dir='ltr'><strong>reditum</strong></span> <span class='ocrx_word' id='word_1_74' title='bbox 1176 1334 1237 1387; x_wconf 86' lang='lat' dir='ltr'><strong>ab</strong></span> <span class='ocrx_word' id='word_1_75' title='bbox 1251 1333 1432 1388; x_wconf 73' lang='lat' dir='ltr'><strong>exsilio</strong></span> <span class='ocrx_word' id='word_1_76' title='bbox 1446 1334 1764 1403; x_wconf 83' lang='lat' dir='ltr'><strong>deprecetur.</strong></span> <span class='ocrx_word' id='word_1_77' title='bbox 1809 1365 1878 1376; x_wconf 84' lang='lat'><strong>--</strong></span> <span class='ocrx_word' id='word_1_78' title='bbox 1889 1336 2024 1391; x_wconf 89' lang='lat' dir='ltr'><strong>San-</strong></span> 
     </span>
    </p>
   </div>
   <div class='ocr_carea' id='block_1_12' title="bbox 420 1421 2022 1495">
    <p class='ocr_par' dir='ltr' id='par_1_12' title="bbox 420 1421 2022 1495">
     <span class='ocr_line' id='line_1_12' title="bbox 420 1421 2022 1495; baseline 0.004 -18"><span class='ocrx_word' id='word_1_79' title='bbox 420 1421 592 1477; x_wconf 90' lang='lat' dir='ltr'><strong>ctitati</strong></span> <span class='ocrx_word' id='word_1_80' title='bbox 622 1421 698 1495; x_wconf 92' lang='lat' dir='ltr'><strong>(b)</strong></span> <span class='ocrx_word' id='word_1_81' title='bbox 744 1433 850 1479; x_wconf 79' lang='lat' dir='ltr'><strong>une</strong></span> <span class='ocrx_word' id='word_1_82' title='bbox 881 1424 1288 1495; x_wconf 84' lang='lat' dir='ltr'><strong>signiﬁcandum</strong></span> <span class='ocrx_word' id='word_1_83' title='bbox 1325 1427 1553 1493; x_wconf 84' lang='lat' dir='ltr'><strong>credidi,</strong></span> <span class='ocrx_word' id='word_1_84' title='bbox 1593 1445 1679 1484; x_wconf 90' lang='lat' dir='ltr'><strong>me</strong></span> <span class='ocrx_word' id='word_1_85' title='bbox 1706 1429 1773 1484; x_wconf 92' lang='lat' dir='ltr'><strong>de</strong></span> <span class='ocrx_word' id='word_1_86' title='bbox 1795 1441 2022 1484; x_wconf 89' lang='lat' dir='ltr'><strong>conten-</strong></span> 
     </span>
    </p>
   </div>
   <div class='ocr_carea' id='block_1_13' title="bbox 422 1514 2025 1586">
    <p class='ocr_par' dir='ltr' id='par_1_13' title="bbox 422 1514 2025 1586">
     <span class='ocr_line' id='line_1_13' title="bbox 422 1514 2025 1586; baseline 0.006 -18"><span class='ocrx_word' id='word_1_87' title='bbox 422 1514 569 1569; x_wconf 93' lang='lat' dir='ltr'><strong>tione</strong></span> <span class='ocrx_word' id='word_1_88' title='bbox 593 1515 679 1568; x_wconf 91' lang='lat' dir='ltr'><strong>illa</strong></span> <span class='ocrx_word' id='word_1_89' title='bbox 709 1530 739 1569; x_wconf 88' lang='lat' dir='ltr'><strong>a</strong></span> <span class='ocrx_word' id='word_1_90' title='bbox 772 1517 991 1571; x_wconf 88' lang='lat' dir='ltr'><strong>nomine</strong></span> <span class='ocrx_word' id='word_1_91' title='bbox 1011 1516 1296 1573; x_wconf 78' lang='lat' dir='ltr'><strong>Athanasii</strong></span> <span class='ocrx_word' id='word_1_92' title='bbox 1317 1520 1630 1586; x_wconf 84' lang='lat' dir='ltr'><strong>recessisse,</strong></span> <span class='ocrx_word' id='word_1_93' title='bbox 1655 1532 1708 1575; x_wconf 93' lang='lat' dir='ltr'><strong>et</strong></span> <span class='ocrx_word' id='word_1_94' title='bbox 1734 1521 1798 1575; x_wconf 89' lang='lat' dir='ltr'><strong>ad</strong></span> <span class='ocrx_word' id='word_1_95' title='bbox 1829 1520 2025 1576; x_wconf 82' lang='lat' dir='ltr'><strong>fratres</strong></span> 
     </span>
    </p>
   </div>
   <div class='ocr_carea' id='block_1_14' title="bbox 421 1606 2025 1676">
    <p class='ocr_par' dir='ltr' id='par_1_14' title="bbox 421 1606 2025 1676">
     <span class='ocr_line' id='line_1_14' title="bbox 421 1606 2025 1676; baseline 0.004 -16"><span class='ocrx_word' id='word_1_96' title='bbox 421 1615 475 1660; x_wconf 90' lang='lat' dir='ltr'><strong>et</strong></span> <span class='ocrx_word' id='word_1_97' title='bbox 495 1606 847 1676; x_wconf 71' lang='lat' dir='ltr'><strong>coepiscmios</strong></span> <span class='ocrx_word' id='word_1_98' title='bbox 879 1617 1095 1663; x_wconf 89' lang='lat' dir='ltr'><strong>nostros</strong></span> <span class='ocrx_word' id='word_1_99' title='bbox 1116 1607 1420 1665; x_wconf 85' lang='lat' dir='ltr'><strong>Orientales</strong></span> <span class='ocrx_word' id='word_1_100' title='bbox 1450 1610 1658 1665; x_wconf 82' lang='lat' dir='ltr'><strong>litteras</strong></span> <span class='ocrx_word' id='word_1_101' title='bbox 1696 1610 1913 1666; x_wconf 76' lang='lat' dir='ltr'><strong>dediSse</strong></span> <span class='ocrx_word' id='word_1_102' title='bbox 1957 1611 2025 1667; x_wconf 87' lang='lat' dir='ltr'><strong>de</strong></span> 
     </span>
    </p>
   </div>
   <div class='ocr_carea' id='block_1_15' title="bbox 425 1699 2024 1773">
    <p class='ocr_par' dir='ltr' id='par_1_15' title="bbox 425 1699 2024 1773">
     <span class='ocr_line' id='line_1_15' title="bbox 425 1699 2024 1773; baseline 0.006 -23"><span class='ocrx_word' id='word_1_103' title='bbox 425 1710 591 1766; x_wconf 84' lang='lat' dir='ltr'><strong>super</strong></span> <span class='ocrx_word' id='word_1_104' title='bbox 623 1700 843 1754; x_wconf 90' lang='lat' dir='ltr'><strong>nomine</strong></span> <span class='ocrx_word' id='word_1_105' title='bbox 884 1700 1026 1769; x_wconf 86' lang='lat' dir='ltr'><strong>ejus.</strong></span> <span class='ocrx_word' id='word_1_106' title='bbox 1060 1699 1215 1756; x_wconf 89' lang='lat' dir='ltr'><strong>Unde</strong></span> <span class='ocrx_word' id='word_1_107' title='bbox 1255 1702 1402 1770; x_wconf 81' lang='lat' dir='ltr'><strong>quia,</strong></span> <span class='ocrx_word' id='word_1_108' title='bbox 1437 1701 1549 1757; x_wconf 90' lang='lat' dir='ltr'><strong>Deo</strong></span> <span class='ocrx_word' id='word_1_109' title='bbox 1578 1702 1815 1765; x_wconf 87' lang='lat' dir='ltr'><strong>volente,</strong></span> <span class='ocrx_word' id='word_1_110' title='bbox 1841 1713 1897 1758; x_wconf 89' lang='lat' dir='ltr'><strong>et</strong></span> <span class='ocrx_word' id='word_1_111' title='bbox 1923 1719 2024 1773; x_wconf 79' lang='lat' dir='ltr'><strong>pax</strong></span> 
     </span>
    </p>
   </div>
   <div class='ocr_carea' id='block_1_16' title="bbox 1598 250 2486 310">
    <p class='ocr_par' dir='ltr' id='par_1_16' title="bbox 1598 250 2486 310">
     <span class='ocr_line' id='line_1_16' title="bbox 1598 250 2486 310; baseline -0.002 0"><span class='ocrx_word' id='word_1_112' title='bbox 1598 251 1842 310; x_wconf 80' lang='lat' dir='ltr'><strong>SANCTI</strong></span> <span class='ocrx_word' id='word_1_113' title='bbox 1881 250 2140 309; x_wconf 79' lang='lat' dir='ltr'><strong>HlLARIl</strong></span> <span class='ocrx_word' id='word_1_114' title='bbox 2180 251 2486 309; x_wconf 80' lang='lat' dir='ltr'><strong>EPISCOPI</strong></span> 
     </span>
    </p>
   </div>
   <div class='ocr_carea' id='block_1_17' title="bbox 495 365 2812 441">
    <p class='ocr_par' dir='ltr' id='par_1_17' title="bbox 495 365 2812 441">
     <span class='ocr_line' id='line_1_17' title="bbox 495 365 2812 441; baseline -0 -20"><span class='ocrx_word' id='word_1_115' title='bbox 495 366 628 422; x_wconf 89' lang='lat' dir='ltr'><strong>Item</strong></span> <span class='ocrx_word' id='word_1_116' title='bbox 671 365 741 423; x_wconf 89' lang='lat' dir='ltr'><strong>de</strong></span> <span class='ocrx_word' id='word_1_117' title='bbox 769 365 964 423; x_wconf 83' lang='lat' dir='ltr'><strong>exsilio</strong></span> <span class='ocrx_word' id='word_1_118' title='bbox 993 365 1068 439; x_wconf 89' lang='lat' dir='ltr'><strong>(a)</strong></span> <span class='ocrx_word' id='word_1_119' title='bbox 1115 366 1364 423; x_wconf 87' lang='lat' dir='ltr'><strong>Liberius</strong></span> <span class='ocrx_word' id='word_1_120' title='bbox 1406 367 1691 425; x_wconf 89' lang='lat' dir='ltr'><strong>Vincentio</strong></span> <span class='ocrx_word' id='word_1_121' title='bbox 1721 370 1833 441; x_wconf 86' lang='lat' dir='ltr'><strong>(an.</strong></span> <span class='ocrx_word' id='word_1_122' title='bbox 1863 367 2015 440; x_wconf 76' lang='lat'><strong>558).</strong></span> <span class='ocrx_word' id='word_1_123' title='bbox 2046 366 2095 426; x_wconf 87' lang='lat' dir='ltr'><strong>A</strong></span> <span class='ocrx_word' id='word_1_124' title='bbox 2120 374 2375 437; x_wconf 87' lang='lat' dir='ltr'><strong>oportere</strong></span> <span class='ocrx_word' id='word_1_125' title='bbox 2413 378 2635 435; x_wconf 79' lang='lat' dir='ltr'><strong>operam</strong></span> <span class='ocrx_word' id='word_1_126' title='bbox 2682 365 2812 420; x_wconf 90' lang='lat' dir='ltr'><strong>dare</strong></span> 
     </span>
    </p>
   </div>
   <div class='ocr_carea' id='block_1_18' title="bbox 3620 246 3728 301">
    <p class='ocr_par' dir='ltr' id='par_1_18' title="bbox 3620 246 3728 301">
     <span class='ocr_line' id='line_1_18' title="bbox 3620 246 3728 301; baseline 0 0"><span class='ocrx_word' id='word_1_127' title='bbox 3620 246 3728 301; x_wconf 71' lang='grc'>696</span> 
     </span>
    </p>
   </div>
   <div class='ocr_carea' id='block_1_19' title="bbox 2863 362 3727 434">
    <p class='ocr_par' dir='ltr' id='par_1_19' title="bbox 2863 362 3727 434">
     <span class='ocr_line' id='line_1_19' title="bbox 2863 362 3727 434; baseline 0 -15"><span class='ocrx_word' id='word_1_128' title='bbox 2863 382 2875 419; x_wconf 89' lang='lat'><strong>:</strong></span> <span class='ocrx_word' id='word_1_129' title='bbox 2922 379 3046 421; x_wconf 91' lang='lat' dir='ltr'><strong>cum</strong></span> <span class='ocrx_word' id='word_1_130' title='bbox 3085 362 3333 434; x_wconf 89' lang='lat' dir='ltr'><strong>profecto</strong></span> <span class='ocrx_word' id='word_1_131' title='bbox 3358 371 3411 419; x_wconf 89' lang='lat' dir='ltr'><strong>et</strong></span> <span class='ocrx_word' id='word_1_132' title='bbox 3439 363 3727 434; x_wconf 87' lang='lat' dir='ltr'><strong>episcopo-</strong></span> 
     </span>
    </p>
   </div>
   <div class='ocr_carea' id='block_1_20' title="bbox 2126 454 3727 528">
    <p class='ocr_par' dir='ltr' id='par_1_20' title="bbox 2126 454 3727 528">
     <span class='ocr_line' id='line_1_20' title="bbox 2126 454 3727 528; baseline -0.001 -17"><span class='ocrx_word' id='word_1_133' title='bbox 2126 473 2241 512; x_wconf 91' lang='lat' dir='ltr'><strong>rum</strong></span> <span class='ocrx_word' id='word_1_134' title='bbox 2270 458 2320 512; x_wconf 89' lang='lat' dir='ltr'><strong>id</strong></span> <span class='ocrx_word' id='word_1_135' title='bbox 2350 457 2527 513; x_wconf 90' lang='lat' dir='ltr'><strong>ofﬁcio</strong></span> <span class='ocrx_word' id='word_1_136' title='bbox 2549 466 2810 528; x_wconf 77' lang='lat' dir='ltr'><strong>congruat</strong></span> <span class='ocrx_word' id='word_1_137' title='bbox 2834 499 2848 523; x_wconf 95' lang='lat'><strong>,</strong></span> <span class='ocrx_word' id='word_1_138' title='bbox 2880 466 2934 511; x_wconf 90' lang='lat' dir='ltr'><strong>et</strong></span> <span class='ocrx_word' id='word_1_139' title='bbox 2957 455 3105 512; x_wconf 88' lang='lat' dir='ltr'><strong>salus</strong></span> <span class='ocrx_word' id='word_1_140' title='bbox 3134 456 3374 512; x_wconf 89' lang='lat' dir='ltr'><strong>omnium</strong></span> <span class='ocrx_word' id='word_1_141' title='bbox 3403 455 3563 527; x_wconf 87' lang='lat' dir='ltr'><strong>longe</strong></span> <span class='ocrx_word' id='word_1_142' title='bbox 3590 454 3727 510; x_wconf 89' lang='lat' dir='ltr'><strong>late-</strong></span> 
     </span>
    </p>
   </div>
   <div class='ocr_carea' id='block_1_21' title="bbox 2124 547 3725 624">
    <p class='ocr_par' dir='ltr' id='par_1_21' title="bbox 2124 547 3725 624">
     <span class='ocr_line' id='line_1_21' title="bbox 2124 547 3725 624; baseline -0.002 -17"><span class='ocrx_word' id='word_1_143' title='bbox 2124 569 2227 624; x_wconf 85' lang='lat' dir='ltr'><strong>que</strong></span> <span class='ocrx_word' id='word_1_144' title='bbox 2276 552 2593 623; x_wconf 88' lang='lat' dir='ltr'><strong>populorum</strong></span> <span class='ocrx_word' id='word_1_145' title='bbox 2639 551 2742 605; x_wconf 91' lang='lat' dir='ltr'><strong>boc</strong></span> <span class='ocrx_word' id='word_1_146' title='bbox 2793 550 3104 605; x_wconf 78' lang='lat' dir='ltr'><strong>fundamine</strong></span> <span class='ocrx_word' id='word_1_147' title='bbox 3149 550 3462 605; x_wconf 89' lang='lat' dir='ltr'><strong>roboretur.</strong></span> <span class='ocrx_word' id='word_1_148' title='bbox 3497 547 3602 603; x_wconf 86' lang='lat' dir='ltr'><strong>Sed</strong></span> <span class='ocrx_word' id='word_1_149' title='bbox 3634 563 3725 603; x_wconf 90' lang='lat' dir='ltr'><strong>res</strong></span> 
     </span>
    </p>
   </div>
   <div class='ocr_carea' id='block_1_22' title="bbox 2125 643 3725 713">
    <p class='ocr_par' dir='ltr' id='par_1_22' title="bbox 2125 643 3725 713">
     <span class='ocr_line' id='line_1_22' title="bbox 2125 643 3725 713; baseline -0.006 -7"><span class='ocrx_word' id='word_1_150' title='bbox 2125 650 2403 706; x_wconf 86' lang='lat' dir='ltr'><strong>admonuit</strong></span> <span class='ocrx_word' id='word_1_151' title='bbox 2432 649 2671 702; x_wconf 87' lang='lat' dir='ltr'><strong>instituta</strong></span> <span class='ocrx_word' id='word_1_152' title='bbox 2706 663 2894 702; x_wconf 85' lang='lat' dir='ltr'><strong>rursus</strong></span> <span class='ocrx_word' id='word_1_153' title='bbox 2920 644 3337 701; x_wconf 81' lang='lat' dir='ltr'><strong>exsistere.Non</strong></span> <span class='ocrx_word' id='word_1_154' title='bbox 3358 644 3501 699; x_wconf 89' lang='lat' dir='ltr'><strong>enim</strong></span> <span class='ocrx_word' id='word_1_155' title='bbox 3528 643 3725 713; x_wconf 80' lang='lat' dir='ltr'><strong>aliquis</strong></span> 
     </span>
    </p>
   </div>
   <div class='ocr_carea' id='block_1_23' title="bbox 2127 739 3729 813">
    <p class='ocr_par' dir='ltr' id='par_1_23' title="bbox 2127 739 3729 813">
     <span class='ocr_line' id='line_1_23' title="bbox 2127 739 3729 813; baseline -0.002 -14"><span class='ocrx_word' id='word_1_156' title='bbox 2127 744 2345 799; x_wconf 88' lang='lat' dir='ltr'><strong>deﬁnita</strong></span> <span class='ocrx_word' id='word_1_157' title='bbox 2366 741 2625 813; x_wconf 89' lang='lat' dir='ltr'><strong>geminari</strong></span> <span class='ocrx_word' id='word_1_158' title='bbox 2658 739 2990 811; x_wconf 80' lang='lat' dir='ltr'><strong>superﬂuum</strong></span> <span class='ocrx_word' id='word_1_159' title='bbox 3022 740 3305 810; x_wconf 77' lang='lat' dir='ltr'><strong>iudicabit,</strong></span> <span class='ocrx_word' id='word_1_160' title='bbox 3351 756 3470 794; x_wconf 92' lang='lat' dir='ltr'><strong>cum</strong></span> <span class='ocrx_word' id='word_1_161' title='bbox 3501 740 3572 811; x_wconf 72' lang='grc' dir='ltr'><strong>(ι’)</strong></span> <span class='ocrx_word' id='word_1_162' title='bbox 3607 755 3729 795; x_wconf 88' lang='lat' dir='ltr'><strong>cre-</strong></span> 
     </span>
    </p>
   </div>
   <div class='ocr_carea' id='block_1_24' title="bbox 2124 831 3727 902">
    <p class='ocr_par' dir='ltr' id='par_1_24' title="bbox 2124 831 3727 902">
     <span class='ocr_line' id='line_1_24' title="bbox 2124 831 3727 902; baseline -0.004 -9"><span class='ocrx_word' id='word_1_163' title='bbox 2124 837 2219 893; x_wconf 90' lang='lat' dir='ltr'><strong>bra</strong></span> <span class='ocrx_word' id='word_1_164' title='bbox 2251 836 2595 891; x_wconf 86' lang='lat' dir='ltr'><strong>consueverit</strong></span> <span class='ocrx_word' id='word_1_165' title='bbox 2637 835 2935 888; x_wconf 88' lang='lat' dir='ltr'><strong>admonitio</strong></span> <span class='ocrx_word' id='word_1_166' title='bbox 2964 848 3163 901; x_wconf 71' lang='lat' dir='ltr'><strong>augure</strong></span> <span class='ocrx_word' id='word_1_167' title='bbox 3187 832 3461 887; x_wconf 88' lang='lat' dir='ltr'><strong>cumulum</strong></span> <span class='ocrx_word' id='word_1_168' title='bbox 3488 831 3727 902; x_wconf 81' lang='lat' dir='ltr'><strong>diligen-</strong></span> 
     </span>
    </p>
   </div>
   <div class='ocr_carea' id='block_1_25' title="bbox 2127 927 3728 999">
    <p class='ocr_par' dir='ltr' id='par_1_25' title="bbox 2127 927 3728 999">
     <span class='ocr_line' id='line_1_25' title="bbox 2127 927 3728 999; baseline -0.003 -12"><span class='ocrx_word' id='word_1_169' title='bbox 2127 933 2232 987; x_wconf 65' lang='lat' dir='ltr'><strong>tiae.</strong></span> <span class='ocrx_word' id='word_1_170' title='bbox 2266 930 2358 985; x_wconf 90' lang='lat' dir='ltr'><strong>His</strong></span> <span class='ocrx_word' id='word_1_171' title='bbox 2386 931 2456 984; x_wconf 86' lang='lat' dir='ltr'><strong>ita</strong></span> <span class='ocrx_word' id='word_1_172' title='bbox 2489 944 2548 985; x_wconf 90' lang='lat' dir='ltr'><strong>se</strong></span> <span class='ocrx_word' id='word_1_173' title='bbox 2573 928 2915 990; x_wconf 87' lang='lat' dir='ltr'><strong>habentibus,</strong></span> <span class='ocrx_word' id='word_1_174' title='bbox 2941 928 3010 984; x_wconf 92' lang='lat' dir='ltr'><strong>de</strong></span> <span class='ocrx_word' id='word_1_175' title='bbox 3038 927 3144 983; x_wconf 85' lang='lat' dir='ltr'><strong>ﬁde</strong></span> <span class='ocrx_word' id='word_1_176' title='bbox 3165 934 3328 999; x_wconf 84' lang='lat' dir='ltr'><strong>atque</strong></span> <span class='ocrx_word' id='word_1_177' title='bbox 3353 928 3557 983; x_wconf 84' lang='lat' dir='ltr'><strong>unitate</strong></span> <span class='ocrx_word' id='word_1_178' title='bbox 3584 938 3728 983; x_wconf 83' lang='lat' dir='ltr'><strong>trac-</strong></span> 
     </span>
    </p>
   </div>
   <div class='ocr_carea' id='block_1_26' title="bbox 2126 1020 3726 1093">
    <p class='ocr_par' dir='ltr' id='par_1_26' title="bbox 2126 1020 3726 1093">
     <span class='ocr_line' id='line_1_26' title="bbox 2126 1020 3726 1093; baseline -0.003 -14"><span class='ocrx_word' id='word_1_179' title='bbox 2126 1023 2224 1079; x_wconf 87' lang='lat' dir='ltr'><strong>tari</strong></span> <span class='ocrx_word' id='word_1_180' title='bbox 2256 1023 2456 1078; x_wconf 82' lang='lat' dir='ltr'><strong>debere</strong></span> <span class='ocrx_word' id='word_1_181' title='bbox 2484 1026 2791 1093; x_wconf 79' lang='lat' dir='ltr'><strong>cognoscat&#39;</strong></span> <span class='ocrx_word' id='word_1_182' title='bbox 2810 1020 3096 1078; x_wconf 84' lang='lat' dir='ltr'><strong>sinceritas</strong></span> <span class='ocrx_word' id='word_1_183' title='bbox 3145 1032 3346 1083; x_wconf 85' lang='lat' dir='ltr'><strong>vestra,</strong></span> <span class='ocrx_word' id='word_1_184' title='bbox 3401 1031 3456 1075; x_wconf 91' lang='lat' dir='ltr'><strong>ct</strong></span> <span class='ocrx_word' id='word_1_185' title='bbox 3502 1036 3726 1090; x_wconf 86' lang='lat' dir='ltr'><strong>operam</strong></span> 
     </span>
    </p>
   </div>
   <div class='ocr_carea' id='block_1_27' title="bbox 2125 1113 3726 1183">
    <p class='ocr_par' dir='ltr' id='par_1_27' title="bbox 2125 1113 3726 1183">
     <span class='ocr_line' id='line_1_27' title="bbox 2125 1113 3726 1183; baseline -0.003 -12"><span class='ocrx_word' id='word_1_186' title='bbox 2125 1117 2276 1181; x_wconf 90' lang='lat' dir='ltr'><strong>dare,</strong></span> <span class='ocrx_word' id='word_1_187' title='bbox 2302 1123 2360 1169; x_wconf 88' lang='lat' dir='ltr'><strong>ut</strong></span> <span class='ocrx_word' id='word_1_188' title='bbox 2384 1114 2765 1170; x_wconf 87' lang='lat' dir='ltr'><strong>ecclesiasticis</strong></span> <span class='ocrx_word' id='word_1_189' title='bbox 2793 1116 2955 1170; x_wconf 85' lang='lat' dir='ltr'><strong>rebus</strong></span> <span class='ocrx_word' id='word_1_190' title='bbox 2980 1114 3115 1170; x_wconf 87' lang='lat' dir='ltr'><strong>ordo</strong></span> <span class='ocrx_word' id='word_1_191' title='bbox 3142 1122 3456 1183; x_wconf 87' lang='lat' dir='ltr'><strong>competens</strong></span> <span class='ocrx_word' id='word_1_192' title='bbox 3478 1113 3726 1183; x_wconf 78' lang='lat' dir='ltr'><strong>praebea-</strong></span> 
     </span>
    </p>
   </div>
   <div class='ocr_carea' id='block_1_28' title="bbox 2125 1207 3729 1279">
    <p class='ocr_par' dir='ltr' id='par_1_28' title="bbox 2125 1207 3729 1279">
     <span class='ocr_line' id='line_1_28' title="bbox 2125 1207 3729 1279; baseline -0.004 -13"><span class='ocrx_word' id='word_1_193' title='bbox 2125 1219 2233 1267; x_wconf 92' lang='lat' dir='ltr'><strong>tur.</strong></span> <span class='ocrx_word' id='word_1_194' title='bbox 2269 1210 2544 1266; x_wconf 86' lang='lat' dir='ltr'><strong>Discurret</strong></span> <span class='ocrx_word' id='word_1_195' title='bbox 2572 1224 2806 1279; x_wconf 86' lang='lat' dir='ltr'><strong>namque</strong></span> <span class='ocrx_word' id='word_1_196' title='bbox 2826 1217 3145 1264; x_wconf 89' lang='lat' dir='ltr'><strong>cunctorum</strong></span> <span class='ocrx_word' id='word_1_197' title='bbox 3174 1208 3506 1279; x_wconf 72' lang='lat' dir='ltr'><strong>prosperitas</strong></span> <span class='ocrx_word' id='word_1_198' title='bbox 3526 1207 3729 1276; x_wconf 88' lang='lat' dir='ltr'><strong>ubique</strong></span> 
     </span>
    </p>
   </div>
   <div class='ocr_carea' id='block_1_29' title="bbox 2129 1298 3729 1373">
    <p class='ocr_par' dir='ltr' id='par_1_29' title="bbox 2129 1298 3729 1373">
     <span class='ocr_line' id='line_1_29' title="bbox 2129 1298 3729 1373; baseline -0.001 -16"><span class='ocrx_word' id='word_1_199' title='bbox 2129 1302 2472 1373; x_wconf 76' lang='lat' dir='ltr'><strong>pepulerunt,</strong></span> <span class='ocrx_word' id='word_1_200' title='bbox 2504 1310 2559 1356; x_wconf 92' lang='lat' dir='ltr'><strong>et</strong></span> <span class='ocrx_word' id='word_1_201' title='bbox 2604 1299 2892 1355; x_wconf 88' lang='lat' dir='ltr'><strong>concordia</strong></span> <span class='ocrx_word' id='word_1_202' title='bbox 2926 1300 3028 1354; x_wconf 88' lang='lat' dir='ltr'><strong>lida</strong></span> <span class='ocrx_word' id='word_1_203' title='bbox 3073 1301 3379 1355; x_wconf 61' lang='lat' dir='ltr'><strong>servabitur</strong></span> <span class='ocrx_word' id='word_1_204' title='bbox 3406 1298 3575 1372; x_wconf 61' lang='lat'><strong>685</strong></span> <span class='ocrx_word' id='word_1_205' title='bbox 3601 1314 3729 1355; x_wconf 92' lang='lat' dir='ltr'><strong>cum</strong></span> 
     </span>
    </p>
   </div>
   <div class='ocr_carea' id='block_1_30' title="bbox 2131 1392 3731 1466">
    <p class='ocr_par' dir='ltr' id='par_1_30' title="bbox 2131 1392 3731 1466">
     <span class='ocr_line' id='line_1_30' title="bbox 2131 1392 3731 1466; baseline -0.002 -16"><span class='ocrx_word' id='word_1_206' title='bbox 2131 1395 2345 1466; x_wconf 88' lang='lat' dir='ltr'><strong>penitus</strong></span> <span class='ocrx_word' id='word_1_207' title='bbox 2385 1394 2673 1463; x_wconf 88' lang='lat' dir='ltr'><strong>amputatis</strong></span> <span class='ocrx_word' id='word_1_208' title='bbox 2718 1392 2793 1464; x_wconf 85' lang='lat' dir='ltr'><strong>(g)</strong></span> <span class='ocrx_word' id='word_1_209' title='bbox 2832 1407 2931 1449; x_wconf 92' lang='lat' dir='ltr'><strong>nec</strong></span> <span class='ocrx_word' id='word_1_210' title='bbox 2984 1392 3290 1463; x_wconf 84' lang='lat' dir='ltr'><strong>ltujusmodi</strong></span> <span class='ocrx_word' id='word_1_211' title='bbox 3338 1392 3731 1465; x_wconf 78' lang='lat' dir='ltr'><strong>quaestionibus</strong></span> 
     </span>
    </p>
   </div>
   <div class='ocr_carea' id='block_1_31' title="bbox 2128 1484 3042 1543">
    <p class='ocr_par' dir='ltr' id='par_1_31' title="bbox 2128 1484 3042 1543">
     <span class='ocr_line' id='line_1_31' title="bbox 2128 1484 3042 1543; baseline -0.002 0"><span class='ocrx_word' id='word_1_212' title='bbox 2128 1488 2337 1543; x_wconf 89' lang='lat' dir='ltr'><strong>cunctis</strong></span> <span class='ocrx_word' id='word_1_213' title='bbox 2368 1487 2626 1542; x_wconf 89' lang='lat' dir='ltr'><strong>sectando</strong></span> <span class='ocrx_word' id='word_1_214' title='bbox 2662 1484 3042 1543; x_wconf 89' lang='lat' dir='ltr'><strong>commoverit.</strong></span> 
     </span>
    </p>
   </div>
   <div class='ocr_carea' id='block_1_32' title="bbox 2200 1583 3735 1641">
    <p class='ocr_par' dir='ltr' id='par_1_32' title="bbox 2200 1583 3735 1641">
     <span class='ocr_line' id='line_1_32' title="bbox 2200 1583 3735 1641; baseline 0.002 -3"><span class='ocrx_word' id='word_1_215' title='bbox 2200 1585 2253 1638; x_wconf 72' lang='lat'><strong>2.</strong></span> <span class='ocrx_word' id='word_1_216' title='bbox 2287 1583 2407 1639; x_wconf 88' lang='lat' dir='ltr'><strong>Non</strong></span> <span class='ocrx_word' id='word_1_217' title='bbox 2437 1584 2499 1639; x_wconf 87' lang='lat' dir='ltr'><strong>de</strong></span> <span class='ocrx_word' id='word_1_218' title='bbox 2532 1584 2874 1639; x_wconf 80' lang='lat' dir='ltr'><strong>Orientalium</strong></span> <span class='ocrx_word' id='word_1_219' title='bbox 2903 1587 3092 1639; x_wconf 82' lang='lat' dir='ltr'><strong>causis.</strong></span> <span class='ocrx_word' id='word_1_220' title='bbox 3134 1616 3205 1626; x_wconf 96' lang='lat'>—</span> <span class='ocrx_word' id='word_1_221' title='bbox 3236 1585 3342 1641; x_wconf 80' lang='lat' dir='ltr'><strong>Res</strong></span> <span class='ocrx_word' id='word_1_222' title='bbox 3369 1586 3470 1640; x_wconf 87' lang='lat' dir='ltr'><strong>ista</strong></span> <span class='ocrx_word' id='word_1_223' title='bbox 3499 1600 3604 1641; x_wconf 90' lang='lat' dir='ltr'><strong>non</strong></span> <span class='ocrx_word' id='word_1_224' title='bbox 3633 1586 3735 1641; x_wconf 81' lang='lat' dir='ltr'><strong>dc-</strong></span> 
     </span>
    </p>
   </div>
   <div class='ocr_carea' id='block_1_33' title="bbox 2132 1679 3805 1752">
    <p class='ocr_par' dir='ltr' id='par_1_33' title="bbox 2132 1679 3805 1752">
     <span class='ocr_line' id='line_1_33' title="bbox 2132 1679 3805 1752; baseline 0.001 -19"><span class='ocrx_word' id='word_1_225' title='bbox 2132 1680 2311 1736; x_wconf 90' lang='lat' dir='ltr'><strong>betita</strong></span> <span class='ocrx_word' id='word_1_226' title='bbox 2346 1680 2699 1734; x_wconf 90' lang='lat' dir='ltr'><strong>intentionem</strong></span> <span class='ocrx_word' id='word_1_227' title='bbox 2728 1680 2890 1735; x_wconf 90' lang='lat' dir='ltr'><strong>animi</strong></span> <span class='ocrx_word' id='word_1_228' title='bbox 2917 1679 2994 1752; x_wconf 81' lang='lat' dir='ltr'><strong>(It)</strong></span> <span class='ocrx_word' id='word_1_229' title='bbox 3019 1679 3230 1751; x_wconf 80' lang='lat' dir='ltr'><strong>longius</strong></span> <span class='ocrx_word' id='word_1_230' title='bbox 3252 1696 3545 1752; x_wconf 76' lang='lat' dir='ltr'><strong>propagare</strong></span> <span class='ocrx_word' id='word_1_231' title='bbox 3578 1699 3589 1733; x_wconf 95' lang='lat'>:</span> <span class='ocrx_word' id='word_1_232' title='bbox 3621 1697 3731 1735; x_wconf 92' lang='lat' dir='ltr'><strong>non</strong></span> <span class='ocrx_word' id='word_1_233' title='bbox 3802 1746 3805 1747; x_wconf 19' lang='grc' dir='ltr'><em>ν</em></span> 
     </span>
    </p>
   </div>
   <div class='ocr_carea' id='block_1_34' title="bbox 423 1771 3734 1866">
    <p class='ocr_par' dir='ltr' id='par_1_34' title="bbox 423 1771 3734 1866">
     <span class='ocr_line' id='line_1_34' title="bbox 423 1771 3734 1866; baseline 0.002 -40"><span class='ocrx_word' id='word_1_234' title='bbox 423 1789 579 1845; x_wconf 63' lang='lat' dir='ltr'><strong>vobis</strong></span> <span class='ocrx_word' id='word_1_235' title='bbox 626 1791 824 1861; x_wconf 66' lang='lat' dir='ltr'><strong>ubique</strong></span> <span class='ocrx_word' id='word_1_236' title='bbox 882 1802 985 1859; x_wconf 57' lang='grc' dir='ltr'><strong>ρει,</strong></span> <span class='ocrx_word' id='word_1_237' title='bbox 1035 1793 1344 1865; x_wconf 61' lang='lat' dir='ltr'><strong>dignaberis</strong></span> <span class='ocrx_word' id='word_1_238' title='bbox 1394 1796 1686 1851; x_wconf 48' lang='lat' dir='ltr'><strong>convenire</strong></span> <span class='ocrx_word' id='word_1_239' title='bbox 1738 1771 2025 1866; x_wconf 40' lang='lat' dir='ltr'><strong>episcobos</strong></span> <span class='ocrx_word' id='word_1_240' title='bbox 2064 1771 2102 1828; x_wconf 81' lang='grc' dir='ltr'><strong>Β</strong></span> <span class='ocrx_word' id='word_1_241' title='bbox 2130 1776 2275 1832; x_wconf 90' lang='lat' dir='ltr'><strong>enim</strong></span> <span class='ocrx_word' id='word_1_242' title='bbox 2307 1776 2374 1831; x_wconf 85' lang='lat' dir='ltr'><strong>de</strong></span> <span class='ocrx_word' id='word_1_243' title='bbox 2402 1776 2770 1833; x_wconf 86' lang='lat' dir='ltr'><strong>Orientalibus</strong></span> <span class='ocrx_word' id='word_1_244' title='bbox 2791 1777 3061 1847; x_wconf 88' lang='lat' dir='ltr'><strong>episcopis</strong></span> <span class='ocrx_word' id='word_1_245' title='bbox 3091 1777 3144 1832; x_wconf 93' lang='lat' dir='ltr'><strong>in</strong></span> <span class='ocrx_word' id='word_1_246' title='bbox 3172 1777 3403 1833; x_wconf 90' lang='lat' dir='ltr'><strong>concilio</strong></span> <span class='ocrx_word' id='word_1_247' title='bbox 3425 1788 3609 1833; x_wconf 84' lang='lat' dir='ltr'><strong>vestro</strong></span> <span class='ocrx_word' id='word_1_248' title='bbox 3639 1795 3734 1847; x_wconf 87' lang='lat' dir='ltr'><strong>pa-</strong></span> 
     </span>
    </p>
   </div>
   <div class='ocr_carea' id='block_1_35' title="bbox 425 1883 2027 1962">
    <p class='ocr_par' dir='ltr' id='par_1_35' title="bbox 425 1883 2027 1962">
     <span class='ocr_line' id='line_1_35' title="bbox 425 1883 2027 1962; baseline 0.006 -26"><span class='ocrx_word' id='word_1_249' title='bbox 425 1892 648 1938; x_wconf 91' lang='lat' dir='ltr'><strong>cunctos</strong></span> <span class='ocrx_word' id='word_1_250' title='bbox 675 1883 1010 1954; x_wconf 64' lang='lat' dir='ltr'><strong>Campaniaa,</strong></span> <span class='ocrx_word' id='word_1_251' title='bbox 1041 1896 1095 1941; x_wconf 90' lang='lat' dir='ltr'><strong>et</strong></span> <span class='ocrx_word' id='word_1_252' title='bbox 1149 1886 1266 1943; x_wconf 62' lang='lat' dir='ltr'><strong>haec</strong></span> <span class='ocrx_word' id='word_1_253' title='bbox 1298 1887 1404 1943; x_wconf 90' lang='lat' dir='ltr'><strong>illis</strong></span> <span class='ocrx_word' id='word_1_254' title='bbox 1426 1888 1724 1953; x_wconf 89' lang='lat' dir='ltr'><strong>insinuare,</strong></span> <span class='ocrx_word' id='word_1_255' title='bbox 1752 1901 1808 1946; x_wconf 91' lang='lat' dir='ltr'><strong>et</strong></span> <span class='ocrx_word' id='word_1_256' title='bbox 1837 1907 1903 1946; x_wconf 85' lang='lat' dir='ltr'><strong>ex</strong></span> <span class='ocrx_word' id='word_1_257' title='bbox 1941 1892 2027 1962; x_wconf 88' lang='lat' dir='ltr'><strong>ip-</strong></span> 
     </span>
    </p>
   </div>
   <div class='ocr_carea' id='block_1_36' title="bbox 425 1978 2029 2049">
    <p class='ocr_par' dir='ltr' id='par_1_36' title="bbox 425 1978 2029 2049">
     <span class='ocr_line' id='line_1_36' title="bbox 425 1978 2029 2049; baseline 0.005 -20"><span class='ocrx_word' id='word_1_258' title='bbox 425 1988 611 2029; x_wconf 88' lang='lat' dir='ltr'><strong>sorum</strong></span> <span class='ocrx_word' id='word_1_259' title='bbox 639 1991 868 2031; x_wconf 88' lang='lat' dir='ltr'><strong>mtmero</strong></span> <span class='ocrx_word' id='word_1_260' title='bbox 898 1992 1003 2031; x_wconf 90' lang='lat' dir='ltr'><strong>una</strong></span> <span class='ocrx_word' id='word_1_261' title='bbox 1034 1993 1157 2033; x_wconf 91' lang='lat' dir='ltr'><strong>cum</strong></span> <span class='ocrx_word' id='word_1_262' title='bbox 1187 1978 1414 2049; x_wconf 90' lang='lat' dir='ltr'><strong>epistola</strong></span> <span class='ocrx_word' id='word_1_263' title='bbox 1443 1980 1730 2048; x_wconf 87' lang='lat' dir='ltr'><strong>vestra,de</strong></span> <span class='ocrx_word' id='word_1_264' title='bbox 1761 1983 2029 2038; x_wconf 88' lang='lat' dir='ltr'><strong>unanimi-</strong></span> 
     </span>
    </p>
   </div>
   <div class='ocr_carea' id='block_1_37' title="bbox 423 2070 2028 2142">
    <p class='ocr_par' dir='ltr' id='par_1_37' title="bbox 423 2070 2028 2142">
     <span class='ocr_line' id='line_1_37' title="bbox 423 2070 2028 2142; baseline 0.007 -23"><span class='ocrx_word' id='word_1_265' title='bbox 423 2075 534 2122; x_wconf 88' lang='lat' dir='ltr'><strong>tate</strong></span> <span class='ocrx_word' id='word_1_266' title='bbox 559 2076 745 2123; x_wconf 89' lang='lat' dir='ltr'><strong>nostra</strong></span> <span class='ocrx_word' id='word_1_267' title='bbox 776 2076 831 2124; x_wconf 91' lang='lat' dir='ltr'><strong>et</strong></span> <span class='ocrx_word' id='word_1_268' title='bbox 871 2084 1004 2139; x_wconf 87' lang='lat' dir='ltr'><strong>pace</strong></span> <span class='ocrx_word' id='word_1_269' title='bbox 1025 2070 1090 2124; x_wconf 90' lang='lat' dir='ltr'><strong>ad</strong></span> <span class='ocrx_word' id='word_1_270' title='bbox 1113 2071 1600 2127; x_wconf 74' lang='lat' dir='ltr'><strong>clementissimum</strong></span> <span class='ocrx_word' id='word_1_271' title='bbox 1640 2073 2028 2142; x_wconf 86' lang='lat' dir='ltr'><strong>imperatorem</strong></span> 
     </span>
    </p>
   </div>
   <div class='ocr_carea' id='block_1_38' title="bbox 427 2159 2029 2238">
    <p class='ocr_par' dir='ltr' id='par_1_38' title="bbox 427 2159 2029 2238">
     <span class='ocr_line' id='line_1_38' title="bbox 427 2159 2029 2238; baseline 0.005 -24"><span class='ocrx_word' id='word_1_272' title='bbox 427 2159 671 2217; x_wconf 87' lang='lat' dir='ltr'><strong>scribere</strong></span> <span class='ocrx_word' id='word_1_273' title='bbox 700 2175 811 2230; x_wconf 93' lang='lat' dir='ltr'><strong>quo</strong></span> <span class='ocrx_word' id='word_1_274' title='bbox 839 2162 1042 2231; x_wconf 90' lang='lat' dir='ltr'><strong>possim</strong></span> <span class='ocrx_word' id='word_1_275' title='bbox 1065 2171 1122 2217; x_wconf 88' lang='lat' dir='ltr'><strong>et</strong></span> <span class='ocrx_word' id='word_1_276' title='bbox 1169 2177 1268 2234; x_wconf 91' lang='lat' dir='ltr'><strong>ego</strong></span> <span class='ocrx_word' id='word_1_277' title='bbox 1305 2163 1372 2218; x_wconf 92' lang='lat' dir='ltr'><strong>de</strong></span> <span class='ocrx_word' id='word_1_278' title='bbox 1404 2165 1620 2219; x_wconf 86' lang='lat' dir='ltr'><strong>tristitia</strong></span> <span class='ocrx_word' id='word_1_279' title='bbox 1664 2182 1857 2238; x_wconf 89' lang='lat' dir='ltr'><strong>magna</strong></span> <span class='ocrx_word' id='word_1_280' title='bbox 1888 2167 2029 2223; x_wconf 85' lang='lat' dir='ltr'><strong>libe-</strong></span> 
     </span>
    </p>
   </div>
   <div class='ocr_carea' id='block_1_39' title="bbox 426 2249 2030 2325">
    <p class='ocr_par' dir='ltr' id='par_1_39' title="bbox 426 2249 2030 2325">
     <span class='ocr_line' id='line_1_39' title="bbox 426 2249 2030 2325; baseline 0.004 -19"><span class='ocrx_word' id='word_1_281' title='bbox 426 2252 563 2306; x_wconf 75' lang='lat' dir='ltr'><strong>rari;</strong></span> <span class='ocrx_word' id='word_1_282' title='bbox 591 2249 660 2304; x_wconf 89' lang='lat' dir='ltr'><strong>Et</strong></span> <span class='ocrx_word' id='word_1_283' title='bbox 716 2267 873 2305; x_wconf 87' lang='lat' dir='ltr'><strong>manu</strong></span> <span class='ocrx_word' id='word_1_284' title='bbox 926 2254 1087 2325; x_wconf 78' lang='lat' dir='ltr'><strong>ipsius</strong></span> <span class='ocrx_word' id='word_1_285' title='bbox 1139 2270 1156 2307; x_wconf 90' lang='lat'><em>:</em></span> <span class='ocrx_word' id='word_1_286' title='bbox 1212 2254 1356 2311; x_wconf 91' lang='lat' dir='ltr'><strong>Deus</strong></span> <span class='ocrx_word' id='word_1_287' title='bbox 1400 2265 1453 2311; x_wconf 92' lang='lat' dir='ltr'><strong>te</strong></span> <span class='ocrx_word' id='word_1_288' title='bbox 1493 2257 1819 2313; x_wconf 89' lang='lat' dir='ltr'><strong>incolumem</strong></span> <span class='ocrx_word' id='word_1_289' title='bbox 1849 2268 2030 2313; x_wconf 89' lang='lat' dir='ltr'><strong>custo-</strong></span> 
     </span>
    </p>
   </div>
   <div class='ocr_carea' id='block_1_40' title="bbox 429 2344 2088 2422">
    <p class='ocr_par' dir='ltr' id='par_1_40' title="bbox 429 2344 2088 2422">
     <span class='ocr_line' id='line_1_40' title="bbox 429 2344 2088 2422; baseline 0.004 -23"><span class='ocrx_word' id='word_1_290' title='bbox 429 2345 560 2412; x_wconf 88' lang='lat' dir='ltr'><strong>diat,</strong></span> <span class='ocrx_word' id='word_1_291' title='bbox 589 2344 662 2418; x_wconf 89' lang='lat' dir='ltr'><strong>(c)</strong></span> <span class='ocrx_word' id='word_1_292' title='bbox 691 2344 873 2401; x_wconf 82' lang='lat' dir='ltr'><strong>frater.</strong></span> <span class='ocrx_word' id='word_1_293' title='bbox 907 2344 1039 2400; x_wconf 83' lang='lat' dir='ltr'><strong>Item</strong></span> <span class='ocrx_word' id='word_1_294' title='bbox 1078 2363 1234 2401; x_wconf 87' lang='lat' dir='ltr'><strong>manu</strong></span> <span class='ocrx_word' id='word_1_295' title='bbox 1262 2348 1426 2417; x_wconf 78' lang='lat' dir='ltr'><strong>ipsius</strong></span> <span class='ocrx_word' id='word_1_296' title='bbox 1448 2350 1652 2420; x_wconf 76' lang='lat' dir='ltr'><strong>pagina:</strong></span> <span class='ocrx_word' id='word_1_297' title='bbox 1680 2353 1980 2422; x_wconf 76' lang='lat' dir='ltr'><strong>perscripta:</strong></span> <span class='ocrx_word' id='word_1_298' title='bbox 2010 2368 2028 2406; x_wconf 90' lang='lat'><strong><em>:</em></strong></span> <span class='ocrx_word' id='word_1_299' title='bbox 2085 2402 2088 2406; x_wconf 88' lang='lat'><strong>.</strong></span> 
     </span>
    </p>
   </div>
   <div class='ocr_carea' id='block_1_41' title="bbox 422 2436 2026 2511">
    <p class='ocr_par' dir='ltr' id='par_1_41' title="bbox 422 2436 2026 2511">
     <span class='ocr_line' id='line_1_41' title="bbox 422 2436 2026 2511; baseline 0.005 -20"><span class='ocrx_word' id='word_1_300' title='bbox 422 2436 557 2492; x_wconf 86' lang='lat' dir='ltr'><strong>Cum</strong></span> <span class='ocrx_word' id='word_1_301' title='bbox 576 2436 828 2492; x_wconf 81' lang='lat' dir='ltr'><strong>omnibus</strong></span> <span class='ocrx_word' id='word_1_302' title='bbox 844 2439 1117 2507; x_wconf 89' lang='lat' dir='ltr'><strong>episcopis</strong></span> <span class='ocrx_word' id='word_1_303' title='bbox 1136 2437 1505 2495; x_wconf 88' lang='lat' dir='ltr'><strong>Orientalibus</strong></span> <span class='ocrx_word' id='word_1_304' title='bbox 1533 2455 1719 2511; x_wconf 87' lang='lat' dir='ltr'><strong>pacem</strong></span> <span class='ocrx_word' id='word_1_305' title='bbox 1741 2442 2026 2511; x_wconf 86' lang='lat' dir='ltr'><strong>habemus,</strong></span> 
     </span>
    </p>
   </div>
   <div class='ocr_carea' id='block_1_42' title="bbox 428 2535 2026 2605">
    <p class='ocr_par' dir='ltr' id='par_1_42' title="bbox 428 2535 2026 2605">
     <span class='ocr_line' id='line_1_42' title="bbox 428 2535 2026 2605; baseline 0.003 -16"><span class='ocrx_word' id='word_1_306' title='bbox 428 2544 484 2590; x_wconf 87' lang='lat' dir='ltr'><strong>et</strong></span> <span class='ocrx_word' id='word_1_307' title='bbox 508 2535 788 2591; x_wconf 78' lang='lat' dir='ltr'><strong>vobiscum</strong></span> <span class='ocrx_word' id='word_1_308' title='bbox 820 2550 939 2605; x_wconf 87' lang='lat' dir='ltr'><strong>ego.</strong></span> <span class='ocrx_word' id='word_1_309' title='bbox 972 2535 1055 2590; x_wconf 88' lang='lat' dir='ltr'><strong>Me</strong></span> <span class='ocrx_word' id='word_1_310' title='bbox 1077 2535 1144 2589; x_wconf 89' lang='lat' dir='ltr'><strong>ad</strong></span> <span class='ocrx_word' id='word_1_311' title='bbox 1176 2535 1345 2591; x_wconf 89' lang='lat' dir='ltr'><strong>Deum</strong></span> <span class='ocrx_word' id='word_1_312' title='bbox 1370 2536 1601 2601; x_wconf 90' lang='lat' dir='ltr'><strong>absolvi,</strong></span> <span class='ocrx_word' id='word_1_313' title='bbox 1628 2552 1724 2592; x_wconf 90' lang='lat' dir='ltr'><strong>vos</strong></span> <span class='ocrx_word' id='word_1_314' title='bbox 1747 2538 1989 2594; x_wconf 88' lang='lat' dir='ltr'><strong>videritis</strong></span> <span class='ocrx_word' id='word_1_315' title='bbox 2014 2559 2026 2594; x_wconf 93' lang='lat'><strong>:</strong></span> 
     </span>
    </p>
   </div>
   <div class='ocr_carea' id='block_1_43' title="bbox 431 2628 2032 2704">
    <p class='ocr_par' dir='ltr' id='par_1_43' title="bbox 431 2628 2032 2704">
     <span class='ocr_line' id='line_1_43' title="bbox 431 2628 2032 2704; baseline 0.002 -20"><span class='ocrx_word' id='word_1_316' title='bbox 431 2629 475 2684; x_wconf 90' lang='lat' dir='ltr'><strong>si</strong></span> <span class='ocrx_word' id='word_1_317' title='bbox 493 2629 773 2684; x_wconf 88' lang='lat' dir='ltr'><strong>volueritis</strong></span> <span class='ocrx_word' id='word_1_318' title='bbox 795 2645 880 2684; x_wconf 91' lang='lat' dir='ltr'><strong>me</strong></span> <span class='ocrx_word' id='word_1_319' title='bbox 903 2630 956 2685; x_wconf 90' lang='lat' dir='ltr'><strong>in</strong></span> <span class='ocrx_word' id='word_1_320' title='bbox 975 2628 1170 2685; x_wconf 81' lang='lat' dir='ltr'><strong>exsilio</strong></span> <span class='ocrx_word' id='word_1_321' title='bbox 1190 2628 1447 2697; x_wconf 90' lang='lat' dir='ltr'><strong>deﬁcere,</strong></span> <span class='ocrx_word' id='word_1_322' title='bbox 1470 2630 1574 2687; x_wconf 80' lang='lat' dir='ltr'><strong>erit</strong></span> <span class='ocrx_word' id='word_1_323' title='bbox 1601 2631 1742 2689; x_wconf 90' lang='lat' dir='ltr'><strong>Deus</strong></span> <span class='ocrx_word' id='word_1_324' title='bbox 1764 2631 1930 2704; x_wconf 85' lang='lat' dir='ltr'><strong>judex</strong></span> <span class='ocrx_word' id='word_1_325' title='bbox 1950 2634 2032 2688; x_wconf 91' lang='lat' dir='ltr'><strong>in-</strong></span> 
     </span>
    </p>
   </div>
   <div class='ocr_carea' id='block_1_44' title="bbox 431 2733 858 2781">
    <p class='ocr_par' dir='ltr' id='par_1_44' title="bbox 431 2733 858 2781">
     <span class='ocr_line' id='line_1_44' title="bbox 431 2733 858 2781; baseline 0.002 -3"><span class='ocrx_word' id='word_1_326' title='bbox 431 2733 513 2779; x_wconf 90' lang='lat' dir='ltr'><strong>ter</strong></span> <span class='ocrx_word' id='word_1_327' title='bbox 543 2738 630 2781; x_wconf 91' lang='lat' dir='ltr'><strong>me</strong></span> <span class='ocrx_word' id='word_1_328' title='bbox 655 2733 711 2780; x_wconf 75' lang='lat' dir='ltr'><strong>Cl.</strong></span> <span class='ocrx_word' id='word_1_329' title='bbox 740 2738 858 2780; x_wconf 78' lang='lat' dir='ltr'><strong>VOS.</strong></span> 
     </span>
    </p>
   </div>
   <div class='ocr_carea' id='block_1_45' title="bbox 680 2879 1781 2954">
    <p class='ocr_par' dir='ltr' id='par_1_45' title="bbox 680 2879 1781 2954">
     <span class='ocr_line' id='line_1_45' title="bbox 680 2879 1781 2954; baseline 0.002 -17"><span class='ocrx_word' id='word_1_330' title='bbox 680 2879 1157 2938; x_wconf 82' lang='lat' dir='ltr'><strong>FRAGMENTUM</strong></span> <span class='ocrx_word' id='word_1_331' title='bbox 1196 2880 1289 2937; x_wconf 80' lang='lat' dir='ltr'><strong>VII</strong></span> <span class='ocrx_word' id='word_1_332' title='bbox 1320 2881 1488 2954; x_wconf 80' lang='lat' dir='ltr'><strong>(Alias</strong></span> <span class='ocrx_word' id='word_1_333' title='bbox 1511 2898 1549 2938; x_wconf 87' lang='grc' dir='ltr'><strong>ιι</strong></span> <span class='ocrx_word' id='word_1_334' title='bbox 1574 2885 1781 2954; x_wconf 85' lang='lat' dir='ltr'><strong>partis).</strong></span> 
     </span>
    </p>
   </div>
   <div class='ocr_carea' id='block_1_46' title="bbox 427 2995 2031 3069">
    <p class='ocr_par' dir='ltr' id='par_1_46' title="bbox 427 2995 2031 3069">
     <span class='ocr_line' id='line_1_46' title="bbox 427 2995 2031 3069; baseline 0.002 -16"><span class='ocrx_word' id='word_1_335' title='bbox 427 2995 628 3053; x_wconf 76' lang='lat' dir='ltr'><strong>INCIPIT</strong></span> <span class='ocrx_word' id='word_1_336' title='bbox 660 3012 948 3052; x_wconf 69' lang='lat' dir='ltr'><strong>excaecant</strong></span> <span class='ocrx_word' id='word_1_337' title='bbox 983 2995 1061 3069; x_wconf 81' lang='grc' dir='ltr'><strong>(ά)</strong></span> <span class='ocrx_word' id='word_1_338' title='bbox 1088 3012 1353 3053; x_wconf 66' lang='lat' dir='ltr'><strong>cpts&#39;rom:</strong></span> <span class='ocrx_word' id='word_1_339' title='bbox 1375 2996 1696 3054; x_wconf 79' lang='lat' dir='ltr'><strong>CONSTANTII</strong></span> <span class='ocrx_word' id='word_1_340' title='bbox 1730 3012 2031 3056; x_wconf 78' lang='lat' dir='ltr'><strong>IPERA&#39;I&#39;O-</strong></span> 
     </span>
    </p>
   </div>
   <div class='ocr_carea' id='block_1_47' title="bbox 503 3105 2028 3159">
    <p class='ocr_par' dir='ltr' id='par_1_47' title="bbox 503 3105 2028 3159">
     <span class='ocr_line' id='line_1_47' title="bbox 503 3105 2028 3159; baseline 0.003 -14"><span class='ocrx_word' id='word_1_341' title='bbox 503 3106 587 3146; x_wconf 77' lang='lat' dir='ltr'><strong>R15</strong></span> <span class='ocrx_word' id='word_1_342' title='bbox 632 3107 702 3146; x_wconf 76' lang='lat' dir='ltr'><strong>AD</strong></span> <span class='ocrx_word' id='word_1_343' title='bbox 740 3105 1021 3147; x_wconf 77' lang='lat' dir='ltr'><strong>EPISCOPOS</strong></span> <span class='ocrx_word' id='word_1_344' title='bbox 1074 3106 1286 3159; x_wconf 80' lang='lat' dir='ltr'><strong>ITALOS,</strong></span> <span class='ocrx_word' id='word_1_345' title='bbox 1329 3107 1419 3156; x_wconf 85' lang='lat' dir='ltr'><strong>QUI</strong></span> <span class='ocrx_word' id='word_1_346' title='bbox 1456 3108 1511 3147; x_wconf 73' lang='lat' dir='ltr'><strong>IN</strong></span> <span class='ocrx_word' id='word_1_347' title='bbox 1550 3108 1856 3148; x_wconf 62' lang='grc' dir='ltr'><strong>ΔΒΙἋΙΝΕΝδΙ</strong></span> <span class='ocrx_word' id='word_1_348' title='bbox 1895 3109 2028 3149; x_wconf 77' lang='lat' dir='ltr'><strong>CON-</strong></span> 
     </span>
    </p>
   </div>
   <div class='ocr_carea' id='block_1_48' title="bbox 2127 1869 3733 1940">
    <p class='ocr_par' dir='ltr' id='par_1_48' title="bbox 2127 1869 3733 1940">
     <span class='ocr_line' id='line_1_48' title="bbox 2127 1869 3733 1940; baseline 0.001 -16"><span class='ocrx_word' id='word_1_349' title='bbox 2127 1871 2258 1924; x_wconf 90' lang='lat' dir='ltr'><strong>titur</strong></span> <span class='ocrx_word' id='word_1_350' title='bbox 2282 1870 2421 1924; x_wconf 86' lang='lat' dir='ltr'><strong>ratio</strong></span> <span class='ocrx_word' id='word_1_351' title='bbox 2451 1869 2653 1940; x_wconf 88' lang='lat' dir='ltr'><strong>aliquid</strong></span> <span class='ocrx_word' id='word_1_352' title='bbox 2686 1869 2917 1924; x_wconf 89' lang='lat' dir='ltr'><strong>deﬁniri.</strong></span> <span class='ocrx_word' id='word_1_353' title='bbox 2949 1869 3180 1925; x_wconf 84' lang='lat' dir='ltr'><strong>Proinde</strong></span> <span class='ocrx_word' id='word_1_354' title='bbox 3204 1886 3367 1939; x_wconf 88' lang='lat' dir='ltr'><strong>super</strong></span> <span class='ocrx_word' id='word_1_355' title='bbox 3391 1871 3479 1926; x_wconf 89' lang='lat' dir='ltr'><strong>his</strong></span> <span class='ocrx_word' id='word_1_356' title='bbox 3500 1880 3733 1935; x_wconf 87' lang='lat' dir='ltr'><strong>tantum,</strong></span> 
     </span>
    </p>
   </div>
   <div class='ocr_carea' id='block_1_49' title="bbox 2127 1961 3729 2033">
    <p class='ocr_par' dir='ltr' id='par_1_49' title="bbox 2127 1961 3729 2033">
     <span class='ocr_line' id='line_1_49' title="bbox 2127 1961 3729 2033; baseline 0.002 -20"><span class='ocrx_word' id='word_1_357' title='bbox 2127 1976 2247 2032; x_wconf 71' lang='lat' dir='ltr'><strong>qum</strong></span> <span class='ocrx_word' id='word_1_358' title='bbox 2307 1961 2373 2015; x_wconf 92' lang='lat' dir='ltr'><strong>ad</strong></span> <span class='ocrx_word' id='word_1_359' title='bbox 2426 1976 2522 2016; x_wconf 90' lang='lat' dir='ltr'><strong>vos</strong></span> <span class='ocrx_word' id='word_1_360' title='bbox 2575 1963 2850 2032; x_wconf 84' lang='lat' dir='ltr'><strong>pertinere</strong></span> <span class='ocrx_word' id='word_1_361' title='bbox 2902 1963 3185 2033; x_wconf 80' lang='lat' dir='ltr'><strong>cognoscit</strong></span> <span class='ocrx_word' id='word_1_362' title='bbox 3235 1963 3471 2033; x_wconf 81' lang='lat' dir='ltr'><strong>gravitas</strong></span> <span class='ocrx_word' id='word_1_363' title='bbox 3524 1976 3729 2031; x_wconf 87' lang='lat' dir='ltr'><strong>vestra,</strong></span> 
     </span>
    </p>
   </div>
   <div class='ocr_carea' id='block_1_50' title="bbox 2129 2052 3735 2123">
    <p class='ocr_par' dir='ltr' id='par_1_50' title="bbox 2129 2052 3735 2123">
     <span class='ocr_line' id='line_1_50' title="bbox 2129 2052 3735 2123; baseline 0.001 -17"><span class='ocrx_word' id='word_1_364' title='bbox 2129 2061 2363 2108; x_wconf 87' lang='lat' dir='ltr'><strong>tractare</strong></span> <span class='ocrx_word' id='word_1_365' title='bbox 2397 2052 2607 2109; x_wconf 87' lang='lat' dir='ltr'><strong>debetis</strong></span> <span class='ocrx_word' id='word_1_366' title='bbox 2647 2071 2659 2106; x_wconf 89' lang='lat'><strong>:</strong></span> <span class='ocrx_word' id='word_1_367' title='bbox 2708 2061 2762 2107; x_wconf 87' lang='lat' dir='ltr'><strong>et</strong></span> <span class='ocrx_word' id='word_1_368' title='bbox 2807 2053 3092 2123; x_wconf 91' lang='lat' dir='ltr'><strong>completis</strong></span> <span class='ocrx_word' id='word_1_369' title='bbox 3137 2053 3390 2110; x_wconf 88' lang='lat' dir='ltr'><strong>celeriter</strong></span> <span class='ocrx_word' id='word_1_370' title='bbox 3433 2054 3735 2119; x_wconf 85' lang='lat' dir='ltr'><strong>universis,</strong></span> 
     </span>
    </p>
   </div>
   <div class='ocr_carea' id='block_1_51' title="bbox 2127 2145 3736 2203">
    <p class='ocr_par' dir='ltr' id='par_1_51' title="bbox 2127 2145 3736 2203">
     <span class='ocr_line' id='line_1_51' title="bbox 2127 2145 3736 2203; baseline 0.001 -3"><span class='ocrx_word' id='word_1_371' title='bbox 2127 2147 2505 2201; x_wconf 63' lang='lat' dir='ltr'><strong>consentiente</strong></span> <span class='ocrx_word' id='word_1_372' title='bbox 2537 2159 2811 2201; x_wconf 88' lang='lat' dir='ltr'><strong>consensu</strong></span> <span class='ocrx_word' id='word_1_373' title='bbox 2835 2146 3023 2200; x_wconf 87' lang='lat' dir='ltr'><strong>decem</strong></span> <span class='ocrx_word' id='word_1_374' title='bbox 3070 2145 3283 2202; x_wconf 88' lang='lat' dir='ltr'><strong>mittere</strong></span> <span class='ocrx_word' id='word_1_375' title='bbox 3327 2146 3394 2203; x_wconf 88' lang='lat' dir='ltr'><strong>ad</strong></span> <span class='ocrx_word' id='word_1_376' title='bbox 3418 2149 3736 2202; x_wconf 87' lang='lat' dir='ltr'><strong>comitatum</strong></span> 
     </span>
    </p>
   </div>
   <div class='ocr_carea' id='block_1_52' title="bbox 2129 2237 3736 2308">
    <p class='ocr_par' dir='ltr' id='par_1_52' title="bbox 2129 2237 3736 2308">
     <span class='ocr_line' id='line_1_52' title="bbox 2129 2237 3736 2308; baseline 0.002 -16"><span class='ocrx_word' id='word_1_377' title='bbox 2129 2252 2330 2303; x_wconf 90' lang='lat' dir='ltr'><strong>meum,</strong></span> <span class='ocrx_word' id='word_1_378' title='bbox 2362 2245 2423 2292; x_wconf 92' lang='lat' dir='ltr'><strong>ut</strong></span> <span class='ocrx_word' id='word_1_379' title='bbox 2453 2237 2754 2307; x_wconf 70' lang='lat' dir='ltr'><strong>prudentia:</strong></span> <span class='ocrx_word' id='word_1_380' title='bbox 2793 2247 2991 2292; x_wconf 87' lang='lat' dir='ltr'><strong>vestrae</strong></span> <span class='ocrx_word' id='word_1_381' title='bbox 3036 2239 3307 2306; x_wconf 87' lang='lat' dir='ltr'><strong>prioribus</strong></span> <span class='ocrx_word' id='word_1_382' title='bbox 3362 2239 3558 2294; x_wconf 89' lang='lat' dir='ltr'><strong>litteris</strong></span> <span class='ocrx_word' id='word_1_383' title='bbox 3607 2240 3736 2308; x_wconf 86' lang='lat' dir='ltr'><strong>(non</strong></span> 
     </span>
    </p>
   </div>
   <div class='ocr_carea' id='block_1_53' title="bbox 2130 2328 3730 2403">
    <p class='ocr_par' dir='ltr' id='par_1_53' title="bbox 2130 2328 3730 2403">
     <span class='ocr_line' id='line_1_53' title="bbox 2130 2328 3730 2403; baseline 0.001 -17"><span class='ocrx_word' id='word_1_384' title='bbox 2130 2328 2350 2403; x_wconf 70' lang='lat' dir='ltr'><strong>ecstant)</strong></span> <span class='ocrx_word' id='word_1_385' title='bbox 2377 2331 2761 2387; x_wconf 90' lang='lat' dir='ltr'><strong>intimavimus.</strong></span> <span class='ocrx_word' id='word_1_386' title='bbox 2790 2331 3035 2387; x_wconf 77' lang='lat' dir='ltr'><strong>Prtcdicti</strong></span> <span class='ocrx_word' id='word_1_387' title='bbox 3062 2332 3202 2387; x_wconf 86' lang='lat' dir='ltr'><strong>enim</strong></span> <span class='ocrx_word' id='word_1_388' title='bbox 3236 2342 3528 2399; x_wconf 90' lang='lat' dir='ltr'><strong>potuerunt</strong></span> <span class='ocrx_word' id='word_1_389' title='bbox 3549 2334 3730 2388; x_wconf 80' lang='lat' dir='ltr'><strong>omni—</strong></span> 
     </span>
    </p>
   </div>
   <div class='ocr_carea' id='block_1_54' title="bbox 2128 2422 3731 2497">
    <p class='ocr_par' dir='ltr' id='par_1_54' title="bbox 2128 2422 3731 2497">
     <span class='ocr_line' id='line_1_54' title="bbox 2128 2422 3731 2497; baseline 0.001 -18"><span class='ocrx_word' id='word_1_390' title='bbox 2128 2422 2230 2479; x_wconf 90' lang='lat' dir='ltr'><strong>bus</strong></span> <span class='ocrx_word' id='word_1_391' title='bbox 2256 2439 2377 2494; x_wconf 68' lang='lat' dir='ltr'><strong>quae</strong></span> <span class='ocrx_word' id='word_1_392' title='bbox 2407 2423 2610 2480; x_wconf 89' lang='lat' dir='ltr'><strong>eisdem</strong></span> <span class='ocrx_word' id='word_1_393' title='bbox 2632 2423 2933 2480; x_wconf 86' lang='lat' dir='ltr'><strong>Orientales</strong></span> <span class='ocrx_word' id='word_1_394' title='bbox 2958 2427 3338 2497; x_wconf 89' lang='lat' dir='ltr'><strong>proposuerint</strong></span> <span class='ocrx_word' id='word_1_395' title='bbox 3371 2426 3731 2496; x_wconf 88' lang='lat' dir='ltr'><strong>respondere,</strong></span> 
     </span>
    </p>
   </div>
   <div class='ocr_carea' id='block_1_55' title="bbox 2130 2515 3697 2590">
    <p class='ocr_par' dir='ltr' id='par_1_55' title="bbox 2130 2515 3697 2590">
     <span class='ocr_line' id='line_1_55' title="bbox 2130 2515 3697 2590; baseline 0.001 -19"><span class='ocrx_word' id='word_1_396' title='bbox 2130 2516 2215 2572; x_wconf 86' lang='lat' dir='ltr'><strong>vel</strong></span> <span class='ocrx_word' id='word_1_397' title='bbox 2243 2524 2476 2572; x_wconf 89' lang='lat' dir='ltr'><strong>tractare</strong></span> <span class='ocrx_word' id='word_1_398' title='bbox 2498 2516 2567 2571; x_wconf 91' lang='lat' dir='ltr'><strong>de</strong></span> <span class='ocrx_word' id='word_1_399' title='bbox 2591 2515 2726 2582; x_wconf 89' lang='lat' dir='ltr'><strong>ﬁde;</strong></span> <span class='ocrx_word' id='word_1_400' title='bbox 2755 2525 2815 2571; x_wconf 91' lang='lat' dir='ltr'><strong>ut</strong></span> <span class='ocrx_word' id='word_1_401' title='bbox 2841 2517 2985 2571; x_wconf 81' lang='lat' dir='ltr'><strong>exitu</strong></span> <span class='ocrx_word' id='word_1_402' title='bbox 3006 2519 3330 2585; x_wconf 85' lang='lat' dir='ltr'><strong>competenti</strong></span> <span class='ocrx_word' id='word_1_403' title='bbox 3347 2520 3524 2573; x_wconf 90' lang='lat' dir='ltr'><strong>omnis</strong></span> <span class='ocrx_word' id='word_1_404' title='bbox 3546 2534 3697 2590; x_wconf 74' lang='lat' dir='ltr'><strong>quzrs</strong></span> 
     </span>
    </p>
   </div>
   <div class='ocr_carea' id='block_1_56' title="bbox 2133 2608 3736 2679">
    <p class='ocr_par' dir='ltr' id='par_1_56' title="bbox 2133 2608 3736 2679">
     <span class='ocr_line' id='line_1_56' title="bbox 2133 2608 3736 2679; baseline 0.001 -16"><span class='ocrx_word' id='word_1_405' title='bbox 2133 2610 2207 2664; x_wconf 92' lang='lat' dir='ltr'><strong>tio</strong></span> <span class='ocrx_word' id='word_1_406' title='bbox 2234 2610 2576 2674; x_wconf 89' lang='lat' dir='ltr'><strong>terminetur,</strong></span> <span class='ocrx_word' id='word_1_407' title='bbox 2604 2617 2659 2664; x_wconf 91' lang='lat' dir='ltr'><strong>et</strong></span> <span class='ocrx_word' id='word_1_408' title='bbox 2686 2608 3008 2679; x_wconf 85' lang='lat' dir='ltr'><strong>ambiguitas</strong></span> <span class='ocrx_word' id='word_1_409' title='bbox 3028 2610 3288 2679; x_wconf 86' lang='lat' dir='ltr'><strong>sopia’tur.</strong></span> <span class='ocrx_word' id='word_1_410' title='bbox 3321 2610 3452 2678; x_wconf 69' lang='lat' dir='ltr'><strong>Qum</strong></span> <span class='ocrx_word' id='word_1_411' title='bbox 3494 2627 3614 2665; x_wconf 91' lang='lat' dir='ltr'><strong>cum</strong></span> <span class='ocrx_word' id='word_1_412' title='bbox 3661 2611 3736 2665; x_wconf 91' lang='lat' dir='ltr'><strong>ita</strong></span> 
     </span>
    </p>
   </div>
   <div class='ocr_carea' id='block_1_57' title="bbox 2131 2701 3735 2773">
    <p class='ocr_par' dir='ltr' id='par_1_57' title="bbox 2131 2701 3735 2773">
     <span class='ocr_line' id='line_1_57' title="bbox 2131 2701 3735 2773; baseline 0 -15"><span class='ocrx_word' id='word_1_413' title='bbox 2131 2703 2241 2758; x_wconf 89' lang='lat' dir='ltr'><strong>sint</strong></span> <span class='ocrx_word' id='word_1_414' title='bbox 2265 2702 2524 2758; x_wconf 87' lang='lat' dir='ltr'><strong>adversus</strong></span> <span class='ocrx_word' id='word_1_415' title='bbox 2544 2701 2845 2758; x_wconf 86' lang='lat' dir='ltr'><strong>Orientales</strong></span> <span class='ocrx_word' id='word_1_416' title='bbox 2877 2701 3011 2757; x_wconf 89' lang='lat' dir='ltr'><strong>nihil</strong></span> <span class='ocrx_word' id='word_1_417' title='bbox 3042 2713 3278 2759; x_wconf 88' lang='lat' dir='ltr'><strong>statuere</strong></span> <span class='ocrx_word' id='word_1_418' title='bbox 3304 2720 3403 2759; x_wconf 87' lang='lat' dir='ltr'><strong>vos</strong></span> <span class='ocrx_word' id='word_1_419' title='bbox 3448 2713 3661 2773; x_wconf 91' lang='lat' dir='ltr'><strong>oportet</strong></span> <span class='ocrx_word' id='word_1_420' title='bbox 3719 2723 3735 2758; x_wconf 90' lang='lat'><strong>:</strong></span> 
     </span>
    </p>
   </div>
   <div class='ocr_carea' id='block_1_58' title="bbox 2135 2796 3735 2867">
    <p class='ocr_par' dir='ltr' id='par_1_58' title="bbox 2135 2796 3735 2867">
     <span class='ocr_line' id='line_1_58' title="bbox 2135 2796 3735 2867; baseline 0.002 -17"><span class='ocrx_word' id='word_1_421' title='bbox 2135 2807 2223 2850; x_wconf 90' lang='lat' dir='ltr'><strong>aut</strong></span> <span class='ocrx_word' id='word_1_422' title='bbox 2247 2797 2291 2852; x_wconf 93' lang='lat' dir='ltr'><strong>si</strong></span> <span class='ocrx_word' id='word_1_423' title='bbox 2318 2796 2518 2867; x_wconf 89' lang='lat' dir='ltr'><strong>aliquid</strong></span> <span class='ocrx_word' id='word_1_424' title='bbox 2548 2797 2824 2852; x_wconf 86' lang='lat' dir='ltr'><strong>volueritis</strong></span> <span class='ocrx_word' id='word_1_425' title='bbox 2862 2808 3049 2851; x_wconf 90' lang='lat' dir='ltr'><strong>contra</strong></span> <span class='ocrx_word' id='word_1_426' title='bbox 3076 2796 3295 2852; x_wconf 90' lang='lat' dir='ltr'><strong>eosdem</strong></span> <span class='ocrx_word' id='word_1_427' title='bbox 3327 2796 3598 2865; x_wconf 67' lang='lat' dir='ltr'><strong>praedictis</strong></span> <span class='ocrx_word' id='word_1_428' title='bbox 3635 2797 3735 2853; x_wconf 85' lang='lat' dir='ltr'><strong>ab-</strong></span> 
     </span>
    </p>
   </div>
   <div class='ocr_carea' id='block_1_59' title="bbox 2134 2888 3736 2959">
    <p class='ocr_par' dir='ltr' id='par_1_59' title="bbox 2134 2888 3736 2959">
     <span class='ocr_line' id='line_1_59' title="bbox 2134 2888 3736 2959; baseline -0.001 -14"><span class='ocrx_word' id='word_1_429' title='bbox 2134 2889 2378 2945; x_wconf 84' lang='lat' dir='ltr'><strong>sentibus</strong></span> <span class='ocrx_word' id='word_1_430' title='bbox 2401 2888 2667 2954; x_wconf 86' lang='lat' dir='ltr'><strong>definire;</strong></span> <span class='ocrx_word' id='word_1_431' title='bbox 2699 2888 2777 2954; x_wconf 90' lang='lat' dir='ltr'><strong>id,</strong></span> <span class='ocrx_word' id='word_1_432' title='bbox 2809 2888 2950 2959; x_wconf 89' lang='lat' dir='ltr'><strong>quod</strong></span> <span class='ocrx_word' id='word_1_433' title='bbox 3000 2889 3157 2945; x_wconf 82' lang='lat' dir='ltr'><strong>fuerit</strong></span> <span class='ocrx_word' id='word_1_434' title='bbox 3205 2897 3543 2959; x_wconf 87' lang='lat' dir='ltr'><strong>usurpatum,</strong></span> <span class='ocrx_word' id='word_1_435' title='bbox 3579 2889 3736 2943; x_wconf 90' lang='lat' dir='ltr'><strong>irrito</strong></span> 
     </span>
    </p>
   </div>
   <div class='ocr_carea' id='block_1_60' title="bbox 2135 2980 3730 3051">
    <p class='ocr_par' dir='ltr' id='par_1_60' title="bbox 2135 2980 3730 3051">
     <span class='ocr_line' id='line_1_60' title="bbox 2135 2980 3730 3051; baseline 0 -14"><span class='ocrx_word' id='word_1_436' title='bbox 2135 2991 2421 3038; x_wconf 90' lang='lat' dir='ltr'><strong>evanescet</strong></span> <span class='ocrx_word' id='word_1_437' title='bbox 2448 2981 2662 3037; x_wconf 83' lang='lat' dir='ltr'><strong>effectu.</strong></span> <span class='ocrx_word' id='word_1_438' title='bbox 2687 2980 2805 3037; x_wconf 80' lang='lat' dir='ltr'><strong>Non</strong></span> <span class='ocrx_word' id='word_1_439' title='bbox 2832 2982 2974 3037; x_wconf 90' lang='lat' dir='ltr'><strong>enim</strong></span> <span class='ocrx_word' id='word_1_440' title='bbox 3000 2982 3088 3036; x_wconf 90' lang='lat' dir='ltr'><strong>illa</strong></span> <span class='ocrx_word' id='word_1_441' title='bbox 3120 2982 3262 3037; x_wconf 90' lang='lat' dir='ltr'><strong>vires</strong></span> <span class='ocrx_word' id='word_1_442' title='bbox 3289 2982 3490 3038; x_wconf 89' lang='lat' dir='ltr'><strong>habere</strong></span> <span class='ocrx_word' id='word_1_443' title='bbox 3527 2982 3730 3051; x_wconf 87' lang='lat' dir='ltr'><strong>poterit</strong></span> 
     </span>
    </p>
   </div>
   <div class='ocr_carea' id='block_1_61' title="bbox 2135 3075 3739 3145">
    <p class='ocr_par' dir='ltr' id='par_1_61' title="bbox 2135 3075 3739 3145">
     <span class='ocr_line' id='line_1_61' title="bbox 2135 3075 3739 3145; baseline -0.003 -13"><span class='ocrx_word' id='word_1_444' title='bbox 2135 3076 2399 3140; x_wconf 90' lang='lat' dir='ltr'><strong>deﬁnitio,</strong></span> <span class='ocrx_word' id='word_1_445' title='bbox 2430 3076 2514 3130; x_wconf 92' lang='lat' dir='ltr'><strong>cui</strong></span> <span class='ocrx_word' id='word_1_446' title='bbox 2546 3085 2728 3131; x_wconf 87' lang='lat' dir='ltr'><strong>nostra</strong></span> <span class='ocrx_word' id='word_1_447' title='bbox 2760 3084 2959 3131; x_wconf 87' lang='lat' dir='ltr'><strong>statuta</strong></span> <span class='ocrx_word' id='word_1_448' title='bbox 2988 3082 3252 3129; x_wconf 72' lang='lat' dir='ltr'><strong>testantur</strong></span> <span class='ocrx_word' id='word_1_449' title='bbox 3306 3075 3416 3145; x_wconf 86' lang='lat' dir='ltr'><strong>jam</strong></span> <span class='ocrx_word' id='word_1_450' title='bbox 3461 3090 3601 3128; x_wconf 92' lang='lat' dir='ltr'><strong>nunc</strong></span> <span class='ocrx_word' id='word_1_451' title='bbox 3647 3091 3739 3129; x_wconf 82' lang='lat' dir='ltr'><strong>ro-</strong></span> 
     </span>
    </p>
   </div>
   <div class='ocr_carea' id='block_1_62' title="bbox 505 3155 3739 3257">
    <p class='ocr_par' dir='ltr' id='par_1_62' title="bbox 505 3155 3739 3257">
     <span class='ocr_line' id='line_1_62' title="bbox 505 3155 3739 3257; baseline -0.006 -17"><span class='ocrx_word' id='word_1_452' title='bbox 505 3199 648 3240; x_wconf 73' lang='lat' dir='ltr'><strong>cuuo</strong></span> <span class='ocrx_word' id='word_1_453' title='bbox 676 3184 746 3255; x_wconf 82' lang='grc' dir='ltr'><strong>(ε)</strong></span> <span class='ocrx_word' id='word_1_454' title='bbox 771 3199 1160 3240; x_wconf 73' lang='lat' dir='ltr'><strong>CONVENEBANT</strong></span> <span class='ocrx_word' id='word_1_455' title='bbox 1190 3155 1348 3256; x_wconf 77' lang='lat' dir='ltr'><strong>(data:</strong></span> <span class='ocrx_word' id='word_1_456' title='bbox 1375 3184 1458 3238; x_wconf 84' lang='lat' dir='ltr'><strong>die</strong></span> <span class='ocrx_word' id='word_1_457' title='bbox 1484 3183 1554 3238; x_wconf 74' lang='lat'><strong>27</strong></span> <span class='ocrx_word' id='word_1_458' title='bbox 1585 3185 1729 3251; x_wconf 87' lang='lat' dir='ltr'><strong>maii,</strong></span> <span class='ocrx_word' id='word_1_459' title='bbox 1758 3201 1847 3240; x_wconf 91' lang='lat' dir='ltr'><strong>an.</strong></span> <span class='ocrx_word' id='word_1_460' title='bbox 1872 3184 2025 3257; x_wconf 78' lang='grc'><strong>559),</strong></span> <span class='ocrx_word' id='word_1_461' title='bbox 2057 3155 2101 3220; x_wconf 86' lang='lat' dir='ltr'><strong>C</strong></span> <span class='ocrx_word' id='word_1_462' title='bbox 2135 3168 2236 3224; x_wconf 90' lang='lat' dir='ltr'><strong>bur</strong></span> <span class='ocrx_word' id='word_1_463' title='bbox 2264 3180 2318 3223; x_wconf 88' lang='lat' dir='ltr'><strong>et</strong></span> <span class='ocrx_word' id='word_1_464' title='bbox 2353 3170 2561 3237; x_wconf 81' lang='lat' dir='ltr'><strong>capiam</strong></span> <span class='ocrx_word' id='word_1_465' title='bbox 2593 3169 2687 3236; x_wconf 89' lang='lat' dir='ltr'><strong>(al.</strong></span> <span class='ocrx_word' id='word_1_466' title='bbox 2727 3165 2962 3239; x_wconf 87' lang='lat' dir='ltr'><strong>cupiam)</strong></span> <span class='ocrx_word' id='word_1_467' title='bbox 2990 3166 3267 3235; x_wconf 83' lang='lat' dir='ltr'><strong>denegari.</strong></span> <span class='ocrx_word' id='word_1_468' title='bbox 3315 3165 3445 3235; x_wconf 61' lang='lat' dir='ltr'><strong>Quae</strong></span> <span class='ocrx_word' id='word_1_469' title='bbox 3494 3181 3614 3221; x_wconf 91' lang='lat' dir='ltr'><strong>eum</strong></span> <span class='ocrx_word' id='word_1_470' title='bbox 3664 3165 3739 3221; x_wconf 84' lang='lat' dir='ltr'><strong>ita</strong></span> 
     </span>
    </p>
   </div>
   <div class='ocr_carea' id='block_1_63' title="bbox 432 3307 2032 3381">
    <p class='ocr_par' dir='ltr' id='par_1_63' title="bbox 432 3307 2032 3381">
     <span class='ocr_line' id='line_1_63' title="bbox 432 3307 2032 3381; baseline 0.001 -18"><span class='ocrx_word' id='word_1_471' title='bbox 432 3307 620 3365; x_wconf 80' lang='lat' dir='ltr'><strong>Victor</strong></span> <span class='ocrx_word' id='word_1_472' title='bbox 668 3308 1018 3365; x_wconf 88' lang='lat' dir='ltr'><strong>Constantius</strong></span> <span class='ocrx_word' id='word_1_473' title='bbox 1073 3308 1340 3363; x_wconf 81' lang='lat' dir='ltr'><strong>maximus</strong></span> <span class='ocrx_word' id='word_1_474' title='bbox 1390 3308 1749 3372; x_wconf 86' lang='lat' dir='ltr'><strong>triumphator</strong></span> <span class='ocrx_word' id='word_1_475' title='bbox 1816 3324 2032 3381; x_wconf 89' lang='lat' dir='ltr'><strong>semper</strong></span> 
     </span>
    </p>
   </div>
   <div class='ocr_carea' id='block_1_64' title="bbox 942 3403 1528 3474">
    <p class='ocr_par' dir='ltr' id='par_1_64' title="bbox 942 3403 1528 3474">
     <span class='ocr_line' id='line_1_64' title="bbox 942 3403 1528 3474; baseline 0.002 -18"><span class='ocrx_word' id='word_1_476' title='bbox 942 3405 1216 3474; x_wconf 87' lang='lat' dir='ltr'><strong>Augusnts</strong></span> <span class='ocrx_word' id='word_1_477' title='bbox 1241 3403 1528 3473; x_wconf 78' lang='lat' dir='ltr'><strong>episcOpis.</strong></span> 
     </span>
    </p>
   </div>
   <div class='ocr_carea' id='block_1_65' title="bbox 506 3516 2034 3588">
    <p class='ocr_par' dir='ltr' id='par_1_65' title="bbox 506 3516 2034 3588">
     <span class='ocr_line' id='line_1_65' title="bbox 506 3516 2034 3588; baseline 0.005 -18"><span class='ocrx_word' id='word_1_478' title='bbox 506 3517 558 3571; x_wconf 79' lang='grc'><strong>1.</strong></span> <span class='ocrx_word' id='word_1_479' title='bbox 584 3516 667 3572; x_wconf 85' lang='lat' dir='ltr'><strong>De</strong></span> <span class='ocrx_word' id='word_1_480' title='bbox 692 3517 795 3588; x_wconf 81' lang='lat' dir='ltr'><strong>ﬁde</strong></span> <span class='ocrx_word' id='word_1_481' title='bbox 824 3525 1021 3571; x_wconf 86' lang='lat' dir='ltr'><strong>tantum</strong></span> <span class='ocrx_word' id='word_1_482' title='bbox 1051 3517 1105 3571; x_wconf 90' lang='lat' dir='ltr'><strong>in</strong></span> <span class='ocrx_word' id='word_1_483' title='bbox 1136 3516 1364 3572; x_wconf 84' lang='lat' dir='ltr'><strong>Concilio</strong></span> <span class='ocrx_word' id='word_1_484' title='bbox 1389 3518 1739 3574; x_wconf 85' lang='lat' dir='ltr'><strong>tractandum.</strong></span> <span class='ocrx_word' id='word_1_485' title='bbox 1788 3550 1857 3560; x_wconf 95' lang='lat'><strong>—</strong></span> <span class='ocrx_word' id='word_1_486' title='bbox 1892 3520 2034 3577; x_wconf 88' lang='lat' dir='ltr'><strong>Con-</strong></span> 
     </span>
    </p>
   </div>
   <div class='ocr_carea' id='block_1_66' title="bbox 433 3609 2028 3681">
    <p class='ocr_par' dir='ltr' id='par_1_66' title="bbox 433 3609 2028 3681">
     <span class='ocr_line' id='line_1_66' title="bbox 433 3609 2028 3681; baseline 0.001 -14"><span class='ocrx_word' id='word_1_487' title='bbox 433 3613 610 3667; x_wconf 90' lang='lat' dir='ltr'><strong>tinent</strong></span> <span class='ocrx_word' id='word_1_488' title='bbox 658 3609 840 3681; x_wconf 88' lang='lat' dir='ltr'><strong>priora</strong></span> <span class='ocrx_word' id='word_1_489' title='bbox 884 3610 1151 3679; x_wconf 87' lang='lat' dir='ltr'><strong>instituta,</strong></span> <span class='ocrx_word' id='word_1_490' title='bbox 1205 3611 1572 3680; x_wconf 88' lang='lat' dir='ltr'><strong>Venerabiles,</strong></span> <span class='ocrx_word' id='word_1_491' title='bbox 1618 3613 2028 3669; x_wconf 88' lang='lat' dir='ltr'><strong>sanctimoniam</strong></span> 
     </span>
    </p>
   </div>
   <div class='ocr_carea' id='block_1_67' title="bbox 430 3703 2032 3777">
    <p class='ocr_par' dir='ltr' id='par_1_67' title="bbox 430 3703 2032 3777">
     <span class='ocr_line' id='line_1_67' title="bbox 430 3703 2032 3777; baseline 0.001 -17"><span class='ocrx_word' id='word_1_492' title='bbox 430 3704 565 3777; x_wconf 91' lang='lat' dir='ltr'><strong>legis</strong></span> <span class='ocrx_word' id='word_1_493' title='bbox 603 3704 767 3759; x_wconf 91' lang='lat' dir='ltr'><strong>rebus</strong></span> <span class='ocrx_word' id='word_1_494' title='bbox 814 3703 1200 3760; x_wconf 89' lang='lat' dir='ltr'><strong>ecclesiasticis</strong></span> <span class='ocrx_word' id='word_1_495' title='bbox 1232 3703 1348 3758; x_wconf 91' lang='lat' dir='ltr'><strong>niti.</strong></span> <span class='ocrx_word' id='word_1_496' title='bbox 1401 3703 1543 3760; x_wconf 89' lang='lat' dir='ltr'><strong>Satis</strong></span> <span class='ocrx_word' id='word_1_497' title='bbox 1597 3719 1866 3776; x_wconf 89' lang='lat' dir='ltr'><strong>superque</strong></span> <span class='ocrx_word' id='word_1_498' title='bbox 1910 3722 2032 3777; x_wconf 90' lang='lat' dir='ltr'><strong>per-</strong></span> 
     </span>
    </p>
   </div>
   <div class='ocr_carea' id='block_1_68' title="bbox 429 3796 2027 3869">
    <p class='ocr_par' dir='ltr' id='par_1_68' title="bbox 429 3796 2027 3869">
     <span class='ocr_line' id='line_1_68' title="bbox 429 3796 2027 3869; baseline 0.001 -16"><span class='ocrx_word' id='word_1_499' title='bbox 429 3798 705 3869; x_wconf 84' lang='lat' dir='ltr'><strong>speximus</strong></span> <span class='ocrx_word' id='word_1_500' title='bbox 727 3797 919 3853; x_wconf 89' lang='lat' dir='ltr'><strong>litteris</strong></span> <span class='ocrx_word' id='word_1_501' title='bbox 941 3796 1010 3851; x_wconf 83' lang='lat' dir='ltr'><strong>ad</strong></span> <span class='ocrx_word' id='word_1_502' title='bbox 1039 3806 1275 3852; x_wconf 89' lang='lat' dir='ltr'><strong>nostram</strong></span> <span class='ocrx_word' id='word_1_503' title='bbox 1304 3796 1646 3868; x_wconf 88' lang='lat' dir='ltr'><strong>prudentiam</strong></span> <span class='ocrx_word' id='word_1_504' title='bbox 1668 3798 2027 3868; x_wconf 89' lang='lat' dir='ltr'><strong>datis,iisdem</strong></span> 
     </span>
    </p>
   </div>
   <div class='ocr_carea' id='block_1_69' title="bbox 503 4002 2029 4082">
    <p class='ocr_par' dir='ltr' id='par_1_69' title="bbox 503 4002 2029 4082">
     <span class='ocr_line' id='line_1_69' title="bbox 503 4002 2029 4082; baseline 0 -20"><span class='ocrx_word' id='word_1_505' title='bbox 503 4009 583 4082; x_wconf 80' lang='grc' dir='ltr'><strong>(τι)</strong></span> <span class='ocrx_word' id='word_1_506' title='bbox 614 4007 865 4063; x_wconf 80' lang='lat' dir='ltr'><strong>Proxime</strong></span> <span class='ocrx_word' id='word_1_507' title='bbox 895 4013 1016 4074; x_wconf 86' lang='lat' dir='ltr'><strong>post</strong></span> <span class='ocrx_word' id='word_1_508' title='bbox 1038 4002 1253 4082; x_wconf 59' lang='lat' dir='ltr'><strong>litteras</strong></span> <span class='ocrx_word' id='word_1_509' title='bbox 1272 4002 1641 4082; x_wconf 73' lang='lat' dir='ltr'><strong>Orientalibus</strong></span> <span class='ocrx_word' id='word_1_510' title='bbox 1664 4003 1838 4082; x_wconf 70' lang='lat' dir='ltr'><strong>datas,</strong></span> <span class='ocrx_word' id='word_1_511' title='bbox 1865 4014 1942 4082; x_wconf 77' lang='lat' dir='ltr'><strong>et,</strong></span> <span class='ocrx_word' id='word_1_512' title='bbox 1971 4015 2029 4082; x_wconf 84' lang='lat' dir='ltr'><strong>ut</strong></span> 
     </span>
    </p>
   </div>
   <div class='ocr_carea' id='block_1_70' title="bbox 430 4073 2028 4151">
    <p class='ocr_par' dir='ltr' id='par_1_70' title="bbox 430 4073 2028 4151">
     <span class='ocr_line' id='line_1_70' title="bbox 430 4073 2028 4151; baseline -0.003 -14"><span class='ocrx_word' id='word_1_513' title='bbox 430 4073 1382 4151; x_wconf 23' lang='lat' dir='ltr'><strong>opinamurkanteq‘uam__Ursacio,_</strong></span> <span class='ocrx_word' id='word_1_514' title='bbox 1415 4074 1623 4151; x_wconf 84' lang='lat' dir='ltr'><strong>Valenti</strong></span> <span class='ocrx_word' id='word_1_515' title='bbox 1666 4087 1720 4129; x_wconf 88' lang='lat' dir='ltr'><strong>et</strong></span> <span class='ocrx_word' id='word_1_516' title='bbox 1749 4075 2028 4151; x_wconf 84' lang='lat' dir='ltr'><strong>Germinio</strong></span> 
     </span>
    </p>
   </div>
   <div class='ocr_carea' id='block_1_71' title="bbox 430 4145 2024 4214">
    <p class='ocr_par' dir='ltr' id='par_1_71' title="bbox 430 4145 2024 4214">
     <span class='ocr_line' id='line_1_71' title="bbox 430 4145 2024 4214; baseline -0.003 -6"><span class='ocrx_word' id='word_1_517' title='bbox 430 4145 714 4208; x_wconf 80' lang='lat' dir='ltr'><strong>scriberet.</strong></span> <span class='ocrx_word' id='word_1_518' title='bbox 744 4149 844 4204; x_wconf 86' lang='lat' dir='ltr'><strong>Hic</strong></span> <span class='ocrx_word' id='word_1_519' title='bbox 872 4148 1016 4202; x_wconf 80' lang='lat' dir='ltr'><strong>etiim</strong></span> <span class='ocrx_word' id='word_1_520' title='bbox 1038 4145 1265 4210; x_wconf 91' lang='lat' dir='ltr'><strong>Liberii,</strong></span> <span class='ocrx_word' id='word_1_521' title='bbox 1299 4146 1383 4199; x_wconf 90' lang='lat' dir='ltr'><strong>ubi</strong></span> <span class='ocrx_word' id='word_1_522' title='bbox 1412 4162 1441 4200; x_wconf 90' lang='lat' dir='ltr'><strong>a</strong></span> <span class='ocrx_word' id='word_1_523' title='bbox 1467 4146 1691 4214; x_wconf 77' lang='lat' dir='ltr'><strong>pristina</strong></span> <span class='ocrx_word' id='word_1_524' title='bbox 1721 4150 2024 4204; x_wconf 86' lang='lat' dir='ltr'><strong>constantia</strong></span> 
     </span>
    </p>
   </div>
   <div class='ocr_carea' id='block_1_72' title="bbox 429 4216 2023 4288">
    <p class='ocr_par' dir='ltr' id='par_1_72' title="bbox 429 4216 2023 4288">
     <span class='ocr_line' id='line_1_72' title="bbox 429 4216 2023 4288; baseline -0.002 -10"><span class='ocrx_word' id='word_1_525' title='bbox 429 4238 527 4278; x_wconf 87' lang='lat' dir='ltr'><strong>sua</strong></span> <span class='ocrx_word' id='word_1_526' title='bbox 553 4221 769 4284; x_wconf 79' lang='lat' dir='ltr'><strong>cecidit,</strong></span> <span class='ocrx_word' id='word_1_527' title='bbox 800 4220 1097 4274; x_wconf 89' lang='lat' dir='ltr'><strong>litterarum</strong></span> <span class='ocrx_word' id='word_1_528' title='bbox 1120 4216 1256 4273; x_wconf 90' lang='lat' dir='ltr'><strong>ordo</strong></span> <span class='ocrx_word' id='word_1_529' title='bbox 1282 4220 1438 4272; x_wconf 87' lang='lat' dir='ltr'><strong>statui</strong></span> <span class='ocrx_word' id='word_1_530' title='bbox 1466 4226 1643 4286; x_wconf 86' lang='lat' dir='ltr'><strong>potest</strong></span> <span class='ocrx_word' id='word_1_531' title='bbox 1672 4235 1686 4270; x_wconf 91' lang='lat'><strong>:</strong></span> <span class='ocrx_word' id='word_1_532' title='bbox 1714 4229 1765 4271; x_wconf 89' lang='lat' dir='ltr'><strong>ut</strong></span> <span class='ocrx_word' id='word_1_533' title='bbox 1792 4221 2023 4288; x_wconf 89' lang='lat' dir='ltr'><strong>primum</strong></span> 
     </span>
    </p>
   </div>
   <div class='ocr_carea' id='block_1_73' title="bbox 429 4288 2024 4360">
    <p class='ocr_par' dir='ltr' id='par_1_73' title="bbox 429 4288 2024 4360">
     <span class='ocr_line' id='line_1_73' title="bbox 429 4288 2024 4360; baseline -0.001 -12"><span class='ocrx_word' id='word_1_534' title='bbox 429 4294 834 4360; x_wconf 75' lang='lat' dir='ltr'><strong>imperatorem,</strong></span> <span class='ocrx_word' id='word_1_535' title='bbox 870 4290 1168 4360; x_wconf 66' lang='lat' dir='ltr'><strong>eodemque</strong></span> <span class='ocrx_word' id='word_1_536' title='bbox 1192 4297 1435 4360; x_wconf 86' lang='lat' dir='ltr'><strong>tempore</strong></span> <span class='ocrx_word' id='word_1_537' title='bbox 1471 4290 1675 4343; x_wconf 91' lang='lat' dir='ltr'><strong>clerum</strong></span> <span class='ocrx_word' id='word_1_538' title='bbox 1719 4288 2024 4347; x_wconf 82' lang='lat' dir='ltr'><strong>Romanum</strong></span> 
     </span>
    </p>
   </div>
   <div class='ocr_carea' id='block_1_74' title="bbox 429 4358 2026 4430">
    <p class='ocr_par' dir='ltr' id='par_1_74' title="bbox 429 4358 2026 4430">
     <span class='ocr_line' id='line_1_74' title="bbox 429 4358 2026 4430; baseline -0.001 -10"><span class='ocrx_word' id='word_1_539' title='bbox 429 4358 617 4420; x_wconf 84' lang='lat' dir='ltr'><strong>mutati</strong></span> <span class='ocrx_word' id='word_1_540' title='bbox 643 4361 851 4416; x_wconf 90' lang='lat' dir='ltr'><strong>consilii</strong></span> <span class='ocrx_word' id='word_1_541' title='bbox 882 4361 964 4413; x_wconf 92' lang='lat' dir='ltr'><strong>sui</strong></span> <span class='ocrx_word' id='word_1_542' title='bbox 997 4374 1093 4430; x_wconf 91' lang='lat' dir='ltr'><strong>per</strong></span> <span class='ocrx_word' id='word_1_543' title='bbox 1121 4358 1563 4413; x_wconf 82' lang='lat' dir='ltr'><strong>Fortunatianum</strong></span> <span class='ocrx_word' id='word_1_544' title='bbox 1595 4362 1858 4417; x_wconf 87' lang='lat' dir='ltr'><strong>certiores</strong></span> <span class='ocrx_word' id='word_1_545' title='bbox 1883 4360 2026 4418; x_wconf 82' lang='lat' dir='ltr'><strong>fere-</strong></span> 
     </span>
    </p>
   </div>
   <div class='ocr_carea' id='block_1_75' title="bbox 426 4430 2021 4499">
    <p class='ocr_par' dir='ltr' id='par_1_75' title="bbox 426 4430 2021 4499">
     <span class='ocr_line' id='line_1_75' title="bbox 426 4430 2021 4499; baseline -0.001 -10"><span class='ocrx_word' id='word_1_546' title='bbox 426 4438 519 4499; x_wconf 83' lang='lat' dir='ltr'><strong>rit,</strong></span> <span class='ocrx_word' id='word_1_547' title='bbox 549 4431 747 4487; x_wconf 89' lang='lat' dir='ltr'><strong>deinde</strong></span> <span class='ocrx_word' id='word_1_548' title='bbox 776 4430 1079 4486; x_wconf 88' lang='lat' dir='ltr'><strong>Orientales</strong></span> <span class='ocrx_word' id='word_1_549' title='bbox 1113 4445 1207 4497; x_wconf 83' lang='lat' dir='ltr'><strong>per</strong></span> <span class='ocrx_word' id='word_1_550' title='bbox 1254 4430 1458 4483; x_wconf 76' lang='lat' dir='ltr'><strong>litteras</strong></span> <span class='ocrx_word' id='word_1_551' title='bbox 1500 4431 1790 4494; x_wconf 90' lang='lat' dir='ltr'><strong>monuerit,</strong></span> <span class='ocrx_word' id='word_1_552' title='bbox 1820 4448 1880 4486; x_wconf 90' lang='lat' dir='ltr'><strong>se</strong></span> <span class='ocrx_word' id='word_1_553' title='bbox 1900 4448 2021 4488; x_wconf 90' lang='lat' dir='ltr'><strong>cum</strong></span> 
     </span>
    </p>
   </div>
   <div class='ocr_carea' id='block_1_76' title="bbox 427 4499 2025 4571">
    <p class='ocr_par' dir='ltr' id='par_1_76' title="bbox 427 4499 2025 4571">
     <span class='ocr_line' id='line_1_76' title="bbox 427 4499 2025 4571; baseline -0.002 -11"><span class='ocrx_word' id='word_1_554' title='bbox 427 4507 534 4562; x_wconf 86' lang='lat' dir='ltr'><strong>illis</strong></span> <span class='ocrx_word' id='word_1_555' title='bbox 562 4503 765 4558; x_wconf 85' lang='lat' dir='ltr'><strong>habere</strong></span> <span class='ocrx_word' id='word_1_556' title='bbox 804 4514 1014 4571; x_wconf 80' lang='lat' dir='ltr'><strong>pacem,</strong></span> <span class='ocrx_word' id='word_1_557' title='bbox 1062 4510 1116 4553; x_wconf 91' lang='lat' dir='ltr'><strong>et</strong></span> <span class='ocrx_word' id='word_1_558' title='bbox 1159 4501 1231 4571; x_wconf 86' lang='lat' dir='ltr'><strong>ab</strong></span> <span class='ocrx_word' id='word_1_559' title='bbox 1267 4500 1545 4553; x_wconf 86' lang='lat' dir='ltr'><strong>Athanasii</strong></span> <span class='ocrx_word' id='word_1_560' title='bbox 1574 4499 1887 4556; x_wconf 83' lang='lat' dir='ltr'><strong>defensione</strong></span> <span class='ocrx_word' id='word_1_561' title='bbox 1914 4503 2025 4557; x_wconf 89' lang='lat' dir='ltr'><strong>dis-</strong></span> 
     </span>
    </p>
   </div>
   <div class='ocr_carea' id='block_1_77' title="bbox 427 4570 2022 4640">
    <p class='ocr_par' dir='ltr' id='par_1_77' title="bbox 427 4570 2022 4640">
     <span class='ocr_line' id='line_1_77' title="bbox 427 4570 2022 4640; baseline -0.001 -9"><span class='ocrx_word' id='word_1_562' title='bbox 427 4577 688 4640; x_wconf 89' lang='lat' dir='ltr'><strong>cessisse;</strong></span> <span class='ocrx_word' id='word_1_563' title='bbox 721 4570 833 4627; x_wconf 91' lang='lat' dir='ltr'><strong>tum</strong></span> <span class='ocrx_word' id='word_1_564' title='bbox 861 4571 1163 4633; x_wconf 85' lang='lat' dir='ltr'><strong>Vincentio,</strong></span> <span class='ocrx_word' id='word_1_565' title='bbox 1188 4570 1411 4639; x_wconf 87' lang='lat' dir='ltr'><strong>ejusque</strong></span> <span class='ocrx_word' id='word_1_566' title='bbox 1430 4585 1593 4638; x_wconf 87' lang='lat' dir='ltr'><strong>opera</strong></span> <span class='ocrx_word' id='word_1_567' title='bbox 1620 4574 1827 4627; x_wconf 83' lang='lat' dir='ltr'><strong>cunctis</strong></span> <span class='ocrx_word' id='word_1_568' title='bbox 1862 4574 2022 4629; x_wconf 86' lang='lat' dir='ltr'><strong>Cam-</strong></span> 
     </span>
    </p>
   </div>
   <div class='ocr_carea' id='block_1_78' title="bbox 426 4642 2018 4719">
    <p class='ocr_par' dir='ltr' id='par_1_78' title="bbox 426 4642 2018 4719">
     <span class='ocr_line' id='line_1_78' title="bbox 426 4642 2018 4719; baseline -0.001 -17"><span class='ocrx_word' id='word_1_569' title='bbox 426 4648 599 4719; x_wconf 67' lang='lat' dir='ltr'><strong>paniae</strong></span> <span class='ocrx_word' id='word_1_570' title='bbox 634 4642 923 4719; x_wconf 73' lang='lat' dir='ltr'><strong>episcopis,</strong></span> <span class='ocrx_word' id='word_1_571' title='bbox 957 4644 1393 4719; x_wconf 83' lang='lat' dir='ltr'><strong>communionem</strong></span> <span class='ocrx_word' id='word_1_572' title='bbox 1428 4657 1550 4697; x_wconf 91' lang='lat' dir='ltr'><strong>cum</strong></span> <span class='ocrx_word' id='word_1_573' title='bbox 1588 4643 1945 4719; x_wconf 77' lang='lat' dir='ltr'><strong>Orientalibus</strong></span> <span class='ocrx_word' id='word_1_574' title='bbox 1989 4662 2018 4700; x_wconf 88' lang='lat' dir='ltr'><strong>a</strong></span> 
     </span>
    </p>
   </div>
   <div class='ocr_carea' id='block_1_79' title="bbox 423 4714 2100 4791">
    <p class='ocr_par' dir='ltr' id='par_1_79' title="bbox 423 4714 2100 4791">
     <span class='ocr_line' id='line_1_79' title="bbox 423 4714 2100 4791; baseline -0.002 -16"><span class='ocrx_word' id='word_1_575' title='bbox 423 4714 695 4791; x_wconf 75' lang='lat' dir='ltr'><strong>se~initam</strong></span> <span class='ocrx_word' id='word_1_576' title='bbox 718 4714 1062 4787; x_wconf 57' lang='lat' dir='ltr'><strong>sigtiiﬁcarit;</strong></span> <span class='ocrx_word' id='word_1_577' title='bbox 1095 4724 1456 4791; x_wconf 79' lang='lat' dir='ltr'><strong>ac_postrcmo</strong></span> <span class='ocrx_word' id='word_1_578' title='bbox 1482 4730 1613 4791; x_wconf 63' lang='lat' dir='ltr'><strong>cum</strong></span> <span class='ocrx_word' id='word_1_579' title='bbox 1634 4714 1698 4791; x_wconf 75' lang='lat' dir='ltr'><strong>ad</strong></span> <span class='ocrx_word' id='word_1_580' title='bbox 1733 4715 2021 4791; x_wconf 62' lang='lat' dir='ltr'><strong>imperato-</strong></span> <span class='ocrx_word' id='word_1_581' title='bbox 2049 4732 2100 4791; x_wconf 77' lang='grc' dir='ltr'>ι)</span> 
     </span>
    </p>
   </div>
   <div class='ocr_carea' id='block_1_80' title="bbox 424 4785 2013 4856">
    <p class='ocr_par' dir='ltr' id='par_1_80' title="bbox 424 4785 2013 4856">
     <span class='ocr_line' id='line_1_80' title="bbox 424 4785 2013 4856; baseline -0.003 -11"><span class='ocrx_word' id='word_1_582' title='bbox 424 4792 504 4846; x_wconf 88' lang='lat' dir='ltr'><strong>ris</strong></span> <span class='ocrx_word' id='word_1_583' title='bbox 532 4785 842 4844; x_wconf 78' lang='lat' dir='ltr'><strong>comitatum</strong></span> <span class='ocrx_word' id='word_1_584' title='bbox 877 4794 1141 4856; x_wconf 81' lang='lat' dir='ltr'><strong>pergeret,</strong></span> <span class='ocrx_word' id='word_1_585' title='bbox 1170 4785 1364 4840; x_wconf 88' lang='lat' dir='ltr'><strong>litteris</strong></span> <span class='ocrx_word' id='word_1_586' title='bbox 1406 4785 1544 4856; x_wconf 85' lang='lat' dir='ltr'><strong>datis</strong></span> <span class='ocrx_word' id='word_1_587' title='bbox 1574 4785 1820 4844; x_wconf 33' lang='lat' dir='ltr'><strong>Valenti.’</strong></span> <span class='ocrx_word' id='word_1_588' title='bbox 1860 4786 2013 4842; x_wconf 50' lang='lat' dir='ltr'><strong>Ursa“</strong></span> 
     </span>
    </p>
   </div>
   <div class='ocr_carea' id='block_1_81' title="bbox 424 4855 2020 4924">
    <p class='ocr_par' dir='ltr' id='par_1_81' title="bbox 424 4855 2020 4924">
     <span class='ocr_line' id='line_1_81' title="bbox 424 4855 2020 4924; baseline -0.002 -8"><span class='ocrx_word' id='word_1_589' title='bbox 424 4862 510 4916; x_wconf 90' lang='lat' dir='ltr'><strong>cio</strong></span> <span class='ocrx_word' id='word_1_590' title='bbox 541 4871 595 4915; x_wconf 88' lang='lat' dir='ltr'><strong>et</strong></span> <span class='ocrx_word' id='word_1_591' title='bbox 623 4857 925 4923; x_wconf 85' lang='lat' dir='ltr'><strong>Gerntinio,</strong></span> <span class='ocrx_word' id='word_1_592' title='bbox 957 4855 1065 4911; x_wconf 88' lang='lat' dir='ltr'><strong>tum</strong></span> <span class='ocrx_word' id='word_1_593' title='bbox 1094 4857 1288 4911; x_wconf 88' lang='lat' dir='ltr'><strong>borum</strong></span> <span class='ocrx_word' id='word_1_594' title='bbox 1333 4855 1817 4924; x_wconf 87' lang='lat' dir='ltr'><strong>perditissimorum</strong></span> <span class='ocrx_word' id='word_1_595' title='bbox 1849 4860 2020 4914; x_wconf 83' lang='lat' dir='ltr'><strong>homi-</strong></span> 
     </span>
    </p>
   </div>
   <div class='ocr_carea' id='block_1_82' title="bbox 424 4928 2019 4998">
    <p class='ocr_par' dir='ltr' id='par_1_82' title="bbox 424 4928 2019 4998">
     <span class='ocr_line' id='line_1_82' title="bbox 424 4928 2019 4998; baseline -0.001 -10"><span class='ocrx_word' id='word_1_596' title='bbox 424 4948 575 4996; x_wconf 87' lang='lat' dir='ltr'><strong>num,</strong></span> <span class='ocrx_word' id='word_1_597' title='bbox 629 4942 738 4984; x_wconf 89' lang='lat' dir='ltr'><strong>tmn</strong></span> <span class='ocrx_word' id='word_1_598' title='bbox 792 4930 874 4983; x_wconf 84' lang='lat' dir='ltr'><strong>his</strong></span> <span class='ocrx_word' id='word_1_599' title='bbox 940 4929 1172 4998; x_wconf 85' lang='lat' dir='ltr'><strong>nequitia</strong></span> <span class='ocrx_word' id='word_1_600' title='bbox 1226 4944 1329 4982; x_wconf 90' lang='lat' dir='ltr'><strong>non</strong></span> <span class='ocrx_word' id='word_1_601' title='bbox 1364 4928 1677 4983; x_wconf 83' lang='lat' dir='ltr'><strong>inferiorum</strong></span> <span class='ocrx_word' id='word_1_602' title='bbox 1708 4928 1933 4997; x_wconf 84' lang='lat' dir='ltr'><strong>Epicteti</strong></span> <span class='ocrx_word' id='word_1_603' title='bbox 1964 4943 2019 4987; x_wconf 89' lang='lat' dir='ltr'><strong>et</strong></span> 
     </span>
    </p>
   </div>
   <div class='ocr_carea' id='block_1_83' title="bbox 426 5000 2019 5073">
    <p class='ocr_par' dir='ltr' id='par_1_83' title="bbox 426 5000 2019 5073">
     <span class='ocr_line' id='line_1_83' title="bbox 426 5000 2019 5073; baseline -0.001 -15"><span class='ocrx_word' id='word_1_604' title='bbox 426 5003 682 5058; x_wconf 82' lang='lat' dir='ltr'><strong>Auxentii</strong></span> <span class='ocrx_word' id='word_1_605' title='bbox 715 5002 941 5073; x_wconf 87' lang='lat' dir='ltr'><strong>gratiam</strong></span> <span class='ocrx_word' id='word_1_606' title='bbox 980 5000 1097 5073; x_wconf 88' lang='lat' dir='ltr'><strong>sibi</strong></span> <span class='ocrx_word' id='word_1_607' title='bbox 1152 5001 1372 5055; x_wconf 86' lang='lat' dir='ltr'><strong>tentarit</strong></span> <span class='ocrx_word' id='word_1_608' title='bbox 1400 5000 1711 5073; x_wconf 89' lang='lat' dir='ltr'><strong>conciliare.</strong></span> <span class='ocrx_word' id='word_1_609' title='bbox 1738 5001 2019 5071; x_wconf 82' lang='lat' dir='ltr'><strong>Egregium</strong></span> 
     </span>
    </p>
   </div>
   <div class='ocr_carea' id='block_1_84' title="bbox 424 5072 2021 5143">
    <p class='ocr_par' dir='ltr' id='par_1_84' title="bbox 424 5072 2021 5143">
     <span class='ocr_line' id='line_1_84' title="bbox 424 5072 2021 5143; baseline -0.001 -13"><span class='ocrx_word' id='word_1_610' title='bbox 424 5073 674 5130; x_wconf 80' lang='lat' dir='ltr'><strong>bumanze</strong></span> <span class='ocrx_word' id='word_1_611' title='bbox 719 5072 1019 5142; x_wconf 86' lang='lat' dir='ltr'><strong>fragilitatis</strong></span> <span class='ocrx_word' id='word_1_612' title='bbox 1049 5073 1378 5143; x_wconf 80' lang='lat' dir='ltr'><strong>exemplum.</strong></span> <span class='ocrx_word' id='word_1_613' title='bbox 1419 5072 1504 5123; x_wconf 89' lang='lat' dir='ltr'><strong>cui</strong></span> <span class='ocrx_word' id='word_1_614' title='bbox 1530 5085 1673 5143; x_wconf 68' lang='lat' dir='ltr'><strong>saepe</strong></span> <span class='ocrx_word' id='word_1_615' title='bbox 1722 5081 1869 5125; x_wconf 87' lang='lat' dir='ltr'><strong>tamo</strong></span> <span class='ocrx_word' id='word_1_616' title='bbox 1895 5090 2021 5143; x_wconf 85' lang='lat' dir='ltr'><strong>gra-</strong></span> 
     </span>
    </p>
   </div>
   <div class='ocr_carea' id='block_1_85' title="bbox 422 5142 1937 5217">
    <p class='ocr_par' dir='ltr' id='par_1_85' title="bbox 422 5142 1937 5217">
     <span class='ocr_line' id='line_1_85' title="bbox 422 5142 1937 5217; baseline -0.002 -18"><span class='ocrx_word' id='word_1_617' title='bbox 422 5146 542 5202; x_wconf 87' lang='lat' dir='ltr'><strong>vius</strong></span> <span class='ocrx_word' id='word_1_618' title='bbox 570 5144 815 5200; x_wconf 85' lang='lat' dir='ltr'><strong>innninet</strong></span> <span class='ocrx_word' id='word_1_619' title='bbox 845 5142 1219 5217; x_wconf 73' lang='lat' dir='ltr'><strong>praecipitium,</strong></span> <span class='ocrx_word' id='word_1_620' title='bbox 1260 5152 1464 5213; x_wconf 87' lang='lat' dir='ltr'><strong>quanto</strong></span> <span class='ocrx_word' id='word_1_621' title='bbox 1495 5142 1702 5195; x_wconf 83' lang='lat' dir='ltr'><strong>videtur</strong></span> <span class='ocrx_word' id='word_1_622' title='bbox 1726 5142 1937 5197; x_wconf 87' lang='lat' dir='ltr'><strong>elatior.</strong></span> 
     </span>
    </p>
   </div>
   <div class='ocr_carea' id='block_1_86' title="bbox 498 5233 2018 5310">
    <p class='ocr_par' dir='ltr' id='par_1_86' title="bbox 498 5233 2018 5310">
     <span class='ocr_line' id='line_1_86' title="bbox 498 5233 2018 5310; baseline 0.001 -20"><span class='ocrx_word' id='word_1_623' title='bbox 498 5235 667 5310; x_wconf 84' lang='lat' dir='ltr'><strong>(b)_ln</strong></span> <span class='ocrx_word' id='word_1_624' title='bbox 712 5250 813 5310; x_wconf 77' lang='lat' dir='ltr'><strong>ms.</strong></span> <span class='ocrx_word' id='word_1_625' title='bbox 843 5233 1008 5290; x_wconf 89' lang='lat' dir='ltr'><strong>Sirm.</strong></span> <span class='ocrx_word' id='word_1_626' title='bbox 1056 5234 1221 5289; x_wconf 87' lang='lat' dir='ltr'><strong>verbo</strong></span> <span class='ocrx_word' id='word_1_627' title='bbox 1269 5234 1528 5310; x_wconf 63' lang='lat' dir='ltr'><strong>sanctitati</strong></span> <span class='ocrx_word' id='word_1_628' title='bbox 1569 5234 1853 5310; x_wconf 83' lang='lat' dir='ltr'><strong>subjicitur</strong></span> <span class='ocrx_word' id='word_1_629' title='bbox 1880 5253 2018 5305; x_wconf 87' lang='lat' dir='ltr'><strong>vero,</strong></span> 
     </span>
    </p>
   </div>
   <div class='ocr_carea' id='block_1_87' title="bbox 424 5305 1727 5377">
    <p class='ocr_par' dir='ltr' id='par_1_87' title="bbox 424 5305 1727 5377">
     <span class='ocr_line' id='line_1_87' title="bbox 424 5305 1727 5377; baseline -0.002 -15"><span class='ocrx_word' id='word_1_630' title='bbox 424 5305 564 5377; x_wconf 81' lang='lat' dir='ltr'><strong>apud</strong></span> <span class='ocrx_word' id='word_1_631' title='bbox 596 5307 884 5362; x_wconf 89' lang='lat' dir='ltr'><strong>Baronium</strong></span> <span class='ocrx_word' id='word_1_632' title='bbox 912 5314 1090 5360; x_wconf 90' lang='lat' dir='ltr'><strong>autem</strong></span> <span class='ocrx_word' id='word_1_633' title='bbox 1122 5305 1489 5374; x_wconf 80' lang='lat' dir='ltr'><strong>praemittitur,</strong></span> <span class='ocrx_word' id='word_1_634' title='bbox 1518 5314 1564 5358; x_wconf 88' lang='lat' dir='ltr'><strong>et</strong></span> <span class='ocrx_word' id='word_1_635' title='bbox 1592 5306 1727 5360; x_wconf 86' lang='lat' dir='ltr'><strong>ideo.</strong></span> 
     </span>
    </p>
   </div>
   <div class='ocr_carea' id='block_1_88' title="bbox 496 5397 2019 5474">
    <p class='ocr_par' dir='ltr' id='par_1_88' title="bbox 496 5397 2019 5474">
     <span class='ocr_line' id='line_1_88' title="bbox 496 5397 2019 5474; baseline 0.001 -19"><span class='ocrx_word' id='word_1_636' title='bbox 496 5402 568 5474; x_wconf 87' lang='lat' dir='ltr'><strong>(c)</strong></span> <span class='ocrx_word' id='word_1_637' title='bbox 609 5400 759 5474; x_wconf 81' lang='lat' dir='ltr'><strong>Apud</strong></span> <span class='ocrx_word' id='word_1_638' title='bbox 793 5399 1029 5474; x_wconf 82' lang='lat' dir='ltr'><strong>Baron.,</strong></span> <span class='ocrx_word' id='word_1_639' title='bbox 1086 5398 1289 5474; x_wconf 75' lang='lat' dir='ltr'><strong>domine</strong></span> <span class='ocrx_word' id='word_1_640' title='bbox 1326 5401 1484 5474; x_wconf 74' lang='lat' dir='ltr'><strong>frater</strong></span> <span class='ocrx_word' id='word_1_641' title='bbox 1522 5397 2019 5474; x_wconf 43' lang='lat' dir='ltr'><strong>charissintethent</strong></span> 
     </span>
    </p>
   </div>
   <div class='ocr_carea' id='block_1_89' title="bbox 421 5469 2015 5543">
    <p class='ocr_par' dir='ltr' id='par_1_89' title="bbox 421 5469 2015 5543">
     <span class='ocr_line' id='line_1_89' title="bbox 421 5469 2015 5543; baseline 0.001 -16"><span class='ocrx_word' id='word_1_642' title='bbox 421 5469 578 5527; x_wconf 78' lang='lat' dir='ltr'><strong>manu</strong></span> <span class='ocrx_word' id='word_1_643' title='bbox 598 5473 760 5542; x_wconf 84' lang='lat' dir='ltr'><strong>ipsius</strong></span> <span class='ocrx_word' id='word_1_644' title='bbox 783 5473 834 5525; x_wconf 86' lang='lat' dir='ltr'><strong>in</strong></span> <span class='ocrx_word' id='word_1_645' title='bbox 863 5471 1041 5525; x_wconf 85' lang='lat' dir='ltr'><strong>eadem</strong></span> <span class='ocrx_word' id='word_1_646' title='bbox 1064 5471 1252 5543; x_wconf 83' lang='lat' dir='ltr'><strong>pagina</strong></span> <span class='ocrx_word' id='word_1_647' title='bbox 1286 5471 1594 5537; x_wconf 79' lang='lat' dir='ltr'><strong>conscripta.</strong></span> <span class='ocrx_word' id='word_1_648' title='bbox 1640 5469 1791 5541; x_wconf 84' lang='lat' dir='ltr'><strong>Legit</strong></span> <span class='ocrx_word' id='word_1_649' title='bbox 1826 5470 2015 5539; x_wconf 91' lang='lat' dir='ltr'><strong>Sirm.,</strong></span> 
     </span>
    </p>
   </div>
   <div class='ocr_carea' id='block_1_90' title="bbox 419 5542 1647 5615">
    <p class='ocr_par' dir='ltr' id='par_1_90' title="bbox 419 5542 1647 5615">
     <span class='ocr_line' id='line_1_90' title="bbox 419 5542 1647 5615; baseline -0.002 -17"><span class='ocrx_word' id='word_1_650' title='bbox 419 5546 610 5615; x_wconf 81' lang='lat' dir='ltr'><strong>pagina</strong></span> <span class='ocrx_word' id='word_1_651' title='bbox 631 5544 931 5614; x_wconf 86' lang='lat' dir='ltr'><strong>perscripta,</strong></span> <span class='ocrx_word' id='word_1_652' title='bbox 963 5556 1068 5595; x_wconf 90' lang='lat' dir='ltr'><strong>non</strong></span> <span class='ocrx_word' id='word_1_653' title='bbox 1099 5542 1303 5611; x_wconf 69' lang='lat' dir='ltr'><strong>pagina?</strong></span> <span class='ocrx_word' id='word_1_654' title='bbox 1332 5543 1647 5611; x_wconf 66' lang='lat' dir='ltr'><strong>perscriptis.</strong></span> 
     </span>
    </p>
   </div>
   <div class='ocr_carea' id='block_1_91' title="bbox 484 5632 1999 5704">
    <p class='ocr_par' dir='ltr' id='par_1_91' title="bbox 484 5632 1999 5704">
     <span class='ocr_line' id='line_1_91' title="bbox 484 5632 1999 5704; baseline 0.004 -19"><span class='ocrx_word' id='word_1_655' title='bbox 484 5634 566 5704; x_wconf 82' lang='grc' dir='ltr'><strong>(ά)</strong></span> <span class='ocrx_word' id='word_1_656' title='bbox 607 5634 861 5701; x_wconf 76' lang='lat' dir='ltr'><strong>Epistolze</strong></span> <span class='ocrx_word' id='word_1_657' title='bbox 887 5635 1008 5689; x_wconf 85' lang='lat' dir='ltr'><strong>huic</strong></span> <span class='ocrx_word' id='word_1_658' title='bbox 1045 5633 1338 5686; x_wconf 81' lang='lat' dir='ltr'><strong>auctoritas</strong></span> <span class='ocrx_word' id='word_1_659' title='bbox 1357 5633 1642 5687; x_wconf 72' lang='lat' dir='ltr'><strong>accedite:</strong></span> <span class='ocrx_word' id='word_1_660' title='bbox 1676 5632 1999 5699; x_wconf 84' lang='lat' dir='ltr'><strong>Sozomcno,</strong></span> 
     </span>
    </p>
   </div>
   <div class='ocr_carea' id='block_1_92' title="bbox 405 5704 1997 5774">
    <p class='ocr_par' dir='ltr' id='par_1_92' title="bbox 405 5704 1997 5774">
     <span class='ocr_line' id='line_1_92' title="bbox 405 5704 1997 5774; baseline 0.002 -14"><span class='ocrx_word' id='word_1_661' title='bbox 405 5704 500 5760; x_wconf 88' lang='lat' dir='ltr'><strong>lib.</strong></span> <span class='ocrx_word' id='word_1_662' title='bbox 537 5719 605 5769; x_wconf 85' lang='lat' dir='ltr'><strong>tv,</strong></span> <span class='ocrx_word' id='word_1_663' title='bbox 634 5719 684 5755; x_wconf 91' lang='lat' dir='ltr'><strong>c.</strong></span> <span class='ocrx_word' id='word_1_664' title='bbox 723 5705 805 5774; x_wconf 65' lang='grc'><strong>17,</strong></span> <span class='ocrx_word' id='word_1_665' title='bbox 844 5704 933 5758; x_wconf 91' lang='lat' dir='ltr'><strong>ubi</strong></span> <span class='ocrx_word' id='word_1_666' title='bbox 986 5705 1191 5774; x_wconf 83' lang='lat' dir='ltr'><strong>litteras</strong></span> <span class='ocrx_word' id='word_1_667' title='bbox 1231 5712 1494 5757; x_wconf 85' lang='lat' dir='ltr'><strong>memorat</strong></span> <span class='ocrx_word' id='word_1_668' title='bbox 1547 5706 1656 5774; x_wconf 89' lang='lat' dir='ltr'><strong>imp</strong></span> <span class='ocrx_word' id='word_1_669' title='bbox 1676 5711 1885 5760; x_wconf 28' lang='lat' dir='ltr'><strong>aratoris</strong></span> <span class='ocrx_word' id='word_1_670' title='bbox 1931 5708 1997 5763; x_wconf 80' lang='lat' dir='ltr'><strong>ad</strong></span> 
     </span>
    </p>
   </div>
   <div class='ocr_carea' id='block_1_93' title="bbox 406 5770 1995 5849">
    <p class='ocr_par' dir='ltr' id='par_1_93' title="bbox 406 5770 1995 5849">
     <span class='ocr_line' id='line_1_93' title="bbox 406 5770 1995 5849; baseline 0.001 -18"><span class='ocrx_word' id='word_1_671' title='bbox 406 5776 692 5849; x_wconf 88' lang='lat' dir='ltr'><strong>episcopos</strong></span> <span class='ocrx_word' id='word_1_672' title='bbox 716 5770 945 5830; x_wconf 77' lang='lat' dir='ltr'><strong>Arimini</strong></span> <span class='ocrx_word' id='word_1_673' title='bbox 969 5789 1033 5831; x_wconf 82' lang='lat' dir='ltr'><strong>ac</strong></span> <span class='ocrx_word' id='word_1_674' title='bbox 1071 5772 1331 5831; x_wconf 83' lang='lat' dir='ltr'><strong>Seleuciae</strong></span> <span class='ocrx_word' id='word_1_675' title='bbox 1382 5770 1757 5845; x_wconf 66' lang='lat' dir='ltr'><strong>congregatos,</strong></span> <span class='ocrx_word' id='word_1_676' title='bbox 1800 5778 1995 5848; x_wconf 88' lang='lat' dir='ltr'><strong>quibus</strong></span> 
     </span>
    </p>
   </div>
   <div class='ocr_carea' id='block_1_94' title="bbox 2139 3259 3740 3333">
    <p class='ocr_par' dir='ltr' id='par_1_94' title="bbox 2139 3259 3740 3333">
     <span class='ocr_line' id='line_1_94' title="bbox 2139 3259 3740 3333; baseline -0.003 -16"><span class='ocrx_word' id='word_1_677' title='bbox 2139 3264 2270 3326; x_wconf 92' lang='lat' dir='ltr'><strong>sint,</strong></span> <span class='ocrx_word' id='word_1_678' title='bbox 2316 3263 2692 3318; x_wconf 88' lang='lat' dir='ltr'><strong>moderatione</strong></span> <span class='ocrx_word' id='word_1_679' title='bbox 2735 3261 3013 3333; x_wconf 80' lang='lat' dir='ltr'><strong>religionis</strong></span> <span class='ocrx_word' id='word_1_680' title='bbox 3068 3260 3469 3316; x_wconf 85' lang='lat' dir='ltr'><strong>venerabilibus</strong></span> <span class='ocrx_word' id='word_1_681' title='bbox 3522 3259 3740 3314; x_wconf 85' lang='lat' dir='ltr'><strong>antisti-</strong></span> 
     </span>
    </p>
   </div>
   <div class='ocr_carea' id='block_1_95' title="bbox 2142 3353 3740 3424">
    <p class='ocr_par' dir='ltr' id='par_1_95' title="bbox 2142 3353 3740 3424">
     <span class='ocr_line' id='line_1_95' title="bbox 2142 3353 3740 3424; baseline -0.003 -11"><span class='ocrx_word' id='word_1_682' title='bbox 2142 3359 2283 3414; x_wconf 88' lang='lat' dir='ltr'><strong>tibus</strong></span> <span class='ocrx_word' id='word_1_683' title='bbox 2305 3367 2670 3413; x_wconf 87' lang='lat' dir='ltr'><strong>consentanea</strong></span> <span class='ocrx_word' id='word_1_684' title='bbox 2701 3356 2910 3413; x_wconf 91' lang='lat' dir='ltr'><strong>debetis</strong></span> <span class='ocrx_word' id='word_1_685' title='bbox 2930 3354 3237 3411; x_wconf 87' lang='lat' dir='ltr'><strong>veneranda</strong></span> <span class='ocrx_word' id='word_1_686' title='bbox 3268 3353 3559 3424; x_wconf 88' lang='lat' dir='ltr'><strong>perﬁcere;</strong></span> <span class='ocrx_word' id='word_1_687' title='bbox 3586 3362 3645 3408; x_wconf 88' lang='lat' dir='ltr'><strong>ut</strong></span> <span class='ocrx_word' id='word_1_688' title='bbox 3682 3353 3740 3408; x_wconf 91' lang='lat' dir='ltr'><strong>id</strong></span> 
     </span>
    </p>
   </div>
   <div class='ocr_carea' id='block_1_96' title="bbox 2140 3449 3742 3525">
    <p class='ocr_par' dir='ltr' id='par_1_96' title="bbox 2140 3449 3742 3525">
     <span class='ocr_line' id='line_1_96' title="bbox 2140 3449 3742 3525; baseline -0.002 -17"><span class='ocrx_word' id='word_1_689' title='bbox 2140 3454 2283 3525; x_wconf 92' lang='lat' dir='ltr'><strong>quod</strong></span> <span class='ocrx_word' id='word_1_690' title='bbox 2315 3454 2502 3524; x_wconf 79' lang='lat' dir='ltr'><strong>religio</strong></span> <span class='ocrx_word' id='word_1_691' title='bbox 2528 3454 2782 3524; x_wconf 90' lang='lat' dir='ltr'><strong>postulat,</strong></span> <span class='ocrx_word' id='word_1_692' title='bbox 2813 3452 3136 3523; x_wconf 80' lang='lat' dir='ltr'><strong>explicetur,</strong></span> <span class='ocrx_word' id='word_1_693' title='bbox 3154 3460 3211 3506; x_wconf 85' lang='lat' dir='ltr'><strong>et</strong></span> <span class='ocrx_word' id='word_1_694' title='bbox 3238 3450 3381 3522; x_wconf 88' lang='lat' dir='ltr'><strong>quod</strong></span> <span class='ocrx_word' id='word_1_695' title='bbox 3413 3449 3591 3504; x_wconf 89' lang='lat' dir='ltr'><strong>audiri</strong></span> <span class='ocrx_word' id='word_1_696' title='bbox 3614 3463 3742 3519; x_wconf 89' lang='lat' dir='ltr'><strong>pro-</strong></span> 
     </span>
    </p>
   </div>
   <div class='ocr_carea' id='block_1_97' title="bbox 2142 3544 3743 3619">
    <p class='ocr_par' dir='ltr' id='par_1_97' title="bbox 2142 3544 3743 3619">
     <span class='ocr_line' id='line_1_97' title="bbox 2142 3544 3743 3619; baseline -0.002 -18"><span class='ocrx_word' id='word_1_697' title='bbox 2142 3547 2289 3602; x_wconf 80' lang='lat' dir='ltr'><strong>hibet</strong></span> <span class='ocrx_word' id='word_1_698' title='bbox 2320 3546 2383 3619; x_wconf 89' lang='lat' dir='ltr'><strong>(i)</strong></span> <span class='ocrx_word' id='word_1_699' title='bbox 2415 3587 2429 3611; x_wconf 89' lang='lat'><strong>,</strong></span> <span class='ocrx_word' id='word_1_700' title='bbox 2458 3546 2637 3601; x_wconf 90' lang='lat' dir='ltr'><strong>nullus</strong></span> <span class='ocrx_word' id='word_1_701' title='bbox 2666 3554 2910 3614; x_wconf 88' lang='lat' dir='ltr'><strong>usurpet.</strong></span> <span class='ocrx_word' id='word_1_702' title='bbox 2962 3544 3220 3598; x_wconf 87' lang='lat' dir='ltr'><strong>Divinitas</strong></span> <span class='ocrx_word' id='word_1_703' title='bbox 3269 3556 3365 3598; x_wconf 89' lang='lat' dir='ltr'><strong>vos</strong></span> <span class='ocrx_word' id='word_1_704' title='bbox 3409 3552 3591 3598; x_wconf 89' lang='lat' dir='ltr'><strong>servet</strong></span> <span class='ocrx_word' id='word_1_705' title='bbox 3640 3558 3743 3613; x_wconf 89' lang='lat' dir='ltr'><strong>per</strong></span> 
     </span>
    </p>
   </div>
   <div class='ocr_carea' id='block_1_98' title="bbox 2139 3634 3744 3712">
    <p class='ocr_par' dir='ltr' id='par_1_98' title="bbox 2139 3634 3744 3712">
     <span class='ocr_line' id='line_1_98' title="bbox 2139 3634 3744 3712; baseline -0.002 -17"><span class='ocrx_word' id='word_1_706' title='bbox 2139 3640 2339 3695; x_wconf 89' lang='lat' dir='ltr'><strong>multos</strong></span> <span class='ocrx_word' id='word_1_707' title='bbox 2367 3654 2559 3705; x_wconf 92' lang='lat' dir='ltr'><strong>annos,</strong></span> <span class='ocrx_word' id='word_1_708' title='bbox 2591 3638 2852 3693; x_wconf 91' lang='lat' dir='ltr'><strong>Parentes</strong></span> <span class='ocrx_word' id='word_1_709' title='bbox 2883 3634 2957 3712; x_wconf 83' lang='lat' dir='ltr'><strong>(j)</strong></span> <span class='ocrx_word' id='word_1_710' title='bbox 2993 3636 3059 3691; x_wconf 89' lang='lat' dir='ltr'><strong>K.</strong></span> <span class='ocrx_word' id='word_1_711' title='bbox 3090 3637 3206 3691; x_wconf 85' lang='lat' dir='ltr'><strong>Dat.</strong></span> <span class='ocrx_word' id='word_1_712' title='bbox 3235 3652 3284 3690; x_wconf 78' lang='lat' dir='ltr'><strong>Vl</strong></span> <span class='ocrx_word' id='word_1_713' title='bbox 3314 3635 3532 3692; x_wconf 85' lang='lat' dir='ltr'><strong>kalend.</strong></span> <span class='ocrx_word' id='word_1_714' title='bbox 3556 3634 3744 3707; x_wconf 89' lang='lat' dir='ltr'><strong>junias</strong></span> 
     </span>
    </p>
   </div>
   <div class='ocr_carea' id='block_1_99' title="bbox 2139 3731 2868 3802">
    <p class='ocr_par' dir='ltr' id='par_1_99' title="bbox 2139 3731 2868 3802">
     <span class='ocr_line' id='line_1_99' title="bbox 2139 3731 2868 3802; baseline -0.004 -15"><span class='ocrx_word' id='word_1_715' title='bbox 2139 3732 2372 3788; x_wconf 89' lang='lat' dir='ltr'><strong>Eusebio</strong></span> <span class='ocrx_word' id='word_1_716' title='bbox 2401 3741 2457 3788; x_wconf 93' lang='lat' dir='ltr'><strong>et</strong></span> <span class='ocrx_word' id='word_1_717' title='bbox 2476 3731 2668 3802; x_wconf 79' lang='lat' dir='ltr'><strong>Ypatio</strong></span> <span class='ocrx_word' id='word_1_718' title='bbox 2688 3744 2868 3787; x_wconf 92' lang='lat' dir='ltr'><strong>conss.</strong></span> 
     </span>
    </p>
   </div>
   <div class='ocr_carea' id='block_1_100' title="bbox 2136 4008 3741 4092">
    <p class='ocr_par' dir='ltr' id='par_1_100' title="bbox 2136 4008 3741 4092">
     <span class='ocr_line' id='line_1_100' title="bbox 2136 4008 3741 4092; baseline 0.004 -32"><span class='ocrx_word' id='word_1_719' title='bbox 2136 4018 2193 4061; x_wconf 90' lang='lat' dir='ltr'><strong>ut</strong></span> <span class='ocrx_word' id='word_1_720' title='bbox 2222 4009 2618 4092; x_wconf 69' lang='lat' dir='ltr'><strong>controversias</strong></span> <span class='ocrx_word' id='word_1_721' title='bbox 2664 4008 2735 4064; x_wconf 88' lang='lat' dir='ltr'><strong>de</strong></span> <span class='ocrx_word' id='word_1_722' title='bbox 2773 4008 2877 4064; x_wconf 89' lang='lat' dir='ltr'><strong>ﬁde</strong></span> <span class='ocrx_word' id='word_1_723' title='bbox 2906 4009 3136 4079; x_wconf 88' lang='lat' dir='ltr'><strong>primum</strong></span> <span class='ocrx_word' id='word_1_724' title='bbox 3179 4018 3574 4079; x_wconf 88' lang='lat' dir='ltr'><strong>componerent</strong></span> <span class='ocrx_word' id='word_1_725' title='bbox 3597 4024 3741 4081; x_wconf 45' lang='lat' dir='ltr'><strong>pra»</strong></span> 
     </span>
    </p>
   </div>
   <div class='ocr_carea' id='block_1_101' title="bbox 2135 4091 2300 4149">
    <p class='ocr_par' dir='ltr' id='par_1_101' title="bbox 2135 4091 2300 4149">
     <span class='ocr_line' id='line_1_101' title="bbox 2135 4091 2300 4149; baseline 0 -15"><span class='ocrx_word' id='word_1_726' title='bbox 2135 4091 2300 4149; x_wconf 82' lang='lat' dir='ltr'><strong>cepit.</strong></span> 
     </span>
    </p>
   </div>
   <div class='ocr_carea' id='block_1_102' title="bbox 2208 4172 3736 4245">
    <p class='ocr_par' dir='ltr' id='par_1_102' title="bbox 2208 4172 3736 4245">
     <span class='ocr_line' id='line_1_102' title="bbox 2208 4172 3736 4245; baseline 0.003 -20"><span class='ocrx_word' id='word_1_727' title='bbox 2208 4172 2281 4245; x_wconf 86' lang='lat' dir='ltr'><strong>(e)</strong></span> <span class='ocrx_word' id='word_1_728' title='bbox 2325 4173 2380 4227; x_wconf 90' lang='lat' dir='ltr'><strong>ln</strong></span> <span class='ocrx_word' id='word_1_729' title='bbox 2406 4172 2565 4235; x_wconf 90' lang='lat' dir='ltr'><strong>edit.,</strong></span> <span class='ocrx_word' id='word_1_730' title='bbox 2592 4182 2951 4245; x_wconf 82' lang='lat' dir='ltr'><strong>convenerunt.</strong></span> <span class='ocrx_word' id='word_1_731' title='bbox 2976 4172 3094 4229; x_wconf 85' lang='lat' dir='ltr'><strong>Non</strong></span> <span class='ocrx_word' id='word_1_732' title='bbox 3132 4174 3271 4228; x_wconf 88' lang='lat' dir='ltr'><strong>male</strong></span> <span class='ocrx_word' id='word_1_733' title='bbox 3301 4184 3477 4229; x_wconf 88' lang='lat' dir='ltr'><strong>tamen</strong></span> <span class='ocrx_word' id='word_1_734' title='bbox 3516 4177 3568 4229; x_wconf 90' lang='lat' dir='ltr'><strong>in</strong></span> <span class='ocrx_word' id='word_1_735' title='bbox 3603 4192 3736 4230; x_wconf 88' lang='lat' dir='ltr'><strong>mss.</strong></span> 
     </span>
    </p>
   </div>
   <div class='ocr_carea' id='block_1_103' title="bbox 2134 4244 3705 4310">
    <p class='ocr_par' dir='ltr' id='par_1_103' title="bbox 2134 4244 3705 4310">
     <span class='ocr_line' id='line_1_103' title="bbox 2134 4244 3705 4310; baseline 0.003 -13"><span class='ocrx_word' id='word_1_736' title='bbox 2134 4244 2515 4310; x_wconf 81' lang='lat' dir='ltr'><strong>convenerant;</strong></span> <span class='ocrx_word' id='word_1_737' title='bbox 2545 4260 2665 4299; x_wconf 89' lang='lat' dir='ltr'><strong>cum</strong></span> <span class='ocrx_word' id='word_1_738' title='bbox 2697 4244 2782 4299; x_wconf 92' lang='lat' dir='ltr'><strong>hic</strong></span> <span class='ocrx_word' id='word_1_739' title='bbox 2817 4245 3001 4299; x_wconf 86' lang='lat' dir='ltr'><strong>llilarii</strong></span> <span class='ocrx_word' id='word_1_740' title='bbox 3024 4260 3203 4299; x_wconf 82' lang='lat' dir='ltr'><strong>sermo</strong></span> <span class='ocrx_word' id='word_1_741' title='bbox 3234 4247 3323 4309; x_wconf 85' lang='lat' dir='ltr'><strong>sit,</strong></span> <span class='ocrx_word' id='word_1_742' title='bbox 3356 4260 3460 4300; x_wconf 90' lang='lat' dir='ltr'><strong>non</strong></span> <span class='ocrx_word' id='word_1_743' title='bbox 3488 4246 3705 4302; x_wconf 89' lang='lat' dir='ltr'><strong>scriben</strong></span> 
     </span>
    </p>
   </div>
   <div class='ocr_carea' id='block_1_104' title="bbox 2136 4315 3735 4384">
    <p class='ocr_par' dir='ltr' id='par_1_104' title="bbox 2136 4315 3735 4384">
     <span class='ocr_line' id='line_1_104' title="bbox 2136 4315 3735 4384; baseline 0.002 -16"><span class='ocrx_word' id='word_1_744' title='bbox 2136 4317 2266 4368; x_wconf 90' lang='lat' dir='ltr'><strong>timn</strong></span> <span class='ocrx_word' id='word_1_745' title='bbox 2297 4316 2696 4384; x_wconf 83' lang='lat' dir='ltr'><strong>episcoporum.</strong></span> <span class='ocrx_word' id='word_1_746' title='bbox 2746 4318 2882 4369; x_wconf 85' lang='lat' dir='ltr'><strong>Ante</strong></span> <span class='ocrx_word' id='word_1_747' title='bbox 2936 4316 3279 4384; x_wconf 57' lang='lat' dir='ltr'><strong>repoauimus</strong></span> <span class='ocrx_word' id='word_1_748' title='bbox 3326 4315 3652 4384; x_wconf 83' lang='lat' dir='ltr'><strong>Constantii;</strong></span> <span class='ocrx_word' id='word_1_749' title='bbox 3684 4331 3735 4374; x_wconf 89' lang='lat' dir='ltr'><strong>ct</strong></span> 
     </span>
    </p>
   </div>
   <div class='ocr_carea' id='block_1_105' title="bbox 2138 4383 3739 4458">
    <p class='ocr_par' dir='ltr' id='par_1_105' title="bbox 2138 4383 3739 4458">
     <span class='ocr_line' id='line_1_105' title="bbox 2138 4383 3739 4458; baseline 0.004 -20"><span class='ocrx_word' id='word_1_750' title='bbox 2138 4396 2256 4458; x_wconf 76' lang='lat' dir='ltr'><strong>post</strong></span> <span class='ocrx_word' id='word_1_751' title='bbox 2284 4383 2653 4458; x_wconf 78' lang='lat' dir='ltr'><strong>Constantius;</strong></span> <span class='ocrx_word' id='word_1_752' title='bbox 2677 4403 2798 4440; x_wconf 90' lang='lat' dir='ltr'><strong>cum</strong></span> <span class='ocrx_word' id='word_1_753' title='bbox 2838 4404 2902 4442; x_wconf 83' lang='lat' dir='ltr'><strong>ex</strong></span> <span class='ocrx_word' id='word_1_754' title='bbox 2948 4383 3050 4440; x_wconf 86' lang='lat' dir='ltr'><strong>fide</strong></span> <span class='ocrx_word' id='word_1_755' title='bbox 3081 4403 3182 4444; x_wconf 90' lang='lat' dir='ltr'><strong>ms.</strong></span> <span class='ocrx_word' id='word_1_756' title='bbox 3228 4390 3376 4458; x_wconf 88' lang='lat' dir='ltr'><strong>prius</strong></span> <span class='ocrx_word' id='word_1_757' title='bbox 3412 4383 3739 4445; x_wconf 74' lang='lat' dir='ltr'><strong>obtinuiSSt-t</strong></span> 
     </span>
    </p>
   </div>
   <div class='ocr_carea' id='block_1_106' title="bbox 2134 4456 2945 4514">
    <p class='ocr_par' dir='ltr' id='par_1_106' title="bbox 2134 4456 2945 4514">
     <span class='ocr_line' id='line_1_106' title="bbox 2134 4456 2945 4514; baseline 0.004 -5"><span class='ocrx_word' id='word_1_758' title='bbox 2134 4456 2458 4511; x_wconf 82' lang='lat' dir='ltr'><strong>Constantini</strong></span> <span class='ocrx_word' id='word_1_759' title='bbox 2484 4470 2537 4512; x_wconf 90' lang='lat' dir='ltr'><strong>et</strong></span> <span class='ocrx_word' id='word_1_760' title='bbox 2563 4456 2945 4514; x_wconf 78' lang='lat' dir='ltr'><strong>Constantinus.</strong></span> 
     </span>
    </p>
   </div>
   <div class='ocr_carea' id='block_1_107' title="bbox 2199 4549 3737 4620">
    <p class='ocr_par' dir='ltr' id='par_1_107' title="bbox 2199 4549 3737 4620">
     <span class='ocr_line' id='line_1_107' title="bbox 2199 4549 3737 4620; baseline 0.003 -16"><span class='ocrx_word' id='word_1_761' title='bbox 2199 4550 2268 4620; x_wconf 72' lang='grc' dir='ltr'><strong>(ι’)</strong></span> <span class='ocrx_word' id='word_1_762' title='bbox 2311 4549 2482 4615; x_wconf 83' lang='lat' dir='ltr'><strong>Alias,</strong></span> <span class='ocrx_word' id='word_1_763' title='bbox 2514 4567 2628 4604; x_wconf 89' lang='lat' dir='ltr'><strong>cum</strong></span> <span class='ocrx_word' id='word_1_764' title='bbox 2658 4550 2808 4604; x_wconf 84' lang='lat' dir='ltr'><strong>rebus</strong></span> <span class='ocrx_word' id='word_1_765' title='bbox 2831 4567 2850 4604; x_wconf 90' lang='lat'><strong><em>:</em></strong></span> <span class='ocrx_word' id='word_1_766' title='bbox 2882 4551 2971 4606; x_wconf 86' lang='lat' dir='ltr'><strong>ubi</strong></span> <span class='ocrx_word' id='word_1_767' title='bbox 2993 4568 3059 4606; x_wconf 82' lang='lat' dir='ltr'><strong>ex</strong></span> <span class='ocrx_word' id='word_1_768' title='bbox 3092 4568 3194 4606; x_wconf 89' lang='lat' dir='ltr'><strong>ms.</strong></span> <span class='ocrx_word' id='word_1_769' title='bbox 3223 4553 3388 4608; x_wconf 84' lang='lat' dir='ltr'><strong>Sirm.</strong></span> <span class='ocrx_word' id='word_1_770' title='bbox 3434 4554 3737 4609; x_wconf 87' lang='lat' dir='ltr'><strong>restituitur</strong></span> 
     </span>
    </p>
   </div>
   <div class='ocr_carea' id='block_1_108' title="bbox 2130 4620 3737 4706">
    <p class='ocr_par' dir='ltr' id='par_1_108' title="bbox 2130 4620 3737 4706">
     <span class='ocr_line' id='line_1_108' title="bbox 2130 4620 3737 4706; baseline 0.006 -33"><span class='ocrx_word' id='word_1_771' title='bbox 2130 4638 2245 4674; x_wconf 84' lang='lat' dir='ltr'><strong>eum</strong></span> <span class='ocrx_word' id='word_1_772' title='bbox 2282 4620 2481 4706; x_wconf 65' lang='lat' dir='ltr'><strong>crebra.</strong></span> <span class='ocrx_word' id='word_1_773' title='bbox 2535 4626 2729 4686; x_wconf 82' lang='lat' dir='ltr'><strong>Antea,</strong></span> <span class='ocrx_word' id='word_1_774' title='bbox 2778 4621 2897 4678; x_wconf 91' lang='lat' dir='ltr'><strong>loco</strong></span> <span class='ocrx_word' id='word_1_775' title='bbox 2943 4624 3222 4695; x_wconf 81' lang='lat' dir='ltr'><strong>geminari,</strong></span> <span class='ocrx_word' id='word_1_776' title='bbox 3283 4625 3453 4695; x_wconf 84' lang='lat' dir='ltr'><strong>magis</strong></span> <span class='ocrx_word' id='word_1_777' title='bbox 3496 4625 3737 4695; x_wconf 84' lang='lat' dir='ltr'><strong>placeret</strong></span> 
     </span>
    </p>
   </div>
   <div class='ocr_carea' id='block_1_109' title="bbox 2128 4708 2431 4747">
    <p class='ocr_par' dir='ltr' id='par_1_109' title="bbox 2128 4708 2431 4747">
     <span class='ocr_line' id='line_1_109' title="bbox 2128 4708 2431 4747; baseline -0.013 -1"><span class='ocrx_word' id='word_1_778' title='bbox 2128 4708 2431 4747; x_wconf 69' lang='lat' dir='ltr'><strong>exanimari.</strong></span> 
     </span>
    </p>
   </div>
   <div class='ocr_carea' id='block_1_110' title="bbox 2198 4782 3738 4862">
    <p class='ocr_par' dir='ltr' id='par_1_110' title="bbox 2198 4782 3738 4862">
     <span class='ocr_line' id='line_1_110' title="bbox 2198 4782 3738 4862; baseline 0.003 -22"><span class='ocrx_word' id='word_1_779' title='bbox 2198 4782 2277 4856; x_wconf 87' lang='lat' dir='ltr'><strong>(g)</strong></span> <span class='ocrx_word' id='word_1_780' title='bbox 2317 4783 2376 4862; x_wconf 84' lang='lat' dir='ltr'><strong>l_t_t</strong></span> <span class='ocrx_word' id='word_1_781' title='bbox 2401 4802 2502 4839; x_wconf 71' lang='lat' dir='ltr'><strong>ms.</strong></span> <span class='ocrx_word' id='word_1_782' title='bbox 2532 4785 2701 4862; x_wconf 46' lang='grc' dir='ltr'>ξιιμ,</span> <span class='ocrx_word' id='word_1_783' title='bbox 2749 4787 3486 4862; x_wconf 25' lang='lat' dir='ltr'><strong>ne‘hujusntodiaMallemus</strong></span> <span class='ocrx_word' id='word_1_784' title='bbox 3534 4790 3598 4845; x_wconf 88' lang='lat' dir='ltr'><strong>de</strong></span> <span class='ocrx_word' id='word_1_785' title='bbox 3636 4792 3738 4844; x_wconf 82' lang='lat' dir='ltr'><strong>Im-</strong></span> 
     </span>
    </p>
   </div>
   <div class='ocr_carea' id='block_1_111' title="bbox 2122 4856 3737 4926">
    <p class='ocr_par' dir='ltr' id='par_1_111' title="bbox 2122 4856 3737 4926">
     <span class='ocr_line' id='line_1_111' title="bbox 2122 4856 3737 4926; baseline 0.006 -18"><span class='ocrx_word' id='word_1_786' title='bbox 2122 4856 2383 4926; x_wconf 86' lang='lat' dir='ltr'><strong>jusmodi,</strong></span> <span class='ocrx_word' id='word_1_787' title='bbox 2405 4859 2709 4926; x_wconf 86' lang='lat' dir='ltr'><strong>supplendo</strong></span> <span class='ocrx_word' id='word_1_788' title='bbox 2736 4856 2933 4913; x_wconf 76' lang='lat' dir='ltr'><strong>deinde</strong></span> <span class='ocrx_word' id='word_1_789' title='bbox 2955 4860 3125 4924; x_wconf 83' lang='lat' dir='ltr'><strong>rebus,</strong></span> <span class='ocrx_word' id='word_1_790' title='bbox 3157 4861 3223 4915; x_wconf 87' lang='lat' dir='ltr'><strong>de</strong></span> <span class='ocrx_word' id='word_1_791' title='bbox 3246 4860 3351 4916; x_wconf 86' lang='lat' dir='ltr'><strong>ﬁde</strong></span> <span class='ocrx_word' id='word_1_792' title='bbox 3374 4862 3493 4916; x_wconf 84' lang='lat' dir='ltr'><strong>scil.</strong></span> <span class='ocrx_word' id='word_1_793' title='bbox 3525 4871 3580 4916; x_wconf 88' lang='lat' dir='ltr'><strong>et</strong></span> <span class='ocrx_word' id='word_1_794' title='bbox 3612 4865 3707 4917; x_wconf 92' lang='lat' dir='ltr'><strong>uni</strong></span> <span class='ocrx_word' id='word_1_795' title='bbox 3725 4890 3737 4903; x_wconf 88' lang='lat'><strong><em>-</em></strong></span> 
     </span>
    </p>
   </div>
   <div class='ocr_carea' id='block_1_112' title="bbox 2131 4929 3736 5001">
    <p class='ocr_par' dir='ltr' id='par_1_112' title="bbox 2131 4929 3736 5001">
     <span class='ocr_line' id='line_1_112' title="bbox 2131 4929 3736 5001; baseline 0.004 -21"><span class='ocrx_word' id='word_1_796' title='bbox 2131 4936 2237 4981; x_wconf 89' lang='lat' dir='ltr'><strong>tate</strong></span> <span class='ocrx_word' id='word_1_797' title='bbox 2271 4929 2498 5001; x_wconf 36' lang='lat' dir='ltr'><strong>.,sicque</strong></span> <span class='ocrx_word' id='word_1_798' title='bbox 2528 4930 2614 5001; x_wconf 80' lang='lat' dir='ltr'><strong>hic</strong></span> <span class='ocrx_word' id='word_1_799' title='bbox 2644 4931 2749 5001; x_wconf 85' lang='lat' dir='ltr'><strong>erit</strong></span> <span class='ocrx_word' id='word_1_800' title='bbox 2793 4931 3001 4999; x_wconf 83' lang='lat' dir='ltr'><strong>integer</strong></span> <span class='ocrx_word' id='word_1_801' title='bbox 3034 4947 3226 4986; x_wconf 83' lang='lat' dir='ltr'><strong>sensus</strong></span> <span class='ocrx_word' id='word_1_802' title='bbox 3287 4950 3299 4985; x_wconf 93' lang='lat'>:</span> <span class='ocrx_word' id='word_1_803' title='bbox 3348 4949 3466 4986; x_wconf 84' lang='lat' dir='ltr'><strong>cum</strong></span> <span class='ocrx_word' id='word_1_804' title='bbox 3531 4936 3736 5001; x_wconf 77' lang='lat' dir='ltr'><strong>penitus</strong></span> 
     </span>
    </p>
   </div>
   <div class='ocr_carea' id='block_1_113' title="bbox 2128 4998 3734 5074">
    <p class='ocr_par' dir='ltr' id='par_1_113' title="bbox 2128 4998 3734 5074">
     <span class='ocr_line' id='line_1_113' title="bbox 2128 4998 3734 5074; baseline 0.006 -24"><span class='ocrx_word' id='word_1_805' title='bbox 2128 4999 2407 5074; x_wconf 83' lang='lat' dir='ltr'><strong>amputatis</strong></span> <span class='ocrx_word' id='word_1_806' title='bbox 2426 5001 2497 5074; x_wconf 83' lang='lat' dir='ltr'><strong>de</strong></span> <span class='ocrx_word' id='word_1_807' title='bbox 2517 4998 2713 5072; x_wconf 77' lang='lat' dir='ltr'><strong>(rebus)</strong></span> <span class='ocrx_word' id='word_1_808' title='bbox 2759 4998 3059 5074; x_wconf 62' lang='lat' dir='ltr'><strong>Imjusinodi</strong></span> <span class='ocrx_word' id='word_1_809' title='bbox 3097 5005 3459 5069; x_wconf 72' lang='lat' dir='ltr'><strong>quwstionibns</strong></span> <span class='ocrx_word' id='word_1_810' title='bbox 3508 4998 3734 5071; x_wconf 72' lang='lat' dir='ltr'><strong>cunctis,</strong></span> 
     </span>
    </p>
   </div>
   <div class='ocr_carea' id='block_1_114' title="bbox 2131 5068 3735 5144">
    <p class='ocr_par' dir='ltr' id='par_1_114' title="bbox 2131 5068 3735 5144">
     <span class='ocr_line' id='line_1_114' title="bbox 2131 5068 3735 5144; baseline 0.007 -26"><span class='ocrx_word' id='word_1_811' title='bbox 2131 5068 2267 5139; x_wconf 60' lang='lat' dir='ltr'><strong>(qua!</strong></span> <span class='ocrx_word' id='word_1_812' title='bbox 2302 5069 2442 5140; x_wconf 86' lang='lat' dir='ltr'><strong>sunt)</strong></span> <span class='ocrx_word' id='word_1_813' title='bbox 2469 5068 2713 5126; x_wconf 71' lang='lat' dir='ltr'><strong>sectanda</strong></span> <span class='ocrx_word' id='word_1_814' title='bbox 2731 5068 3118 5129; x_wconf 68' lang='lat' dir='ltr'><strong>conimonuerit.</strong></span> <span class='ocrx_word' id='word_1_815' title='bbox 3153 5075 3255 5130; x_wconf 83' lang='lat' dir='ltr'><strong>Res</strong></span> <span class='ocrx_word' id='word_1_816' title='bbox 3284 5086 3452 5144; x_wconf 81' lang='lat' dir='ltr'><strong>tamen</strong></span> <span class='ocrx_word' id='word_1_817' title='bbox 3476 5078 3596 5143; x_wconf 83' lang='lat' dir='ltr'><strong>ista,</strong></span> <span class='ocrx_word' id='word_1_818' title='bbox 3621 5068 3735 5132; x_wconf 63' lang='lat' dir='ltr'><strong>etc.</strong></span> 
     </span>
    </p>
   </div>
   <div class='ocr_carea' id='block_1_115' title="bbox 2202 5162 3596 5239">
    <p class='ocr_par' dir='ltr' id='par_1_115' title="bbox 2202 5162 3596 5239">
     <span class='ocr_line' id='line_1_115' title="bbox 2202 5162 3596 5239; baseline 0.009 -25"><span class='ocrx_word' id='word_1_819' title='bbox 2202 5162 2282 5235; x_wconf 81' lang='lat' dir='ltr'><strong>(It)</strong></span> <span class='ocrx_word' id='word_1_820' title='bbox 2322 5162 2655 5220; x_wconf 83' lang='lat' dir='ltr'><strong>Vocabulum</strong></span> <span class='ocrx_word' id='word_1_821' title='bbox 2679 5167 2881 5236; x_wconf 82' lang='lat' dir='ltr'><strong>longius</strong></span> <span class='ocrx_word' id='word_1_822' title='bbox 2912 5182 2976 5222; x_wconf 80' lang='lat' dir='ltr'><strong>ex</strong></span> <span class='ocrx_word' id='word_1_823' title='bbox 3003 5183 3104 5222; x_wconf 91' lang='lat' dir='ltr'><strong>ms.</strong></span> <span class='ocrx_word' id='word_1_824' title='bbox 3131 5168 3297 5224; x_wconf 88' lang='lat' dir='ltr'><strong>Sirm.</strong></span> <span class='ocrx_word' id='word_1_825' title='bbox 3328 5170 3596 5239; x_wconf 88' lang='lat' dir='ltr'><strong>adjicitur.</strong></span> 
     </span>
    </p>
   </div>
   <div class='ocr_carea' id='block_1_116' title="bbox 2201 5256 3732 5329">
    <p class='ocr_par' dir='ltr' id='par_1_116' title="bbox 2201 5256 3732 5329">
     <span class='ocr_line' id='line_1_116' title="bbox 2201 5256 3732 5329; baseline 0.007 -20"><span class='ocrx_word' id='word_1_826' title='bbox 2201 5256 2267 5329; x_wconf 86' lang='lat' dir='ltr'><strong>(i)</strong></span> <span class='ocrx_word' id='word_1_827' title='bbox 2309 5256 2482 5313; x_wconf 86' lang='lat' dir='ltr'><strong>Faber</strong></span> <span class='ocrx_word' id='word_1_828' title='bbox 2523 5257 2610 5313; x_wconf 92' lang='lat' dir='ltr'><strong>hic</strong></span> <span class='ocrx_word' id='word_1_829' title='bbox 2632 5258 2905 5329; x_wconf 74' lang='lat' dir='ltr'><strong>adiecerat</strong></span> <span class='ocrx_word' id='word_1_830' title='bbox 2931 5261 3082 5323; x_wconf 85' lang='lat' dir='ltr'><strong>ratio,</strong></span> <span class='ocrx_word' id='word_1_831' title='bbox 3114 5262 3189 5315; x_wconf 90' lang='lat' dir='ltr'><strong>uti</strong></span> <span class='ocrx_word' id='word_1_832' title='bbox 3213 5260 3444 5327; x_wconf 89' lang='lat' dir='ltr'><strong>videtur,</strong></span> <span class='ocrx_word' id='word_1_833' title='bbox 3467 5264 3732 5320; x_wconf 89' lang='lat' dir='ltr'><strong>adductus</strong></span> 
     </span>
    </p>
   </div>
   <div class='ocr_carea' id='block_1_117' title="bbox 2124 5328 3731 5408">
    <p class='ocr_par' dir='ltr' id='par_1_117' title="bbox 2124 5328 3731 5408">
     <span class='ocr_line' id='line_1_117' title="bbox 2124 5328 3731 5408; baseline 0.007 -28"><span class='ocrx_word' id='word_1_834' title='bbox 2124 5328 2721 5408; x_wconf 49' lang='lat' dir='ltr'><strong>verbissuperioribuf,</strong></span> <span class='ocrx_word' id='word_1_835' title='bbox 2752 5329 3027 5408; x_wconf 55' lang='lat' dir='ltr'><strong>Nonfnint</strong></span> <span class='ocrx_word' id='word_1_836' title='bbox 3059 5332 3121 5386; x_wconf 91' lang='lat' dir='ltr'><strong>de</strong></span> <span class='ocrx_word' id='word_1_837' title='bbox 3152 5331 3565 5408; x_wconf 82' lang='lat' dir='ltr'><strong>Orientalibus...</strong></span> <span class='ocrx_word' id='word_1_838' title='bbox 3588 5338 3699 5408; x_wconf 82' lang='lat' dir='ltr'><strong>pati</strong></span> <span class='ocrx_word' id='word_1_839' title='bbox 3718 5367 3731 5377; x_wconf 65' lang='grc' dir='ltr'><strong>ι</strong></span> 
     </span>
    </p>
   </div>
   <div class='ocr_carea' id='block_1_118' title="bbox 2124 5401 3737 5470">
    <p class='ocr_par' dir='ltr' id='par_1_118' title="bbox 2124 5401 3737 5470">
     <span class='ocr_line' id='line_1_118' title="bbox 2124 5401 3737 5470; baseline 0.007 -18"><span class='ocrx_word' id='word_1_840' title='bbox 2124 5408 2207 5452; x_wconf 87' lang='lat' dir='ltr'><strong>tur</strong></span> <span class='ocrx_word' id='word_1_841' title='bbox 2230 5401 2359 5452; x_wconf 88' lang='lat' dir='ltr'><strong>ratio</strong></span> <span class='ocrx_word' id='word_1_842' title='bbox 2385 5402 2581 5467; x_wconf 79' lang='lat' dir='ltr'><strong>ali/uid</strong></span> <span class='ocrx_word' id='word_1_843' title='bbox 2605 5402 2831 5470; x_wconf 77' lang='lat' dir='ltr'><strong>deﬁniri.</strong></span> <span class='ocrx_word' id='word_1_844' title='bbox 2866 5402 2972 5459; x_wconf 81' lang='lat' dir='ltr'><strong>Sed</strong></span> <span class='ocrx_word' id='word_1_845' title='bbox 3006 5404 3121 5458; x_wconf 71' lang='lat' dir='ltr'><strong>haec</strong></span> <span class='ocrx_word' id='word_1_846' title='bbox 3147 5420 3248 5459; x_wconf 80' lang='lat' dir='ltr'><strong>vox</strong></span> <span class='ocrx_word' id='word_1_847' title='bbox 3277 5407 3426 5461; x_wconf 85' lang='lat' dir='ltr'><strong>abest</strong></span> <span class='ocrx_word' id='word_1_848' title='bbox 3451 5424 3479 5459; x_wconf 88' lang='lat' dir='ltr'><strong>a</strong></span> <span class='ocrx_word' id='word_1_849' title='bbox 3514 5401 3645 5460; x_wconf 61' lang='lat' dir='ltr'><strong>mss.</strong></span> <span class='ocrx_word' id='word_1_850' title='bbox 3674 5418 3737 5463; x_wconf 83' lang='lat' dir='ltr'><strong>et</strong></span> 
     </span>
    </p>
   </div>
   <div class='ocr_carea' id='block_1_119' title="bbox 2121 5470 3732 5546">
    <p class='ocr_par' dir='ltr' id='par_1_119' title="bbox 2121 5470 3732 5546">
     <span class='ocr_line' id='line_1_119' title="bbox 2121 5470 3732 5546; baseline 0.006 -23"><span class='ocrx_word' id='word_1_851' title='bbox 2121 5470 2275 5546; x_wconf 71' lang='lat' dir='ltr'><strong>adest</strong></span> <span class='ocrx_word' id='word_1_852' title='bbox 2306 5487 2498 5546; x_wconf 73' lang='lat' dir='ltr'><strong>nomen</strong></span> <span class='ocrx_word' id='word_1_853' title='bbox 2530 5474 2732 5544; x_wconf 68' lang='lat' dir='ltr'><strong>religio,</strong></span> <span class='ocrx_word' id='word_1_854' title='bbox 2766 5474 2833 5546; x_wconf 80' lang='lat' dir='ltr'><strong>atl</strong></span> <span class='ocrx_word' id='word_1_855' title='bbox 2864 5474 3006 5545; x_wconf 89' lang='lat' dir='ltr'><strong>quod</strong></span> <span class='ocrx_word' id='word_1_856' title='bbox 3042 5477 3263 5530; x_wconf 84' lang='lat' dir='ltr'><strong>verbum</strong></span> <span class='ocrx_word' id='word_1_857' title='bbox 3308 5477 3535 5546; x_wconf 83' lang='lat' dir='ltr'><strong>prohibet</strong></span> <span class='ocrx_word' id='word_1_858' title='bbox 3575 5493 3732 5533; x_wconf 87' lang='lat' dir='ltr'><strong>com-</strong></span> 
     </span>
    </p>
   </div>
   <div class='ocr_carea' id='block_1_120' title="bbox 2123 5542 3735 5619">
    <p class='ocr_par' dir='ltr' id='par_1_120' title="bbox 2123 5542 3735 5619">
     <span class='ocr_line' id='line_1_120' title="bbox 2123 5542 3735 5619; baseline 0.007 -25"><span class='ocrx_word' id='word_1_859' title='bbox 2123 5542 2281 5619; x_wconf 82' lang='lat' dir='ltr'><strong>mode</strong></span> <span class='ocrx_word' id='word_1_860' title='bbox 2309 5542 2596 5619; x_wconf 77' lang='lat' dir='ltr'><strong>referatur.</strong></span> <span class='ocrx_word' id='word_1_861' title='bbox 2626 5542 2681 5619; x_wconf 78' lang='lat' dir='ltr'><strong>Si</strong></span> <span class='ocrx_word' id='word_1_862' title='bbox 2727 5545 2851 5615; x_wconf 86' lang='lat' dir='ltr'><strong>quid</strong></span> <span class='ocrx_word' id='word_1_863' title='bbox 2885 5542 3224 5619; x_wconf 50' lang='lat' dir='ltr'><strong>&#39;mutandutn</strong></span> <span class='ocrx_word' id='word_1_864' title='bbox 3268 5542 3433 5614; x_wconf 76' lang='lat' dir='ltr'><strong>esset,</strong></span> <span class='ocrx_word' id='word_1_865' title='bbox 3484 5551 3735 5619; x_wconf 79' lang='lat' dir='ltr'><strong>proxime</strong></span> 
     </span>
    </p>
   </div>
   <div class='ocr_carea' id='block_1_121' title="bbox 2119 5613 3304 5686">
    <p class='ocr_par' dir='ltr' id='par_1_121' title="bbox 2119 5613 3304 5686">
     <span class='ocr_line' id='line_1_121' title="bbox 2119 5613 3304 5686; baseline 0.008 -21"><span class='ocrx_word' id='word_1_866' title='bbox 2119 5613 2309 5667; x_wconf 87' lang='lat' dir='ltr'><strong>audere</strong></span> <span class='ocrx_word' id='word_1_867' title='bbox 2332 5630 2430 5685; x_wconf 86' lang='lat' dir='ltr'><strong>pro</strong></span> <span class='ocrx_word' id='word_1_868' title='bbox 2458 5616 2628 5670; x_wconf 84' lang='lat' dir='ltr'><strong>audiri</strong></span> <span class='ocrx_word' id='word_1_869' title='bbox 2656 5613 2883 5672; x_wconf 87' lang='lat' dir='ltr'><strong>libenter</strong></span> <span class='ocrx_word' id='word_1_870' title='bbox 2909 5618 3210 5686; x_wconf 84' lang='lat' dir='ltr'><strong>reciperem</strong></span> <span class='ocrx_word' id='word_1_871' title='bbox 3222 5623 3304 5675; x_wconf 84' lang='lat' dir='ltr'><strong>t&#39;ts.</strong></span> 
     </span>
    </p>
   </div>
   <div class='ocr_carea' id='block_1_122' title="bbox 2180 5708 3737 5779">
    <p class='ocr_par' dir='ltr' id='par_1_122' title="bbox 2180 5708 3737 5779">
     <span class='ocr_line' id='line_1_122' title="bbox 2180 5708 3737 5779; baseline 0.006 -18"><span class='ocrx_word' id='word_1_872' title='bbox 2180 5709 2244 5779; x_wconf 86' lang='lat' dir='ltr'><strong>(j)</strong></span> <span class='ocrx_word' id='word_1_873' title='bbox 2290 5708 2398 5763; x_wconf 83' lang='lat' dir='ltr'><strong>llac</strong></span> <span class='ocrx_word' id='word_1_874' title='bbox 2427 5711 2604 5767; x_wconf 86' lang='lat' dir='ltr'><strong>littera</strong></span> <span class='ocrx_word' id='word_1_875' title='bbox 2658 5714 2689 5766; x_wconf 77' lang='lat' dir='ltr'><strong>It</strong></span> <span class='ocrx_word' id='word_1_876' title='bbox 2744 5730 2939 5771; x_wconf 87' lang='lat' dir='ltr'><strong>nomen</strong></span> <span class='ocrx_word' id='word_1_877' title='bbox 3008 5712 3282 5771; x_wconf 87' lang='lat' dir='ltr'><strong>carissimi</strong></span> <span class='ocrx_word' id='word_1_878' title='bbox 3323 5713 3609 5771; x_wconf 86' lang='lat' dir='ltr'><strong>commode</strong></span> <span class='ocrx_word' id='word_1_879' title='bbox 3651 5715 3737 5771; x_wconf 90' lang='lat' dir='ltr'><strong>in-</strong></span> 
     </span>
    </p>
   </div>
   <div class='ocr_carea' id='block_1_123' title="bbox 2104 5779 2396 5838">
    <p class='ocr_par' dir='ltr' id='par_1_123' title="bbox 2104 5779 2396 5838">
     <span class='ocr_line' id='line_1_123' title="bbox 2104 5779 2396 5838; baseline -0.007 -4"><span class='ocrx_word' id='word_1_880' title='bbox 2104 5779 2396 5838; x_wconf 84' lang='lat' dir='ltr'><strong>lellexeris.</strong></span> 
     </span>
    </p>
   </div>
  </div>
