4100 6196
309 316 415 370 697

1251 314 1341 370 EX
1381 312 1608 368 OPlCRE
1646 309 2010 368 HISTORICO
2041 311 2520 371 FRAGMENTUM
2558 314 2677 372 VII.

3503 316 3610 370 698

307 428 502 502 Incipit
551 430 630 501 (n)
681 428 914 499 deﬁnitio
960 427 1239 495 catholica,
1268 428 1439 482 habita
1467 427 1532 481 ab
1561 425 1792 480 omnibus
1821 441 1908 480 ca-
1933 428 1986 488 Α
2011 425 2374 498 conscriptam
2399 442 2429 480 a
2460 442 2519 484 se
2543 426 2726 496 lldem,
2757 444 2918 502 quam
2948 431 3190 502 recipere
3218 444 3320 488 nos
3342 445 3450 486 non
3481 430 3613 488 lice-

377 522 586 577 tltolicis
613 523 892 591 episcopis,
927 525 1230 592 priusquam
1261 536 1352 593 per
1395 529 1649 575 terrenam
1676 527 1905 588 potesta-

375 626 477 670 tem
517 615 681 670 territi
735 614 1090 669 Itazrcticorum
1129 613 1387 667 consortio
1439 612 1792 674 sociarentur,
1850 609 1905 664 in

373 709 595 764 concilto
616 708 925 761 Ariminensi
955 707 1064 780 (an.
1098 707 1251 776 559).

377 823 430 878 5.
490 820 641 875 Fidei
666 819 895 875 Nicaeum
919 819 1052 873 nihil
1080 817 1374 873 addendum
1394 826 1480 872 aut
1508 814 1898 872 detrahendum.

296 945 370 957 —
403 916 495 970 Sic
538 915 810 970 credimus
844 913 1057 983 placere
1078 913 1329 967 omnibus
1357 926 1514 982 posse
1543 909 1848 975 catholicis,
1869 923 1900 962 a

295 1009 554 1083 symbolo
581 1017 806 1078 accepto
838 1021 938 1062 nos
960 1005 1217 1062 recedere
1247 1019 1352 1060 non
1375 1013 1651 1074 oportere,
1680 1000 1823 1074 quod
1847 1002 1899 1056 in

292 1104 590 1160 collatione
623 1102 764 1172 apud
792 1115 981 1156 omnes
1011 1101 1278 1172 integrum
1317 1112 1766 1170 recognowmus;
1799 1110 1900 1152 nec

290 1213 323 1252 a
356 1197 465 1252 ﬁde
489 1211 820 1261 recessuros,
855 1210 1015 1264 quam
1042 1209 1137 1264 per
1164 1194 1476 1262 prophetas,
1515 1207 1545 1246 a
1599 1189 1710 1246 Deo
1739 1188 1899 1244 Patre

292 1305 396 1360 per
443 1289 718 1345 Christum
771 1289 1054 1343 Dominum
1118 1294 1361 1342 nostrum
1408 1285 1638 1340 docente
1695 1281 1897 1352 Spiritu

292 1393 509 1444 saneto.
541 1391 595 1437 et
625 1382 678 1435 in
707 1381 1002 1452 evangeliis
1029 1389 1084 1436 et
1109 1381 1160 1434 in
1193 1379 1450 1450 apostolis
1482 1376 1734 1432 omnibus
1779 1391 1897 1430 sus-

284 1475 560 1544 cepimus,
593 1484 649 1527 ut
677 1489 775 1542 per
805 1473 1146 1527 traditionem
1187 1480 1400 1543 patrum
1441 1469 1735 1525 secundum
1774 1483 1898 1522 suc-

282 1569 596 1623 cessionem
649 1566 1018 1638 apostolorum
1083 1580 1253 1635 usque
1317 1564 1382 1620 ad
1421 1573 1704 1618 tractatum
1753 1560 1892 1633 apud

279 1657 526 1714 Nicaeam
569 1659 808 1714 habitum
831 1667 1018 1714 contra
1061 1656 1334 1722 hzeresim,
1376 1670 1497 1726 qua“:
1523 1665 1650 1710 tunc
1683 1663 1892 1724 tempo-

279 1753 366 1808 ris
396 1761 796 1818 exsurrexerat,
827 1753 1056 1823 positum
1089 1765 1230 1806 nunc
1253 1765 1418 1822 usque
1442 1759 1737 1820 permanet.
1761 1749 1890 1816 Qui-

2009 519 2121 574 bat.
2150 519 2272 576 Jam
2301 521 2518 591 quidem
2551 523 2789 580 haeretici
2815 523 3046 580 antehac
3077 521 3235 580 nobis
3273 523 3608 594 pronuntiati

2006 623 2154 680 sunt,
2187 623 2244 668 et
2269 615 2453 670 multis
2479 615 2672 671 diebus
2697 626 2781 672 est
2811 616 3223 685 comprobatum
3256 631 3429 686 :quos
3461 623 3518 672 et
3535 615 3603 671 ad

2007 716 2244 762 nostram
2277 707 2713 764 communionem
2743 726 2853 766 non
2877 709 3196 766 admisimus
3224 751 3238 774 ,
3263 725 3397 768 voce
3425 720 3610 766 nostra

2005 799 2326 856 datnnantes
2377 815 2474 857 eos
2526 812 2845 872 praesentes.
2877 803 3030 858 Nunc
3070 804 3264 860 iterum
3295 802 3424 874 quid
3453 803 3610 860 vobis

2006 892 2212 962 placet,
2243 893 2439 948 iterum
2489 893 2674 962 dicite,
2706 905 2764 949 ut
2818 895 3155 966 singulorum
3207 893 3609 964 subscriptione

2004 985 2266 1041 ﬁrmetur.
2297 985 2547 1042 Universi
2593 988 2834 1060 episcopi
2865 988 3120 1044 dixerunt
3151 1005 3164 1042 :
3196 988 3380 1044 Placet
3411 997 3467 1042 ut
3489 987 3603 1044 lue-

2000 1079 2155 1134 retici
2187 1077 2268 1152 (lt)
2291 1094 2368 1134 ss.
2397 1079 2746 1145 damnentur,
2776 1097 2884 1152 quo
2916 1082 3086 1152 possit
3117 1081 3357 1136 Ecclesia
3387 1079 3492 1136 ﬁde
3516 1079 3607 1136 in-

1999 1187 2288 1239 concussa,
2317 1189 2437 1245 quas
2471 1189 2600 1230 vere
2653 1175 2943 1244 catholica,
2976 1185 3061 1230 est
3084 1176 3136 1230 in
3164 1191 3298 1247 pace
3348 1187 3604 1248 perpetua

2001 1281 2347 1336 permanere.

2161 1404 2331 1476 686
2362 1421 2628 1460 arpsuotx
2659 1405 2727 1478 (i)
2755 1421 3066 1463 supentonts
3095 1422 3420 1464 FRAGIENTI.

1998 1515 2279 1572 Damnatio
2306 1516 2638 1586 blasphemia:
2664 1517 2800 1586 Arii,
2832 1529 2880 1574 et
2909 1521 3162 1589 expositio
3204 1521 3422 1592 integra:
3450 1529 3496 1576 et
3517 1538 3606 1575 cn-

2069 1608 2276 1663 tltolica:
2301 1608 2444 1676 fidei,
2472 1624 2629 1680 quant
2670 1611 2914 1664 catholici
2943 1611 2996 1665 in
3031 1621 3256 1666 tractatu
3288 1612 3602 1667 Arimincusi

2066 1703 2418 1771 firmaverunt,
2453 1714 2498 1758 et
2527 1719 2682 1756 manu
2716 1720 2812 1757 sua
2839 1704 3275 1776 subscripserunt.

277 1844 394 1901 bus
421 1846 674 1901 omnibus
715 1861 813 1900 nec
841 1845 1144 1900 addendum
1204 1844 1404 1915 aliquid
1459 1843 1754 1909 credimus,
1788 1856 1876 1898 nec

2067 1815 2420 1885 BlaSphemize
2449 1815 2564 1872 Arii
2593 1815 2718 1872 licet
2761 1819 2989 1874 antehac
3048 1819 3264 1876 fuerunt
3291 1819 3557 1876 damnata:
3581 1861 3595 1886 ,

279 1941 456 1994 minui
483 1955 638 2009 posse
659 1937 996 1994 manifestum
1015 1947 1116 1993 est.
1135 1939 1315 1993 Placet
1328 1939 1624 2011 assurgo
1641 1939 1769 1992 nihil
1791 1955 1887 1992 no-

277 2047 413 2086 vum
438 2031 556 2086 ﬁeri
581 2048 595 2085 :
625 2031 939 2085 substantim
970 2045 1183 2100 quoque
1207 2045 1402 2085 nomen
1434 2038 1490 2085 et
1515 2046 1652 2095 rem,
1686 2043 1717 2082 a
1747 2030 1887 2083 mul-

279 2127 355 2179 tis
390 2125 593 2179 sanctis
621 2124 914 2195 Scripturis
961 2123 1284 2179 insinuatam
1336 2124 1602 2178 mentibus
1663 2123 1882 2191 nostris,

276 2218 536 2273 obtinere
578 2216 780 2274 debere
819 2217 902 2273 sui
937 2217 1268 2272 ﬁrmitatem.
1306 2217 1475 2283 Quam
1515 2232 1630 2272 rem
1657 2216 1732 2288 (b)
1762 2232 1883 2270 cum

276 2327 388 2367 suo
409 2313 629 2367 nomine
653 2311 895 2366 Ecclesia
927 2310 1189 2365 catholica
1237 2324 1359 2368 cum
1410 2308 1656 2363 doctrina
1693 2308 1882 2364 deiﬁca

279 2417 506 2473 semper
534 2401 780 2460 conﬁteri
802 2409 857 2455 et
883 2400 1121 2472 proﬁteri
1170 2403 1470 2455 consuevit.
1509 2400 1642 2455 llnic
1688 2400 1882 2454 deﬁni-

281 2495 417 2550 tioni
449 2509 638 2552 omnes
661 2495 716 2550 in
749 2509 910 2548 unum
939 2491 1192 2548 catholici
1224 2493 1594 2563 conspirantes
1611 2492 1884 2562 subscrip-

275 2599 498 2644 serunt.

350 2679 412 2735 ὁ.
477 2679 676 2736 Eodem
717 2681 794 2753 in
848 2679 1079 2735 concilio
1153 2693 1437 2752 postquam
1492 2688 1750 2736 statutum
1801 2688 1886 2736 est

274 2773 417 2828 nihil
451 2772 654 2829 debere
684 2784 961 2844 paternam
995 2773 1162 2826 minui
1210 2774 1577 2839 traditionem,
1605 2773 1765 2834 etiam
1790 2774 1882 2844 qui

269 2874 473 2921 contra
504 2863 642 2920 hanc
671 2865 986 2930 veniebant,
1027 2865 1265 2918 omnium
1300 2867 1352 2919 in
1379 2882 1540 2920 unum
1565 2864 1885 2934 conspiran-

270 2959 416 3012 tium
447 2955 675 3028 spiritali
705 2971 840 3013 voce
867 2966 995 3011 sunt
1017 2955 1280 3010 damnati.
1308 2955 1473 3027 (Injus
1503 2965 1761 3012 tractatus
1781 2957 1884 3012 hoc

265 3063 362 3108 est
385 3051 691 3122 exemplum
723 3051 818 3125 (c).
859 3073 877 3104 ι

671 3184 894 3225 EUSEBIO
917 3185 984 3224 ετ
1010 3185 1202 3225 γρΑτιο
1223 3167 1306 3237 (tl)
1334 3182 1512 3223 conss.

503 3297 578 3337 xu
615 3283 722 3338 kal.
773 3285 983 3354 augusti
1013 3284 1125 3358 (die
1153 3283 1218 3338 21
1246 3283 1349 3368 jul.
1379 3297 1468 3337 an.
1503 3281 1661 3350 559.)

345 3395 486 3452 Cum
517 3399 653 3466 apud
702 3399 878 3454 locum
913 3398 1309 3454 Ariminensem
1343 3399 1721 3467 episcoporum
1753 3413 1881 3468 syn-

262 3491 413 3546 odus
459 3490 650 3547 fuisset
688 3492 932 3559 collecta,
991 3501 1047 3547 et
1098 3500 1382 3546 tractatum
1436 3490 1624 3545 luisset
1651 3489 1719 3544 de
1750 3489 1877 3557 ﬁde,

263 3598 323 3640 et
349 3584 582 3640 sedisset
629 3586 811 3640 animo
837 3585 964 3656 quid
993 3583 1078 3653 agi
1117 3584 1382 3645 deberet;
1425 3583 1722 3638 Grecianus
1764 3583 1880 3652 epi-

261 3693 473 3749 scopus
499 3693 530 3733 a
573 3679 724 3734 Calle
771 3679 945 3734 dixit:
977 3680 1243 3746 Quantum
1286 3678 1359 3749 (e)
1403 3678 1602 3743 decuit,
1652 3676 1873 3733 Fratres

259 3771 602 3836 eharissimi,
627 3771 895 3826 catholica
945 3773 1187 3844 synodus
1219 3773 1528 3842 patientiam
1586 3771 1790 3837 habuit,
1819 3779 1874 3826 et

260 3865 414 3936 piam
439 3863 508 3936 (ί)
536 3863 838 3920 Ecclesiam
888 3865 1085 3919 totiens
1125 3863 1370 3920 exhibuit
1402 3863 1553 3934 juxta
1585 3861 1869 3918 Ursaeium

257 3969 316 4015 et
349 3957 658 4024 Valentem,
680 3957 1037 4020 Germinium,
1067 3956 1259 4014 Gaiu‘m
1285 3955 1389 4028 (g);
1421 3957 1508 4025 qui
1539 3957 1736 4010 totiens
1753 3971 1870 4010 mu-

260 4052 436 4108 tando
457 4054 597 4123 quod
616 4051 977 4115 crediderant,
1003 4066 1192 4106 onmes
1213 4051 1471 4106 ecclesias
1495 4050 1866 4113 turbaverunt,

255 4157 316 4204 et
353 4162 498 4200 nunc
535 4155 798 4200 enitantur
825 4143 1140 4198 Inrreticum
1175 4144 1410 4197 animum
1442 4156 1597 4196 suum
1625 4141 1867 4196 inserere

253 4235 464 4292 animis
489 4235 831 4290 Christianis.
862 4235 1187 4290 Subvertere
1199 4232 1342 4287 enim
1367 4231 1555 4286 volunt
1579 4239 1861 4286 tractatum

255 4330 513 4386 habitum
544 4329 686 4400 apud
714 4329 947 4383 Nicatam
973 4370 986 4392 ,
1041 4329 1126 4397 qui
1157 4326 1364 4394 positus
1392 4334 1472 4379 est
1491 4331 1676 4380 contra
1703 4323 1856 4378 Aria-

253 4439 388 4481 narn
415 4423 666 4478 liceresim
697 4431 754 4478 et
799 4431 1048 4477 crateras.
1074 4421 1387 4476 Attnlcruut
1415 4420 1569 4474 nobis
1601 4429 1862 4489 prmterea

1994 1900 2231 1966 latebant
2254 1922 2432 1967 tamen
2452 1916 2675 1970 occulta:
2695 1931 2710 1980 ;
2730 1915 2853 1983 quia
2875 1930 2994 1971 eum
3011 1915 3416 1984 blasphemasse
3439 1917 3592 1988 igno-

1990 2003 2227 2058 rabatnr.
2263 2003 2457 2060 Verum
2488 2006 2698 2063 favente
2732 2007 2840 2062 Deo
2869 2018 3214 2078 procuratum
3245 2021 3348 2074 est,
3377 2021 3432 2064 ut
3460 2023 3596 2064 cou-

1989 2097 2193 2152 stittttis
2224 2097 2380 2153 nobis
2428 2100 2568 2170 apud
2597 2101 2900 2156 Ariminum
2931 2102 3048 2172 ejus
3079 2102 3332 2172 pestifera
3364 2101 3588 2158 lmresis

1987 2201 2346 2261 repeteretur.
2383 2193 2452 2247 Et
2505 2193 2626 2250 ideo
2656 2194 2818 2248 simul
2871 2210 2994 2251 cum
3053 2194 3170 2265 ejus
3229 2193 3584 2264 blasphemiis

1986 2302 2176 2342 omnes
2227 2303 2441 2357 quoque
2471 2287 2732 2356 liazreses,
2756 2305 2877 2358 qum
2905 2289 3138 2344 antehae
3163 2300 3594 2346 exsurrexerunt

1985 2389 2172 2435 contra
2201 2380 2526 2437 catholicam
2571 2391 2628 2438 et
2657 2383 3010 2454 aposmlicam
3054 2383 3418 2447 traditionem,
3443 2383 3585 2439 sicut

1978 2469 2297 2538 jamdudum
2329 2472 2598 2528 damnata:
2641 2482 2769 2528 sunt
2815 2473 3101 2544 pra-teritis
3145 2473 3395 2530 conciliis
3424 2484 3480 2530 et
3509 2475 3590 2530 di-

1985 2563 2158 2617 versis
2189 2563 2239 2616 in
2289 2563 2440 2628 locis,
2493 2580 2590 2618 nos
2636 2580 2851 2635 quoque
2881 2564 3204 2620 damnamus
3238 2583 3252 2620 :
3285 2577 3338 2622 et
3366 2565 3593 2624 anathe-

1986 2655 2306 2709 matizamus
2342 2670 2461 2722 eos,
2491 2657 2580 2725 qui
2612 2657 2797 2711 dicunt
2849 2657 3019 2712 lilium
3051 2658 3147 2712 Dei
3172 2660 3241 2714 de
3297 2660 3460 2714 nullis
3492 2676 3587 2717 ex-

1988 2747 2280 2814 stantibus,
2309 2758 2366 2804 et
2396 2749 2464 2804 de
2481 2749 2587 2806 alia
2621 2752 2845 2824 (supple,
2880 2750 3228 2825 Substautia),
3262 2763 3317 2808 et
3361 2769 3468 2808 non
3511 2755 3582 2810 de

1985 2841 2099 2898 Deo
2119 2851 2272 2913 patre
2303 2853 2490 2899 natum
2542 2845 2708 2900 Deum
2753 2861 2938 2901 verum
2991 2846 3060 2902 de
3111 2847 3224 2903 Deo
3251 2861 3401 2903 vero.
3449 2847 3516 2903 Et
3545 2847 3590 2904 si

1983 2936 2105 3006 quis
2134 2935 2350 2992 Patrem
2399 2945 2455 2993 et
2484 2936 2678 2992 Fitium
2708 2939 2844 2995 duos
2876 2941 3031 3005 deos,
3060 2941 3164 2997 hoc
3193 2952 3297 3006 est,
3329 2957 3434 2995 non
3467 2952 3591 2998 nota

1985 3029 2052 3102 (ι’.
2083 3027 2235 3102 nata)
2263 3029 2370 3084 duo
2413 3030 2678 3102 principia
2707 3032 2928 3097 dixerit,
2961 3045 3016 3090 et
3043 3049 3150 3089 non
3183 3035 3360 3090 Patris
3385 3045 3440 3090 et
3467 3035 3590 3090 Filii

1985 3137 2145 3176 unam
2179 3121 2434 3178 deitatem
2468 3123 2806 3194 proﬁteatur,
2841 3127 3125 3181 anathema
3183 3126 3274 3181 sit.
3305 3126 3359 3182 Si
3389 3128 3510 3197 quis
3536 3134 3593 3182 et

1895 3216 1952 3279 'C
1987 3211 2156 3268 ﬁlium
2186 3212 2278 3269 Dei
2308 3223 2613 3270 creaturam
2643 3217 2726 3271 vel
2755 3215 3016 3271 facturam
3047 3217 3270 3282 dixerit,
3301 3218 3586 3272 anathema

1981 3306 2073 3360 sit.
2105 3305 2163 3361 Si
2196 3308 2317 3377 quis
2347 3307 2510 3362 Deum
2561 3307 2778 3363 Patrem
2833 3308 3010 3378 ipsum
3061 3308 3129 3364 de
3175 3309 3337 3364 Maria
3364 3307 3588 3380 Virgine

1983 3409 2189 3464 natum,
2223 3401 2582 3471 eumdemque
2635 3411 2839 3471 patrem
2892 3410 2948 3456 et
2989 3401 3156 3456 ﬁlium
3211 3402 3428 3466 dixerit,
3453 3416 3587 3456 ana-

1981 3489 2159 3546 thema
2190 3491 2278 3546 sit.
2313 3491 2370 3548 Si
2396 3493 2518 3562 quis
2547 3492 2716 3547 lilium
2750 3493 2842 3548 Dci
2871 3493 2940 3548 de
2968 3494 3129 3548 Maria
3160 3493 3372 3547 initium
3402 3507 3583 3562 sump-

1978 3583 2118 3640 sisse
2166 3583 2387 3651 dixerit,
2420 3585 2504 3639 vel
2554 3584 2722 3640 fuisse
2774 3596 2992 3654 tempus
3039 3585 3254 3656 quando
3303 3601 3408 3639 non
3464 3593 3584 3640 erat

1981 3677 2122 3732 ﬁlius
2146 3719 2161 3743 ,
2184 3678 2470 3733 anathema
2518 3680 2605 3732 sit.
2635 3678 2691 3733 Si
2736 3681 2854 3750 quis
2883 3678 3050 3732 ﬁlium
3076 3678 3168 3732 Dei
3198 3694 3303 3733 non
3334 3693 3460 3732 vere
3491 3678 3578 3732 in-

1974 3771 2354 3827 enarrabiliter
2381 3771 2447 3826 de
2473 3772 2583 3827 Dco
2613 3782 2766 3841 patre
2812 3782 3018 3836 natum,
3051 3771 3144 3826 sed
3175 3771 3484 3841 adoptivum
3512 3770 3575 3824 ﬁ-

1970 3865 2098 3919 liutu
2131 3863 2348 3929 dixerit,
2401 3864 2690 3918 anathema
2739 3865 2827 3918 sit.
2861 3864 2917 3920 Si
2947 3865 3070 3934 quis
3122 3863 3287 3918 ﬁlium
3339 3863 3433 3918 Dei
3485 3873 3578 3918 aut

1974 3955 2352 4026 temporalem,
2380 3965 2476 4010 aut
2497 3955 2774 4011 hominem
2805 3957 3002 4022 solum,
3025 3965 3081 4012 et
3108 3972 3214 4011 non
3245 3965 3370 4012 ante
3395 3957 3576 4011 omnia

1973 4049 2170 4103 saecula
2199 4049 2268 4103 de
2319 4049 2432 4104 Deo
2485 4057 2639 4120 patre
2686 4060 2868 4104 natum
2919 4049 3256 4119 proﬁteatur,
3289 4049 3574 4105 anathema

1969 4142 2060 4196 sit.
2095 4141 2149 4196 Si
2183 4141 2304 4212 quis
2333 4143 2509 4198 Patris
2560 4152 2618 4198 et
2645 4143 2766 4198 Filii
2813 4154 2867 4198 et
2912 4143 3146 4212 Spiritus
3201 4145 3376 4200 sancti
3405 4159 3570 4200 unam

1971 4250 2254 4303 personam
2278 4243 2372 4290 aut
2394 4247 2500 4290 tres
2527 4235 2858 4292 substantias
2885 4235 3086 4290 divisas
3127 4236 3346 4301 dixerit,
3377 4245 3433 4291 et
3461 4253 3569 4292 non

1971 4327 2221 4395 perlecta:
2249 4326 2527 4382 Trinitatis
2560 4343 2716 4381 unam
2743 4328 2998 4383 deitatem
3051 4327 3388 4398 proﬁteatur.
3418 4343 3552 4384 aua-

1970 4422 2152 4476 thcma
2169 4423 2257 4478 sit.
2289 4420 2345 4478 Si
2377 4424 2496 4494 quis
2529 4423 2695 4478 ﬁlium
2729 4424 2819 4478 Dei
2845 4441 2965 4480 esse
2992 4436 3116 4480 ante
3138 4425 3318 4481 omnia
3349 4425 3568 4496 quidem

331 4561 414 4630 (a)
457 4560 766 4616 Monimenti
789 4559 946 4629 hujus
966 4558 1248 4614 veritatem
1271 4555 1866 4628 conﬁrmabitsequens
1892 4565 1947 4625 1)
1971 4568 2022 4614 et
2050 4558 2427 4634 Demophjhtm
2462 4571 2752 4634 recenset:
2801 4563 2974 4634 cujus.
3032 4572 3218 4634 utpote
3258 4563 3568 4627 Orientalis,

250 4633 640 4701 fragmentum.

361 4701 408 4776 ὁ)
431 4703 586 4769 Puta,
611 4702 926 4776 substantiae
953 4701 1169 4776 nomine
1195 4700 1574 4776 signiﬁcatam:

361 4712 408 4776 tr)
431 4712 586 4769 Puta,
611 4712 926 4758 substantiae
953 4715 1169 4756 nonuue
1199 4712 1574 4768 Stgmttcatam.

327 4712 406 4847 ξε)
433 4776 746 4847 Exemplum
772 4774 915 4847 idem
951 4771 1298 4840 Athanasius,
1326 4788 1426 4826 suo
1451 4771 1519 4826 de
1541 4769 1774 4842 Synodis
1799 4771 1863 4824 li-

245 4845 393 4908 bro,
411 4863 528 4914 pag.
561 4846 688 4912 879,
715 4845 964 4900 inseruit.

327 4913 539 4992 (ttlSic
587 4933 689 4972 ms.
737 4915 882 4970 Pith.
920 4917 1026 4983 hic,
1079 4928 1263 4984 supra,
1311 4923 1366 4970 et
1419 4913 1745 4984 Fragmento
1771 4928 1860 4968 se-

241 4991 466 5062 quenti,
499 5006 604 5044 non
645 5005 778 5043 coss.

323 5082 407 5154 (ε)
428 5081 486 5136 In
518 5080 650 5154 edit.
681 5080 817 5135 utin
866 5093 996 5154 ms._
1017 5079 1220 5154 dicunt.
1269 5078 1348 5154 Et
1376 5091 1552 5154 graeca
1578 5075 1862 5154 Athanasii

239 5148 533 5226 versione,
561 5151 657 5214 {me
681 5159 945 5226 προσῆκον
966 5148 1045 5216 ἧν,
1068 5150 1273 5205 nullum
1299 5148 1520 5203 dubium
1551 5157 1636 5204 est
1682 5149 1861 5218 legen-

240 5225 390 5282 dum
421 5234 544 5279 esse
575 5225 762 5279 decuit.

323 5317 399 5388 (Ῑ)
433 5316 616 5384 Forte,
659 5326 708 5371 et
736 5316 876 5384 pium
918 5331 972 5369 se
1011 5312 1240 5368 Ecclesia
1275 5313 1457 5370 totiens
1484 5311 1714 5368 exhibuit
1743 5327 1862 5384 erga

246 5388 562 5451 Ursncittm,
598 5395 704 5444 etc.

326 5481 408 5552 (g)
446 5480 536 5536 His
562 5480 713 5538 addit
745 5479 1073 5536 Athanasius
1097 5478 1426 5552 (lugentium:
1451 5477 1551 5546 Qui
1585 5477 1627 5532 si
1655 5475 1709 5530 in
1737 5477 1858 5552 AuriT

237 5547 492 5612 mineusi
549 5553 761 5624 synodo
801 5552 1118 5607 nominatim
1169 5549 1358 5624 luisset
1386 5549 1696 5624 damnatus,
1723 5547 1855 5604 nihil

235 5635 374 5683 erat
421 5620 623 5690 causas,
665 5642 762 5680 cur
807 5624 950 5679 illam
987 5635 1172 5690 postea
1219 5621 1502 5676 Mediolani
1531 5620 1856 5690 ,atlversus

237 5697 520 5753 Hilarium
569 5707 812 5751 nostrum
865 5689 1146 5764 disputans
1175 5733 1190 5758 ,
1244 5700 1527 5764 tantopere
1557 5689 1849 5764 jactitarct.

239 5770 445 5838 Longe
475 5767 654 5822 minus
697 5762 999 5823 audiendus
1040 5773 1126 5820 est
1164 5764 1436 5838 Socrates,
1466 5763 1557 5818 lib.
1587 5778 1645 5838 u,
1675 5777 1724 5815 c.
1759 5762 1851 5838 37,

240 5838 345 5897 ubi
370 5832 494 5894 cum
525 5847 757 5910 quatuor
777 5838 1048 5909 przrtlictis
1063 5851 1169 5892 non
1197 5834 1356 5890 modo
1383 5834 1729 5900 Auxentium,
1755 5832 1849 5888 sed

1971 4645 2133 4685 causa
2174 4635 2240 4683 ad
2273 4631 2582 4686 Orientales
2627 4649 2696 4686 ex
2753 4633 3017 4702 superiori
3075 4631 3414 4702 imperatoris
3437 4651 3572 4702 pra:-

1971 4711 2129 4770 cepto
2161 4704 2480 4769 pertinebat.
2513 4702 2616 4757 Sed
2637 4713 2690 4755 et
2719 4706 3008 4758 concilium
3040 4719 3262 4759 rertuna
3294 4720 3352 4758 se
3379 4713 3567 4772 gesta-

1971 4789 2090 4826 rum
2108 4773 2392 4826 certiorem
2420 4773 2618 4844 iaciens
2639 4773 3393 4844 imperatorem,subsequeuti
3410 4775 3569 4844 Frag-

1973 4851 2178 4906 mento.
2220 4858 2367 4896 num.
2411 4842 2467 4904 2,
2498 4843 2644 4897 Solos
2691 4843 2992 4908 Valentem,
3027 4842 3326 4910 Ursacium,
3353 4842 3568 4901 Gertni-

1973 4915 2120 4968 nium
2147 4922 2200 4966 et
2227 4912 2416 4968 Gaium
2466 4925 2732 4968 tuenmrat
2757 4930 2784 4966 a
2812 4929 2873 4969 se
2902 4917 3205 4969 damnatos.

2045 4983 2123 5052 (It)
2157 4984 2260 5038 Pro
2290 4985 2487 5054 duplici
2521 4983 2626 5056 SS.
2656 4986 2796 5054 quod
2830 4987 3169 5054 interpetrari
3227 4985 3384 5042 liceat
3409 5005 3566 5056 supra

1967 5057 2166 5139 scripti,
2207 5070 2396 5139 grmce.
2427 5055 2567 5139 apud
2625 5057 2888 5119 Athanas.
2919 5067 3096 5112 exstat
3129 5057 3358 5114 verbum
3389 5055 3566 5139 προει-

1967 5129 2190 5204 ρημένῳ.
2235 5127 2486 5204 prtcdicti.

2039 5197 2102 5271 (i)
2133 5197 2286 5271 Quod
2331 5199 2594 5269 sequitur,
2637 5197 2888 5271 Nicolaus
2941 5199 3116 5271 Faber
3145 5200 3350 5270 primus
3399 5201 3451 5255 in
3481 5201 3564 5258 lu-

1966 5268 2084 5324 cem
2138 5268 2308 5324 edidit
2339 5310 2354 5334 ,
2412 5268 2518 5323 non
2559 5270 2774 5340 quidem
2825 5286 2890 5325 ex
2921 5270 3108 5327 codice
3147 5268 3466 5338 'Pithmano,
3495 5289 3558 5329 ex

1969 5355 2076 5406 quo
2105 5339 2380 5411 superiora
2413 5339 2730 5411 Fragmenta
2757 5342 2916 5404 eruit,
2951 5343 3044 5396 sed
3078 5359 3142 5397 ex
3190 5344 3476 5408 Derrensi,
3505 5347 3557 5399 in

1968 5425 2076 5480 quo
2105 5409 2332 5466 habetur
2351 5409 2766 5482 posteitemplar
2793 5414 2912 5467 lidei
2950 5413 3202 5478 Niczrtue,
3235 5421 3290 5468 et
3319 5417 3560 5479 proxime

1962 5492 2088 5536 ante
2116 5483 2430 5554 Symbolum
2482 5483 2540 5538 S.
2596 5484 2892 5538 Athanasio
2919 5485 3269 5554 adscriptum.
3315 5485 3384 5541 Ut
3412 5489 3558 5541 nullo

1960 5553 2331 5624 commodiore
2375 5553 2494 5609 loco
2545 5555 2722 5624 potuit
2774 5556 2906 5620 edi,
2964 5557 3034 5610 ita
3067 5553 3224 5610 etiam
3267 5572 3294 5609 a
3343 5561 3558 5615 caeteris

1959 5622 2316 5692 Fragmentis,
2349 5640 2469 5694 quae
2515 5622 2708 5679 uotuen
2765 5625 2947 5680 Hilarii
2983 5642 3090 5695 pra:
3120 5641 3180 5682 se
3213 5627 3410 5692 lerunt,
3442 5631 3552 5686 dis-

1957 5696 2128 5766 tingui
2169 5695 2376 5751 debuit.
2402 5696 2664 5763 Quocirca
2692 5699 3006 5766 appendieis
3039 5699 3256 5753 nomine
3285 5716 3428 5756 nunc
3449 5702 3548 5756 do-

1956 5777 2112 5843 natur
2147 5785 2160 5820 :
2203 5781 2306 5843 qua
2358 5767 2574 5843 lflieteno
2625 5769 2879 5824 tractatui
2911 5777 3087 5825 utrum
3138 5769 3270 5826 nihil
3300 5772 3554 5843 addatur,

1954 5839 2181 5909 quisque
2216 5837 2431 5893 viderit.
