4100 6196
339 295 438 352 τοι

1236 299 1330 356 ex
1369 297 1596 355 ()PERE
1640 280 2000 353 ttis'rontoo
2041 285 2520 354 ruscnnnruu
2565 298 2699 354 vm.

3533 301 3640 358 703

336 413 750 482 perturbentur,
779 412 978 485 placuit
1009 414 1254 471 instituta
1284 425 1469 473 vetera
1495 415 1936 489 (a)rationabilia
1965 419 2016 479 Α
2043 415 2418 472 damnaverint
2468 417 2728 489 integram
2773 416 2934 474 fidem
2975 433 3136 490 quam
3176 426 3338 474 antea
3383 409 3640 474 defende—

331 503 666 562 servari.Ad
696 505 1064 562 instruendam
1115 508 1274 579 igitur
1320 515 1466 563 tuam
1519 507 1936 564 clementiam...

334 598 535 670 quibus
586 599 690 655 hoc
731 598 910 670 ipsum
959 599 1136 656 solum
1171 601 1511 668 mandamus,
1541 607 1601 656 ut
1645 613 1750 656 neu
1783 601 1941 656 aliter

332 690 666 762 legationem
708 692 1034 762 perferrent,
1079 709 1239 764 quam
1271 699 1471 748 statuta
1517 702 1700 750 vetera
1728 700 1938 764 perma-

333 784 530 839 nerent
559 783 869 839 ﬁrmissima
897 801 910 838 :
940 795 996 840 ut
1043 788 1100 840 ct
1145 784 1408 854 sapientia
1439 791 1525 838 tua
1557 787 1934 854 cegnosceret,

334 891 445 931 non
501 875 602 931 hoc
659 874 736 948 (ὁ)
793 876 937 946 quod
985 877 1342 946 promiserant
1389 875 1683 948 supradicti
1730 875 1932 931 Valens

333 967 506 1041 689
550 977 606 1022 ct
653 965 944 1034 Ursacius,
983 967 1290 1024 Germinius
1312 979 1365 1023 et
1386 967 1572 1032 Gaius,
1599 969 1642 1022 si
1666 967 1934 1023 sublatum

333 1059 548 1126 fuisset,
575 1075 760 1130 pacem
791 1074 948 1130 posse
993 1061 1272 1132 compleri.
1305 1060 1470 1132 Magis
1499 1061 1644 1117 enim
1696 1061 1936 1116 turbatio

331 1151 546 1207 cunctis
571 1152 881 1222 regionibus
901 1160 956 1208 et
981 1152 1231 1209 ecclesia:
1261 1153 1518 1208 Romana:
1557 1155 1800 1210 immissa
1828 1161 1931 1210 est.

405 1246 460 1300 5.
495 1243 848 1300 Constantium
875 1256 1024 1317 rogat
1052 1255 1108 1300 ut
1139 1247 1342 1301 decreta
1372 1263 1470 1302 sua
1521 1248 1760 1318 excipiat.
1803 1246 1937 1319 Epia

327 1351 518 1406 scopas
546 1337 778 1392 Arimino
799 1337 1043 1392 dimittat.
1075 1369 1148 1378 —
1165 1337 1422 1410 Obquam
1454 1354 1570 1395 rem
1603 1347 1748 1394 tuam
1775 1355 1934 1411 roga-

328 1439 454 1483 mus
481 1427 851 1496 clementiam,
893 1435 949 1484 ut
975 1429 1204 1500 placidis
1231 1431 1451 1486 auribus
1475 1439 1529 1486 et
1559 1445 1756 1486 sereno
1783 1430 1932 1486 vultu

323 1519 616 1575 universos
657 1517 867 1587 legatos
921 1529 1138 1576 nostros
1178 1529 1233 1575 et
1278 1521 1560 1590 respicias,
1611 1531 1665 1576 et
1705 1520 1928 1588 audias;

322 1625 469 1668 neve
500 1611 579 1686 (c)
608 1611 812 1683 aliquid
846 1613 1124 1683 permittat
1155 1614 1442 1670 clementia
1475 1621 1562 1668 tua
1597 1613 1792 1685 injuria
1837 1629 1932 1672 ve-

327 1715 506 1762 terum
549 1706 817 1772 convelli;
854 1705 946 1762 sed
997 1721 1218 1763 manere
1257 1722 1342 1774 ea,
1389 1722 1510 1778 qua:
1555 1722 1583 1760 a
1631 1707 1928 1778 majoribus

2043 507 2194 576 bant,
2223 521 2276 565 et
2307 511 2644 580 susceperint
2673 511 2952 582 perfidiam
2989 527 3149 583 quam
3181 521 3304 568 ante
3345 511 3638 568 damnave-

2042 614 2188 659 runt.
2221 603 2335 662 lloc
2357 605 2429 660 ita
2455 621 2598 674 esse,
2627 623 2693 662 ex
2727 607 2986 677 subjectis
3013 605 3278 664 invenies.
3317 626 3336 660 ι

2038 760 2206 834 690
2240 777 2428 829 casn,
2464 779 2551 820 UBI
2597 779 2960 822 PBJEVARICATI
3005 777 3137 822 suu'r
3165 783 3401 826 EPISCOPI
3445 785 3639 826 LEGATI

2441 874 2475 914 Δ
2525 873 2647 913 FIDE
2697 875 2834 914 νειυι
2863 901 2878 926 ,
2937 875 3219 918 INCIPIUNT.

2472 971 2591 1043 (An.
2625 972 2751 1039 559,
2781 974 2864 1028 die
2887 972 2952 1028 10
2979 973 3171 1045 octob.)

2199 1124 2444 1197 (Eusebio
2473 1137 2520 1182 rt
2546 1127 2730 1201 Ypatio
2753 1146 2920 1186 conss.
2955 1146 3008 1186 v1
3033 1131 3149 1186 idus
3179 1133 3448 1204 octobris.)

2107 1241 2162 1296 5.
2202 1240 2424 1296 Arimini
2461 1244 2662 1297 decreta
2708 1255 3133 1300 exauctorantur.
3161 1276 3234 1288 —
3258 1248 3394 1301 Cum
3441 1260 3636 1303 consc-

2034 1331 2239 1388 dissent
2261 1334 2504 1404 episeOpi
2529 1335 2825 1390 mansionis
2850 1337 2914 1408 (ί.
2944 1337 3244 1404 mansioui)
3273 1337 3488 1406 Nicaeae,
3513 1354 3636 1410 qua:

2031 1427 2264 1483 antehac
2302 1427 2561 1484 Ustodizo
2611 1430 2926 1494 vocabatur.
2978 1431 3030 1485 in
3068 1431 3342 1501 provincia
3381 1427 3632 1500 Thracia,

2033 1517 2352 1587 Restitutus,
2399 1519 2730 1591 Gregorius,
2793 1503 3138 1590 lionoratus,
3185 1523 3282 1594 (Ι)
3342 1524 3632 1592 Athenius,

2030 1610 2231 1682 lginus,
2265 1612 2524 1676 Justinus,
2563 1615 2799 1678 Priscus,
2828 1615 3061 1680 Primus,
3097 1617 3384 1683 Taurinos,
3411 1617 3629 1682 Lucius.

2029 1707 2342 1770 Mustacius,
2391 1705 2662 1772 Urbanus,
2715 1707 3040 1773 Honoratus,
3089 1707 3340 1774 Solutor;
3390 1709 3632 1766 lieSIitu-

320 1799 532 1854 nostris
562 1803 894 1872 accepimus,
918 1815 1055 1871 quos
1087 1801 1252 1856 fuisse
1279 1811 1332 1856 et
1359 1801 1649 1872 prudentes
1670 1842 1684 1867 ,
1717 1811 1772 1856 et
1809 1802 1926 1858 sine
1955 1809 2003 1870 Β
2033 1810 2117 1854 tus
2143 1800 2432 1872 episcopus
2458 1797 2798 1868 Carthaginis
2827 1799 2960 1854 dixit
2989 1817 3000 1852 :
3039 1815 3058 1850 ι
3084 1800 3495 1869 Scitprudentia
3512 1815 3634 1856 vos-

319 1895 532 1964 Spiritu
569 1905 763 1952 sancto
797 1897 887 1952 Dei
922 1901 1032 1952 non
1063 1897 1240 1967 egisse
1268 1897 1587 1952 confidimus
1623 1913 1637 1952 :
1669 1897 1792 1968 quia
1820 1895 1926 1951 ista

321 1989 566 2043 novitate
597 2003 706 2043 non
744 1987 921 2043 solum
964 1987 1155 2044 fideles
1203 1989 1388 2058 populi
1429 1989 1732 2059 perturbati
1777 1996 1921 2055 sunt,

314 2093 514 2136 verum
555 2079 719 2136 etiam
753 2079 1003 2137 infideles
1031 2081 1095 2136 ad
1134 2082 1511 2138 credulitatem
1554 2090 1804 2137 vetantur
1833 2097 1922 2136 ac-

314 2172 542 2230 cedere.
581 2173 810 2228 Oramus
851 2172 1037 2240 etiam,
1068 2183 1127 2228 ut
1173 2175 1456 2244 praecipias
1489 2182 1567 2256 ιρι
1605 2173 1911 2244 episcopos,

315 2265 410 2334 qui
445 2265 693 2319 Arimino
712 2263 1046 2331 detinentur,
1079 2265 1220 2320 inter
1250 2279 1387 2335 quos
1416 2265 1629 2334 plurimi
1661 2274 1784 2320 sunt
1820 2265 1912 2335 qui

317 2367 481 2412 astate
500 2365 556 2414 et
590 2363 902 2427 paupertate
922 2353 1120 2413 defeeti
1146 2365 1291 2426 sunt,
1314 2357 1380 2412 ad
1409 2371 1560 2413 suam
1589 2357 1920 2427 provinciam

315 2467 568 2510 remeare
597 2469 610 2506 :
646 2456 714 2510 ne
744 2453 987 2509 destituti
1011 2453 1126 2508 suis
1155 2454 1425 2524 episcopis
1447 2452 1698 2508 laborent
1736 2453 1918 2524 pomili

315 2547 693 2603 ecclesiarum.
735 2546 850 2603 Hoc
890 2548 1054 2602 etiam
1087 2547 1424 2618 frequentius
1463 2548 1797 2617 postulamus
1821 2589 1834 2611 ,
1865 2559 1921 2603 ιιι

317 2639 457 2694 nihil
488 2639 802 2705 iuuaretur,
832 2639 964 2693 nihil
995 2639 1300 2706 minuatur;
1325 2638 1419 2695 sed
1455 2648 1710 2694 maneant
1743 2641 1922 2695 incor-

313 2739 498 2802 rupta,
532 2737 653 2800 qua!
688 2731 1076 2804 (Constantini)
1112 2733 1278 2800 patris
1318 2743 1520 2786 saneta:
1557 2732 1773 2802 pietatis
1816 2742 1921 2788 tuae

315 2823 658 2894 temporibus
683 2831 738 2880 et
775 2825 880 2879 tuis
921 2823 1190 2895 religiosis
1232 2824 1447 2886 saaculis
1482 2835 1916 2894 permanserunt.

315 2911 430 2971 Nec
469 2915 579 2985 jam
624 2925 724 2971 nos
759 2915 976 2987 fatigari
1011 2923 1105 2970 aut
1135 2915 1365 2970 convelli
1408 2929 1439 2970 a
1470 2915 1692 2970 sedibus
1719 2916 1920 2972 nostris

315 3018 406 3064 tua
429 3004 616 3064 sancta
659 3008 939 3079 prudentia
967 3011 1242 3080 permittat
1275 3025 1290 3064 :
1325 3007 1419 3065 sed
1449 3009 1618 3081 quieti
1647 3009 1734 3081 (ea:
1751 3027 1919 3082 gm'co

309 3103 484 3169 adde,
540 3118 664 3158 cum
693 3104 930 3176 populis
983 3104 1096 3158 suis
1141 3105 1409 3176 episcopi)
1463 3113 1658 3160 vacent
1705 3119 1920 3174 semper

2027 1903 2136 1958 tra,
2167 1891 2587 1948 consacerdotes
2615 1891 2966 1958 sanctissimi,
3006 1892 3150 1964 quod
3175 1908 3297 1947 cum
3335 1893 3477 1963 apud
3511 1895 3632 1948 Ario

2025 1985 2228 2040 minum
2281 1984 2350 2039 dc
2397 1983 2502 2038 fide
2555 1989 2816 2038 tractatus
2865 1983 3177 2047 haberetur.
3228 1984 3509 2040 contentio
3552 1987 3631 2040 sic

2024 2075 2306 2132 dissidium
2335 2075 2558 2138 fecerat,
2581 2085 2642 2130 ut
2665 2075 2733 2132 de
2763 2076 3136 2132 sacerdotibus
3160 2077 3275 2144 Dei,
3303 2077 3630 2133 immittente

2025 2168 2238 2224 diabolo
2261 2210 2275 2234 ,
2307 2167 2575 2224 discordia
2600 2167 2783 2234 fieret;
2809 2177 2969 2238 atque
2988 2169 3182 2225 exinde
3205 2171 3399 2225 factum
3431 2169 3626 2238 fuerit,

2025 2269 2084 2318 ut
2113 2262 2164 2316 in
2188 2260 2380 2316 fratres
2405 2271 2618 2316 nostros
2640 2261 2718 2334 (g)
2743 2277 2842 2332 ego
2868 2261 3165 2317 Restitutus
3191 2273 3246 2318 ct
3273 2277 3394 2333 pars
3419 2263 3630 2333 episco-

2026 2369 2216 2426 porum
2261 2369 2382 2426 quae
2413 2357 2772 2426 sequebatur,
2799 2354 3077 2413 Ursacium
3101 2399 3115 2422 ,
3147 2356 3419 2412 Valentem
3441 2399 3456 2423 ,
3497 2355 3632 2413 Ger-

2022 2449 2245 2503 minium
2271 2459 2324 2504 et
2347 2447 2537 2504 Gaium
2569 2448 2723 2518 quasi
2752 2449 2804 2502 in
2831 2457 3082 2504 auctores
3119 2449 3245 2502 ntali
3291 2450 3625 2517 intellectus,

2023 2541 2345 2596 sententiam
2377 2553 2768 2610 promeremus,
2801 2539 2852 2594 id
2886 2548 2989 2605 est,
3020 2547 3076 2594 ιιι
3107 2555 3138 2594 a
3165 2549 3348 2595 nostra
3385 2554 3629 2597 commu-

2025 2633 2184 2688 uione
2213 2641 2646 2703 srgrcgarentur.

2096 2726 2150 2781 6.
2203 2727 2307 2784 Sed
2351 2725 2476 2797 quia
2533 2729 2584 2780 in
2631 2727 2876 2781 cominus
2903 2727 3060 2796 positi
3099 2725 3344 2782 universa
3375 2728 3628 2784 tractavi-

2021 2839 2164 2891 mus,
2202 2833 2256 2880 et
2295 2825 2544 2880 universa
2584 2823 2971 2889 discussimus,
3011 2822 3425 2894 invenimusque
3475 2822 3622 2894 quod

2023 2917 2156 2970 nulli
2189 2915 2476 2985 displicere
2503 2915 2720 2980 debeat,
2753 2914 2804 2968 id
2839 2923 2942 2980 est,
2975 2913 3138 2968 fidem
3180 2915 3235 2969 in
3267 2914 3352 2968 his
3393 2914 3626 2970 catholi-

2022 3023 2140 3066 cam
2166 3009 2315 3080 juxta
2348 3008 2740 3079 professionem
2769 3021 2945 3074 suam,
2971 3006 3054 3062 cui
3079 3015 3134 3061 et
3165 3021 3262 3060 nos
3294 3005 3623 3078 subscripsi-

2025 3121 2144 3161 mus
2187 3120 2398 3168 omnes,
2447 3117 2624 3174 neque
2679 3118 2929 3172 umquam
2982 3100 3268 3156 haereticos
3321 3100 3532 3157 fuisse:
3573 3110 3630 3158 et

310 3189 796 3259 postulationibus,
828 3205 962 3261 quas
1009 3189 1213 3246 habent
1252 3205 1468 3258 semper
1509 3198 1565 3245 et
1603 3205 1705 3261 pro
1744 3191 1919 3246 salute
1946 3199 1990 3262 C
2025 3197 2147 3253 ideo
2163 3198 2285 3282 quia
2304 3196 2452 3266 pacis
2480 3195 2771 3249 concordia
2795 3193 2935 3264 apud
2957 3194 3122 3248 Deum
3147 3209 3236 3248 res
3258 3202 3339 3248 est
3365 3193 3620 3260 maxima,

309 3291 430 3348 tua,
464 3291 517 3339 et
538 3296 637 3354 pro
660 3296 828 3354 regno
851 3291 967 3350 tuo,
995 3293 1052 3340 et
1078 3299 1174 3356 pro
1199 3299 1330 3355 pace
1358 3300 1518 3354 quam
1544 3285 1636 3340 tibi
1666 3285 1918 3340 divinitas

311 3389 417 3445 pro
444 3375 653 3431 meritis
683 3375 790 3431 tuis
821 3375 1143 3448 profundam
1189 3383 1246 3431 et
1282 3387 1594 3447 perpetuam
1636 3375 1913 3446 largiatur.

308 3466 499 3540 Legati
560 3476 742 3524 atttem
798 3471 970 3525 nostri
1019 3478 1074 3524 et
1119 3467 1548 3538 subscriptiones
1599 3479 1648 3524 et
1701 3471 1919 3526 nomina

306 3559 690 3628 episcoporum
723 3559 810 3614 vel
851 3560 1152 3630 legatorum
1183 3559 1479 3630 perferent,
1504 3559 1583 3632 (d)
1612 3563 1747 3616 sicut
1776 3562 1916 3616 idem

308 3650 412 3703 alia
459 3649 729 3718 scriptura
769 3649 989 3706 inStruit
1020 3645 1165 3706 tuam
1208 3657 1449 3707 sanctam
1496 3651 1917 3723 religiosatuque

305 3743 677 3812 prudentiam.

371 3839 432 3891 4.
461 3835 776 3906 Legatorum
805 3846 967 3908 gesta.
990 3867 1062 3878 --
1093 3855 1114 3889 ι
1145 3839 1276 3892 Cum
1312 3837 1412 3893 hac
1440 3839 1665 3907 epistola
1691 3839 1916 3910 integras

307 3927 434 3982 fidei
460 3927 871 3985 subscribentes
891 3929 1132 4000 episcopi
1156 3927 1412 3985 catholici
1443 3931 1914 3988 miseruntdccem

303 4019 514 4092 legatos
544 4019 611 4076 ad
640 4021 1044 4089 imperatorem.
1077 4021 1437 4080 Nihilominus
1469 4033 1524 4080 et
1573 4039 1696 4093 pars
1735 4025 1910 4083 haere-

302 4113 530 4170 ticorum
565 4115 713 4170 misit
735 4131 803 4170 ex
829 4131 930 4172 suo
953 4131 1185 4188 corpore
1213 4115 1400 4173 decem
1434 4116 1507 4190 (ε)
1541 4117 1770 4188 legatos.
1805 4119 1907 4187 Qui

302 4206 389 4263 ubi
423 4215 695 4262 venerunt
725 4206 792 4262 ad
825 4209 1237 4278 imperatorem,
1268 4211 1508 4280 suscepti
1547 4221 1710 4277 sunt;
1748 4213 1820 4269 ita
1851 4220 1910 4269 ut

299 4299 459 4380 legati
492 4299 888 4357 eatholicorum
940 4301 1046 4358 non
1084 4305 1514 4374 susciperentur,
1543 4315 1705 4378 atque
1745 4308 1905 4380 longa

298 4378 565 4453 dilatione
613 4395 840 4468 fatigati,
899 4407 955 4453 et
1005 4397 1168 4453 minis
1214 4395 1560 4470 imperatoris
1607 4378 1904 4472 perterriti,

366 4527 441 4602 (α)
468 4527 626 4584 Hunc
655 4527 835 4602 locum
881 4528 1128 4586 Valesius
1155 4532 1317 4602 graeci
1355 4533 1626 4587 sermonis
1669 4533 1910 4600 subsidio
1939 4541 1988 4602 D

298 4598 678 4656 sic-restaurat
709 4618 722 4655 ;
777 4601 912 4656 Rata
937 4612 1090 4667 atque
1133 4598 1450 4657 inviolabilia
1477 4605 1688 4658 servari.
1719 4598 1800 4658 At!
1832 4607 1911 4664 in-

295 4672 791 4747 struendamnigitur
825 4672 1148 4728 clementiam
1175 4675 1554 4747 tuantﬂtegatos
1582 4685 1786 4730 nostros
1831 4677 1911 4730 di.

294 4745 550 4808 mimus,
575 4741 793 4798 Co'ncitii
838 4747 1140 4800 sententiam
1181 4761 1270 4811 per
1313 4741 1735 4801 littérasnostras
1772 4761 1909 4803 nun-

293 4813 538 4886 tiaturos.
557 4813 758 4880 Quibus
776 4815 874 4870 hoc
895 4816 1066 4886 ipsum
1096 4817 1264 4869 solum
1284 4816 1664 4884 urandavimus,
1689 4828 1793 4873 etc.

371 4883 448 4957 (ti)
479 4883 701 4956 Supple,
753 4887 890 4957 quod
918 4883 956 4938 ἰι
984 4887 1234 4941 veteribus
1283 4897 1533 4942 statutum
1577 4898 1667 4943 est.
1701 4889 1906 4948 Deinde

293 4955 463 5011 verba
492 4955 631 5028 quod
679 4955 1040 5028 protruserunt,
1077 4957 1252 5014 Graeci
1301 4970 1516 5014 vertere
1567 4961 1745 5039 ὥσπερ
1789 4960 1906 5038 ἔφη·

291 5048 415 5082 σαν.

371 5098 445 5171 (c)
468 5099 550 5173 E_x
579 5116 682 5155 tus.
711 5099 874 5154 Sirm.
907 5110 1224 5173 revocamus
1253 5101 1448 5167 aliquid
1475 5102 1654 5173 :quod
1686 5118 1810 5159 cum
1843 5106 1898 5162 in

294 5168 444 5244 Ριιιιζ
488 5169 729 5234 deesset,
770 5179 953 5240 postea
993 5171 1186 5240 Faber,
1219 5183 1272 5227 ιιι
1304 5168 1543 5228 δεηθιιηϊ
1569 5175 1894 5244 perficeret,

284 5242 417 5313 jura
443 5253 612 5296 vetera
634 5245 818 5315 posuit
843 5259 936 5308 pro
966 5245 1160 5315 injuria
1187 5257 1407 5299 veterum
1434 5262 1452 5300 :
1477 5242 1579 5303 ubi
1599 5245 1775 5303 Graeci
1803 5242 1896 5303 haé

295 5315 588 5393 neniam;
611 5313 760 5393 ᾷϐριν
778 5321 882 5393 ,τῶν
910 5313 1359 5393 τ-ετέλευτηκᾷτῳν.

365 5381 447 5456 (d)
473 5381 580 5439 Pro
615 5381 714 5440 ba'c
743 5386 979 5441 clausula
1011 5402 1189 5456 graece
1221 5388 1466 5449 habetur.
1496 5391 1542 5445 oi
1567 5411 1702 5453 τινες
1729 5394 1816 5446 καὶ
1841 5393 1895 5457 ἐξ

288 5453 462 5534 ocuer
488 5462 592 5534 Ξῶιξ
615 5458 761 5512 θείων
784 5465 990 5534 γραφῶν
1010 5453 1101 5518 ’ἰὴν
1127 5464 1221 5519 σήν
1244 5458 1605 5534 ἀναδιδάξουσι
1634 5453 1893 5534 atterunt;

368 5523 442 5598 (ε)
484 5526 592 5604 sed
629 5544 694 5604 ea:
725 5523 869 5604 parte
895 5523 1227 5604 'nostrorum,
1272 5523 1776 5604 ittquit'Sttlpieitts,
1824 5533 1898 5588 te-

286 5607 488 5672 guntur
511 5598 771 5672 Eltomine‘s
795 5598 1171 5672 adolescentes,
1203 5598 1385 5672 parum
1427 5598 1598 5663 docti:
1631 5613 1677 5658 et
1716 5619 1898 5672 parum

288 5667 432 5746 cauti
457 5683 477 5723 :
501 5667 564 5724 ab
589 5669 801 5724 Arionis
821 5681 992 5746 autem
1029 5671 1176 5746 missi
1201 5667 1345 5746 senes
1388 5673 1566 5728 callidi
1603 5686 1649 5730 et
1690 5667 1896 5746 ingenio

287 5740 540 5824 valentes,
565 5751 768 5826 veterno
794 5741 1028 5826 perfidia:
1056 5741 1258 5816 imbuti,
1281 5746 1367 5818 qui
1391 5746 1530 5819 apud
1550 5761 1720 5824 regem
1742 5740 1897 5824 facile

283 5821 927 5887 superior¢s_exstiterunt.
1610 5821 1629 5824 ”

2021 3289 2220 3362 placuit
2245 3289 2326 3362 (tt)
2355 3299 2412 3343 ut
2441 3287 2714 3343 communi
2741 3301 3014 3342 consensu
3058 3295 3245 3340 nostro
3272 3285 3473 3354 omnia,
3506 3298 3626 3356 qute

2021 3383 2162 3453 apud
2191 3381 2494 3438 Ariminum
2541 3391 2764 3435 tractata
2798 3387 2946 3446 sunt,
2992 3381 3043 3433 in
3093 3380 3306 3434 irritum
3346 3377 3624 3434 deducan-

2021 3487 2126 3540 tur,
2160 3491 2215 3534 et
2241 3478 2552 3534 communio
2580 3493 2796 3543 eorum,
2828 3479 2940 3532 Deo
2972 3477 3214 3541 favente,
3255 3479 3460 3546 integra
3492 3492 3626 3531 con-

2022 3572 2250 3637 veniret,
2297 3582 2471 3641 neque
2518 3571 2802 3641 quisquam
2847 3570 2899 3622 in
2942 3568 3228 3622 dissidium
3261 3567 3336 3640 (iu
3375 3565 3625 3638 dissidio)

2022 3673 2320 3729 remaneat,
2352 3661 2494 3733 quod
2525 3676 2620 3717 eos
2652 3669 2744 3715 aut
2773 3657 3046 3714 maculare
3077 3660 3247 3727 possit
3285 3667 3380 3713 aut
3407 3659 3621 3714 debeat.

2022 3757 2089 3811 Et
2117 3755 2258 3820 ideo,
2290 3763 2356 3810 ιιι
2391 3754 2525 3823 dixi,
2568 3753 2688 3825 quia
2732 3762 3030 3824 praesentes
3067 3768 3288 3818 sumus,
3333 3752 3624 3822 unusquis-

2017 3864 2124 3920 que
2149 3848 2312 3903 debet
2341 3848 2522 3903 dicere
2550 3864 2615 3901 au
2645 3847 2847 3903 dictum
2877 3848 2944 3916 (f.
2969 3845 3200 3916 rectum)
3227 3845 3294 3900 sit
3326 3843 3466 3914 quod
3500 3861 3625 3912 pro-

2019 3947 2237 3994 secutus
2271 3954 2426 4007 sum,
2458 3948 2513 3994 et
2561 3955 2724 3994 manu
2771 3954 2864 3994 sua
2898 3938 3262 3994 subscribere.
3297 3937 3376 3990 Ab
3409 3937 3624 3992 univer-

2013 4033 2089 4088 sis
2115 4033 2386 4102 episcopis
2407 4029 2608 4086 dictum
2637 4039 2742 4098 est,
2767 4031 2980 4094 Placet,
3015 4043 3068 4085 et
3091 4023 3548 4099 subscripserunt.

2089 4124 2140 4178 7.
2184 4141 2204 4177 ‹
2254 4123 2386 4192 Qua:
2429 4124 2502 4180 sit
2545 4131 2726 4178 autem
2782 4123 2904 4179 fidei
2951 4123 3242 4188 confessio,
3297 4123 3382 4178 cui
3435 4130 3621 4192 postea

2011 4215 2470 4284 subscripserunt,
2497 4232 2658 4288 quam
2701 4217 2862 4271 etiam
2897 4215 3096 4272 Valens
3123 4229 3306 4270 secum
3337 4215 3389 4269 in
3421 4213 3622 4270 Arimi-

2014 4327 2141 4366 num
2173 4311 2434 4384 pertulit,
2471 4310 2536 4384 (i)
2567 4326 2634 4368 ex
2667 4311 2808 4368 infra
2850 4311 3056 4384 scripto
3097 4325 3480 4385 recognosces.
3521 4310 3624 4366 Ex-

2014 4404 2189 4476 plicit.
2234 4423 2253 4459 ι

2087 4537 2158 4611 (Γ)
2185 4537 2244 4611 in
2278 4551 2382 4596 ms.
2428 4538 2624 4604 Sirm.,
2660 4538 2993 4609 Arthemius;
3043 4539 3092 4594 in
3137 4539 3301 4604 Pitlt.,
3347 4537 3616 4596 Athenius.

2011 4605 2149 4663 Cum
2185 4610 2271 4664 hic
2309 4623 2541 4678 quatuor
2572 4627 2730 4678 supra
2772 4605 3241 4680 dect-m'episcopi
3288 4624 3615 4664 recenseati-

2014 4689 2122 4744 tttr,
2151 4683 2403 4749 opinatur
2425 4698 2477 4736 v.
2512 4697 2560 4734 ο.
2597 4681 2924 4737 Godefridus
2957 4682 3240 4746 ilertnant,
3269 4681 3470 4748 primas
3495 4680 3613 4734 Ari-

2013 4752 2276 4806 minensis
2316 4749 2508 4820 synodi
2550 4752 2760 4806 litteras
2801 4769 2830 4807 a
2881 4753 3066 4808 decem
3103 4751 3312 4816 legatis,
3348 4751 3616 4820 secundas

2011 4833 2190 4876 autem
2222 4837 2250 4875 a
2281 4816 2514 4890 quatuor
2539 4822 2660 4876 aliis
2687 4821 2751 4876 ad
2781 4823 3160 4877 (Satistantitttn
3189 4823 3354 4876 fuisse
3381 4816 3614 4890 delatis,

2009 4908 2212 4962 eosque
2239 4891 2396 4948 simul
2421 4893 2681 4960 Nicaeam,
2715 4909 2808 4949 seu
2835 4905 2890 4948 ιιι
2917 4893 3009 4948 alii
3036 4903 3254 4959 vocant,
3281 4891 3450 4948 Nicen
3483 4909 3612 4949 cnn-

2008 4980 2107 5020 νθιι
2119 4979 2242 5018 1589.

2082 5036 2157 5106 (g)
2189 5033 2404 5107 Pltrasis
2433 5034 2547 5089 ham
2582 5035 2820 5092 nonnihil
2849 5035 3127 5101 intricata,
3159 5033 3230 5090 ita
3275 5035 3614 5107 perspicuior

2009 5105 2140 5179 ﬁcti:
2168 5112 2220 5160 ut
2251 5124 2342 5178 ego
2371 5106 2654 5162 Restitutus
2683 5118 2726 5162 et
2745 5109 3114 5179 AepisCOporum
3150 5105 3406 5178 parsque:
3433 5124 3608 5175 seque-

2007 5178 2177 5242 batur,
2207 5180 2259 5250 in
2281 5177 2478 5250 ’fratrcs
2507 5189 2707 5233 nostros
2735 5177 3026 5244 Ursucium,
3061 5177 3353 5243 Valentem,
3384 5189 3489 5250 etc.

2081 5250 2158 5321 (It)
2290 5249 2348 5324 in
2369 5253 2444 5324 Te
2483 5251 2700 5304 tttittime
2739 5251 3080 5324 pet'_l'ecerttttt
3110 5251 3300 5324 synodi
3331 5249 3608 5315 mandata,

2005 5336 2148 5390 quur,
2179 5321 2421 5390 Sulpicio
2465 5331 2622 5385 tes1e,
2651 5322 2899 5376 consulto
2925 5322 3048 5376 data
3089 5321 3168 5376 eis
3198 5329 3371 5382 erant,
3404 5337 3466 5374 ne
3505 5337 3610 5390 quo

2002 5394 2156 5446 modo
2177 5409 2293 5446 cum
2327 5393 2532 5447 Arionis
2557 5395 2963 5448 communionem
2983 5395 3192 5462 inirent,
3222 5393 3494 5458 oumiuque
3523 5394 3608 5446 in-

2005 5473 2146 5536 tegra
2175 5465 2373 5536 synodo
2398 5467 2734 5536 reseruarem.

2073 5535 2138 5608 (i)
2171 5531 2364 5608 Fidem
2393 5537 2460 5590 ab
2487 5535 2712 5608 UI'S'lCiO
2741 5543 2797 5592 et
2834 5535 3058 5592 Valente
3091 5533 3320 5608 Arimini
3357 5531 3606 5608 proposi-

2007 5605 2136 5670 tam,
2165 5618 2217 5660 et
2242 5605 2424 5660 statim
2456 5621 2576 5660 eum
2604 5606 2831 5662 horrore
2865 5611 3127 5672 rejectam
3156 5607 3224 5660 ab
3259 5605 3604 5674 ortltodoxis,

2003 5676 2620 5754 aetamdemiNica-aeia
2653 5681 2844 5754 legatis
2866 5681 3250 5754 subscriptam,
3279 5677 3488 5754 videtu_r
3519 5679 3606 5736 hic

2009 5739 2244 5806 Hilarius
2275 5753 2540 5824 polliceri.
2571 5753 2681 5810 Nisi
2705 5739 2852 5808 forte
2877 5739 3108 5820 sequens
3137 5739 3406 5824 ιΙυιίιΙῖιχιιι
3439 5747 3603 5824 Γηιετ

2008 5819 2531 5896 πιειιιιιιιιῚιιὰἱοει,
2578 5841 2644 5887 ex
2707 5841 2817 5900 quo
2861 5819 3019 5898 quam
3067 5836 3226 5897 prava
3273 5822 3434 5882 fuerit
3479 5819 3602 5886 tidel
