4100 6196
286 287 404 344 703

1254 285 1352 345 EX
1379 286 1610 344 OPERE
1650 285 2016 344 HISTORICO
2054 285 2534 344 FRAGMENTUM
2575 286 2642 342 Χ.

3487 284 3596 342 706

283 419 475 460 meare
509 403 648 459 datis
689 401 882 459 litteris
921 403 996 474 (ιι)
1037 401 1103 460 ad
1127 419 1182 460 v.
1215 419 1267 461 c.
1311 404 1622 476 pra-fectum
1650 406 1888 476 praetorii
1916 407 1966 466 Α
1996 411 2065 458 ta:
2095 402 2384 474 impietatis
2413 401 2678 458 efﬁceret.
2712 401 2779 456 Et
2807 415 3128 471 quamquam
3155 399 3362 473 (g)non
3383 415 3600 458 cessare

283 495 571 552 Taurum:
599 495 724 566 quia
751 503 806 550 et
840 509 958 559 nos.
993 495 1044 550 iu
1077 495 1462 565 pradicatione
1491 498 1727 553 nominis
1768 497 1886 564 Dei,

281 586 656 645 Orientalibus
681 596 736 642 et
766 597 876 643 tua:
910 587 1252 658 dispositioni
1297 589 1511 660 plenum
1557 589 1892 646 reddidimus

281 682 634 753 obsequium.
663 680 722 736 In
749 680 825 753 (ὁ)
870 681 968 736 hac
1001 696 1082 750 re,
1110 680 1166 737 in
1197 697 1301 752 qua
1336 697 1553 754 semper
1595 683 1884 751 tenuimus,

274 778 402 848 jam
430 775 498 832 ad
523 783 738 832 nostras
760 774 946 845 plebes
971 774 1151 832 redire
1175 774 1459 832 debemus.
1486 777 1562 833 De
1583 776 1685 832 hac
1707 768 1904 834 autem

283 886 358 926 re
385 869 452 926 ad
480 868 768 939 episcopos
795 876 1016 923 nostros
1041 867 1348 924 Orientales
1380 869 1589 925 litteras
1616 869 1887 934 dedimus,

283 971 355 1020 ut
378 963 548 1019 sciant
579 961 683 1017 hoc
711 975 928 1037 semper
954 959 1180 1032 (supple,
1208 963 1330 1033 nos)
1363 963 1624 1027 tenuisse,
1651 963 1815 1037 693
1835 973 1892 1020 et

286 1053 353 1111 in
382 1053 488 1110 ﬁde
520 1052 786 1109 catholica
817 1067 939 1108 cum
968 1052 1099 1122 ipsis
1127 1069 1465 1126 permanere.
1505 1056 1689 1111 Divina
1721 1058 1891 1127 pietas

287 1158 349 1205 te
375 1147 826 1221 gloriosissimum
855 1162 1072 1218 semper
1099 1155 1155 1202 et
1179 1147 1376 1219 ubique
1404 1164 1500 1219 per
1519 1149 1700 1205 omnia
1731 1151 1892 1206 faciat

283 1243 564 1299 vindicem
610 1239 702 1314 (an
743 1241 1004 1297 victorem
1019 1239 1086 1311 i),
1115 1241 1332 1298 domine
1370 1242 1610 1312 piissime
1651 1245 1889 1315 impera-

285 1343 401 1391 tor.
435 1334 685 1406 Explicit.

561 1471 1044 1530 FRAGMENTUM
1081 1472 1130 1529 Χ
1171 1475 1339 1546 (Alias
1367 1490 1380 1530 ι
1409 1474 1614 1548 partis).

283 1603 582 1644 EXEIFLUI
630 1585 700 1659 (ο)
748 1602 1015 1644 sets'rom
1067 1603 1432 1647 omennuuu
1481 1608 1887 1660 EPISCOPORUI,

420 1697 561 1748 ρυλη
594 1695 850 1738 κενειιειε
872 1697 938 1737 ΑΒ
967 1694 1186 1739 ΑΒΙΙΙΝΟ
1215 1699 1439 1740 ιεῦΑτιε
1458 1701 1756 1743 DEDEHUNT.

685 1797 911 1868 (scripta:
939 1815 1026 1852 an.
1078 1798 1188 1855 559
1230 1798 1486 1872 exeunte).

283 1891 670 1950 Dilectissimis
699 1891 951 1947 fratribus
983 1889 1206 1947 Ursacio
1231 1934 1246 1956 ,
1281 1891 1492 1948 Valenti
1517 1933 1531 1958 ,
1561 1891 1845 1964 Magdonio
1867 1936 1884 1962 ,

366 1985 784 2058 Megasio,Gaio,
811 1982 1264 2055 Justino,Optato,
1296 1985 1528 2040 Martiali
1554 1984 1699 2058 (d)et
1729 1995 1889 2042 caete-

363 2078 441 2136 ris
466 2077 822 2135 Arimineusis
848 2075 1041 2148 synodi
1068 2076 1256 2145 legatis
1279 2118 1292 2142 ,
1333 2077 1622 2148 Sylvanus,
1651 2076 1886 2146 Sophro-

363 2172 485 2228 nius
511 2213 526 2238 ,
558 2169 672 2226 Neo
697 2211 712 2236 ,
741 2169 1080 2226 Herodianus
1105 2211 1120 2237 ,
1143 2168 1214 2242 (e)
1245 2169 1508 2224 Patricius
1532 2211 1547 2236 ,
1585 2169 1883 2242 Helpidius,

364 2262 725 2333 Theophilus,
755 2260 1097 2327 Theodorus,
1124 2261 1432 2329 Eumacius,
1465 2261 1758 2328 Didimion,
1793 2263 1891 2317 Ec-

361 2357 536 2413 dicius
555 2397 570 2419 ,
601 2354 858 2410 Arsenius
881 2393 896 2416 .
939 2351 1008 2425 (ι’)
1033 2353 1338 2409 Passinicus
1365 2395 1380 2420 ,
1416 2353 1745 2419 Valentinus,
1778 2354 1890 2409 Eu-

362 2447 606 2518 carpius.
634 2445 924 2512 Leontius,
959 2444 1262 2512 Eortasius,
1310 2455 1366 2501 et
1407 2447 1672 2504 Macarius
1703 2447 1756 2502 in
1787 2445 1893 2502 Do-

364 2541 513 2595 mino
543 2538 807 2595 Salutem.

367 2631 418 2686 1.
451 2629 796 2686 Seleuciensis
830 2630 1015 2702 synodi
1054 2631 1206 2701 legati
1225 2631 1312 2702 qui
1339 2648 1462 2704 erga
1498 2632 1632 2688 Aetii
1662 2637 1891 2705 fautores

280 2741 346 2782 se
364 2733 565 2796 gerant,
587 2724 933 2780 Ariminenses
965 2725 1168 2780 docent.
1209 2755 1282 2766 -—
1301 2724 1502 2782 Unitati
1531 2738 1586 2782 et
1615 2742 1756 2782 verae
1776 2727 1890 2796 paci

281 2817 578 2876 studentes
601 2860 616 2884 ,
647 2826 703 2874 et
727 2833 793 2873 ex
824 2819 1016 2891 synodi
1051 2819 1306 2874 mandato
1326 2818 1522 2875 haeresi
1553 2821 1846 2874 renitentes
1873 2861 1887 2886 ,

283 2913 576 2969 manifesta
611 2913 724 2970 ﬁeri
755 2913 907 2968 vobis
943 2928 1004 2968 ca
1024 2955 1038 2980 ,
1086 2929 1205 2984 quae
1233 2913 1376 2969 circa
1406 2913 1696 2968 Ecclesium
1720 2929 1884 2984 agun-

284 3016 406 3066 tur.
427 3005 629 3078 justum
661 3006 1008 3076 putavimus;
1053 3021 1124 3062 ne
1145 3005 1410 3078 ignoratio
1436 3019 1532 3060 vos
1561 3005 1738 3061 socios
1771 3015 1888 3061 tan-

1993 511 2091 552 vos
2117 497 2459 561 arbitremur,
2495 509 2606 550 non
2627 495 2744 551 sine
2768 493 2929 550 totius
2953 494 3146 566 synodi
3203 497 3426 566 legatis,
3478 495 3594 566 epi-

1996 603 2282 661 scoporum
2299 589 2504 644 scilicet
2519 602 2742 643 numero
2764 589 2875 644 fere
2896 589 3066 644 multo
3091 588 3324 658 amplius
3349 599 3596 658 centum,

1994 697 2138 738 nunc
2165 697 2337 753 usque
2366 681 2610 752 ingressu
2645 680 2806 752 hujus
2831 681 3078 737 ecclesiae
3099 683 3460 753 nosmetipsos
3475 684 3599 740 abs-

1994 775 2168 830 tinere
2213 791 2227 828 :
2256 773 2328 830 ob
2351 774 2494 846 quod
2535 773 2830 829 instructos
2850 773 3012 830 etiam
3043 789 3140 830 vos
3165 789 3288 832 esse
3320 775 3595 844 volumus,

1993 883 2062 924 ne
2091 869 2303 938 penitus
2342 867 2632 924 dominans
2671 867 2781 940 jam
2811 869 2948 923 intra
2969 865 3138 944 69E.
3165 868 3598 925 Ecclesiamtiae-

1992 959 2133 1016 resis
2163 959 2478 1027 invalescat,
2498 975 2617 1032 qua:
2635 961 2926 1016 Dominum
2944 971 3186 1015 nostrum
3203 959 3386 1016 Jesum
3405 960 3596 1016 Chris-

1993 1060 2108 1106 tum
2138 1067 2266 1107 vere
2293 1051 2460 1106 ﬁlium
2493 1051 2586 1106 Dei
2610 1051 2964 1122 unigenitum,
2993 1051 3160 1107 Deum
3194 1052 3262 1108 de
3290 1051 3419 1117 Deo,
3455 1051 3598 1108 Patri

1991 1143 2226 1200 similem
2257 1158 2386 1199 ausa
2433 1155 2517 1198 est
2546 1143 2850 1214 denegare:
2885 1143 2957 1199 ita
2991 1143 3072 1216 (Ιι)
3111 1152 3166 1199 ut
3193 1159 3313 1214 quae
3339 1143 3598 1214 praedica-

1998 1236 2174 1291 tiones
2201 1235 2550 1304 blaspltemiaa
2574 1236 2644 1292 de
2671 1236 2946 1306 unigenito
2977 1235 3090 1290 Deo
3115 1246 3168 1291 et
3202 1237 3506 1294 sentiantur
3531 1238 3598 1293 ab

1992 1329 2110 1397 his,
2143 1338 2205 1386 et
2247 1329 2644 1400 praediceutur,
2691 1329 2965 1400 cognitum
3014 1327 3310 1385 haberetis.
3364 1329 3496 1385 Nam
3543 1337 3600 1386 et

1992 1421 2234 1492 piissimo
2273 1422 2588 1492 imperatori
2632 1420 2951 1478 Constantio
2999 1421 3104 1478 hoc
3144 1423 3314 1494 ipsum
3343 1423 3596 1495 probavi-

1994 1531 2133 1582 mus,
2163 1523 2217 1572 et
2241 1515 2690 1571 anathematizari
2715 1515 2833 1572 haec
2850 1516 3032 1571 omnia
3048 1525 3352 1572 commotus
3378 1517 3595 1588 religio-

1993 1609 2213 1666 sissime
2235 1609 2422 1666 voluit.
2469 1611 2636 1666 Dolus
2663 1619 2846 1665 autem
2871 1625 3010 1664 nunc
3041 1609 3136 1680 (al.
3169 1609 3282 1681 hic)
3324 1627 3598 1683 praepara-

1996 1714 2104 1770 tur,
2129 1705 2390 1760 utAetius
2418 1712 2607 1759 auctor
2633 1703 2792 1772 hujus
2821 1703 3043 1758 haeresis
3073 1703 3186 1772 ipse
3209 1704 3411 1774 potius,
3432 1719 3597 1775 quam

1923 1815 1972 1876 Β
2001 1797 2116 1855 haec
2155 1799 2446 1870 impietatis
2472 1797 2614 1854 dicta
2645 1798 2740 1868 (al.
2783 1795 2945 1868 impie
2994 1797 3175 1864 dicta)
3225 1797 3592 1865 damnentur;

1999 1896 2280 1966 magisque
2309 1895 2362 1950 in
2392 1894 2665 1950 hominem
2691 1933 2706 1958 ,
2739 1907 2898 1962 quam
2933 1893 2984 1947 in
3008 1892 3306 1947 doctrinam
3338 1935 3352 1959 ,
3381 1902 3600 1949 senten-

1995 1989 2066 2044 tia
2098 1988 2199 2042 lata
2233 2001 2353 2042 esse
2383 1984 2648 2041 videatur.
2681 1984 2960 2039 Monemus
3001 1999 3131 2056 ergo
3176 1999 3274 2039 vos
3299 2025 3315 2049 ,
3353 1984 3594 2052 Fratres,

1997 2092 2054 2138 ut
2089 2081 2206 2138 haec
2231 2079 2520 2150 diligenter
2549 2079 2892 2143 retractetis;
2942 2078 3188 2148 detisque
3231 2093 3450 2148 operam
3473 2121 3490 2146 ,
3537 2087 3596 2134 ut

1993 2178 2129 2234 ﬁdes
2155 2175 2421 2234 catholica
2453 2182 2688 2230 maneat.
2724 2171 2992 2230 Caeterum
3021 2186 3126 2227 non
3159 2171 3380 2242 ambigit
3405 2170 3597 2228 Chari-

1995 2281 2076 2326 tas
2105 2270 2315 2332 Vestra,
2349 2268 2599 2323 universa
2625 2266 2718 2331 ita,
2748 2275 2808 2322 ut
2831 2272 3114 2337 geruntur,
3162 2264 3600 2322 Occidentalibus

1995 2377 2114 2420 esse
2144 2360 2390 2418 ecclesiis
2420 2358 2732 2416 nuntianda.
2779 2359 3037 2430 Optamus
3079 2374 3212 2424 vos,
3244 2357 3463 2416 Fratres
3485 2399 3502 2426 ,
3544 2358 3597 2413 in

1994 2455 2226 2513 Domino
2256 2455 2393 2512 bene
2423 2456 2623 2512 valere.

2136 2547 2192 2602 2.
2243 2545 2354 2600 Has
2383 2547 2580 2602 litteras
2605 2547 2886 2618 suscipiens
2926 2545 3060 2600 male
3100 2544 3243 2616 apud
3279 2561 3398 2600 suos
3431 2545 3598 2600 audit.

1995 2641 2344 2696 Ariminenses
2365 2640 2520 2712 legati
2540 2639 2772 2712 perﬁdiw
2793 2640 2890 2694 rei.
2930 2668 3002 2680 —
3042 2657 3061 2690 ‹
3086 2637 3181 2694 His
3209 2638 3389 2708 itaque
3415 2653 3602 2708 sumo-

1994 2733 2086 2800 tis,
2109 2733 2305 2803 quibus
2332 2741 2388 2788 et
2407 2742 2846 2806 commemoratae
2874 2731 3122 2800 superius
3153 2731 3503 2801 blasphemiae
3534 2730 3598 2803 (ἱ)

1993 2828 2250 2882 subnexa:
2275 2838 2451 2892 erant,
2484 2825 2750 2882 calumnia
2784 2824 2851 2900 (j)
2889 2825 2942 2880 in
2966 2840 3088 2879 eum
3111 2825 3200 2896 qui
3241 2810 3480 2895 suscepit
3517 2825 3600 2878 in-

1995 2918 2262 2974 tenditur:
2293 2927 2348 2974 et
2403 2925 2584 2972 tantus
2621 2916 2846 2972 detectas
2887 2915 3258 2972 fraudulentiam
3285 2931 3398 2972 sua:
3431 2915 3601 2988 hypo-

1995 3011 2164 3066 critas
2229 3009 2382 3065 furor
2441 3009 2646 3076 subiit,
2720 3018 2778 3063 ut
2869 3007 3162 3078 periculum
3245 3006 3602 3079 depositionis

367 3139 456 3215 (a)_
478 3140 550 3215 ita
573 3154 700 3215 cum
735 3153 844 3215 _ms.
875 3136 1038 3215 Sirm.
1081 3135 1138 3192 In
1173 3137 1320 3206 prius
1360 3138 1587 3215 vulgatis
1618 3148 1796 3197 autem
1827 3157 1891 3197 ex
1919 3142 1964 3207 C
1997 3143 2236 3215 scribere
2264 3145 2437 3198 coacti
2469 3142 2575 3197 sint
2597 3158 2610 3195 ε
2634 3141 2774 3215 (mod
2793 3149 2964 3215 nocte
2985 3142 3344 3215 θηηυιηηὸϐο
3399 3159 3602 3215 ρι’ωοε-

280 3209 394 3270 ms.
428 3209 595 3275 Pith.,
631 3209 700 3265 ad
725 3210 860 3264 hunc
883 3209 1165 3282 perfectum
1194 3211 1441 3278 prtclorii.

370 3284 447 3355 (b)
474 3281 788 3338 Pithceanus
815 3280 1006 3342 codex,
1031 3280 1349 3355 inhere,pro
1369 3283 1422 3335 in
1445 3281 1539 3336 hac
1559 3299 1641 3355 re,
1657 3293 1711 3337 et
1739 3300 1886 3353 mox,

283 3350 816 3426 arl'archiepiscopos,
860 3367 966 3406 non
1003 3350 1071 3404 ml
1103 3353 1428 3424 coepiscopos
1459 3370 1478 3408 :
1503 3353 1646 3425 quod
1678 3371 1743 3410 ex
1780 3350 1882 3412 ms.

283 3426 464 3486 Sirm.
488 3426 796 3492 corrigitur.

374 3499 448 3568 (e)
475 3497 519 3553 A
549 3497 762 3569 quibus,
793 3494 858 3569 ad
887 3509 1027 3569 quos
1052 3535 1066 3558 .
1105 3511 1210 3565 qua
1249 3496 1533 3553 occasione
1573 3507 1626 3569 et
1679 3498 1892 3569 quando

289 3566 462 3628 miSsa
491 3566 710 3624 sithaec
739 3566 964 3636 epistola
991 3607 1006 3632 ,
1052 3583 1194 3623 nunc
1236 3571 1418 3637 paucis
1457 3578 1539 3624 est
1581 3566 1888 3626 dicendum.

290 3644 339 3698 A
372 3639 734 3698 Seleucieusis
759 3637 949 3712 synodi
992 3637 1182 3708 legalis
1214 3640 1436 3712 missam
1467 3655 1589 3712 esse
1622 3683 1636 3702 ,
1681 3643 1892 3712 perspi-

291 3729 457 3769 cuum
488 3721 574 3766 est
603 3719 714 3764 tum
743 3709 810 3763 ex
835 3709 980 3764 illius
1011 3711 1254 3778 quamvis
1283 3710 1543 3766 mendoso
1570 3709 1743 3774 initio,
1778 3709 1889 3766 tiam

291 3784 538 3840 maxime
565 3797 634 3836 ex
665 3779 926 3836 subuexis
954 3797 1103 3836 num.
1159 3782 1195 3836 ‘2
1237 3780 1422 3836 Hilarii
1453 3783 1662 3848 verbis,
1693 3785 1895 3837 Adeunt

293 3855 488 3911 deinde
514 3870 606 3926 eos
645 3869 748 3926 non
772 3853 1202 3907 communicantes
1245 3852 1496 3926 episwpis
1524 3853 1709 3926 synodi
1741 3854 1895 3926 legati

299 3925 617 3983 Orientales.
677 3922 892 3995 Movere
922 3931 1098 3995 tamen
1134 3931 1351 3992 potest,
1397 3922 1564 3995 quod'
1591 3925 1748 3995 longe
1779 3922 1895 3994 plu-

295 4001 440 4054 rium
471 4012 632 4066 quam
663 3994 848 4066 decem
879 3994 1097 4066 nomine
1121 3995 1318 4065 seripta
1359 3994 1466 4060 sit;
1515 3994 1704 4062 neque
1739 3996 1788 4050 in
1833 3997 1896 4051 iis

297 4065 655 4138 compareant
683 4065 936 4138 Basilius.
968 4065 1214 4122 Eleusius
1241 4066 1772 4138 atqueuEustathius,
1805 4069 1894 4134 qui

299 4136 1042 4206 cum'Silvano,'l‘iteodoreto
1071 4146 1229 4203 teste,
1262 4138 1298 4192 l.
1332 4152 1370 4192 tt
1398 4136 1536 4192 Hist.
1568 4139 1702 4194 eccl.
1736 4138 1894 4201 c.27,

301 4212 548 4282 primarii
578 4208 942 4266 Seleucieusis
971 4208 1160 4278 synodi
1193 4209 1350 4282 legati
1392 4209 1734 4282 exstiterunt.
1787 4209 1896 4266 Sed

302 4279 436 4339 nihil
481 4291 664 4344 vetat.
719 4282 1005 4350 quominus
1058 4281 1304 4349 quaedam
1370 4279 1586 4334 nomina
1627 4281 1900 4336 excidisse

301 4356 628 4412 sentiamus.
679 4351 820 4407 Fieri
847 4352 1012 4407 etiam
1045 4351 1254 4420 potuit,
1285 4361 1341 4404 ut
1362 4365 1483 4422 quze
1509 4367 1537 4405 a
1567 4352 1780 4422 legatis,
1805 4359 1900 4407 aut

303 4443 455 4482 certe
489 4442 520 4480 a
551 4424 784 4478 maxima
809 4439 994 4479 eorum
1019 4429 1171 4494 parte
1192 4427 1395 4494 scripta
1421 4423 1514 4488 sit,
1541 4423 1609 4476 ab
1622 4423 1738 4478 aliis
1757 4423 1898 4494 ejus-

303 4497 426 4555 dem
459 4494 860 4552 communionis
889 4492 1158 4566 episCopis
1180 4535 1196 4561 ,
1243 4494 1333 4566 qui
1367 4492 1609 4550 Seleucia
1638 4492 1900 4549 Consian-

305 4568 591 4642 tinopolitn
613 4565 985 4642 conﬂuxerant
1013 4607 1028 4632 ,
1089 4565 1160 4620 sit
1197 4565 1495 4636 subscripta
1519 4609 1535 4633 ,
1580 4575 1634 4621 et
1661 4571 1900 4621 omnium

305 4641 528 4696 nomine
558 4641 743 4694 missa.

377 4714 515 4768 Cum
548 4719 728 4766 autem
758 4708 947 4765 iisdem
970 4709 1222 4781 inscripta
1255 4711 1355 4773 sit,
1386 4722 1523 4780 quos
1554 4708 1785 4764 Hilarius
1813 4725 1903 4763 su-

301 4786 540 4857 perioris
565 4782 810 4857 epistulae
834 4794 1082 4857 auctores
1110 4781 1402 4857 indicavit;
1451 4797 1556 4835 non
1603 4781 1895 4857 obscurum

303 4851 393 4912 cst
419 4851 759 4925 superiorem
788 4854 1068 4924 epistolam
1096 4853 1164 4907 ab
1193 4854 1521 4925 iisdelatam
1552 4867 1692 4925 esse,
1715 4866 1755 4925 _a
1777 4851 1899 4925 qui-

303 4929 408 4983 bus
439 4921 750 4993 conscripta
781 4921 992 4989 fuerat;
1036 4939 1239 4994 eosque
1267 4924 1503 4993 legatos,
1558 4923 1647 4994 qui
1678 4922 1746 4994 ab
1775 4921 1899 4976 Ari-

307 4996 546 5053 minensi
571 4995 776 5068 synodo
802 4995 868 5050 ad
896 4993 1268 5052 Constantium
1295 4997 1532 5052 secundo
1560 4993 1856 5068 missisunt
1884 5034 1898 5057 ,

305 5071 448 5126 alioe.
471 5071 544 5123 ah
566 5066 632 5124 iis
660 5069 842 5138 fuisse,
874 5070 966 5140 qui
993 5071 1190 5140 primas
1211 5068 1454 5140 ejusdem
1481 5066 1671 5140 synodi
1697 5067 1904 5120 litteras

289 5141 791 5214 .exic‘atbolicorum
824 5139 1066 5214 partead
1096 5141 1348 5214 eumdem
1375 5139 1703 5214 detulerant.
1792 5209 1803 5214 _
1861 5201 1874 5214 ν

383 5212 678 5268 Novissimi
709 5211 782 5267 illi
828 5209 994 5281 legati
1024 5209 1541 5280 Constantinopolim
1587 5209 1904 5281 pervenien-

309 5296 396 5340 tes
421 5327 438 5350 ,
471 5299 594 5339 cum
618 5284 728 5353 jam
754 5282 1039 5338 damnatus
1067 5293 1210 5337 esset
1237 5281 1422 5337 Aetius
1439 5321 1455 5348 ,
1481 5296 1712 5353 cumque
1739 5283 1904 5353 insta-

308 5366 434 5412 rent
456 5352 776 5418 Orientales,
813 5363 871 5409 ut
897 5355 984 5426 qui
1015 5355 1251 5409 lueretici
1279 5353 1439 5422 hujus
1466 5352 1764 5426 doctrinam
1804 5352 1901 5426 de-

308 5426 609 5484 fendebant
635 5469 650 5494 ,
699 5426 886 5482 eadem
916 5426 1182 5480 sententia
1223 5427 1578 5494 punirentur,
1623 5425 1904 5494 epistolam

309 5499 465 5554 illam
493 5505 818 5569 acceperunt
843 5514 857 5551 :
885 5497 1176 5569 quaeipsis
1199 5512 1264 5552 eo
1293 5497 1518 5569 consilio
1544 5497 1704 5569 missa
1751 5501 1869 5569 erat
1890 5535 1906 5558 ,

311 5585 387 5625 ne
419 5565 664 5625 Eudoxio
689 5587 750 5626 ac
779 5565 943 5624 sociis
985 5565 1140 5638 ejus,
1185 5577 1370 5636 utpote
1411 5565 1909 5638 Seleuciazgmerito

309 5639 628 5704 damnatis.
673 5636 1051 5712 iungerentur.
1106 5636 1910 5712 Scripta_estigituraliquanto

313 5720 443 5780 post
467 5706 803 5777 superiorem
829 5753 844 5774 ,
891 5718 948 5766 et
997 5706 1284 5780 antequam
1314 5706 1673 5780 Seleuciensis
1716 5706 1909 5780 synodi

309 5777 480 5857 legati
513 5783 780 5842 Fortnulue
799 5777 1155 5842 eli—Eudoxii
1173 5780 1413 5853 partibus
1454 5777 1757 5853 prepositae’
1783 5777 1910 5836 sub-

1929 4531 1980 4592 1)

1997 3214 2159 3270 dente
2190 3213 2388 3270 factum
2421 3228 2546 3269 esse
2576 3213 2761 3268 scribit
2785 3211 3142 3278 Sozomeuus,
3171 3213 3264 3268 lib.
3297 3231 3381 3282 tv,
3402 3211 3464 3271 'c.
3506 3217 3596 3274 23.

2068 3285 2150 3358 (d)
2197 3285 2288 3340 His
2326 3285 2479 3358 addit,
2500 3284 2881 3354 Fragmentum
2905 3286 3448 3358 sequens_num.4.
3497 3291 3604 3343 Au-

1990 3355 2226 3414 xentium
2253 3399 2268 3423 ,
2301 3356 2552 3427 superius
2579 3365 2758 3411 autem
2806 3357 2856 3410 in
2903 3355 3020 3424 ipso
3066 3355 3222 3412 titulo
3265 3355 3603 3427 Epictetum:

1991 3445 2058 3484 ex
2111 3444 2342 3498 quorum
2389 3429 2702 3483 accessione
2743 3427 2932 3482 decem
2994 3427 3294 3499 legatorum
3338 3445 3599 3489 numerus

1995 3499 2323 3570 perﬁcietur.

2072 3572 2144 3637 (e)
2174 3569 2231 3624 lu
2263 3570 2420 3635 cdit.,
2456 3568 2722 3624 Patrinus.
2753 3567 2823 3623 At
2855 3567 2906 3622 iu
2940 3583 3096 3630 mss.,
3131 3569 3416 3626 Patricius.

2071 3641 2138 3712 (f)
2177 3641 2325 3697 Alias
2369 3658 2433 3696 ex
2467 3658 2568 3712 ms.
2624 3641 2768 3695 Pith.
2795 3681 2810 3706 ,
2853 3637 3208 3712 Passionicus.
3258 3641 3603 3702 Praeferimus

1993 3710 2248 3769 comins.
2282 3714 2446 3770 Sirm.
2485 3711 2802 3783 Passiuicus.
2858 3710 3011 3778 Apud
3042 3711 3342 3777 Socratem,
3367 3713 3462 3770 lib.
3493 3731 3552 3771 ιιι
3579 3758 3594 3783 ,

1995 3799 2045 3840 c.
2078 3783 2702 3859 2;‘5_.legitur_Pa§in_icus
2747 3781 3004 3859 Zenorum
3029 3797 3150 3859 cum
3181 3783 3382 3859 Basilio
3422 3781 3602 3859 {Ancy-

1997 3872 2093 3920 τω,
2127 3852 2348 3912 Silvano
2373 3855 2546 3917 Tarsi,
2577 3852 2880 3922 Sophronio
2911 3852 3381 3922 PompeiOpoleos,
3423 3852 3600 3912 Leon-

1999 3927 2074 4009 ti_o
2102 3926 2463 4008 Cumanorum
2489 3965 2506 3992 ,
2536 3935 2591 3980 et
2616 3920 2920 3994 'l‘ltc0pltilo
2943 3920 3596 3998 Castabalorumepisco-

2000 4013 2083 4068 pls
2107 4012 2438 4068 conspirare.

2071 4067 2148 4140 (g)
2194 4067 2307 4124 Etsi
2333 4068 2659 4140 depravatus
2683 4075 2774 4140 est
2795 4066 2878 4122 hic
2903 4068 3092 4140 locus;
3141 4085 3246 4122 non
3296 4076 3382 4126 est
3421 4077 3600 4126 tamen

1999 4137 2288 4195 obscurum
2320 4153 2386 4194 eo
2409 4137 2476 4194 ab
2500 4137 2864 4194 Orientalibus
2893 4137 3207 4208 significari,
3239 4153 3299 4195 se
3325 4150 3487 4196 totam
3515 4158 3602 4199 re-

2003 4220 2332 4280 prtesentare
2361 4211 2652 4282 synodum,
2681 4213 2726 4282 si
2755 4207 3022 4277 quidemn
3046 4226 3147 4282 sua
3182 4213 3418 4278 ipsorum
3449 4224 3602 4282 parte

1999 4293 2204 4338 starent
2237 4280 2453 4338 centum
2481 4293 2535 4335 et
2563 4281 2796 4349 amplius
2821 4280 3081 4350 episcopi.
3135 4281 3328 4349 Heipsa
3357 4280 3604 4341 homoeo-

2001 4354 2120 4408 sion
2141 4363 2357 4408 centum
2399 4353 2582 4424 viginti
2633 4351 2956 4424 episcopos,
3007 4353 3386 4411 anumceusion
3413 4367 3596 4412 autem
3657 4370 3662 4375 '

2005 4433 2210 4479 tantum
2263 4423 2634 4480 novemdvcim
2695 4423 3017 4492 praedicasse
3065 4424 3376 4481 observavit
3423 4435 3605 4484 uo.~ter

2005 4493 2265 4564 Hilarius,
2289 4509 2338 4552 et
2374 4497 2578 4566 scripto
2607 4495 2879 4566 mandavit
2908 4496 2960 4550 in
2987 4493 3270 4551 Constant.
3305 4514 3359 4550 η.
3390 4497 3476 4552 Η.
3513 4500 3604 4556 Sic

2008 4578 2187 4623 autem
2220 4579 2400 4637 posset
2427 4564 2758 4624 reat'turari:
2809 4564 2876 4620 Et
2915 4583 3222 4638 quamquam
3268 4585 3368 4622 non
3411 4571 3604 4624 nescire

2010 4654 2096 4692 vos
2129 4639 2623 4710 urbm-emunitus,
2659 4654 2774 4690 cum
2807 4639 2964 4692 simus
3003 4641 3158 4693 totius
3193 4639 3377 4709 synodi
3405 4639 3599 4710 legati,

2009 4711 2365 4780 episcoporum
2390 4709 2581 4764 scilicet
2611 4724 2844 4780 numero,
2877 4718 2980 4764 etc.

2087 4781 2170 4852 (lt)
2213 4780 2304 4837 Sic
2334 4797 2436 4852 ms.
2456 4781 2621 4852 Sirm.
2666 4776 2738 4834 At
2757 4779 2886 4852 editi
2915 4795 2980 4834 ex
3011 4795 3113 4852 ms.
3145 4778 3288 4852 Pitlt.
3310 4821 3326 4845 ,
3375 4779 3449 4835 ita
3490 4797 3604 4850 quia

2011 4848 2396 4922 praedicationes
2412 4849 2742 4918 blasphemiae
2770 4849 2834 4903 de
2853 4850 3114 4922 unigenito
3133 4848 3246 4904 Deo
3271 4848 3604 4922 essential’iter

2011 4919 2072 4977 ab
2095 4923 2174 4995 his
2197 4921 2556 4995 praedicantur.
2587 4924 2920 4995 Quamquam
2947 4919 3283 4995 unigenito
3299 4919 3410 4976 Deo
3435 4941 3606 4978 essen-

2010 4991 2208 5048 tialiter'
2225 5010 2290 5049 eo
2315 5009 2474 5050 sensu
2513 4995 2696 5049 dicere
2719 4991 3084 5064 Orientalibus
3128 4992 3306 5064 licuit,
3351 5010 3460 5064 quo
3507 4995 3601 5050 lib.

2007 5065 2076 5121 de
2101 5065 2306 5138 Synod.
2338 5082 2392 5138 tt.
2424 5065 2512 5138 15.
2535 5064 2730 5138 dicunt
2774 5081 2802 5138 :A
2820 5062 2896 5138 Et
2909 5065 2952 5118 si
2981 5065 3094 5134 quis
3115 5063 3334 5138 audiens
3369 5062 3604 5138 unigeni-

2009 5147 2118 5190 tum
2144 5133 2315 5206 ﬁlium
2342 5136 2608 5192 invisibilis
2636 5133 2732 5190 Dei
2759 5133 3010 5200 similem,
3041 5152 3142 5189 non
3169 5133 3355 5206 dixerit
3389 5133 3605 5194 essentia

2008 5205 2194 5278 ﬁlium,
2226 5217 2331 5263 etc.
2365 5208 2534 5261 Porro
2566 5207 2788 5278 haeresis
2819 5207 2908 5262 illa
2934 5207 3222 5264 dominans
3236 5205 3428 5262 Filium
3457 5207 3606 5266 Patri

2009 5276 2241 5334 similem
2276 5295 2380 5335 non
2415 5278 2622 5347 publica
2650 5276 3010 5344 confessione,
3047 5279 3140 5332 sed
3171 5278 3417 5348 penitiori
3451 5296 3604 5335 men-

2010 5351 2078 5438 tis
2103 5365 2266 5432 sensu
2296 5350 2613 5438 denegabat.
2647 5348 2973 5438 Susceperat
2996 5349 3489 5438 enimDAcacianam
3512 5366 3603 5407 ec-

2015 5420 2234 5487 tbesim,
2267 5437 2384 5488 qme
2413 5419 2607 5476 Filium
2637 5423 2772 5491 patri
2795 5420 3012 5476 similem
3043 5419 3342 5490 proﬁtetur.

2115 5493 2178 5562 (ἱ)
2237 5491 2604 5562 Dlaspltemias
2670 5493 2890 5564 easdem
2955 5494 3155 5564 pariter
3191 5494 3609 5564 cutngproxima

2013 5561 2371 5619 Orientalium
2388 5564 2620 5634 cpistola
2653 5561 2938 5634 inﬁallias
2960 5561 3031 5616 ab
3061 5561 3260 5620 Hilario
3285 5561 3476 5620 miésas
3491 5579 3614 5623 esse

2015 5635 2288 5692 discemus
2317 5632 2669 5704 subsequenti
2695 5632 3044 5702 Fragmenta,
3071 5650 3124 5686 n.
3150 5634 3205 5688 4.

2086 5703 2158 5778 (j)
2203 5703 2538 5762 Calumniam
2601 5703 2882 5762 intendere
2909 5705 2996 5778 hic
3023 5705 3246 5778 perinde
3277 5707 3480 5764 Hilario
3507 5718 3611 5776 est,

2013 5793 2078 5834 ac
2097 5775 2248 5836 litem
2277 5792 2536 5836 movere:
2583 5779 2724 5837 sicut
2755 5791 2910 5849 cum,
2929 5775 3038 5834 lib.
3062 5791 3098 5834 χ
3142 5776 3212 5835 de
3231 5779 3385 5838 'l‘riu.
3416 5798 3475 5839 u.
3503 5775 3616 5854 50,
