  <div class='ocr_page' id='page_1' title='image "/cluster/home/n/w/nwhite01/storage/ocr_20150623/10/hvd.32044096580394/359.png"; bbox 0 0 4100 6196; ppageno 0'>
   <div class='ocr_carea' id='block_1_1' title="bbox 571 209 674 264">
    <p class='ocr_par' dir='ltr' id='par_1_1' title="bbox 571 209 674 264">
     <span class='ocr_line' id='line_1_1' title="bbox 571 209 674 264; baseline -0.01 0"><span class='ocrx_word' id='word_1_1' title='bbox 571 209 674 264; x_wconf 71' lang='lat' dir='ltr'><strong>7o?</strong></span> 
     </span>
    </p>
   </div>
   <div class='ocr_carea' id='block_1_2' title="bbox 1768 188 3765 289">
    <p class='ocr_par' dir='ltr' id='par_1_2' title="bbox 1768 188 3765 289">
     <span class='ocr_line' id='line_1_2' title="bbox 1768 188 3765 289; baseline 0.011 -22"><span class='ocrx_word' id='word_1_2' title='bbox 1768 208 2018 275; x_wconf 59' lang='lat' dir='ltr'><strong>sanest</strong></span> <span class='ocrx_word' id='word_1_3' title='bbox 2056 188 2313 275; x_wconf 80' lang='lat' dir='ltr'><strong>HtLAltll</strong></span> <span class='ocrx_word' id='word_1_4' title='bbox 2353 192 2656 283; x_wconf 76' lang='lat' dir='ltr'><strong>eriseoPt</strong></span> <span class='ocrx_word' id='word_1_5' title='bbox 3692 216 3765 289; x_wconf 69' lang='lat' dir='ltr'><strong>tot</strong></span> 
     </span>
    </p>
   </div>
   <div class='ocr_carea' id='block_1_3' title="bbox 576 324 3767 403">
    <p class='ocr_par' dir='ltr' id='par_1_3' title="bbox 576 324 3767 403">
     <span class='ocr_line' id='line_1_3' title="bbox 576 324 3767 403; baseline 0.002 -23"><span class='ocrx_word' id='word_1_6' title='bbox 576 326 721 399; x_wconf 89' lang='lat' dir='ltr'><strong>(a)in</strong></span> <span class='ocrx_word' id='word_1_7' title='bbox 735 342 831 383; x_wconf 89' lang='lat' dir='ltr'><strong>eos</strong></span> <span class='ocrx_word' id='word_1_8' title='bbox 844 324 1359 393; x_wconf 87' lang='lat' dir='ltr'><strong>constituerent.Qni</strong></span> <span class='ocrx_word' id='word_1_9' title='bbox 1378 326 1639 380; x_wconf 76' lang='lat' dir='ltr'><strong>convicta:</strong></span> <span class='ocrx_word' id='word_1_10' title='bbox 1662 325 2007 387; x_wconf 72' lang='lat' dir='ltr'><strong>conscientiae</strong></span> <span class='ocrx_word' id='word_1_11' title='bbox 2022 326 2175 381; x_wconf 84' lang='lat' dir='ltr'><strong>dolor</strong></span> <span class='ocrx_word' id='word_1_12' title='bbox 2200 332 2255 402; x_wconf 63' lang='grc' dir='ltr'><strong>Α</strong></span> <span class='ocrx_word' id='word_1_13' title='bbox 2278 344 2369 383; x_wconf 88' lang='lat' dir='ltr'><strong>cur</strong></span> <span class='ocrx_word' id='word_1_14' title='bbox 2409 329 2630 391; x_wconf 81' lang='lat' dir='ltr'><strong>similem</strong></span> <span class='ocrx_word' id='word_1_15' title='bbox 2662 328 2944 396; x_wconf 73' lang='lat' dir='ltr'><strong>secundum</strong></span> <span class='ocrx_word' id='word_1_16' title='bbox 2978 327 3297 403; x_wconf 81' lang='lat' dir='ltr'><strong>Scriptttras.</strong></span> <span class='ocrx_word' id='word_1_17' title='bbox 3324 361 3387 372; x_wconf 91' lang='lat'><strong>-—</strong></span> <span class='ocrx_word' id='word_1_18' title='bbox 3417 353 3434 391; x_wconf 81' lang='lat' dir='ltr'><strong>t</strong></span> <span class='ocrx_word' id='word_1_19' title='bbox 3463 335 3576 401; x_wconf 71' lang='lat' dir='ltr'><strong>Nam</strong></span> <span class='ocrx_word' id='word_1_20' title='bbox 3605 340 3649 396; x_wconf 77' lang='lat' dir='ltr'><strong>in</strong></span> <span class='ocrx_word' id='word_1_21' title='bbox 3668 359 3767 401; x_wconf 70' lang='grc' dir='ltr'><strong>εοιι.</strong></span> 
     </span>
    </p>
   </div>
   <div class='ocr_carea' id='block_1_4' title="bbox 573 417 2169 490">
    <p class='ocr_par' dir='ltr' id='par_1_4' title="bbox 573 417 2169 490">
     <span class='ocr_line' id='line_1_4' title="bbox 573 417 2169 490; baseline -0.002 -12"><span class='ocrx_word' id='word_1_22' title='bbox 573 433 676 489; x_wconf 89' lang='lat' dir='ltr'><strong>est,</strong></span> <span class='ocrx_word' id='word_1_23' title='bbox 700 423 964 478; x_wconf 88' lang='lat' dir='ltr'><strong>deterreri</strong></span> <span class='ocrx_word' id='word_1_24' title='bbox 994 435 1314 490; x_wconf 85' lang='lat' dir='ltr'><strong>quemquam</strong></span> <span class='ocrx_word' id='word_1_25' title='bbox 1342 419 1617 489; x_wconf 76' lang='lat' dir='ltr'><strong>agnitione</strong></span> <span class='ocrx_word' id='word_1_26' title='bbox 1646 417 1919 473; x_wconf 84' lang='lat' dir='ltr'><strong>veritatis!</strong></span> <span class='ocrx_word' id='word_1_27' title='bbox 1951 417 2007 475; x_wconf 88' lang='lat' dir='ltr'><strong>Si</strong></span> <span class='ocrx_word' id='word_1_28' title='bbox 2032 417 2169 480; x_wconf 79' lang='lat' dir='ltr'><strong>liber</strong></span> 
     </span>
    </p>
   </div>
   <div class='ocr_carea' id='block_1_5' title="bbox 574 508 2166 580">
    <p class='ocr_par' dir='ltr' id='par_1_5' title="bbox 574 508 2166 580">
     <span class='ocr_line' id='line_1_5' title="bbox 574 508 2166 580; baseline -0.004 -11"><span class='ocrx_word' id='word_1_29' title='bbox 574 516 675 569; x_wconf 90' lang='lat' dir='ltr'><strong>iste</strong></span> <span class='ocrx_word' id='word_1_30' title='bbox 708 513 948 568; x_wconf 84' lang='lat' dir='ltr'><strong>Valentis</strong></span> <span class='ocrx_word' id='word_1_31' title='bbox 976 519 1033 567; x_wconf 89' lang='lat' dir='ltr'><strong>et</strong></span> <span class='ocrx_word' id='word_1_32' title='bbox 1060 509 1263 567; x_wconf 86' lang='lat' dir='ltr'><strong>Ursacii</strong></span> <span class='ocrx_word' id='word_1_33' title='bbox 1311 526 1418 565; x_wconf 90' lang='lat' dir='ltr'><strong>non</strong></span> <span class='ocrx_word' id='word_1_34' title='bbox 1465 520 1547 564; x_wconf 84' lang='lat' dir='ltr'><strong>est</strong></span> <span class='ocrx_word' id='word_1_35' title='bbox 1575 508 1697 564; x_wconf 87' lang='lat' dir='ltr'><strong>fidei</strong></span> <span class='ocrx_word' id='word_1_36' title='bbox 1746 520 1944 565; x_wconf 70' lang='lat' dir='ltr'><strong>vestra:</strong></span> <span class='ocrx_word' id='word_1_37' title='bbox 1980 525 1996 575; x_wconf 82' lang='grc'><strong>;</strong></span> <span class='ocrx_word' id='word_1_38' title='bbox 2039 508 2166 580; x_wconf 69' lang='lat' dir='ltr'><strong>quid</strong></span> 
     </span>
    </p>
   </div>
   <div class='ocr_carea' id='block_1_6' title="bbox 572 602 2166 677">
    <p class='ocr_par' dir='ltr' id='par_1_6' title="bbox 572 602 2166 677">
     <span class='ocr_line' id='line_1_6' title="bbox 572 602 2166 677; baseline -0.003 -15"><span class='ocrx_word' id='word_1_39' title='bbox 572 609 690 677; x_wconf 86' lang='lat' dir='ltr'><strong>ejus</strong></span> <span class='ocrx_word' id='word_1_40' title='bbox 720 606 1051 662; x_wconf 80' lang='lat' dir='ltr'><strong>damnationi</strong></span> <span class='ocrx_word' id='word_1_41' title='bbox 1083 619 1187 659; x_wconf 92' lang='lat' dir='ltr'><strong>non</strong></span> <span class='ocrx_word' id='word_1_42' title='bbox 1219 602 1598 674; x_wconf 82' lang='lat' dir='ltr'><strong>acquiescitis?</strong></span> <span class='ocrx_word' id='word_1_43' title='bbox 1625 602 1785 661; x_wconf 81' lang='lat' dir='ltr'><strong>Anne</strong></span> <span class='ocrx_word' id='word_1_44' title='bbox 1812 618 1919 658; x_wconf 86' lang='lat' dir='ltr'><strong>non</strong></span> <span class='ocrx_word' id='word_1_45' title='bbox 1951 602 2166 674; x_wconf 79' lang='lat' dir='ltr'><strong>publica</strong></span> 
     </span>
    </p>
   </div>
   <div class='ocr_carea' id='block_1_7' title="bbox 573 698 2167 770">
    <p class='ocr_par' dir='ltr' id='par_1_7' title="bbox 573 698 2167 770">
     <span class='ocr_line' id='line_1_7' title="bbox 573 698 2167 770; baseline -0.001 -16"><span class='ocrx_word' id='word_1_46' title='bbox 573 700 789 755; x_wconf 79' lang='lat' dir='ltr'><strong>humani</strong></span> <span class='ocrx_word' id='word_1_47' title='bbox 818 700 1032 770; x_wconf 75' lang='lat' dir='ltr'><strong>generis</strong></span> <span class='ocrx_word' id='word_1_48' title='bbox 1062 714 1286 753; x_wconf 88' lang='lat' dir='ltr'><strong>assensu</strong></span> <span class='ocrx_word' id='word_1_49' title='bbox 1318 699 1461 755; x_wconf 90' lang='lat' dir='ltr'><strong>inter</strong></span> <span class='ocrx_word' id='word_1_50' title='bbox 1484 713 1674 755; x_wconf 85' lang='lat' dir='ltr'><strong>omnes</strong></span> <span class='ocrx_word' id='word_1_51' title='bbox 1700 698 1973 764; x_wconf 78' lang='lat' dir='ltr'><strong>convenit,</strong></span> <span class='ocrx_word' id='word_1_52' title='bbox 2001 713 2167 758; x_wconf 85' lang='lat' dir='ltr'><strong>vene-</strong></span> 
     </span>
    </p>
   </div>
   <div class='ocr_carea' id='block_1_8' title="bbox 570 792 2160 859">
    <p class='ocr_par' dir='ltr' id='par_1_8' title="bbox 570 792 2160 859">
     <span class='ocr_line' id='line_1_8' title="bbox 570 792 2160 859; baseline -0.001 -11"><span class='ocrx_word' id='word_1_53' title='bbox 570 800 697 850; x_wconf 81' lang='lat' dir='ltr'><strong>num</strong></span> <span class='ocrx_word' id='word_1_54' title='bbox 726 794 923 848; x_wconf 89' lang='lat' dir='ltr'><strong>malum</strong></span> <span class='ocrx_word' id='word_1_55' title='bbox 951 808 1095 859; x_wconf 83' lang='lat' dir='ltr'><strong>esse,</strong></span> <span class='ocrx_word' id='word_1_56' title='bbox 1126 803 1179 850; x_wconf 86' lang='lat' dir='ltr'><strong>et</strong></span> <span class='ocrx_word' id='word_1_57' title='bbox 1207 793 1410 848; x_wconf 80' lang='lat' dir='ltr'><strong>caedem</strong></span> <span class='ocrx_word' id='word_1_58' title='bbox 1439 793 1745 849; x_wconf 87' lang='lat' dir='ltr'><strong>innocentis</strong></span> <span class='ocrx_word' id='word_1_59' title='bbox 1768 792 1973 849; x_wconf 84' lang='lat' dir='ltr'><strong>crimen</strong></span> <span class='ocrx_word' id='word_1_60' title='bbox 2004 806 2126 847; x_wconf 86' lang='lat' dir='ltr'><strong>esse</strong></span> <span class='ocrx_word' id='word_1_61' title='bbox 2145 831 2160 859; x_wconf 93' lang='lat'><strong>,</strong></span> 
     </span>
    </p>
   </div>
   <div class='ocr_carea' id='block_1_9' title="bbox 568 880 2167 954">
    <p class='ocr_par' dir='ltr' id='par_1_9' title="bbox 568 880 2167 954">
     <span class='ocr_line' id='line_1_9' title="bbox 568 880 2167 954; baseline -0.002 -14"><span class='ocrx_word' id='word_1_62' title='bbox 568 896 618 941; x_wconf 90' lang='lat' dir='ltr'><strong>et</strong></span> <span class='ocrx_word' id='word_1_63' title='bbox 654 887 983 954; x_wconf 70' lang='lat' dir='ltr'><strong>impietatem</strong></span> <span class='ocrx_word' id='word_1_64' title='bbox 1012 885 1066 938; x_wconf 91' lang='lat' dir='ltr'><strong>in</strong></span> <span class='ocrx_word' id='word_1_65' title='bbox 1095 884 1372 939; x_wconf 85' lang='lat' dir='ltr'><strong>dominum</strong></span> <span class='ocrx_word' id='word_1_66' title='bbox 1400 884 1684 939; x_wconf 87' lang='lat' dir='ltr'><strong>horrorem</strong></span> <span class='ocrx_word' id='word_1_67' title='bbox 1709 883 1863 940; x_wconf 79' lang='lat' dir='ltr'><strong>esse?</strong></span> <span class='ocrx_word' id='word_1_68' title='bbox 1889 880 1997 943; x_wconf 86' lang='lat' dir='ltr'><strong>Sed</strong></span> <span class='ocrx_word' id='word_1_69' title='bbox 2019 882 2167 952; x_wconf 83' lang='lat' dir='ltr'><strong>quis-</strong></span> 
     </span>
    </p>
   </div>
   <div class='ocr_carea' id='block_1_10' title="bbox 567 977 2167 1049">
    <p class='ocr_par' dir='ltr' id='par_1_10' title="bbox 567 977 2167 1049">
     <span class='ocr_line' id='line_1_10' title="bbox 567 977 2167 1049; baseline 0.001 -16"><span class='ocrx_word' id='word_1_70' title='bbox 567 995 671 1049; x_wconf 87' lang='lat' dir='ltr'><strong>que</strong></span> <span class='ocrx_word' id='word_1_71' title='bbox 702 978 818 1033; x_wconf 85' lang='lat' dir='ltr'><strong>haec</strong></span> <span class='ocrx_word' id='word_1_72' title='bbox 845 978 1020 1033; x_wconf 85' lang='lat' dir='ltr'><strong>delata</strong></span> <span class='ocrx_word' id='word_1_73' title='bbox 1053 993 1158 1032; x_wconf 89' lang='lat' dir='ltr'><strong>non</strong></span> <span class='ocrx_word' id='word_1_74' title='bbox 1190 977 1430 1040; x_wconf 85' lang='lat' dir='ltr'><strong>damnat,</strong></span> <span class='ocrx_word' id='word_1_75' title='bbox 1465 991 1692 1035; x_wconf 83' lang='lat' dir='ltr'><strong>necesse</strong></span> <span class='ocrx_word' id='word_1_76' title='bbox 1717 987 1802 1033; x_wconf 89' lang='lat' dir='ltr'><strong>est</strong></span> <span class='ocrx_word' id='word_1_77' title='bbox 1828 991 2016 1032; x_wconf 90' lang='lat' dir='ltr'><strong>eorum</strong></span> <span class='ocrx_word' id='word_1_78' title='bbox 2044 989 2167 1039; x_wconf 72' lang='lat' dir='ltr'><strong>sese</strong></span> 
     </span>
    </p>
   </div>
   <div class='ocr_carea' id='block_1_11' title="bbox 566 1071 2163 1146">
    <p class='ocr_par' dir='ltr' id='par_1_11' title="bbox 566 1071 2163 1146">
     <span class='ocr_line' id='line_1_11' title="bbox 566 1071 2163 1146; baseline 0 -19"><span class='ocrx_word' id='word_1_79' title='bbox 566 1072 726 1128; x_wconf 87' lang='lat' dir='ltr'><strong>studii</strong></span> <span class='ocrx_word' id='word_1_80' title='bbox 763 1072 970 1146; x_wconf 70' lang='lat' dir='ltr'><strong>socium</strong></span> <span class='ocrx_word' id='word_1_81' title='bbox 1001 1073 1354 1142; x_wconf 88' lang='lat' dir='ltr'><strong>profiteatur:</strong></span> <span class='ocrx_word' id='word_1_82' title='bbox 1400 1071 1520 1141; x_wconf 87' lang='lat' dir='ltr'><strong>quia</strong></span> <span class='ocrx_word' id='word_1_83' title='bbox 1554 1086 1713 1127; x_wconf 92' lang='lat' dir='ltr'><strong>nemo</strong></span> <span class='ocrx_word' id='word_1_84' title='bbox 1739 1080 1862 1138; x_wconf 91' lang='lat' dir='ltr'><strong>est,</strong></span> <span class='ocrx_word' id='word_1_85' title='bbox 1912 1071 2003 1141; x_wconf 88' lang='lat' dir='ltr'><strong>qui</strong></span> <span class='ocrx_word' id='word_1_86' title='bbox 2053 1084 2163 1129; x_wconf 88' lang='lat' dir='ltr'><strong>non</strong></span> 
     </span>
    </p>
   </div>
   <div class='ocr_carea' id='block_1_12' title="bbox 566 1164 2159 1237">
    <p class='ocr_par' dir='ltr' id='par_1_12' title="bbox 566 1164 2159 1237">
     <span class='ocr_line' id='line_1_12' title="bbox 566 1164 2159 1237; baseline -0.001 -16"><span class='ocrx_word' id='word_1_87' title='bbox 566 1174 621 1221; x_wconf 86' lang='lat' dir='ltr'><strong>et</strong></span> <span class='ocrx_word' id='word_1_88' title='bbox 651 1182 771 1237; x_wconf 72' lang='lat' dir='ltr'><strong>qttte</strong></span> <span class='ocrx_word' id='word_1_89' title='bbox 812 1165 986 1221; x_wconf 88' lang='lat' dir='ltr'><strong>oderit</strong></span> <span class='ocrx_word' id='word_1_90' title='bbox 1032 1175 1289 1237; x_wconf 88' lang='lat' dir='ltr'><strong>coargttat</strong></span> <span class='ocrx_word' id='word_1_91' title='bbox 1311 1206 1325 1229; x_wconf 94' lang='lat'><strong>,</strong></span> <span class='ocrx_word' id='word_1_92' title='bbox 1358 1174 1414 1221; x_wconf 86' lang='lat' dir='ltr'><strong>et</strong></span> <span class='ocrx_word' id='word_1_93' title='bbox 1439 1181 1559 1236; x_wconf 68' lang='lat' dir='ltr'><strong>qua:</strong></span> <span class='ocrx_word' id='word_1_94' title='bbox 1587 1181 1692 1220; x_wconf 87' lang='lat' dir='ltr'><strong>ttnn</strong></span> <span class='ocrx_word' id='word_1_95' title='bbox 1722 1165 1964 1236; x_wconf 76' lang='lat' dir='ltr'><strong>coarguit</strong></span> <span class='ocrx_word' id='word_1_96' title='bbox 1994 1164 2159 1237; x_wconf 76' lang='lat'><strong>695</strong></span> 
     </span>
    </p>
   </div>
   <div class='ocr_carea' id='block_1_13' title="bbox 567 1259 2164 1330">
    <p class='ocr_par' dir='ltr' id='par_1_13' title="bbox 567 1259 2164 1330">
     <span class='ocr_line' id='line_1_13' title="bbox 567 1259 2164 1330; baseline 0.003 -20"><span class='ocrx_word' id='word_1_97' title='bbox 567 1260 778 1330; x_wconf 86' lang='lat' dir='ltr'><strong>probet.</strong></span> <span class='ocrx_word' id='word_1_98' title='bbox 810 1260 884 1329; x_wconf 93' lang='lat' dir='ltr'><strong>(b)</strong></span> <span class='ocrx_word' id='word_1_99' title='bbox 909 1259 1037 1314; x_wconf 82' lang='lat' dir='ltr'><strong>Post</strong></span> <span class='ocrx_word' id='word_1_100' title='bbox 1066 1259 1333 1330; x_wconf 81' lang='lat' dir='ltr'><strong>synodum</strong></span> <span class='ocrx_word' id='word_1_101' title='bbox 1367 1259 1510 1315; x_wconf 89' lang='lat' dir='ltr'><strong>enim</strong></span> <span class='ocrx_word' id='word_1_102' title='bbox 1544 1259 1946 1319; x_wconf 86' lang='lat' dir='ltr'><strong>Seleuciensem</strong></span> <span class='ocrx_word' id='word_1_103' title='bbox 1975 1301 1987 1325; x_wconf 89' lang='lat'><strong>.</strong></span> <span class='ocrx_word' id='word_1_104' title='bbox 2016 1262 2164 1315; x_wconf 75' lang='lat' dir='ltr'><strong>Con-</strong></span> 
     </span>
    </p>
   </div>
   <div class='ocr_carea' id='block_1_14' title="bbox 567 1350 2163 1422">
    <p class='ocr_par' dir='ltr' id='par_1_14' title="bbox 567 1350 2163 1422">
     <span class='ocr_line' id='line_1_14' title="bbox 567 1350 2163 1422; baseline 0.003 -17"><span class='ocrx_word' id='word_1_105' title='bbox 567 1353 971 1422; x_wconf 84' lang='lat' dir='ltr'><strong>stantinopolim</strong></span> <span class='ocrx_word' id='word_1_106' title='bbox 999 1351 1281 1407; x_wconf 79' lang='lat' dir='ltr'><strong>venientes</strong></span> <span class='ocrx_word' id='word_1_107' title='bbox 1303 1393 1317 1418; x_wconf 94' lang='lat'><strong>,</strong></span> <span class='ocrx_word' id='word_1_108' title='bbox 1350 1350 1475 1421; x_wconf 90' lang='lat' dir='ltr'><strong>quid</strong></span> <span class='ocrx_word' id='word_1_109' title='bbox 1503 1360 1587 1406; x_wconf 89' lang='lat' dir='ltr'><strong>est</strong></span> <span class='ocrx_word' id='word_1_110' title='bbox 1612 1351 1754 1420; x_wconf 84' lang='lat' dir='ltr'><strong>quod</strong></span> <span class='ocrx_word' id='word_1_111' title='bbox 1786 1354 1965 1409; x_wconf 78' lang='lat' dir='ltr'><strong>statim</strong></span> <span class='ocrx_word' id='word_1_112' title='bbox 2010 1351 2163 1411; x_wconf 88' lang='lat' dir='ltr'><strong>dam-</strong></span> 
     </span>
    </p>
   </div>
   <div class='ocr_carea' id='block_1_15' title="bbox 467 1445 2163 1517">
    <p class='ocr_par' dir='ltr' id='par_1_15' title="bbox 467 1445 2163 1517">
     <span class='ocr_line' id='line_1_15' title="bbox 467 1445 2163 1517; baseline 0.001 -15"><span class='ocrx_word' id='word_1_113' title='bbox 467 1507 477 1517; x_wconf 45' lang='grc'><em>,</em></span> <span class='ocrx_word' id='word_1_114' title='bbox 564 1451 704 1502; x_wconf 87' lang='lat' dir='ltr'><strong>natis</strong></span> <span class='ocrx_word' id='word_1_115' title='bbox 730 1446 1001 1501; x_wconf 63' lang='lat' dir='ltr'><strong>haereticis</strong></span> <span class='ocrx_word' id='word_1_116' title='bbox 1030 1461 1126 1501; x_wconf 81' lang='lat' dir='ltr'><strong>vos</strong></span> <span class='ocrx_word' id='word_1_117' title='bbox 1165 1445 1429 1517; x_wconf 82' lang='lat' dir='ltr'><strong>jungitis‘!</strong></span> <span class='ocrx_word' id='word_1_118' title='bbox 1475 1445 1592 1500; x_wconf 85' lang='lat' dir='ltr'><strong>Non</strong></span> <span class='ocrx_word' id='word_1_119' title='bbox 1623 1445 1851 1502; x_wconf 74' lang='lat' dir='ltr'><strong>differtis</strong></span> <span class='ocrx_word' id='word_1_120' title='bbox 1884 1447 1935 1500; x_wconf 88' lang='lat' dir='ltr'><strong>in</strong></span> <span class='ocrx_word' id='word_1_121' title='bbox 1980 1446 2163 1516; x_wconf 89' lang='lat' dir='ltr'><strong>aliquo</strong></span> 
     </span>
    </p>
   </div>
   <div class='ocr_carea' id='block_1_16' title="bbox 565 1538 2155 1610">
    <p class='ocr_par' dir='ltr' id='par_1_16' title="bbox 565 1538 2155 1610">
     <span class='ocr_line' id='line_1_16' title="bbox 565 1538 2155 1610; baseline -0.002 -15"><span class='ocrx_word' id='word_1_122' title='bbox 565 1550 774 1610; x_wconf 86' lang='lat' dir='ltr'><strong>tempus</strong></span> <span class='ocrx_word' id='word_1_123' title='bbox 803 1539 1070 1603; x_wconf 81' lang='lat' dir='ltr'><strong>adeundi,</strong></span> <span class='ocrx_word' id='word_1_124' title='bbox 1106 1554 1279 1609; x_wconf 88' lang='lat' dir='ltr'><strong>neque</strong></span> <span class='ocrx_word' id='word_1_125' title='bbox 1301 1539 1368 1593; x_wconf 87' lang='lat' dir='ltr'><strong>de</strong></span> <span class='ocrx_word' id='word_1_126' title='bbox 1397 1538 1677 1609; x_wconf 86' lang='lat' dir='ltr'><strong>prudentis</strong></span> <span class='ocrx_word' id='word_1_127' title='bbox 1703 1540 1912 1593; x_wconf 81' lang='lat' dir='ltr'><strong>ratione</strong></span> <span class='ocrx_word' id='word_1_128' title='bbox 1939 1538 2155 1595; x_wconf 84' lang='lat' dir='ltr'><strong>consilii</strong></span> 
     </span>
    </p>
   </div>
   <div class='ocr_carea' id='block_1_17' title="bbox 560 1631 2155 1704">
    <p class='ocr_par' dir='ltr' id='par_1_17' title="bbox 560 1631 2155 1704">
     <span class='ocr_line' id='line_1_17' title="bbox 560 1631 2155 1704; baseline -0.003 -15"><span class='ocrx_word' id='word_1_129' title='bbox 560 1634 794 1704; x_wconf 81' lang='lat' dir='ltr'><strong>aliquam</strong></span> <span class='ocrx_word' id='word_1_130' title='bbox 821 1634 977 1687; x_wconf 85' lang='lat' dir='ltr'><strong>vobis</strong></span> <span class='ocrx_word' id='word_1_131' title='bbox 1002 1648 1208 1687; x_wconf 89' lang='lat' dir='ltr'><strong>moram</strong></span> <span class='ocrx_word' id='word_1_132' title='bbox 1238 1632 1304 1687; x_wconf 91' lang='lat' dir='ltr'><strong>ad</strong></span> <span class='ocrx_word' id='word_1_133' title='bbox 1337 1631 1794 1701; x_wconf 83' lang='lat' dir='ltr'><strong>percunctandunt</strong></span> <span class='ocrx_word' id='word_1_134' title='bbox 1822 1631 2155 1700; x_wconf 80' lang='lat' dir='ltr'><strong>impenditis.</strong></span> 
     </span>
    </p>
   </div>
   <div class='ocr_carea' id='block_1_18' title="bbox 2271 420 3769 504">
    <p class='ocr_par' dir='ltr' id='par_1_18' title="bbox 2271 420 3769 504">
     <span class='ocr_line' id='line_1_18' title="bbox 2271 420 3769 504; baseline 0.015 -34"><span class='ocrx_word' id='word_1_135' title='bbox 2271 429 2431 477; x_wconf 80' lang='lat' dir='ltr'><strong>ventu</strong></span> <span class='ocrx_word' id='word_1_136' title='bbox 2480 420 2768 485; x_wconf 84' lang='lat' dir='ltr'><strong>multorum</strong></span> <span class='ocrx_word' id='word_1_137' title='bbox 2800 437 2894 477; x_wconf 89' lang='lat' dir='ltr'><strong>vos</strong></span> <span class='ocrx_word' id='word_1_138' title='bbox 2940 421 3277 492; x_wconf 82' lang='lat' dir='ltr'><strong>arguentium</strong></span> <span class='ocrx_word' id='word_1_139' title='bbox 3303 465 3316 489; x_wconf 89' lang='lat'><strong>,</strong></span> <span class='ocrx_word' id='word_1_140' title='bbox 3346 441 3433 483; x_wconf 86' lang='lat' dir='ltr'><strong>cur</strong></span> <span class='ocrx_word' id='word_1_141' title='bbox 3454 429 3589 486; x_wconf 89' lang='lat' dir='ltr'><strong>etiam</strong></span> <span class='ocrx_word' id='word_1_142' title='bbox 3612 430 3665 504; x_wconf 67' lang='grc' dir='ltr'><strong>(Ι)</strong></span> <span class='ocrx_word' id='word_1_143' title='bbox 3690 451 3769 493; x_wconf 90' lang='lat' dir='ltr'><strong>non</strong></span> 
     </span>
    </p>
   </div>
   <div class='ocr_carea' id='block_1_19' title="bbox 2269 514 3771 599">
    <p class='ocr_par' dir='ltr' id='par_1_19' title="bbox 2269 514 3771 599">
     <span class='ocr_line' id='line_1_19' title="bbox 2269 514 3771 599; baseline 0.007 -30"><span class='ocrx_word' id='word_1_144' title='bbox 2269 524 2573 571; x_wconf 82' lang='lat' dir='ltr'><strong>creaturam</strong></span> <span class='ocrx_word' id='word_1_145' title='bbox 2606 515 2697 571; x_wconf 88' lang='lat' dir='ltr'><strong>Dei</strong></span> <span class='ocrx_word' id='word_1_146' title='bbox 2729 515 2897 581; x_wconf 82' lang='lat' dir='ltr'><strong>tilium</strong></span> <span class='ocrx_word' id='word_1_147' title='bbox 2927 514 3218 589; x_wconf 75' lang='lat' dir='ltr'><strong>diceretis;</strong></span> <span class='ocrx_word' id='word_1_148' title='bbox 3250 521 3596 595; x_wconf 82' lang='lat' dir='ltr'><strong>respondistis,</strong></span> <span class='ocrx_word' id='word_1_149' title='bbox 3617 529 3771 599; x_wconf 65' lang='lat' dir='ltr'><strong>sanctis</strong></span> 
     </span>
    </p>
   </div>
   <div class='ocr_carea' id='block_1_20' title="bbox 2268 605 3770 692">
    <p class='ocr_par' dir='ltr' id='par_1_20' title="bbox 2268 605 3770 692">
     <span class='ocr_line' id='line_1_20' title="bbox 2268 605 3770 692; baseline 0.013 -36"><span class='ocrx_word' id='word_1_150' title='bbox 2268 605 2703 673; x_wconf 74' lang='lat' dir='ltr'><strong>Ariminensibus</strong></span> <span class='ocrx_word' id='word_1_151' title='bbox 2772 625 2879 671; x_wconf 86' lang='lat' dir='ltr'><strong>non</strong></span> <span class='ocrx_word' id='word_1_152' title='bbox 2936 608 3212 675; x_wconf 71' lang='lat' dir='ltr'><strong>Christum</strong></span> <span class='ocrx_word' id='word_1_153' title='bbox 3260 607 3532 672; x_wconf 81' lang='lat' dir='ltr'><strong>creaturam</strong></span> <span class='ocrx_word' id='word_1_154' title='bbox 3579 631 3770 692; x_wconf 75' lang='lat' dir='ltr'><strong>negatum</strong></span> 
     </span>
    </p>
   </div>
   <div class='ocr_carea' id='block_1_21' title="bbox 2267 699 3768 783">
    <p class='ocr_par' dir='ltr' id='par_1_21' title="bbox 2267 699 3768 783">
     <span class='ocr_line' id='line_1_21' title="bbox 2267 699 3768 783; baseline 0.01 -29"><span class='ocrx_word' id='word_1_155' title='bbox 2267 699 2455 768; x_wconf 90' lang='lat' dir='ltr'><strong>fuisse,</strong></span> <span class='ocrx_word' id='word_1_156' title='bbox 2485 701 2579 759; x_wconf 88' lang='lat' dir='ltr'><strong>sed</strong></span> <span class='ocrx_word' id='word_1_157' title='bbox 2610 701 2924 759; x_wconf 83' lang='lat' dir='ltr'><strong>dissimilem</strong></span> <span class='ocrx_word' id='word_1_158' title='bbox 2957 705 3167 765; x_wconf 78' lang='lat' dir='ltr'><strong>caeteris</strong></span> <span class='ocrx_word' id='word_1_159' title='bbox 3194 706 3443 763; x_wconf 80' lang='lat' dir='ltr'><strong>creaturis</strong></span> <span class='ocrx_word' id='word_1_160' title='bbox 3471 725 3483 762; x_wconf 89' lang='lat'><strong><em>:</em></strong></span> <span class='ocrx_word' id='word_1_161' title='bbox 3511 711 3616 783; x_wconf 81' lang='lat' dir='ltr'><strong>quia</strong></span> <span class='ocrx_word' id='word_1_162' title='bbox 3646 713 3688 769; x_wconf 90' lang='lat' dir='ltr'><strong>in</strong></span> <span class='ocrx_word' id='word_1_163' title='bbox 3720 730 3768 773; x_wconf 82' lang='lat' dir='ltr'><strong>eo</strong></span> 
     </span>
    </p>
   </div>
   <div class='ocr_carea' id='block_1_22' title="bbox 2266 794 3778 873">
    <p class='ocr_par' dir='ltr' id='par_1_22' title="bbox 2266 794 3778 873">
     <span class='ocr_line' id='line_1_22' title="bbox 2266 794 3778 873; baseline 0.008 -26"><span class='ocrx_word' id='word_1_164' title='bbox 2266 794 2409 863; x_wconf 89' lang='lat' dir='ltr'><strong>quod</strong></span> <span class='ocrx_word' id='word_1_165' title='bbox 2441 794 2642 851; x_wconf 87' lang='lat' dir='ltr'><strong>dictum</strong></span> <span class='ocrx_word' id='word_1_166' title='bbox 2673 797 2764 861; x_wconf 88' lang='lat' dir='ltr'><strong>sit,</strong></span> <span class='ocrx_word' id='word_1_167' title='bbox 2795 812 2897 851; x_wconf 86' lang='lat' dir='ltr'><strong>non</strong></span> <span class='ocrx_word' id='word_1_168' title='bbox 2920 812 3026 853; x_wconf 72' lang='lat' dir='ltr'><strong>esse</strong></span> <span class='ocrx_word' id='word_1_169' title='bbox 3054 809 3279 853; x_wconf 83' lang='lat' dir='ltr'><strong>creatum</strong></span> <span class='ocrx_word' id='word_1_170' title='bbox 3301 800 3427 854; x_wconf 80' lang='lat' dir='ltr'><strong>velut</strong></span> <span class='ocrx_word' id='word_1_171' title='bbox 3449 810 3631 865; x_wconf 69' lang='lat' dir='ltr'><strong>crateras</strong></span> <span class='ocrx_word' id='word_1_172' title='bbox 3648 803 3778 873; x_wconf 42' lang='lat' dir='ltr'><strong>facta:</strong></span> 
     </span>
    </p>
   </div>
   <div class='ocr_carea' id='block_1_23' title="bbox 2268 889 3779 971">
    <p class='ocr_par' dir='ltr' id='par_1_23' title="bbox 2268 889 3779 971">
     <span class='ocr_line' id='line_1_23' title="bbox 2268 889 3779 971; baseline 0.008 -29"><span class='ocrx_word' id='word_1_173' title='bbox 2268 904 2351 947; x_wconf 75' lang='lat' dir='ltr'><strong>ras</strong></span> <span class='ocrx_word' id='word_1_174' title='bbox 2374 929 2391 961; x_wconf 81' lang='lat'><strong>,</strong></span> <span class='ocrx_word' id='word_1_175' title='bbox 2425 905 2533 947; x_wconf 86' lang='lat' dir='ltr'><strong>non</strong></span> <span class='ocrx_word' id='word_1_176' title='bbox 2566 890 2644 962; x_wconf 87' lang='lat' dir='ltr'><strong>(g)</strong></span> <span class='ocrx_word' id='word_1_177' title='bbox 2676 889 2799 960; x_wconf 77' lang='lat' dir='ltr'><strong>quia</strong></span> <span class='ocrx_word' id='word_1_178' title='bbox 2830 890 3032 945; x_wconf 79' lang='lat' dir='ltr'><strong>creatio</strong></span> <span class='ocrx_word' id='word_1_179' title='bbox 3062 906 3172 955; x_wconf 82' lang='lat' dir='ltr'><strong>non</strong></span> <span class='ocrx_word' id='word_1_180' title='bbox 3224 892 3313 959; x_wconf 90' lang='lat' dir='ltr'><strong>sit,</strong></span> <span class='ocrx_word' id='word_1_181' title='bbox 3355 892 3453 956; x_wconf 61' lang='lat' dir='ltr'><strong>sed,</strong></span> <span class='ocrx_word' id='word_1_182' title='bbox 3484 893 3779 971; x_wconf 48' lang='lat' dir='ltr'><strong>excipiatur;</strong></span> 
     </span>
    </p>
   </div>
   <div class='ocr_carea' id='block_1_24' title="bbox 2266 982 3782 1065">
    <p class='ocr_par' dir='ltr' id='par_1_24' title="bbox 2266 982 3782 1065">
     <span class='ocr_line' id='line_1_24' title="bbox 2266 982 3782 1065; baseline 0.007 -29"><span class='ocrx_word' id='word_1_183' title='bbox 2266 984 2482 1041; x_wconf 79' lang='lat' dir='ltr'><strong>cteteris</strong></span> <span class='ocrx_word' id='word_1_184' title='bbox 2508 1001 2520 1035; x_wconf 93' lang='lat'>:</span> <span class='ocrx_word' id='word_1_185' title='bbox 2556 993 2617 1038; x_wconf 92' lang='lat' dir='ltr'><strong>ut</strong></span> <span class='ocrx_word' id='word_1_186' title='bbox 2640 983 2767 1039; x_wconf 89' lang='lat' dir='ltr'><strong>licet</strong></span> <span class='ocrx_word' id='word_1_187' title='bbox 2791 999 2897 1043; x_wconf 90' lang='lat' dir='ltr'><strong>non</strong></span> <span class='ocrx_word' id='word_1_188' title='bbox 2930 982 3208 1043; x_wconf 85' lang='lat' dir='ltr'><strong>dissimilis</strong></span> <span class='ocrx_word' id='word_1_189' title='bbox 3235 986 3438 1043; x_wconf 70' lang='lat' dir='ltr'><strong>cteteris</strong></span> <span class='ocrx_word' id='word_1_190' title='bbox 3463 988 3543 1063; x_wconf 79' lang='lat' dir='ltr'><strong>sit,</strong></span> <span class='ocrx_word' id='word_1_191' title='bbox 3570 998 3782 1065; x_wconf 65' lang='lat' dir='ltr'><strong>tamenet</strong></span> 
     </span>
    </p>
   </div>
   <div class='ocr_carea' id='block_1_25' title="bbox 2272 1074 3782 1151">
    <p class='ocr_par' dir='ltr' id='par_1_25' title="bbox 2272 1074 3782 1151">
     <span class='ocr_line' id='line_1_25' title="bbox 2272 1074 3782 1151; baseline 0.007 -23"><span class='ocrx_word' id='word_1_192' title='bbox 2272 1074 2390 1144; x_wconf 85' lang='lat' dir='ltr'><strong>ipse</strong></span> <span class='ocrx_word' id='word_1_193' title='bbox 2419 1075 2564 1133; x_wconf 88' lang='lat' dir='ltr'><strong>aliud</strong></span> <span class='ocrx_word' id='word_1_194' title='bbox 2593 1091 2699 1135; x_wconf 86' lang='lat' dir='ltr'><strong>non</strong></span> <span class='ocrx_word' id='word_1_195' title='bbox 2727 1075 2819 1133; x_wconf 85' lang='lat' dir='ltr'><strong>sit.</strong></span> <span class='ocrx_word' id='word_1_196' title='bbox 2865 1077 3027 1145; x_wconf 81' lang='lat' dir='ltr'><strong>Quasi</strong></span> <span class='ocrx_word' id='word_1_197' title='bbox 3074 1090 3202 1133; x_wconf 87' lang='lat' dir='ltr'><strong>vero</strong></span> <span class='ocrx_word' id='word_1_198' title='bbox 3232 1076 3334 1131; x_wconf 85' lang='lat' dir='ltr'><strong>ulla</strong></span> <span class='ocrx_word' id='word_1_199' title='bbox 3363 1086 3582 1139; x_wconf 74' lang='lat' dir='ltr'><strong>creatura</strong></span> <span class='ocrx_word' id='word_1_200' title='bbox 3602 1081 3700 1151; x_wconf 76' lang='lat' dir='ltr'><strong>aliis</strong></span> <span class='ocrx_word' id='word_1_201' title='bbox 3729 1084 3782 1138; x_wconf 89' lang='lat' dir='ltr'><strong>sit</strong></span> 
     </span>
    </p>
   </div>
   <div class='ocr_carea' id='block_1_26' title="bbox 2269 1152 3780 1241">
    <p class='ocr_par' dir='ltr' id='par_1_26' title="bbox 2269 1152 3780 1241">
     <span class='ocr_line' id='line_1_26' title="bbox 2269 1152 3780 1241; baseline 0.002 -18"><span class='ocrx_word' id='word_1_202' title='bbox 2269 1166 2461 1225; x_wconf 86' lang='lat' dir='ltr'><strong>similis</strong></span> <span class='ocrx_word' id='word_1_203' title='bbox 2486 1209 2499 1234; x_wconf 95' lang='lat'><strong>,</strong></span> <span class='ocrx_word' id='word_1_204' title='bbox 2531 1178 2588 1222; x_wconf 87' lang='lat' dir='ltr'><strong>ut</strong></span> <span class='ocrx_word' id='word_1_205' title='bbox 2629 1167 2852 1238; x_wconf 83' lang='lat' dir='ltr'><strong>angelus</strong></span> <span class='ocrx_word' id='word_1_206' title='bbox 2884 1165 3088 1223; x_wconf 88' lang='lat' dir='ltr'><strong>homini</strong></span> <span class='ocrx_word' id='word_1_207' title='bbox 3113 1207 3130 1234; x_wconf 93' lang='lat'><strong>,</strong></span> <span class='ocrx_word' id='word_1_208' title='bbox 3165 1166 3325 1225; x_wconf 86' lang='lat' dir='ltr'><strong>homo</strong></span> <span class='ocrx_word' id='word_1_209' title='bbox 3350 1167 3465 1235; x_wconf 87' lang='lat' dir='ltr'><strong>avi,</strong></span> <span class='ocrx_word' id='word_1_210' title='bbox 3491 1171 3591 1225; x_wconf 86' lang='lat' dir='ltr'><strong>avis</strong></span> <span class='ocrx_word' id='word_1_211' title='bbox 3617 1152 3780 1241; x_wconf 75' lang='lat' dir='ltr'><strong>pecudi.</strong></span> 
     </span>
    </p>
   </div>
   <div class='ocr_carea' id='block_1_27' title="bbox 2275 1259 3783 1331">
    <p class='ocr_par' dir='ltr' id='par_1_27' title="bbox 2275 1259 3783 1331">
     <span class='ocr_line' id='line_1_27' title="bbox 2275 1259 3783 1331; baseline 0.003 -17"><span class='ocrx_word' id='word_1_212' title='bbox 2275 1259 2400 1315; x_wconf 70' lang='lat' dir='ltr'><strong>Hmc</strong></span> <span class='ocrx_word' id='word_1_213' title='bbox 2445 1262 2489 1316; x_wconf 92' lang='lat' dir='ltr'><strong>si</strong></span> <span class='ocrx_word' id='word_1_214' title='bbox 2538 1261 2790 1328; x_wconf 91' lang='lat' dir='ltr'><strong>mentior,</strong></span> <span class='ocrx_word' id='word_1_215' title='bbox 2826 1269 2991 1317; x_wconf 89' lang='lat' dir='ltr'><strong>testes</strong></span> <span class='ocrx_word' id='word_1_216' title='bbox 3037 1268 3166 1317; x_wconf 90' lang='lat' dir='ltr'><strong>sunt</strong></span> <span class='ocrx_word' id='word_1_217' title='bbox 3208 1261 3298 1331; x_wconf 92' lang='lat' dir='ltr'><strong>qui</strong></span> <span class='ocrx_word' id='word_1_218' title='bbox 3347 1261 3620 1331; x_wconf 85' lang='lat' dir='ltr'><strong>audierunt.</strong></span> <span class='ocrx_word' id='word_1_219' title='bbox 3666 1264 3783 1330; x_wconf 76' lang='lat' dir='ltr'><strong>Quod</strong></span> 
     </span>
    </p>
   </div>
   <div class='ocr_carea' id='block_1_28' title="bbox 2268 1354 3781 1425">
    <p class='ocr_par' dir='ltr' id='par_1_28' title="bbox 2268 1354 3781 1425">
     <span class='ocr_line' id='line_1_28' title="bbox 2268 1354 3781 1425; baseline 0.001 -18"><span class='ocrx_word' id='word_1_220' title='bbox 2268 1355 2311 1407; x_wconf 89' lang='lat' dir='ltr'><strong>si</strong></span> <span class='ocrx_word' id='word_1_221' title='bbox 2358 1365 2411 1408; x_wconf 85' lang='lat' dir='ltr'><strong>et</strong></span> <span class='ocrx_word' id='word_1_222' title='bbox 2478 1354 2580 1423; x_wconf 81' lang='lat' dir='ltr'><strong>ipsi</strong></span> <span class='ocrx_word' id='word_1_223' title='bbox 2639 1357 2921 1418; x_wconf 89' lang='lat' dir='ltr'><strong>tacebunt,</strong></span> <span class='ocrx_word' id='word_1_224' title='bbox 2973 1354 3209 1425; x_wconf 85' lang='lat' dir='ltr'><strong>loquitur</strong></span> <span class='ocrx_word' id='word_1_225' title='bbox 3256 1370 3455 1409; x_wconf 90' lang='lat' dir='ltr'><strong>mecum</strong></span> <span class='ocrx_word' id='word_1_226' title='bbox 3508 1355 3721 1410; x_wconf 73' lang='lat' dir='ltr'><strong>defensus</strong></span> <span class='ocrx_word' id='word_1_227' title='bbox 3761 1373 3781 1409; x_wconf 86' lang='lat' dir='ltr'><strong>a</strong></span> 
     </span>
    </p>
   </div>
   <div class='ocr_carea' id='block_1_29' title="bbox 2266 1448 3784 1521">
    <p class='ocr_par' dir='ltr' id='par_1_29' title="bbox 2266 1448 3784 1521">
     <span class='ocr_line' id='line_1_29' title="bbox 2266 1448 3784 1521; baseline 0.001 -21"><span class='ocrx_word' id='word_1_228' title='bbox 2266 1449 2422 1504; x_wconf 81' lang='lat' dir='ltr'><strong>vobis</strong></span> <span class='ocrx_word' id='word_1_229' title='bbox 2469 1449 2785 1518; x_wconf 81' lang='lat' dir='ltr'><strong>impiissime</strong></span> <span class='ocrx_word' id='word_1_230' title='bbox 2811 1448 2945 1504; x_wconf 88' lang='lat' dir='ltr'><strong>liber</strong></span> <span class='ocrx_word' id='word_1_231' title='bbox 2976 1457 3174 1511; x_wconf 88' lang='lat' dir='ltr'><strong>vester,</strong></span> <span class='ocrx_word' id='word_1_232' title='bbox 3202 1449 3255 1504; x_wconf 90' lang='lat' dir='ltr'><strong>in</strong></span> <span class='ocrx_word' id='word_1_233' title='bbox 3286 1464 3389 1519; x_wconf 87' lang='lat' dir='ltr'><strong>quo</strong></span> <span class='ocrx_word' id='word_1_234' title='bbox 3413 1454 3466 1503; x_wconf 86' lang='lat' dir='ltr'><strong>ut</strong></span> <span class='ocrx_word' id='word_1_235' title='bbox 3493 1452 3659 1504; x_wconf 87' lang='lat' dir='ltr'><strong>vitrum</strong></span> <span class='ocrx_word' id='word_1_236' title='bbox 3686 1451 3784 1521; x_wconf 78' lang='lat' dir='ltr'><strong>ltyzt-</strong></span> 
     </span>
    </p>
   </div>
   <div class='ocr_carea' id='block_1_30' title="bbox 2263 1539 3789 1607">
    <p class='ocr_par' dir='ltr' id='par_1_30' title="bbox 2263 1539 3789 1607">
     <span class='ocr_line' id='line_1_30' title="bbox 2263 1539 3789 1607; baseline 0.001 -13"><span class='ocrx_word' id='word_1_237' title='bbox 2263 1541 2469 1607; x_wconf 89' lang='lat' dir='ltr'><strong>cintbo,</strong></span> <span class='ocrx_word' id='word_1_238' title='bbox 2503 1542 2572 1594; x_wconf 92' lang='lat' dir='ltr'><strong>ita</strong></span> <span class='ocrx_word' id='word_1_239' title='bbox 2613 1540 2779 1596; x_wconf 83' lang='lat' dir='ltr'><strong>Filius</strong></span> <span class='ocrx_word' id='word_1_240' title='bbox 2815 1542 2959 1596; x_wconf 84' lang='lat' dir='ltr'><strong>Patri</strong></span> <span class='ocrx_word' id='word_1_241' title='bbox 2984 1582 2999 1607; x_wconf 93' lang='lat'><strong>,</strong></span> <span class='ocrx_word' id='word_1_242' title='bbox 3027 1550 3083 1596; x_wconf 89' lang='lat' dir='ltr'><strong>et</strong></span> <span class='ocrx_word' id='word_1_243' title='bbox 3113 1541 3225 1596; x_wconf 85' lang='lat' dir='ltr'><strong>Deo</strong></span> <span class='ocrx_word' id='word_1_244' title='bbox 3251 1539 3491 1596; x_wconf 83' lang='lat' dir='ltr'><strong>Christus</strong></span> <span class='ocrx_word' id='word_1_245' title='bbox 3516 1541 3789 1602; x_wconf 62' lang='lat' dir='ltr'><strong>alienusest</strong></span> 
     </span>
    </p>
   </div>
   <div class='ocr_carea' id='block_1_31' title="bbox 2267 1633 3792 1707">
    <p class='ocr_par' dir='ltr' id='par_1_31' title="bbox 2267 1633 3792 1707">
     <span class='ocr_line' id='line_1_31' title="bbox 2267 1633 3792 1707; baseline 0.001 -18"><span class='ocrx_word' id='word_1_246' title='bbox 2267 1635 2496 1700; x_wconf 86' lang='lat' dir='ltr'><strong>Deinde,</strong></span> <span class='ocrx_word' id='word_1_247' title='bbox 2529 1636 2579 1688; x_wconf 90' lang='lat' dir='ltr'><strong>in</strong></span> <span class='ocrx_word' id='word_1_248' title='bbox 2609 1650 2716 1705; x_wconf 88' lang='lat' dir='ltr'><strong>quo</strong></span> <span class='ocrx_word' id='word_1_249' title='bbox 2744 1635 2912 1707; x_wconf 65' lang='grc' dir='ltr'><strong>ωδ</strong></span> <span class='ocrx_word' id='word_1_250' title='bbox 2934 1634 3215 1690; x_wconf 83' lang='lat' dir='ltr'><strong>audientes</strong></span> <span class='ocrx_word' id='word_1_251' title='bbox 3242 1633 3497 1691; x_wconf 77' lang='lat' dir='ltr'><strong>fefellistis</strong></span> <span class='ocrx_word' id='word_1_252' title='bbox 3518 1675 3533 1700; x_wconf 93' lang='lat'><strong>,</strong></span> <span class='ocrx_word' id='word_1_253' title='bbox 3563 1644 3613 1689; x_wconf 91' lang='lat' dir='ltr'><strong>ut</strong></span> <span class='ocrx_word' id='word_1_254' title='bbox 3633 1652 3720 1692; x_wconf 83' lang='lat' dir='ltr'><strong>non</strong></span> <span class='ocrx_word' id='word_1_255' title='bbox 3741 1638 3792 1691; x_wconf 82' lang='lat' dir='ltr'><strong>de</strong></span> 
     </span>
    </p>
   </div>
   <div class='ocr_carea' id='block_1_32' title="bbox 560 1718 3795 1799">
    <p class='ocr_par' dir='ltr' id='par_1_32' title="bbox 560 1718 3795 1799">
     <span class='ocr_line' id='line_1_32' title="bbox 560 1718 3795 1799; baseline 0.001 -20"><span class='ocrx_word' id='word_1_256' title='bbox 560 1724 776 1780; x_wconf 82' lang='lat' dir='ltr'><strong>Adeunt</strong></span> <span class='ocrx_word' id='word_1_257' title='bbox 817 1723 1013 1780; x_wconf 87' lang='lat' dir='ltr'><strong>deinde</strong></span> <span class='ocrx_word' id='word_1_258' title='bbox 1070 1740 1163 1778; x_wconf 82' lang='lat' dir='ltr'><strong>vos</strong></span> <span class='ocrx_word' id='word_1_259' title='bbox 1212 1740 1316 1777; x_wconf 90' lang='lat' dir='ltr'><strong>non</strong></span> <span class='ocrx_word' id='word_1_260' title='bbox 1370 1724 1833 1778; x_wconf 82' lang='lat' dir='ltr'><strong>communicantes</strong></span> <span class='ocrx_word' id='word_1_261' title='bbox 1886 1723 2161 1793; x_wconf 76' lang='lat' dir='ltr'><strong>episcopis</strong></span> <span class='ocrx_word' id='word_1_262' title='bbox 2192 1718 2239 1783; x_wconf 87' lang='grc' dir='ltr'>Β</span> <span class='ocrx_word' id='word_1_263' title='bbox 2269 1728 2428 1782; x_wconf 91' lang='lat' dir='ltr'><strong>nullis</strong></span> <span class='ocrx_word' id='word_1_264' title='bbox 2455 1726 2789 1787; x_wconf 80' lang='lat' dir='ltr'><strong>exstantibus</strong></span> <span class='ocrx_word' id='word_1_265' title='bbox 2817 1729 2922 1795; x_wconf 89' lang='lat' dir='ltr'><strong>sit,</strong></span> <span class='ocrx_word' id='word_1_266' title='bbox 2966 1727 3061 1783; x_wconf 88' lang='lat' dir='ltr'><strong>sed</strong></span> <span class='ocrx_word' id='word_1_267' title='bbox 3091 1744 3156 1782; x_wconf 76' lang='lat' dir='ltr'><strong>ea:</strong></span> <span class='ocrx_word' id='word_1_268' title='bbox 3176 1725 3322 1797; x_wconf 85' lang='lat' dir='ltr'><strong>Deo;</strong></span> <span class='ocrx_word' id='word_1_269' title='bbox 3362 1728 3600 1799; x_wconf 80' lang='lat' dir='ltr'><strong>numquid</strong></span> <span class='ocrx_word' id='word_1_270' title='bbox 3634 1738 3679 1783; x_wconf 90' lang='lat' dir='ltr'><strong>et</strong></span> <span class='ocrx_word' id='word_1_271' title='bbox 3701 1730 3795 1797; x_wconf 80' lang='lat' dir='ltr'><strong>quia</strong></span> 
     </span>
    </p>
   </div>
   <div class='ocr_carea' id='block_1_33' title="bbox 563 1814 2154 1889">
    <p class='ocr_par' dir='ltr' id='par_1_33' title="bbox 563 1814 2154 1889">
     <span class='ocr_line' id='line_1_33' title="bbox 563 1814 2154 1889; baseline -0.001 -18"><span class='ocrx_word' id='word_1_272' title='bbox 563 1817 756 1889; x_wconf 83' lang='lat' dir='ltr'><strong>synodi</strong></span> <span class='ocrx_word' id='word_1_273' title='bbox 787 1817 943 1888; x_wconf 82' lang='lat' dir='ltr'><strong>legati</strong></span> <span class='ocrx_word' id='word_1_274' title='bbox 970 1816 1274 1872; x_wconf 73' lang='lat' dir='ltr'><strong>Orientales</strong></span> <span class='ocrx_word' id='word_1_275' title='bbox 1302 1856 1316 1881; x_wconf 92' lang='lat'><strong>,</strong></span> <span class='ocrx_word' id='word_1_276' title='bbox 1366 1825 1513 1886; x_wconf 86' lang='lat' dir='ltr'><strong>gesta</strong></span> <span class='ocrx_word' id='word_1_277' title='bbox 1557 1816 1735 1870; x_wconf 87' lang='lat' dir='ltr'><strong>omnia</strong></span> <span class='ocrx_word' id='word_1_278' title='bbox 1785 1814 2047 1877; x_wconf 88' lang='lat' dir='ltr'><strong>edocent,</strong></span> <span class='ocrx_word' id='word_1_279' title='bbox 2084 1814 2154 1886; x_wconf 89' lang='lat' dir='ltr'><strong>(c)</strong></span> 
     </span>
    </p>
   </div>
   <div class='ocr_carea' id='block_1_34' title="bbox 557 1908 2158 1980">
    <p class='ocr_par' dir='ltr' id='par_1_34' title="bbox 557 1908 2158 1980">
     <span class='ocr_line' id='line_1_34' title="bbox 557 1908 2158 1980; baseline -0.002 -14"><span class='ocrx_word' id='word_1_280' title='bbox 557 1910 864 1966; x_wconf 80' lang='lat' dir='ltr'><strong>damnatam</strong></span> <span class='ocrx_word' id='word_1_281' title='bbox 925 1925 1140 1980; x_wconf 89' lang='lat' dir='ltr'><strong>quoque</strong></span> <span class='ocrx_word' id='word_1_282' title='bbox 1197 1908 1446 1964; x_wconf 74' lang='lat' dir='ltr'><strong>hmresim</strong></span> <span class='ocrx_word' id='word_1_283' title='bbox 1478 1908 1854 1964; x_wconf 87' lang='lat' dir='ltr'><strong>demonstrant</strong></span> <span class='ocrx_word' id='word_1_284' title='bbox 1902 1925 1914 1961; x_wconf 89' lang='lat'><strong>:</strong></span> <span class='ocrx_word' id='word_1_285' title='bbox 1975 1922 2158 1962; x_wconf 88' lang='lat' dir='ltr'><strong>nonne</strong></span> 
     </span>
    </p>
   </div>
   <div class='ocr_carea' id='block_1_35' title="bbox 554 2000 2159 2073">
    <p class='ocr_par' dir='ltr' id='par_1_35' title="bbox 554 2000 2159 2073">
     <span class='ocr_line' id='line_1_35' title="bbox 554 2000 2159 2073; baseline 0 -15"><span class='ocrx_word' id='word_1_286' title='bbox 554 2004 883 2073; x_wconf 77' lang='lat' dir='ltr'><strong>Oportnisset</strong></span> <span class='ocrx_word' id='word_1_287' title='bbox 936 2018 1032 2058; x_wconf 81' lang='lat' dir='ltr'><strong>vos</strong></span> <span class='ocrx_word' id='word_1_288' title='bbox 1080 2002 1269 2058; x_wconf 84' lang='lat' dir='ltr'><strong>saltem</strong></span> <span class='ocrx_word' id='word_1_289' title='bbox 1317 2002 1402 2056; x_wconf 87' lang='lat' dir='ltr'><strong>vel</strong></span> <span class='ocrx_word' id='word_1_290' title='bbox 1451 2017 1591 2058; x_wconf 90' lang='lat' dir='ltr'><strong>nunc</strong></span> <span class='ocrx_word' id='word_1_291' title='bbox 1638 2002 1903 2056; x_wconf 82' lang='lat' dir='ltr'><strong>absistere</strong></span> <span class='ocrx_word' id='word_1_292' title='bbox 1943 2000 2062 2071; x_wconf 78' lang='grc' dir='ltr'><strong>(ιι),</strong></span> <span class='ocrx_word' id='word_1_293' title='bbox 2103 2011 2159 2058; x_wconf 87' lang='lat' dir='ltr'><strong>et</strong></span> 
     </span>
    </p>
   </div>
   <div class='ocr_carea' id='block_1_36' title="bbox 553 2095 2158 2166">
    <p class='ocr_par' dir='ltr' id='par_1_36' title="bbox 553 2095 2158 2166">
     <span class='ocr_line' id='line_1_36' title="bbox 553 2095 2158 2166; baseline -0.001 -14"><span class='ocrx_word' id='word_1_294' title='bbox 553 2106 867 2152; x_wconf 85' lang='lat' dir='ltr'><strong>cunctarum</strong></span> <span class='ocrx_word' id='word_1_295' title='bbox 920 2096 1372 2166; x_wconf 85' lang='lat' dir='ltr'><strong>disceptationum</strong></span> <span class='ocrx_word' id='word_1_296' title='bbox 1418 2104 1662 2155; x_wconf 87' lang='lat' dir='ltr'><strong>tenorem</strong></span> <span class='ocrx_word' id='word_1_297' title='bbox 1702 2095 1928 2155; x_wconf 83' lang='lat' dir='ltr'><strong>arbitrio</strong></span> <span class='ocrx_word' id='word_1_298' title='bbox 1978 2110 2158 2152; x_wconf 84' lang='lat' dir='ltr'><strong>reser—</strong></span> 
     </span>
    </p>
   </div>
   <div class='ocr_carea' id='block_1_37' title="bbox 552 2189 2145 2259">
    <p class='ocr_par' dir='ltr' id='par_1_37' title="bbox 552 2189 2145 2259">
     <span class='ocr_line' id='line_1_37' title="bbox 552 2189 2145 2259; baseline 0 -14"><span class='ocrx_word' id='word_1_299' title='bbox 552 2190 709 2245; x_wconf 84' lang='lat' dir='ltr'><strong>vari?</strong></span> <span class='ocrx_word' id='word_1_300' title='bbox 740 2190 846 2247; x_wconf 86' lang='lat' dir='ltr'><strong>Sed</strong></span> <span class='ocrx_word' id='word_1_301' title='bbox 877 2190 1060 2245; x_wconf 83' lang='lat' dir='ltr'><strong>nescio</strong></span> <span class='ocrx_word' id='word_1_302' title='bbox 1083 2189 1236 2259; x_wconf 85' lang='lat' dir='ltr'><strong>cujus</strong></span> <span class='ocrx_word' id='word_1_303' title='bbox 1268 2189 1554 2245; x_wconf 84' lang='lat' dir='ltr'><strong>voluntatis</strong></span> <span class='ocrx_word' id='word_1_304' title='bbox 1588 2200 1782 2245; x_wconf 83' lang='lat' dir='ltr'><strong>vestrae</strong></span> <span class='ocrx_word' id='word_1_305' title='bbox 1809 2190 2145 2253; x_wconf 86' lang='lat' dir='ltr'><strong>conscientia</strong></span> 
     </span>
    </p>
   </div>
   <div class='ocr_carea' id='block_1_38' title="bbox 551 2280 2150 2354">
    <p class='ocr_par' dir='ltr' id='par_1_38' title="bbox 551 2280 2150 2354">
     <span class='ocr_line' id='line_1_38' title="bbox 551 2280 2150 2354; baseline -0.001 -14"><span class='ocrx_word' id='word_1_306' title='bbox 551 2286 682 2341; x_wconf 86' lang='lat' dir='ltr'><strong>recti</strong></span> <span class='ocrx_word' id='word_1_307' title='bbox 724 2284 983 2354; x_wconf 90' lang='lat' dir='ltr'><strong>judicium</strong></span> <span class='ocrx_word' id='word_1_308' title='bbox 1031 2298 1139 2338; x_wconf 89' lang='lat' dir='ltr'><strong>non</strong></span> <span class='ocrx_word' id='word_1_309' title='bbox 1188 2283 1485 2352; x_wconf 87' lang='lat' dir='ltr'><strong>recepistis.</strong></span> <span class='ocrx_word' id='word_1_310' title='bbox 1542 2280 1747 2339; x_wconf 84' lang='lat' dir='ltr'><strong>Vestris</strong></span> <span class='ocrx_word' id='word_1_311' title='bbox 1798 2282 1940 2338; x_wconf 89' lang='lat' dir='ltr'><strong>enim</strong></span> <span class='ocrx_word' id='word_1_312' title='bbox 1969 2284 2150 2338; x_wconf 86' lang='lat' dir='ltr'><strong>statim</strong></span> 
     </span>
    </p>
   </div>
   <div class='ocr_carea' id='block_1_39' title="bbox 554 2374 2152 2448">
    <p class='ocr_par' dir='ltr' id='par_1_39' title="bbox 554 2374 2152 2448">
     <span class='ocr_line' id='line_1_39' title="bbox 554 2374 2152 2448; baseline -0.001 -17"><span class='ocrx_word' id='word_1_313' title='bbox 554 2377 917 2448; x_wconf 80' lang='lat' dir='ltr'><strong>aggregamini</strong></span> <span class='ocrx_word' id='word_1_314' title='bbox 940 2418 954 2441; x_wconf 95' lang='lat'><strong>,</strong></span> <span class='ocrx_word' id='word_1_315' title='bbox 1000 2385 1053 2431; x_wconf 90' lang='lat' dir='ltr'><strong>et</strong></span> <span class='ocrx_word' id='word_1_316' title='bbox 1080 2374 1538 2445; x_wconf 81' lang='lat' dir='ltr'><strong>blasphemiarum</strong></span> <span class='ocrx_word' id='word_1_317' title='bbox 1570 2382 1874 2431; x_wconf 85' lang='lat' dir='ltr'><strong>vestrarum</strong></span> <span class='ocrx_word' id='word_1_318' title='bbox 1903 2389 2152 2435; x_wconf 82' lang='lat' dir='ltr'><strong>commu-</strong></span> 
     </span>
    </p>
   </div>
   <div class='ocr_carea' id='block_1_40' title="bbox 549 2466 2147 2541">
    <p class='ocr_par' dir='ltr' id='par_1_40' title="bbox 549 2466 2147 2541">
     <span class='ocr_line' id='line_1_40' title="bbox 549 2466 2147 2541; baseline -0.002 -16"><span class='ocrx_word' id='word_1_319' title='bbox 549 2473 763 2526; x_wconf 89' lang='lat' dir='ltr'><strong>nionem</strong></span> <span class='ocrx_word' id='word_1_320' title='bbox 797 2468 869 2541; x_wconf 76' lang='grc' dir='ltr'><strong>(ε)</strong></span> <span class='ocrx_word' id='word_1_321' title='bbox 911 2470 1087 2523; x_wconf 89' lang='lat' dir='ltr'><strong>initis:</strong></span> <span class='ocrx_word' id='word_1_322' title='bbox 1119 2482 1219 2524; x_wconf 86' lang='lat' dir='ltr'><strong>nec</strong></span> <span class='ocrx_word' id='word_1_323' title='bbox 1250 2467 1301 2522; x_wconf 91' lang='lat' dir='ltr'><strong>id</strong></span> <span class='ocrx_word' id='word_1_324' title='bbox 1339 2468 1529 2522; x_wconf 87' lang='lat' dir='ltr'><strong>saltem</strong></span> <span class='ocrx_word' id='word_1_325' title='bbox 1561 2466 1770 2522; x_wconf 85' lang='lat' dir='ltr'><strong>consilii</strong></span> <span class='ocrx_word' id='word_1_326' title='bbox 1798 2467 2030 2533; x_wconf 88' lang='lat' dir='ltr'><strong>sumitis,</strong></span> <span class='ocrx_word' id='word_1_327' title='bbox 2062 2467 2147 2522; x_wconf 90' lang='lat' dir='ltr'><strong>sin</strong></span> 
     </span>
    </p>
   </div>
   <div class='ocr_carea' id='block_1_41' title="bbox 549 2558 2148 2633">
    <p class='ocr_par' dir='ltr' id='par_1_41' title="bbox 549 2558 2148 2633">
     <span class='ocr_line' id='line_1_41' title="bbox 549 2558 2148 2633; baseline -0.002 -17"><span class='ocrx_word' id='word_1_328' title='bbox 549 2563 719 2633; x_wconf 90' lang='lat' dir='ltr'><strong>pudor</strong></span> <span class='ocrx_word' id='word_1_329' title='bbox 747 2562 958 2632; x_wconf 89' lang='lat' dir='ltr'><strong>aliquos</strong></span> <span class='ocrx_word' id='word_1_330' title='bbox 988 2560 1296 2625; x_wconf 73' lang='lat' dir='ltr'><strong>fefellisset,</strong></span> <span class='ocrx_word' id='word_1_331' title='bbox 1338 2558 1736 2617; x_wconf 85' lang='lat' dir='ltr'><strong>Ariminensem</strong></span> <span class='ocrx_word' id='word_1_332' title='bbox 1760 2558 2026 2630; x_wconf 84' lang='lat' dir='ltr'><strong>synodum</strong></span> <span class='ocrx_word' id='word_1_333' title='bbox 2053 2573 2148 2613; x_wconf 77' lang='lat' dir='ltr'><strong>ex-</strong></span> 
     </span>
    </p>
   </div>
   <div class='ocr_carea' id='block_1_42' title="bbox 548 2648 2146 2709">
    <p class='ocr_par' dir='ltr' id='par_1_42' title="bbox 548 2648 2146 2709">
     <span class='ocr_line' id='line_1_42' title="bbox 548 2648 2146 2709; baseline -0.004 0"><span class='ocrx_word' id='word_1_334' title='bbox 548 2654 745 2709; x_wconf 89' lang='lat' dir='ltr'><strong>timari.</strong></span> <span class='ocrx_word' id='word_1_335' title='bbox 779 2653 970 2708; x_wconf 89' lang='lat' dir='ltr'><strong>Dolum</strong></span> <span class='ocrx_word' id='word_1_336' title='bbox 993 2655 1138 2708; x_wconf 90' lang='lat' dir='ltr'><strong>enim</strong></span> <span class='ocrx_word' id='word_1_337' title='bbox 1163 2659 1400 2707; x_wconf 89' lang='lat' dir='ltr'><strong>vestrum</strong></span> <span class='ocrx_word' id='word_1_338' title='bbox 1425 2650 1480 2704; x_wconf 88' lang='lat' dir='ltr'><strong>in</strong></span> <span class='ocrx_word' id='word_1_339' title='bbox 1499 2665 1604 2709; x_wconf 90' lang='lat' dir='ltr'><strong>non</strong></span> <span class='ocrx_word' id='word_1_340' title='bbox 1627 2648 2146 2709; x_wconf 82' lang='lat' dir='ltr'><strong>anathematizandis</strong></span> 
     </span>
    </p>
   </div>
   <div class='ocr_carea' id='block_1_43' title="bbox 542 2733 1304 2815">
    <p class='ocr_par' dir='ltr' id='par_1_43' title="bbox 542 2733 1304 2815">
     <span class='ocr_line' id='line_1_43' title="bbox 542 2733 1304 2815; baseline -0.004 -16"><span class='ocrx_word' id='word_1_341' title='bbox 542 2745 737 2801; x_wconf 85' lang='lat' dir='ltr'><strong>vestris</strong></span> <span class='ocrx_word' id='word_1_342' title='bbox 757 2733 939 2801; x_wconf 79' lang='lat' dir='ltr'><strong>statim</strong></span> <span class='ocrx_word' id='word_1_343' title='bbox 971 2744 1304 2815; x_wconf 86' lang='lat' dir='ltr'><strong>prodidistis.</strong></span> 
     </span>
    </p>
   </div>
   <div class='ocr_carea' id='block_1_44' title="bbox 612 2837 2146 2911">
    <p class='ocr_par' dir='ltr' id='par_1_44' title="bbox 612 2837 2146 2911">
     <span class='ocr_line' id='line_1_44' title="bbox 612 2837 2146 2911; baseline -0.004 -13"><span class='ocrx_word' id='word_1_344' title='bbox 612 2845 667 2899; x_wconf 77' lang='lat'><strong>5.</strong></span> <span class='ocrx_word' id='word_1_345' title='bbox 723 2840 1008 2911; x_wconf 79' lang='lat' dir='ltr'><strong>Perﬁdiam</strong></span> <span class='ocrx_word' id='word_1_346' title='bbox 1032 2841 1118 2910; x_wconf 86' lang='lat' dir='ltr'><strong>qui</strong></span> <span class='ocrx_word' id='word_1_347' title='bbox 1149 2839 1489 2910; x_wconf 78' lang='lat' dir='ltr'><strong>prodiderint.</strong></span> <span class='ocrx_word' id='word_1_348' title='bbox 1538 2838 1641 2905; x_wconf 79' lang='lat' dir='ltr'><strong>Qui</strong></span> <span class='ocrx_word' id='word_1_349' title='bbox 1683 2839 1847 2907; x_wconf 84' lang='lat' dir='ltr'><strong>[ilium</strong></span> <span class='ocrx_word' id='word_1_350' title='bbox 1881 2837 2055 2894; x_wconf 84' lang='lat' dir='ltr'><strong>nolint</strong></span> <span class='ocrx_word' id='word_1_351' title='bbox 2086 2848 2146 2892; x_wconf 87' lang='lat' dir='ltr'><strong>ut</strong></span> 
     </span>
    </p>
   </div>
   <div class='ocr_carea' id='block_1_45' title="bbox 539 2934 2143 3009">
    <p class='ocr_par' dir='ltr' id='par_1_45' title="bbox 539 2934 2143 3009">
     <span class='ocr_line' id='line_1_45' title="bbox 539 2934 2143 3009; baseline -0.002 -16"><span class='ocrx_word' id='word_1_352' title='bbox 539 2947 749 2993; x_wconf 71' lang='lat' dir='ltr'><strong>crateras</strong></span> <span class='ocrx_word' id='word_1_353' title='bbox 780 2940 1031 3009; x_wconf 73' lang='lat' dir='ltr'><strong>facturas.</strong></span> <span class='ocrx_word' id='word_1_354' title='bbox 1066 2935 1169 3002; x_wconf 84' lang='lat' dir='ltr'><strong>Qui</strong></span> <span class='ocrx_word' id='word_1_355' title='bbox 1192 2935 1349 2990; x_wconf 82' lang='lat' dir='ltr'><strong>velint</strong></span> <span class='ocrx_word' id='word_1_356' title='bbox 1396 2952 1459 2989; x_wconf 78' lang='lat' dir='ltr'><strong>ea:</strong></span> <span class='ocrx_word' id='word_1_357' title='bbox 1504 2934 1630 2990; x_wconf 88' lang='lat' dir='ltr'><strong>Deo.</strong></span> <span class='ocrx_word' id='word_1_358' title='bbox 1690 2936 1790 3001; x_wconf 84' lang='lat' dir='ltr'><strong>Qui</strong></span> <span class='ocrx_word' id='word_1_359' title='bbox 1843 2943 2143 3002; x_wconf 78' lang='lat' dir='ltr'><strong>wternum;</strong></span> 
     </span>
    </p>
   </div>
   <div class='ocr_carea' id='block_1_46' title="bbox 2267 1819 3795 1889">
    <p class='ocr_par' dir='ltr' id='par_1_46' title="bbox 2267 1819 3795 1889">
     <span class='ocr_line' id='line_1_46' title="bbox 2267 1819 3795 1889; baseline 0.002 -16"><span class='ocrx_word' id='word_1_360' title='bbox 2267 1820 2367 1876; x_wconf 88' lang='lat' dir='ltr'><strong>hoc</strong></span> <span class='ocrx_word' id='word_1_361' title='bbox 2393 1835 2423 1875; x_wconf 91' lang='lat' dir='ltr'><strong>a</strong></span> <span class='ocrx_word' id='word_1_362' title='bbox 2460 1819 2610 1875; x_wconf 87' lang='lat' dir='ltr'><strong>vobis</strong></span> <span class='ocrx_word' id='word_1_363' title='bbox 2638 1820 2837 1875; x_wconf 79' lang='lat' dir='ltr'><strong>dit‘llltil</strong></span> <span class='ocrx_word' id='word_1_364' title='bbox 2868 1820 2939 1873; x_wconf 90' lang='lat' dir='ltr'><strong>sit</strong></span> <span class='ocrx_word' id='word_1_365' title='bbox 2967 1860 2983 1885; x_wconf 93' lang='lat'><strong>,</strong></span> <span class='ocrx_word' id='word_1_366' title='bbox 3016 1819 3295 1883; x_wconf 88' lang='lat' dir='ltr'><strong>simulatio</strong></span> <span class='ocrx_word' id='word_1_367' title='bbox 3336 1835 3445 1889; x_wconf 83' lang='lat' dir='ltr'><strong>non</strong></span> <span class='ocrx_word' id='word_1_368' title='bbox 3476 1820 3667 1889; x_wconf 74' lang='lat' dir='ltr'><strong>patuit?</strong></span> <span class='ocrx_word' id='word_1_369' title='bbox 3702 1836 3795 1876; x_wconf 82' lang='lat' dir='ltr'><strong>cum</strong></span> 
     </span>
    </p>
   </div>
   <div class='ocr_carea' id='block_1_47' title="bbox 2263 1911 3799 1983">
    <p class='ocr_par' dir='ltr' id='par_1_47' title="bbox 2263 1911 3799 1983">
     <span class='ocr_line' id='line_1_47' title="bbox 2263 1911 3799 1983; baseline 0.001 -17"><span class='ocrx_word' id='word_1_370' title='bbox 2263 1912 2385 1971; x_wconf 88' lang='lat' dir='ltr'><strong>ideo</strong></span> <span class='ocrx_word' id='word_1_371' title='bbox 2417 1928 2522 1967; x_wconf 91' lang='lat' dir='ltr'><strong>non</strong></span> <span class='ocrx_word' id='word_1_372' title='bbox 2551 1911 2619 1969; x_wconf 91' lang='lat' dir='ltr'><strong>de</strong></span> <span class='ocrx_word' id='word_1_373' title='bbox 2650 1911 2811 1973; x_wconf 89' lang='lat' dir='ltr'><strong>nullis</strong></span> <span class='ocrx_word' id='word_1_374' title='bbox 2839 1913 3174 1981; x_wconf 73' lang='lat' dir='ltr'><strong>exstantibus</strong></span> <span class='ocrx_word' id='word_1_375' title='bbox 3197 1954 3212 1983; x_wconf 91' lang='lat'><strong>,</strong></span> <span class='ocrx_word' id='word_1_376' title='bbox 3256 1912 3350 1981; x_wconf 85' lang='lat' dir='ltr'><strong>sed</strong></span> <span class='ocrx_word' id='word_1_377' title='bbox 3380 1928 3444 1968; x_wconf 78' lang='lat' dir='ltr'><strong>ex</strong></span> <span class='ocrx_word' id='word_1_378' title='bbox 3478 1914 3577 1969; x_wconf 87' lang='lat' dir='ltr'><strong>Deo</strong></span> <span class='ocrx_word' id='word_1_379' title='bbox 3597 1956 3610 1980; x_wconf 92' lang='lat'><strong>,</strong></span> <span class='ocrx_word' id='word_1_380' title='bbox 3639 1928 3799 1973; x_wconf 79' lang='lat' dir='ltr'><strong>secun-</strong></span> 
     </span>
    </p>
   </div>
   <div class='ocr_carea' id='block_1_48' title="bbox 2260 2003 3800 2077">
    <p class='ocr_par' dir='ltr' id='par_1_48' title="bbox 2260 2003 3800 2077">
     <span class='ocr_line' id='line_1_48' title="bbox 2260 2003 3800 2077; baseline -0.001 -18"><span class='ocrx_word' id='word_1_381' title='bbox 2260 2003 2387 2059; x_wconf 90' lang='lat' dir='ltr'><strong>dum</strong></span> <span class='ocrx_word' id='word_1_382' title='bbox 2433 2015 2666 2060; x_wconf 87' lang='lat' dir='ltr'><strong>vestram</strong></span> <span class='ocrx_word' id='word_1_383' title='bbox 2697 2005 3089 2074; x_wconf 88' lang='lat' dir='ltr'><strong>professionem</strong></span> <span class='ocrx_word' id='word_1_384' title='bbox 3123 2006 3192 2067; x_wconf 88' lang='lat' dir='ltr'><strong>sit</strong></span> <span class='ocrx_word' id='word_1_385' title='bbox 3218 2045 3233 2075; x_wconf 86' lang='lat'><strong>,</strong></span> <span class='ocrx_word' id='word_1_386' title='bbox 3269 2004 3390 2077; x_wconf 87' lang='lat' dir='ltr'><strong>quia</strong></span> <span class='ocrx_word' id='word_1_387' title='bbox 3417 2004 3581 2065; x_wconf 88' lang='lat' dir='ltr'><strong>eidem</strong></span> <span class='ocrx_word' id='word_1_388' title='bbox 3601 2005 3800 2063; x_wconf 76' lang='lat' dir='ltr'><strong>voluntas</strong></span> 
     </span>
    </p>
   </div>
   <div class='ocr_carea' id='block_1_49' title="bbox 2259 2095 3802 2168">
    <p class='ocr_par' dir='ltr' id='par_1_49' title="bbox 2259 2095 3802 2168">
     <span class='ocr_line' id='line_1_49' title="bbox 2259 2095 3802 2168; baseline -0.001 -18"><span class='ocrx_word' id='word_1_389' title='bbox 2259 2098 2325 2153; x_wconf 91' lang='lat' dir='ltr'><strong>ad</strong></span> <span class='ocrx_word' id='word_1_390' title='bbox 2350 2098 2428 2164; x_wconf 90' lang='lat' dir='ltr'><strong>id,</strong></span> <span class='ocrx_word' id='word_1_391' title='bbox 2461 2099 2603 2168; x_wconf 88' lang='lat' dir='ltr'><strong>quod</strong></span> <span class='ocrx_word' id='word_1_392' title='bbox 2634 2098 2913 2167; x_wconf 82' lang='lat' dir='ltr'><strong>subsistat,</strong></span> <span class='ocrx_word' id='word_1_393' title='bbox 2943 2098 3225 2165; x_wconf 77' lang='lat' dir='ltr'><strong>exordium</strong></span> <span class='ocrx_word' id='word_1_394' title='bbox 3247 2098 3426 2154; x_wconf 86' lang='lat' dir='ltr'><strong>fuerit.</strong></span> <span class='ocrx_word' id='word_1_395' title='bbox 3451 2097 3657 2154; x_wconf 81' lang='lat' dir='ltr'><strong>Mentior</strong></span> <span class='ocrx_word' id='word_1_396' title='bbox 3671 2095 3802 2153; x_wconf 74' lang='lat' dir='ltr'><strong>sane?</strong></span> 
     </span>
    </p>
   </div>
   <div class='ocr_carea' id='block_1_50' title="bbox 2255 2189 3795 2258">
    <p class='ocr_par' dir='ltr' id='par_1_50' title="bbox 2255 2189 3795 2258">
     <span class='ocr_line' id='line_1_50' title="bbox 2255 2189 3795 2258; baseline -0.003 -11"><span class='ocrx_word' id='word_1_397' title='bbox 2255 2194 2299 2247; x_wconf 91' lang='lat' dir='ltr'><strong>si</strong></span> <span class='ocrx_word' id='word_1_398' title='bbox 2335 2209 2440 2249; x_wconf 89' lang='lat' dir='ltr'><strong>non</strong></span> <span class='ocrx_word' id='word_1_399' title='bbox 2488 2195 2539 2247; x_wconf 91' lang='lat' dir='ltr'><strong>in</strong></span> <span class='ocrx_word' id='word_1_400' title='bbox 2571 2193 2927 2253; x_wconf 87' lang='lat' dir='ltr'><strong>conventibus</strong></span> <span class='ocrx_word' id='word_1_401' title='bbox 2973 2207 3069 2258; x_wconf 87' lang='lat' dir='ltr'><strong>per</strong></span> <span class='ocrx_word' id='word_1_402' title='bbox 3109 2191 3526 2249; x_wconf 81' lang='lat' dir='ltr'><strong>conventionem</strong></span> <span class='ocrx_word' id='word_1_403' title='bbox 3565 2190 3709 2257; x_wconf 85' lang='lat' dir='ltr'><strong>libelli</strong></span> <span class='ocrx_word' id='word_1_404' title='bbox 3732 2189 3795 2245; x_wconf 83' lang='lat' dir='ltr'><strong>sui</strong></span> 
     </span>
    </p>
   </div>
   <div class='ocr_carea' id='block_1_51' title="bbox 2254 2282 3807 2357">
    <p class='ocr_par' dir='ltr' id='par_1_51' title="bbox 2254 2282 3807 2357">
     <span class='ocr_line' id='line_1_51' title="bbox 2254 2282 3807 2357; baseline -0.005 -16"><span class='ocrx_word' id='word_1_405' title='bbox 2254 2284 2618 2342; x_wconf 80' lang='lat' dir='ltr'><strong>Orientalibus</strong></span> <span class='ocrx_word' id='word_1_406' title='bbox 2651 2284 2735 2357; x_wconf 77' lang='lat' dir='ltr'><strong>(tt)</strong></span> <span class='ocrx_word' id='word_1_407' title='bbox 2766 2285 3063 2340; x_wconf 90' lang='lat' dir='ltr'><strong>damnastis</strong></span> <span class='ocrx_word' id='word_1_408' title='bbox 3092 2299 3221 2355; x_wconf 91' lang='lat' dir='ltr'><strong>eos,</strong></span> <span class='ocrx_word' id='word_1_409' title='bbox 3254 2285 3348 2355; x_wconf 93' lang='lat' dir='ltr'><strong>qui</strong></span> <span class='ocrx_word' id='word_1_410' title='bbox 3376 2300 3485 2341; x_wconf 89' lang='lat' dir='ltr'><strong>non</strong></span> <span class='ocrx_word' id='word_1_411' title='bbox 3512 2282 3575 2341; x_wconf 90' lang='lat' dir='ltr'><strong>de</strong></span> <span class='ocrx_word' id='word_1_412' title='bbox 3602 2282 3807 2343; x_wconf 80' lang='lat' dir='ltr'><strong>substan-</strong></span> 
     </span>
    </p>
   </div>
   <div class='ocr_carea' id='block_1_52' title="bbox 2256 2372 3804 2448">
    <p class='ocr_par' dir='ltr' id='par_1_52' title="bbox 2256 2372 3804 2448">
     <span class='ocr_line' id='line_1_52' title="bbox 2256 2372 3804 2448; baseline -0.001 -18"><span class='ocrx_word' id='word_1_413' title='bbox 2256 2378 2325 2431; x_wconf 86' lang='lat' dir='ltr'><strong>tia</strong></span> <span class='ocrx_word' id='word_1_414' title='bbox 2355 2376 2556 2437; x_wconf 83' lang='lat' dir='ltr'><strong>babere</strong></span> <span class='ocrx_word' id='word_1_415' title='bbox 2585 2377 2637 2437; x_wconf 88' lang='lat' dir='ltr'><strong>id</strong></span> <span class='ocrx_word' id='word_1_416' title='bbox 2668 2377 2811 2448; x_wconf 88' lang='lat' dir='ltr'><strong>quod</strong></span> <span class='ocrx_word' id='word_1_417' title='bbox 2838 2387 2997 2435; x_wconf 89' lang='lat' dir='ltr'><strong>natus</strong></span> <span class='ocrx_word' id='word_1_418' title='bbox 3027 2384 3132 2442; x_wconf 86' lang='lat' dir='ltr'><strong>est,</strong></span> <span class='ocrx_word' id='word_1_419' title='bbox 3161 2376 3260 2432; x_wconf 82' lang='lat' dir='ltr'><strong>sed</strong></span> <span class='ocrx_word' id='word_1_420' title='bbox 3289 2376 3358 2434; x_wconf 90' lang='lat' dir='ltr'><strong>de</strong></span> <span class='ocrx_word' id='word_1_421' title='bbox 3387 2377 3646 2439; x_wconf 78' lang='lat' dir='ltr'><strong>voluntate</strong></span> <span class='ocrx_word' id='word_1_422' title='bbox 3670 2372 3804 2429; x_wconf 79' lang='lat' dir='ltr'><strong>dixis-</strong></span> 
     </span>
    </p>
   </div>
   <div class='ocr_carea' id='block_1_53' title="bbox 2254 2465 3810 2542">
    <p class='ocr_par' dir='ltr' id='par_1_53' title="bbox 2254 2465 3810 2542">
     <span class='ocr_line' id='line_1_53' title="bbox 2254 2465 3810 2542; baseline 0.001 -21"><span class='ocrx_word' id='word_1_423' title='bbox 2254 2477 2395 2523; x_wconf 90' lang='lat' dir='ltr'><strong>sent.</strong></span> <span class='ocrx_word' id='word_1_424' title='bbox 2445 2465 2724 2522; x_wconf 63' lang='lat' dir='ltr'><strong>xEternum</strong></span> <span class='ocrx_word' id='word_1_425' title='bbox 2751 2482 2968 2539; x_wconf 86' lang='lat' dir='ltr'><strong>quoque</strong></span> <span class='ocrx_word' id='word_1_426' title='bbox 2995 2484 3117 2523; x_wconf 89' lang='lat' dir='ltr'><strong>cum</strong></span> <span class='ocrx_word' id='word_1_427' title='bbox 3146 2467 3311 2523; x_wconf 85' lang='lat' dir='ltr'><strong>Patre</strong></span> <span class='ocrx_word' id='word_1_428' title='bbox 3341 2483 3464 2526; x_wconf 90' lang='lat' dir='ltr'><strong>esse</strong></span> <span class='ocrx_word' id='word_1_429' title='bbox 3511 2465 3810 2542; x_wconf 76' lang='lat' dir='ltr'><strong>profitemini.</strong></span> 
     </span>
    </p>
   </div>
   <div class='ocr_carea' id='block_1_54' title="bbox 2259 2560 3811 2632">
    <p class='ocr_par' dir='ltr' id='par_1_54' title="bbox 2259 2560 3811 2632">
     <span class='ocr_line' id='line_1_54' title="bbox 2259 2560 3811 2632; baseline -0.002 -15"><span class='ocrx_word' id='word_1_430' title='bbox 2259 2560 2397 2617; x_wconf 84' lang='lat' dir='ltr'><strong>Vere</strong></span> <span class='ocrx_word' id='word_1_431' title='bbox 2436 2577 2567 2619; x_wconf 77' lang='lat' dir='ltr'><strong>Sane</strong></span> <span class='ocrx_word' id='word_1_432' title='bbox 2593 2562 2837 2618; x_wconf 79' lang='lat' dir='ltr'><strong>dixeritis</strong></span> <span class='ocrx_word' id='word_1_433' title='bbox 2866 2604 2881 2632; x_wconf 88' lang='lat'><strong>,</strong></span> <span class='ocrx_word' id='word_1_434' title='bbox 2920 2563 2966 2619; x_wconf 90' lang='lat' dir='ltr'><strong>si</strong></span> <span class='ocrx_word' id='word_1_435' title='bbox 2997 2579 3105 2619; x_wconf 89' lang='lat' dir='ltr'><strong>non</strong></span> <span class='ocrx_word' id='word_1_436' title='bbox 3134 2562 3493 2620; x_wconf 87' lang='lat' dir='ltr'><strong>reclamatum</strong></span> <span class='ocrx_word' id='word_1_437' title='bbox 3522 2562 3641 2619; x_wconf 85' lang='lat' dir='ltr'><strong>mihi</strong></span> <span class='ocrx_word' id='word_1_438' title='bbox 3664 2567 3811 2625; x_wconf 80' lang='lat' dir='ltr'><strong>esset,</strong></span> 
     </span>
    </p>
   </div>
   <div class='ocr_carea' id='block_1_55' title="bbox 2254 2656 3815 2731">
    <p class='ocr_par' dir='ltr' id='par_1_55' title="bbox 2254 2656 3815 2731">
     <span class='ocr_line' id='line_1_55' title="bbox 2254 2656 3815 2731; baseline -0.001 -19"><span class='ocrx_word' id='word_1_439' title='bbox 2254 2670 2350 2712; x_wconf 87' lang='lat' dir='ltr'><strong>cur</strong></span> <span class='ocrx_word' id='word_1_440' title='bbox 2381 2667 2507 2713; x_wconf 88' lang='lat' dir='ltr'><strong>ante</strong></span> <span class='ocrx_word' id='word_1_441' title='bbox 2533 2666 2775 2727; x_wconf 84' lang='lat' dir='ltr'><strong>tempora</strong></span> <span class='ocrx_word' id='word_1_442' title='bbox 2803 2665 3005 2713; x_wconf 64' lang='lat' dir='ltr'><strong>aeterna</strong></span> <span class='ocrx_word' id='word_1_443' title='bbox 3033 2657 3103 2714; x_wconf 91' lang='lat' dir='ltr'><strong>de</strong></span> <span class='ocrx_word' id='word_1_444' title='bbox 3132 2673 3270 2714; x_wconf 88' lang='lat' dir='ltr'><strong>vero</strong></span> <span class='ocrx_word' id='word_1_445' title='bbox 3302 2670 3455 2730; x_wconf 85' lang='lat' dir='ltr'><strong>patre</strong></span> <span class='ocrx_word' id='word_1_446' title='bbox 3500 2657 3561 2731; x_wconf 89' lang='lat' dir='ltr'><strong>(i)</strong></span> <span class='ocrx_word' id='word_1_447' title='bbox 3602 2656 3701 2714; x_wconf 86' lang='lat' dir='ltr'><strong>Deo</strong></span> <span class='ocrx_word' id='word_1_448' title='bbox 3738 2670 3815 2711; x_wconf 86' lang='lat' dir='ltr'><strong>ve-</strong></span> 
     </span>
    </p>
   </div>
   <div class='ocr_carea' id='block_1_56' title="bbox 2255 2751 3816 2824">
    <p class='ocr_par' dir='ltr' id='par_1_56' title="bbox 2255 2751 3816 2824">
     <span class='ocr_line' id='line_1_56' title="bbox 2255 2751 3816 2824; baseline 0.001 -20"><span class='ocrx_word' id='word_1_449' title='bbox 2255 2766 2370 2805; x_wconf 90' lang='lat' dir='ltr'><strong>rum</strong></span> <span class='ocrx_word' id='word_1_450' title='bbox 2398 2751 2729 2822; x_wconf 78' lang='lat' dir='ltr'><strong>unigenitum</strong></span> <span class='ocrx_word' id='word_1_451' title='bbox 2762 2752 2929 2813; x_wconf 88' lang='lat' dir='ltr'><strong>Deum</strong></span> <span class='ocrx_word' id='word_1_452' title='bbox 2953 2761 3137 2808; x_wconf 89' lang='lat' dir='ltr'><strong>natum</strong></span> <span class='ocrx_word' id='word_1_453' title='bbox 3161 2753 3588 2824; x_wconf 79' lang='lat' dir='ltr'><strong>praedicassetis:</strong></span> <span class='ocrx_word' id='word_1_454' title='bbox 3622 2760 3816 2806; x_wconf 76' lang='lat' dir='ltr'><strong>utteter-</strong></span> 
     </span>
    </p>
   </div>
   <div class='ocr_carea' id='block_1_57' title="bbox 2250 2841 3816 2916">
    <p class='ocr_par' dir='ltr' id='par_1_57' title="bbox 2250 2841 3816 2916">
     <span class='ocr_line' id='line_1_57' title="bbox 2250 2841 3816 2916; baseline 0 -20"><span class='ocrx_word' id='word_1_455' title='bbox 2250 2841 2391 2897; x_wconf 90' lang='lat' dir='ltr'><strong>nitas</strong></span> <span class='ocrx_word' id='word_1_456' title='bbox 2418 2845 2468 2899; x_wconf 90' lang='lat' dir='ltr'><strong>ei</strong></span> <span class='ocrx_word' id='word_1_457' title='bbox 2495 2858 2617 2898; x_wconf 93' lang='lat' dir='ltr'><strong>cum</strong></span> <span class='ocrx_word' id='word_1_458' title='bbox 2650 2843 2807 2900; x_wconf 85' lang='lat' dir='ltr'><strong>Patre</strong></span> <span class='ocrx_word' id='word_1_459' title='bbox 2854 2844 3172 2914; x_wconf 76' lang='lat' dir='ltr'><strong>angelorum</strong></span> <span class='ocrx_word' id='word_1_460' title='bbox 3213 2848 3623 2916; x_wconf 77' lang='lat' dir='ltr'><strong>animarumque</strong></span> <span class='ocrx_word' id='word_1_461' title='bbox 3656 2843 3816 2907; x_wconf 81' lang='lat' dir='ltr'><strong>buma-</strong></span> 
     </span>
    </p>
   </div>
   <div class='ocr_carea' id='block_1_58' title="bbox 2254 2936 3815 3010">
    <p class='ocr_par' dir='ltr' id='par_1_58' title="bbox 2254 2936 3815 3010">
     <span class='ocr_line' id='line_1_58' title="bbox 2254 2936 3815 3010; baseline -0.001 -18"><span class='ocrx_word' id='word_1_462' title='bbox 2254 2953 2443 2993; x_wconf 86' lang='lat' dir='ltr'><strong>narum</strong></span> <span class='ocrx_word' id='word_1_463' title='bbox 2471 2979 2486 3005; x_wconf 95' lang='lat'><strong>,</strong></span> <span class='ocrx_word' id='word_1_464' title='bbox 2523 2936 2596 3010; x_wconf 87' lang='lat' dir='ltr'><strong>(j)</strong></span> <span class='ocrx_word' id='word_1_465' title='bbox 2627 2952 2733 2993; x_wconf 90' lang='lat' dir='ltr'><strong>non</strong></span> <span class='ocrx_word' id='word_1_466' title='bbox 2760 2938 2869 3008; x_wconf 79' lang='lat' dir='ltr'><strong>jam</strong></span> <span class='ocrx_word' id='word_1_467' title='bbox 2897 2939 3231 2997; x_wconf 76' lang='lat' dir='ltr'><strong>anteriorem</strong></span> <span class='ocrx_word' id='word_1_468' title='bbox 3266 2941 3364 3009; x_wconf 78' lang='lat' dir='ltr'><strong>sit,</strong></span> <span class='ocrx_word' id='word_1_469' title='bbox 3396 2939 3492 2996; x_wconf 85' lang='lat' dir='ltr'><strong>sed</strong></span> <span class='ocrx_word' id='word_1_470' title='bbox 3538 2937 3815 2994; x_wconf 84' lang='lat' dir='ltr'><strong>futurorum.</strong></span> 
     </span>
    </p>
   </div>
   <div class='ocr_carea' id='block_1_59' title="bbox 537 3092 3822 3175">
    <p class='ocr_par' dir='ltr' id='par_1_59' title="bbox 537 3092 3822 3175">
     <span class='ocr_line' id='line_1_59' title="bbox 537 3092 3822 3175; baseline -0.002 -18"><span class='ocrx_word' id='word_1_471' title='bbox 537 3103 633 3169; x_wconf 89' lang='lat' dir='ltr'><strong>ait,</strong></span> <span class='ocrx_word' id='word_1_472' title='bbox 662 3112 715 3156; x_wconf 88' lang='lat' dir='ltr'><strong>ut</strong></span> <span class='ocrx_word' id='word_1_473' title='bbox 748 3100 814 3157; x_wconf 86' lang='lat' dir='ltr'><strong>dc</strong></span> <span class='ocrx_word' id='word_1_474' title='bbox 843 3100 1039 3156; x_wconf 67' lang='lat' dir='ltr'><strong>caeteris</strong></span> <span class='ocrx_word' id='word_1_475' title='bbox 1068 3116 1168 3175; x_wconf 81' lang='lat' dir='ltr'><strong>non</strong></span> <span class='ocrx_word' id='word_1_476' title='bbox 1199 3100 1481 3175; x_wconf 78' lang='lat' dir='ltr'><strong>cattnnnier</strong></span> <span class='ocrx_word' id='word_1_477' title='bbox 1506 3139 1520 3162; x_wconf 95' lang='lat'><strong>,</strong></span> <span class='ocrx_word' id='word_1_478' title='bbox 1551 3097 1654 3152; x_wconf 92' lang='lat' dir='ltr'><strong>hoc</strong></span> <span class='ocrx_word' id='word_1_479' title='bbox 1680 3096 1777 3152; x_wconf 81' lang='lat' dir='ltr'><strong>sibi</strong></span> <span class='ocrx_word' id='word_1_480' title='bbox 1810 3098 1946 3164; x_wconf 88' lang='lat' dir='ltr'><strong>vult,</strong></span> <span class='ocrx_word' id='word_1_481' title='bbox 1979 3108 2031 3151; x_wconf 92' lang='lat' dir='ltr'><strong>ut</strong></span> <span class='ocrx_word' id='word_1_482' title='bbox 2063 3096 2132 3153; x_wconf 89' lang='lat' dir='ltr'><strong>de</strong></span> <span class='ocrx_word' id='word_1_483' title='bbox 2161 3097 2206 3163; x_wconf 90' lang='lat' dir='ltr'>C</span> <span class='ocrx_word' id='word_1_484' title='bbox 2241 3106 2526 3175; x_wconf 74' lang='lat' dir='ltr'><strong>negantem</strong></span> <span class='ocrx_word' id='word_1_485' title='bbox 2548 3095 2700 3175; x_wconf 22' lang='lat' dir='ltr'><strong>‘tolle</strong></span> <span class='ocrx_word' id='word_1_486' title='bbox 2741 3105 2866 3151; x_wconf 89' lang='lat' dir='ltr'><strong>ante</strong></span> <span class='ocrx_word' id='word_1_487' title='bbox 2895 3096 3186 3175; x_wconf 78' lang='lat' dir='ltr'><strong>dissimilis.</strong></span> <span class='ocrx_word' id='word_1_488' title='bbox 3219 3098 3318 3175; x_wconf 61' lang='lat' dir='ltr'><strong>ita</strong></span> <span class='ocrx_word' id='word_1_489' title='bbox 3352 3099 3559 3175; x_wconf 79' lang='lat' dir='ltr'><strong>plenior</strong></span> <span class='ocrx_word' id='word_1_490' title='bbox 3581 3106 3632 3153; x_wconf 90' lang='lat' dir='ltr'><strong>et</strong></span> <span class='ocrx_word' id='word_1_491' title='bbox 3652 3092 3822 3175; x_wconf 66' lang='lat' dir='ltr'><strong>perspi-</strong></span> 
     </span>
    </p>
   </div>
   <div class='ocr_carea' id='block_1_60' title="bbox 536 3171 1804 3230">
    <p class='ocr_par' dir='ltr' id='par_1_60' title="bbox 536 3171 1804 3230">
     <span class='ocr_line' id='line_1_60' title="bbox 536 3171 1804 3230; baseline -0.006 0"><span class='ocrx_word' id='word_1_492' title='bbox 536 3175 748 3230; x_wconf 64' lang='lat' dir='ltr'><strong>caeteris</strong></span> <span class='ocrx_word' id='word_1_493' title='bbox 778 3190 881 3229; x_wconf 89' lang='lat' dir='ltr'><strong>non</strong></span> <span class='ocrx_word' id='word_1_494' title='bbox 911 3171 1232 3228; x_wconf 79' lang='lat' dir='ltr'><strong>Contendant</strong></span> <span class='ocrx_word' id='word_1_495' title='bbox 1259 3185 1322 3224; x_wconf 89' lang='lat' dir='ltr'><strong>ac</strong></span> <span class='ocrx_word' id='word_1_496' title='bbox 1354 3171 1497 3223; x_wconf 88' lang='lat' dir='ltr'><strong>litem</strong></span> <span class='ocrx_word' id='word_1_497' title='bbox 1538 3184 1804 3223; x_wconf 78' lang='lat' dir='ltr'><strong>moveam.</strong></span> 
     </span>
    </p>
   </div>
   <div class='ocr_carea' id='block_1_61' title="bbox 609 3239 2134 3315">
    <p class='ocr_par' dir='ltr' id='par_1_61' title="bbox 609 3239 2134 3315">
     <span class='ocr_line' id='line_1_61' title="bbox 609 3239 2134 3315; baseline -0.003 -15"><span class='ocrx_word' id='word_1_498' title='bbox 609 3245 687 3315; x_wconf 90' lang='lat' dir='ltr'><strong>(a)</strong></span> <span class='ocrx_word' id='word_1_499' title='bbox 736 3244 1042 3313; x_wconf 81' lang='lat' dir='ltr'><strong>Legendunt</strong></span> <span class='ocrx_word' id='word_1_500' title='bbox 1074 3244 1125 3295; x_wconf 86' lang='lat' dir='ltr'><strong>in</strong></span> <span class='ocrx_word' id='word_1_501' title='bbox 1151 3259 1209 3296; x_wconf 83' lang='lat' dir='ltr'><strong>eo</strong></span> <span class='ocrx_word' id='word_1_502' title='bbox 1246 3250 1337 3296; x_wconf 90' lang='lat' dir='ltr'><strong>aut</strong></span> <span class='ocrx_word' id='word_1_503' title='bbox 1360 3242 1417 3315; x_wconf 80' lang='lat' dir='ltr'><strong>in</strong></span> <span class='ocrx_word' id='word_1_504' title='bbox 1447 3258 1577 3304; x_wconf 85' lang='lat' dir='ltr'><strong>eum,</strong></span> <span class='ocrx_word' id='word_1_505' title='bbox 1610 3239 1728 3296; x_wconf 78' lang='lat' dir='ltr'><strong>scil.</strong></span> <span class='ocrx_word' id='word_1_506' title='bbox 1761 3240 1848 3309; x_wconf 88' lang='lat' dir='ltr'><strong>qtti</strong></span> <span class='ocrx_word' id='word_1_507' title='bbox 1880 3254 2134 3315; x_wconf 77' lang='lat' dir='ltr'><strong>suscepe-</strong></span> 
     </span>
    </p>
   </div>
   <div class='ocr_carea' id='block_1_62' title="bbox 535 3312 2130 3386">
    <p class='ocr_par' dir='ltr' id='par_1_62' title="bbox 535 3312 2130 3386">
     <span class='ocr_line' id='line_1_62' title="bbox 535 3312 2130 3386; baseline -0.003 -15"><span class='ocrx_word' id='word_1_508' title='bbox 535 3312 638 3371; x_wconf 78' lang='lat' dir='ltr'><strong>rat.</strong></span> <span class='ocrx_word' id='word_1_509' title='bbox 668 3312 935 3372; x_wconf 26' lang='lat' dir='ltr'><strong>‘Subinde</strong></span> <span class='ocrx_word' id='word_1_510' title='bbox 989 3314 1183 3384; x_wconf 88' lang='lat' dir='ltr'><strong>vulgati</strong></span> <span class='ocrx_word' id='word_1_511' title='bbox 1217 3354 1231 3380; x_wconf 96' lang='lat'><strong>,</strong></span> <span class='ocrx_word' id='word_1_512' title='bbox 1281 3314 1368 3380; x_wconf 83' lang='lat' dir='ltr'><strong>qui</strong></span> <span class='ocrx_word' id='word_1_513' title='bbox 1415 3316 1705 3386; x_wconf 61' lang='lat' dir='ltr'><strong>conjuncta</strong></span> <span class='ocrx_word' id='word_1_514' title='bbox 1756 3312 2083 3366; x_wconf 73' lang='lat' dir='ltr'><strong>conscientia:</strong></span> <span class='ocrx_word' id='word_1_515' title='bbox 2111 3328 2130 3367; x_wconf 93' lang='lat'><em>:</em></span> 
     </span>
    </p>
   </div>
   <div class='ocr_carea' id='block_1_63' title="bbox 534 3388 1319 3456">
    <p class='ocr_par' dir='ltr' id='par_1_63' title="bbox 534 3388 1319 3456">
     <span class='ocr_line' id='line_1_63' title="bbox 534 3388 1319 3456; baseline -0.009 -13"><span class='ocrx_word' id='word_1_516' title='bbox 534 3388 887 3443; x_wconf 87' lang='lat' dir='ltr'><strong>emendantur</strong></span> <span class='ocrx_word' id='word_1_517' title='bbox 916 3402 979 3439; x_wconf 86' lang='lat' dir='ltr'><strong>ex</strong></span> <span class='ocrx_word' id='word_1_518' title='bbox 1002 3390 1319 3456; x_wconf 77' lang='lat' dir='ltr'><strong>archetypo.</strong></span> 
     </span>
    </p>
   </div>
   <div class='ocr_carea' id='block_1_64' title="bbox 606 3453 2125 3581">
    <p class='ocr_par' dir='ltr' id='par_1_64' title="bbox 606 3453 2125 3581">
     <span class='ocr_line' id='line_1_64' title="bbox 606 3453 2125 3581; baseline -0.003 -70"><span class='ocrx_word' id='word_1_519' title='bbox 606 3456 679 3581; x_wconf 56' lang='grc' dir='ltr'><strong>ςῡ)</strong></span> <span class='ocrx_word' id='word_1_520' title='bbox 722 3457 803 3512; x_wconf 85' lang='lat' dir='ltr'><strong>Ad</strong></span> <span class='ocrx_word' id='word_1_521' title='bbox 834 3453 1480 3525; x_wconf 81' lang='lat' dir='ltr'><strong>Constantinopolitanam</strong></span> <span class='ocrx_word' id='word_1_522' title='bbox 1507 3453 1773 3526; x_wconf 87' lang='lat' dir='ltr'><strong>synodum</strong></span> <span class='ocrx_word' id='word_1_523' title='bbox 1822 3455 1937 3507; x_wconf 72' lang='lat' dir='ltr'><strong>haec</strong></span> <span class='ocrx_word' id='word_1_524' title='bbox 1987 3469 2125 3508; x_wconf 86' lang='lat' dir='ltr'><strong>non-</strong></span> 
     </span>
     <span class='ocr_line' id='line_1_65' title="bbox 632 3526 2125 3581; baseline -0.001 0"><span class='ocrx_word' id='word_1_525' title='bbox 632 3530 665 3581; x_wconf 91' lang='lat' dir='ltr'><strong>li</strong></span> <span class='ocrx_word' id='word_1_526' title='bbox 693 3529 970 3581; x_wconf 86' lang='lat' dir='ltr'><strong>referunt.</strong></span> <span class='ocrx_word' id='word_1_527' title='bbox 1004 3528 1153 3581; x_wconf 85' lang='lat' dir='ltr'><strong>uttasi</strong></span> <span class='ocrx_word' id='word_1_528' title='bbox 1183 3527 1216 3580; x_wconf 88' lang='lat' dir='ltr'><strong>ii</strong></span> <span class='ocrx_word' id='word_1_529' title='bbox 1256 3528 1719 3581; x_wconf 76' lang='lat' dir='ltr'><strong>Constantinonoli</strong></span> <span class='ocrx_word' id='word_1_530' title='bbox 1752 3526 2025 3579; x_wconf 68' lang='lat' dir='ltr'><strong>haereticis</strong></span> <span class='ocrx_word' id='word_1_531' title='bbox 2070 3540 2125 3580; x_wconf 90' lang='lat' dir='ltr'><strong>se</strong></span> 
     </span>
    </p>
   </div>
   <div class='ocr_carea' id='block_1_65' title="bbox 536 3526 2129 3596">
    <p class='ocr_par' dir='ltr' id='par_1_65' title="bbox 536 3526 2129 3596">
     <span class='ocr_line' id='line_1_66' title="bbox 536 3526 2129 3596; baseline -0.002 -13"><span class='ocrx_word' id='word_1_532' title='bbox 536 3526 669 3584; x_wconf 85' lang='lat' dir='ltr'><strong>nnlli</strong></span> <span class='ocrx_word' id='word_1_533' title='bbox 693 3529 933 3584; x_wconf 75' lang='lat' dir='ltr'><strong>referent</strong></span> <span class='ocrx_word' id='word_1_534' title='bbox 955 3570 970 3595; x_wconf 92' lang='lat'><strong>,</strong></span> <span class='ocrx_word' id='word_1_535' title='bbox 1004 3528 1153 3596; x_wconf 83' lang='lat' dir='ltr'><strong>quasi</strong></span> <span class='ocrx_word' id='word_1_536' title='bbox 1183 3527 1216 3580; x_wconf 88' lang='lat' dir='ltr'><strong>ii</strong></span> <span class='ocrx_word' id='word_1_537' title='bbox 1256 3528 1719 3594; x_wconf 76' lang='lat' dir='ltr'><strong>Constantinopoli</strong></span> <span class='ocrx_word' id='word_1_538' title='bbox 1752 3526 2025 3579; x_wconf 68' lang='lat' dir='ltr'><strong>haereticis</strong></span> <span class='ocrx_word' id='word_1_539' title='bbox 2070 3540 2129 3580; x_wconf 90' lang='lat' dir='ltr'><strong>se</strong></span> 
     </span>
    </p>
   </div>
   <div class='ocr_carea' id='block_1_66' title="bbox 527 3597 2129 3671">
    <p class='ocr_par' dir='ltr' id='par_1_66' title="bbox 527 3597 2129 3671">
     <span class='ocr_line' id='line_1_67' title="bbox 527 3597 2129 3671; baseline -0.005 -17"><span class='ocrx_word' id='word_1_540' title='bbox 527 3600 770 3671; x_wconf 60' lang='lat' dir='ltr'><strong>junxissc</strong></span> <span class='ocrx_word' id='word_1_541' title='bbox 803 3601 886 3654; x_wconf 89' lang='lat' dir='ltr'><strong>hic</strong></span> <span class='ocrx_word' id='word_1_542' title='bbox 909 3610 1245 3671; x_wconf 66' lang='lat' dir='ltr'><strong>arguantur,</strong></span> <span class='ocrx_word' id='word_1_543' title='bbox 1265 3597 1355 3666; x_wconf 87' lang='lat' dir='ltr'><strong>qui</strong></span> <span class='ocrx_word' id='word_1_544' title='bbox 1383 3607 1537 3651; x_wconf 84' lang='lat' dir='ltr'><strong>antea</strong></span> <span class='ocrx_word' id='word_1_545' title='bbox 1566 3597 1829 3671; x_wconf 68' lang='lat' dir='ltr'><strong>Setettcize</strong></span> <span class='ocrx_word' id='word_1_546' title='bbox 1858 3610 2129 3671; x_wconf 62' lang='lat' dir='ltr'><strong>convena.</strong></span> 
     </span>
    </p>
   </div>
   <div class='ocr_carea' id='block_1_67' title="bbox 534 3667 2126 3739">
    <p class='ocr_par' dir='ltr' id='par_1_67' title="bbox 534 3667 2126 3739">
     <span class='ocr_line' id='line_1_68' title="bbox 534 3667 2126 3739; baseline -0.004 -13"><span class='ocrx_word' id='word_1_547' title='bbox 534 3667 675 3727; x_wconf 78' lang='lat' dir='ltr'><strong>rant.</strong></span> <span class='ocrx_word' id='word_1_548' title='bbox 707 3671 775 3727; x_wconf 86' lang='lat' dir='ltr'><strong>At</strong></span> <span class='ocrx_word' id='word_1_549' title='bbox 804 3686 868 3726; x_wconf 75' lang='lat' dir='ltr'><strong>ex</strong></span> <span class='ocrx_word' id='word_1_550' title='bbox 901 3667 1184 3738; x_wconf 82' lang='lat' dir='ltr'><strong>dictisjam</strong></span> <span class='ocrx_word' id='word_1_551' title='bbox 1215 3668 1401 3739; x_wconf 87' lang='lat' dir='ltr'><strong>liquet,</strong></span> <span class='ocrx_word' id='word_1_552' title='bbox 1434 3684 1496 3723; x_wconf 89' lang='lat' dir='ltr'><strong>ea</strong></span> <span class='ocrx_word' id='word_1_553' title='bbox 1521 3668 1585 3722; x_wconf 89' lang='lat' dir='ltr'><strong>ad</strong></span> <span class='ocrx_word' id='word_1_554' title='bbox 1610 3667 2126 3739; x_wconf 36' lang='lat' dir='ltr'><strong>legatorum‘Arimi-</strong></span> 
     </span>
    </p>
   </div>
   <div class='ocr_carea' id='block_1_68' title="bbox 532 3734 2129 3814">
    <p class='ocr_par' dir='ltr' id='par_1_68' title="bbox 532 3734 2129 3814">
     <span class='ocr_line' id='line_1_69' title="bbox 532 3734 2129 3814; baseline -0.002 -17"><span class='ocrx_word' id='word_1_555' title='bbox 532 3744 715 3801; x_wconf 87' lang='lat' dir='ltr'><strong>nensis</strong></span> <span class='ocrx_word' id='word_1_556' title='bbox 766 3744 961 3814; x_wconf 87' lang='lat' dir='ltr'><strong>synodi</strong></span> <span class='ocrx_word' id='word_1_557' title='bbox 1005 3740 1057 3795; x_wconf 90' lang='lat' dir='ltr'><strong>in</strong></span> <span class='ocrx_word' id='word_1_558' title='bbox 1076 3734 1227 3814; x_wconf 28' lang='lat' dir='ltr'><strong>ieam</strong></span> <span class='ocrx_word' id='word_1_559' title='bbox 1269 3734 1465 3814; x_wconf 59' lang='lat' dir='ltr'><strong>&#39;nrbem</strong></span> <span class='ocrx_word' id='word_1_560' title='bbox 1515 3734 1793 3814; x_wconf 59' lang='lat' dir='ltr'><strong>accessum</strong></span> <span class='ocrx_word' id='word_1_561' title='bbox 1846 3734 2129 3814; x_wconf 80' lang='lat' dir='ltr'><strong>referenda</strong></span> 
     </span>
    </p>
   </div>
   <div class='ocr_carea' id='block_1_69' title="bbox 529 3808 2129 3884">
    <p class='ocr_par' dir='ltr' id='par_1_69' title="bbox 529 3808 2129 3884">
     <span class='ocr_line' id='line_1_70' title="bbox 529 3808 2129 3884; baseline -0.003 -16"><span class='ocrx_word' id='word_1_562' title='bbox 529 3829 671 3879; x_wconf 90' lang='lat' dir='ltr'><strong>esse,</strong></span> <span class='ocrx_word' id='word_1_563' title='bbox 703 3808 1058 3884; x_wconf 59' lang='lat' dir='ltr'><strong>qui&#39;absoluta</strong></span> <span class='ocrx_word' id='word_1_564' title='bbox 1083 3811 1410 3884; x_wconf 80' lang='lat' dir='ltr'><strong>Seleucieusi</strong></span> <span class='ocrx_word' id='word_1_565' title='bbox 1444 3808 2129 3884; x_wconf 63' lang='grc' dir='ltr'><strong>εγιιοιιοβιιιιδιςιιιιίιιομο-</strong></span> 
     </span>
    </p>
   </div>
   <div class='ocr_carea' id='block_1_70' title="bbox 531 3881 2129 3950">
    <p class='ocr_par' dir='ltr' id='par_1_70' title="bbox 531 3881 2129 3950">
     <span class='ocr_line' id='line_1_71' title="bbox 531 3881 2129 3950; baseline -0.001 -13"><span class='ocrx_word' id='word_1_566' title='bbox 531 3885 621 3939; x_wconf 90' lang='lat' dir='ltr'><strong>lim</strong></span> <span class='ocrx_word' id='word_1_567' title='bbox 649 3881 926 3942; x_wconf 78' lang='lat' dir='ltr'><strong>venientes</strong></span> <span class='ocrx_word' id='word_1_568' title='bbox 952 3926 966 3950; x_wconf 96' lang='lat'><strong>,</strong></span> <span class='ocrx_word' id='word_1_569' title='bbox 995 3881 1265 3937; x_wconf 83' lang='lat' dir='ltr'><strong>damnatis</strong></span> <span class='ocrx_word' id='word_1_570' title='bbox 1289 3883 1353 3937; x_wconf 81' lang='lat' dir='ltr'><strong>ab</strong></span> <span class='ocrx_word' id='word_1_571' title='bbox 1382 3898 1442 3936; x_wconf 90' lang='lat' dir='ltr'><strong>ea</strong></span> <span class='ocrx_word' id='word_1_572' title='bbox 1475 3881 1753 3938; x_wconf 42' lang='lat' dir='ltr'><strong>‘ltaareticis</strong></span> <span class='ocrx_word' id='word_1_573' title='bbox 1774 3920 1789 3947; x_wconf 88' lang='lat'><strong>,</strong></span> <span class='ocrx_word' id='word_1_574' title='bbox 1818 3882 1981 3936; x_wconf 88' lang='lat' dir='ltr'><strong>etiam</strong></span> <span class='ocrx_word' id='word_1_575' title='bbox 2012 3896 2129 3935; x_wconf 88' lang='lat' dir='ltr'><strong>mo-</strong></span> 
     </span>
    </p>
   </div>
   <div class='ocr_carea' id='block_1_71' title="bbox 531 3953 1494 4027">
    <p class='ocr_par' dir='ltr' id='par_1_71' title="bbox 531 3953 1494 4027">
     <span class='ocr_line' id='line_1_72' title="bbox 531 3953 1494 4027; baseline -0.003 -17"><span class='ocrx_word' id='word_1_576' title='bbox 531 3957 652 4020; x_wconf 87' lang='lat' dir='ltr'><strong>niti,</strong></span> <span class='ocrx_word' id='word_1_577' title='bbox 675 3973 734 4012; x_wconf 87' lang='lat' dir='ltr'><strong>se</strong></span> <span class='ocrx_word' id='word_1_578' title='bbox 756 3957 982 4027; x_wconf 86' lang='lat' dir='ltr'><strong>jungere</strong></span> <span class='ocrx_word' id='word_1_579' title='bbox 1010 3970 1117 4027; x_wconf 89' lang='lat' dir='ltr'><strong>non</strong></span> <span class='ocrx_word' id='word_1_580' title='bbox 1141 3953 1494 4027; x_wconf 84' lang='lat' dir='ltr'><strong>distulerunt.</strong></span> 
     </span>
    </p>
   </div>
   <div class='ocr_carea' id='block_1_72' title="bbox 508 4022 2122 4101">
    <p class='ocr_par' dir='ltr' id='par_1_72' title="bbox 508 4022 2122 4101">
     <span class='ocr_line' id='line_1_73' title="bbox 508 4022 2122 4101; baseline -0.002 -18"><span class='ocrx_word' id='word_1_581' title='bbox 508 4035 511 4039; x_wconf 83' lang='lat'>&#39;</span> <span class='ocrx_word' id='word_1_582' title='bbox 539 4097 552 4101; x_wconf 29' lang='grc' dir='ltr'><strong>Α</strong></span> <span class='ocrx_word' id='word_1_583' title='bbox 603 4028 674 4101; x_wconf 86' lang='lat' dir='ltr'><strong>lc)</strong></span> <span class='ocrx_word' id='word_1_584' title='bbox 701 4022 889 4101; x_wconf 53' lang='lat' dir='ltr'><strong>In&#39;nts&#39;.</strong></span> <span class='ocrx_word' id='word_1_585' title='bbox 917 4026 1086 4101; x_wconf 85' lang='lat' dir='ltr'><strong>Pit_h.,</strong></span> <span class='ocrx_word' id='word_1_586' title='bbox 1107 4025 1499 4101; x_wconf 76' lang='lat' dir='ltr'><strong>dominantem:</strong></span> <span class='ocrx_word' id='word_1_587' title='bbox 1526 4022 1938 4101; x_wconf 66' lang='lat' dir='ltr'><strong>cuifavetillud</strong></span> <span class='ocrx_word' id='word_1_588' title='bbox 1973 4039 2122 4101; x_wconf 79' lang='lat' dir='ltr'><strong>num.</strong></span> 
     </span>
    </p>
   </div>
   <div class='ocr_carea' id='block_1_73' title="bbox 531 4093 2126 4170">
    <p class='ocr_par' dir='ltr' id='par_1_73' title="bbox 531 4093 2126 4170">
     <span class='ocr_line' id='line_1_74' title="bbox 531 4093 2126 4170; baseline -0.003 -17"><span class='ocrx_word' id='word_1_589' title='bbox 531 4097 558 4170; x_wconf 62' lang='lat' dir='ltr'><strong>i</strong></span> <span class='ocrx_word' id='word_1_590' title='bbox 589 4140 603 4162; x_wconf 87' lang='lat'><strong>,</strong></span> <span class='ocrx_word' id='word_1_591' title='bbox 647 4093 709 4153; x_wconf 79' lang='lat' dir='ltr'><strong>ne</strong></span> <span class='ocrx_word' id='word_1_592' title='bbox 739 4099 943 4170; x_wconf 76' lang='lat' dir='ltr'><strong>penitus</strong></span> <span class='ocrx_word' id='word_1_593' title='bbox 978 4097 1251 4170; x_wconf 76' lang='lat' dir='ltr'><strong>dominans</strong></span> <span class='ocrx_word' id='word_1_594' title='bbox 1272 4099 1388 4170; x_wconf 83' lang='lat' dir='ltr'><strong>jam</strong></span> <span class='ocrx_word' id='word_1_595' title='bbox 1416 4098 1551 4170; x_wconf 79' lang='lat' dir='ltr'><strong>intra</strong></span> <span class='ocrx_word' id='word_1_596' title='bbox 1591 4093 1876 4170; x_wconf 41' lang='lat' dir='ltr'><strong>Ecclesium</strong></span> <span class='ocrx_word' id='word_1_597' title='bbox 1918 4095 2126 4149; x_wconf 78' lang='lat' dir='ltr'><strong>literesis</strong></span> 
     </span>
    </p>
   </div>
   <div class='ocr_carea' id='block_1_74' title="bbox 530 4166 2127 4235">
    <p class='ocr_par' dir='ltr' id='par_1_74' title="bbox 530 4166 2127 4235">
     <span class='ocr_line' id='line_1_75' title="bbox 530 4166 2127 4235; baseline 0.001 -17"><span class='ocrx_word' id='word_1_598' title='bbox 530 4166 820 4225; x_wconf 74' lang='lat' dir='ltr'><strong>innotescat.</strong></span> <span class='ocrx_word' id='word_1_599' title='bbox 848 4169 963 4224; x_wconf 88' lang='lat' dir='ltr'><strong>Non</strong></span> <span class='ocrx_word' id='word_1_600' title='bbox 993 4168 1132 4222; x_wconf 86' lang='lat' dir='ltr'><strong>male</strong></span> <span class='ocrx_word' id='word_1_601' title='bbox 1170 4166 1347 4221; x_wconf 68' lang='lat' dir='ltr'><strong>tanien</strong></span> <span class='ocrx_word' id='word_1_602' title='bbox 1374 4169 1588 4222; x_wconf 82' lang='lat' dir='ltr'><strong>videtur</strong></span> <span class='ocrx_word' id='word_1_603' title='bbox 1610 4166 1785 4221; x_wconf 76' lang='lat' dir='ltr'><strong>Faber</strong></span> <span class='ocrx_word' id='word_1_604' title='bbox 1816 4175 2127 4235; x_wconf 70' lang='lat' dir='ltr'><strong>reposuisse</strong></span> 
     </span>
    </p>
   </div>
   <div class='ocr_carea' id='block_1_75' title="bbox 530 4237 2126 4309">
    <p class='ocr_par' dir='ltr' id='par_1_75' title="bbox 530 4237 2126 4309">
     <span class='ocr_line' id='line_1_76' title="bbox 530 4237 2126 4309; baseline 0.001 -21"><span class='ocrx_word' id='word_1_605' title='bbox 530 4237 873 4295; x_wconf 64' lang='lat' dir='ltr'><strong>(lamnarum:</strong></span> <span class='ocrx_word' id='word_1_606' title='bbox 914 4255 1035 4293; x_wconf 86' lang='lat' dir='ltr'><strong>cum</strong></span> <span class='ocrx_word' id='word_1_607' title='bbox 1077 4240 1317 4306; x_wconf 79' lang='lat' dir='ltr'><strong>proxime</strong></span> <span class='ocrx_word' id='word_1_608' title='bbox 1352 4240 1644 4295; x_wconf 74' lang='lat' dir='ltr'><strong>habeatur:</strong></span> <span class='ocrx_word' id='word_1_609' title='bbox 1696 4237 1833 4304; x_wconf 86' lang='lat' dir='ltr'><strong>Quid</strong></span> <span class='ocrx_word' id='word_1_610' title='bbox 1864 4246 1938 4291; x_wconf 85' lang='lat' dir='ltr'><strong>est</strong></span> <span class='ocrx_word' id='word_1_611' title='bbox 1988 4237 2126 4309; x_wconf 86' lang='lat' dir='ltr'><strong>quod</strong></span> 
     </span>
    </p>
   </div>
   <div class='ocr_carea' id='block_1_76' title="bbox 528 4310 1630 4380">
    <p class='ocr_par' dir='ltr' id='par_1_76' title="bbox 528 4310 1630 4380">
     <span class='ocr_line' id='line_1_77' title="bbox 528 4310 1630 4380; baseline -0.002 -17"><span class='ocrx_word' id='word_1_612' title='bbox 528 4314 698 4363; x_wconf 78' lang='lat' dir='ltr'><strong>statim</strong></span> <span class='ocrx_word' id='word_1_613' title='bbox 721 4310 974 4363; x_wconf 81' lang='lat' dir='ltr'><strong>damnatis</strong></span> <span class='ocrx_word' id='word_1_614' title='bbox 1005 4310 1252 4380; x_wconf 69' lang='lat' dir='ltr'><strong>haereticis</strong></span> <span class='ocrx_word' id='word_1_615' title='bbox 1275 4326 1361 4362; x_wconf 87' lang='lat' dir='ltr'><strong>vos</strong></span> <span class='ocrx_word' id='word_1_616' title='bbox 1377 4310 1630 4380; x_wconf 82' lang='lat' dir='ltr'><strong>jtmgitis?</strong></span> 
     </span>
    </p>
   </div>
   <div class='ocr_carea' id='block_1_77' title="bbox 601 4379 2122 4455">
    <p class='ocr_par' dir='ltr' id='par_1_77' title="bbox 601 4379 2122 4455">
     <span class='ocr_line' id='line_1_78' title="bbox 601 4379 2122 4455; baseline -0.003 -20"><span class='ocrx_word' id='word_1_617' title='bbox 601 4383 683 4455; x_wconf 77' lang='grc' dir='ltr'><strong>(ιι)</strong></span> <span class='ocrx_word' id='word_1_618' title='bbox 716 4382 852 4435; x_wconf 72' lang='grc' dir='ltr'><strong>Ισζιιιιὶ</strong></span> <span class='ocrx_word' id='word_1_619' title='bbox 881 4424 893 4439; x_wconf 84' lang='grc'>.</span> <span class='ocrx_word' id='word_1_620' title='bbox 922 4379 1107 4434; x_wconf 89' lang='lat' dir='ltr'><strong>relicto</strong></span> <span class='ocrx_word' id='word_1_621' title='bbox 1132 4381 1287 4455; x_wconf 76' lang='lat' dir='ltr'><strong>unius</strong></span> <span class='ocrx_word' id='word_1_622' title='bbox 1319 4388 1411 4432; x_wconf 89' lang='lat' dir='ltr'><strong>aut</strong></span> <span class='ocrx_word' id='word_1_623' title='bbox 1439 4379 1660 4455; x_wconf 76' lang='lat' dir='ltr'><strong>duarum</strong></span> <span class='ocrx_word' id='word_1_624' title='bbox 1689 4393 1875 4455; x_wconf 80' lang='lat' dir='ltr'><strong>vocum</strong></span> <span class='ocrx_word' id='word_1_625' title='bbox 1899 4381 2082 4455; x_wconf 68' lang='lat' dir='ltr'><strong>spatio</strong></span> <span class='ocrx_word' id='word_1_626' title='bbox 2109 4421 2122 4448; x_wconf 85' lang='lat'><strong>,</strong></span> 
     </span>
    </p>
   </div>
   <div class='ocr_carea' id='block_1_78' title="bbox 530 4448 2205 4545">
    <p class='ocr_par' dir='ltr' id='par_1_78' title="bbox 530 4448 2205 4545">
     <span class='ocr_line' id='line_1_79' title="bbox 530 4448 2205 4545; baseline -0.002 -37"><span class='ocrx_word' id='word_1_627' title='bbox 530 4448 823 4545; x_wconf 58' lang='lat' dir='ltr'><strong>prasterunt</strong></span> <span class='ocrx_word' id='word_1_628' title='bbox 860 4467 980 4534; x_wconf 76' lang='lat' dir='ltr'><strong>eum</strong></span> <span class='ocrx_word' id='word_1_629' title='bbox 1027 4466 1127 4545; x_wconf 48' lang='lat' dir='ltr'><strong>ms‘.</strong></span> <span class='ocrx_word' id='word_1_630' title='bbox 1158 4448 1422 4532; x_wconf 72' lang='lat' dir='ltr'><strong>adsistere.</strong></span> <span class='ocrx_word' id='word_1_631' title='bbox 1485 4450 1683 4529; x_wconf 82' lang='lat' dir='ltr'><strong>Mutato</strong></span> <span class='ocrx_word' id='word_1_632' title='bbox 1726 4449 1764 4545; x_wconf 88' lang='lat' dir='ltr'><strong>dl</strong></span> <span class='ocrx_word' id='word_1_633' title='bbox 1805 4450 1856 4502; x_wconf 89' lang='lat' dir='ltr'><strong>in</strong></span> <span class='ocrx_word' id='word_1_634' title='bbox 1890 4451 1920 4503; x_wconf 89' lang='lat' dir='ltr'><strong>b</strong></span> <span class='ocrx_word' id='word_1_635' title='bbox 1944 4451 2121 4506; x_wconf 85' lang='lat' dir='ltr'><strong>locum</strong></span> <span class='ocrx_word' id='word_1_636' title='bbox 2151 4485 2205 4545; x_wconf 73' lang='grc' dir='ltr'><strong><em>Β</em></strong></span> 
     </span>
    </p>
   </div>
   <div class='ocr_carea' id='block_1_79' title="bbox 529 4521 2122 4591">
    <p class='ocr_par' dir='ltr' id='par_1_79' title="bbox 529 4521 2122 4591">
     <span class='ocr_line' id='line_1_80' title="bbox 529 4521 2122 4591; baseline -0.003 -13"><span class='ocrx_word' id='word_1_637' title='bbox 529 4524 670 4580; x_wconf 88' lang='lat' dir='ltr'><strong>hunc</strong></span> <span class='ocrx_word' id='word_1_638' title='bbox 695 4524 1039 4580; x_wconf 80' lang='lat' dir='ltr'><strong>resarritnus.</strong></span> <span class='ocrx_word' id='word_1_639' title='bbox 1090 4522 1257 4577; x_wconf 83' lang='lat' dir='ltr'><strong>Antea</strong></span> <span class='ocrx_word' id='word_1_640' title='bbox 1307 4522 1468 4575; x_wconf 77' lang='lat' dir='ltr'><strong>etiam</strong></span> <span class='ocrx_word' id='word_1_641' title='bbox 1515 4523 1685 4589; x_wconf 84' lang='lat' dir='ltr'><strong>magis</strong></span> <span class='ocrx_word' id='word_1_642' title='bbox 1718 4521 1951 4591; x_wconf 75' lang='lat' dir='ltr'><strong>placeret</strong></span> <span class='ocrx_word' id='word_1_643' title='bbox 1979 4532 2122 4591; x_wconf 86' lang='lat' dir='ltr'><strong>tunc,</strong></span> 
     </span>
    </p>
   </div>
   <div class='ocr_carea' id='block_1_80' title="bbox 526 4590 2123 4666">
    <p class='ocr_par' dir='ltr' id='par_1_80' title="bbox 526 4590 2123 4666">
     <span class='ocr_line' id='line_1_81' title="bbox 526 4590 2123 4666; baseline 0.001 -18"><span class='ocrx_word' id='word_1_644' title='bbox 526 4611 682 4666; x_wconf 88' lang='lat' dir='ltr'><strong>quam</strong></span> <span class='ocrx_word' id='word_1_645' title='bbox 716 4612 875 4661; x_wconf 86' lang='lat' dir='ltr'><strong>nunc;</strong></span> <span class='ocrx_word' id='word_1_646' title='bbox 904 4593 1010 4647; x_wconf 84' lang='lat' dir='ltr'><strong>hoc</strong></span> <span class='ocrx_word' id='word_1_647' title='bbox 1034 4594 1176 4647; x_wconf 88' lang='lat' dir='ltr'><strong>enim</strong></span> <span class='ocrx_word' id='word_1_648' title='bbox 1203 4591 1304 4647; x_wconf 85' lang='lat' dir='ltr'><strong>sibi</strong></span> <span class='ocrx_word' id='word_1_649' title='bbox 1334 4594 1439 4645; x_wconf 89' lang='lat' dir='ltr'><strong>vult</strong></span> <span class='ocrx_word' id='word_1_650' title='bbox 1478 4611 1490 4646; x_wconf 88' lang='lat'><strong>:</strong></span> <span class='ocrx_word' id='word_1_651' title='bbox 1548 4590 1825 4666; x_wconf 45' lang='lat' dir='ltr'><strong>licerelicis</strong></span> <span class='ocrx_word' id='word_1_652' title='bbox 1855 4590 2123 4650; x_wconf 84' lang='lat' dir='ltr'><strong>damnatis</strong></span> 
     </span>
    </p>
   </div>
   <div class='ocr_carea' id='block_1_81' title="bbox 526 4663 2121 4733">
    <p class='ocr_par' dir='ltr' id='par_1_81' title="bbox 526 4663 2121 4733">
     <span class='ocr_line' id='line_1_82' title="bbox 526 4663 2121 4733; baseline -0.002 -12"><span class='ocrx_word' id='word_1_653' title='bbox 526 4663 921 4723; x_wconf 80' lang='lat' dir='ltr'><strong>inconsiderate</strong></span> <span class='ocrx_word' id='word_1_654' title='bbox 953 4680 1045 4719; x_wconf 83' lang='lat' dir='ltr'><strong>vos</strong></span> <span class='ocrx_word' id='word_1_655' title='bbox 1070 4668 1292 4733; x_wconf 77' lang='lat' dir='ltr'><strong>iungere</strong></span> <span class='ocrx_word' id='word_1_656' title='bbox 1326 4679 1431 4718; x_wconf 91' lang='lat' dir='ltr'><strong>non</strong></span> <span class='ocrx_word' id='word_1_657' title='bbox 1460 4663 1717 4719; x_wconf 71' lang='lat' dir='ltr'><strong>dehnisﬁs</strong></span> <span class='ocrx_word' id='word_1_658' title='bbox 1747 4681 1761 4718; x_wconf 92' lang='lat'>:</span> <span class='ocrx_word' id='word_1_659' title='bbox 1797 4673 1849 4717; x_wconf 88' lang='lat' dir='ltr'><strong>at</strong></span> <span class='ocrx_word' id='word_1_660' title='bbox 1878 4680 1997 4718; x_wconf 89' lang='lat' dir='ltr'><strong>cum</strong></span> <span class='ocrx_word' id='word_1_661' title='bbox 2029 4680 2121 4719; x_wconf 89' lang='lat' dir='ltr'><strong>eo-</strong></span> 
     </span>
    </p>
   </div>
   <div class='ocr_carea' id='block_1_82' title="bbox 524 4733 2118 4794">
    <p class='ocr_par' dir='ltr' id='par_1_82' title="bbox 524 4733 2118 4794">
     <span class='ocr_line' id='line_1_83' title="bbox 524 4733 2118 4794; baseline -0.001 -2"><span class='ocrx_word' id='word_1_662' title='bbox 524 4755 639 4793; x_wconf 89' lang='lat' dir='ltr'><strong>rum</strong></span> <span class='ocrx_word' id='word_1_663' title='bbox 668 4741 915 4794; x_wconf 76' lang='lat' dir='ltr'><strong>lneresitn</strong></span> <span class='ocrx_word' id='word_1_664' title='bbox 945 4736 1092 4792; x_wconf 69' lang='lat' dir='ltr'><strong>vobis</strong></span> <span class='ocrx_word' id='word_1_665' title='bbox 1114 4736 1554 4791; x_wconf 82' lang='lat' dir='ltr'><strong>demonstrarunt</strong></span> <span class='ocrx_word' id='word_1_666' title='bbox 1571 4733 1892 4790; x_wconf 84' lang='lat' dir='ltr'><strong>Orientales.</strong></span> <span class='ocrx_word' id='word_1_667' title='bbox 1924 4735 2118 4791; x_wconf 83' lang='lat' dir='ltr'><strong>saltem</strong></span> 
     </span>
    </p>
   </div>
   <div class='ocr_carea' id='block_1_83' title="bbox 522 4808 1950 4876">
    <p class='ocr_par' dir='ltr' id='par_1_83' title="bbox 522 4808 1950 4876">
     <span class='ocr_line' id='line_1_84' title="bbox 522 4808 1950 4876; baseline -0.004 -11"><span class='ocrx_word' id='word_1_668' title='bbox 522 4820 651 4865; x_wconf 87' lang='lat' dir='ltr'><strong>tunc</strong></span> <span class='ocrx_word' id='word_1_669' title='bbox 675 4827 767 4865; x_wconf 87' lang='lat' dir='ltr'><strong>vos</strong></span> <span class='ocrx_word' id='word_1_670' title='bbox 795 4813 860 4864; x_wconf 90' lang='lat' dir='ltr'><strong>ah</strong></span> <span class='ocrx_word' id='word_1_671' title='bbox 885 4810 1099 4863; x_wconf 88' lang='lat' dir='ltr'><strong>illorum</strong></span> <span class='ocrx_word' id='word_1_672' title='bbox 1123 4808 1381 4862; x_wconf 87' lang='lat' dir='ltr'><strong>societate</strong></span> <span class='ocrx_word' id='word_1_673' title='bbox 1403 4809 1665 4864; x_wconf 48' lang='lat' dir='ltr'><strong>absistere</strong></span> <span class='ocrx_word' id='word_1_674' title='bbox 1692 4810 1950 4876; x_wconf 82' lang='lat' dir='ltr'><strong>Oportuit.</strong></span> 
     </span>
    </p>
   </div>
   <div class='ocr_carea' id='block_1_84' title="bbox 596 4878 2115 4953">
    <p class='ocr_par' dir='ltr' id='par_1_84' title="bbox 596 4878 2115 4953">
     <span class='ocr_line' id='line_1_85' title="bbox 596 4878 2115 4953; baseline -0.001 -18"><span class='ocrx_word' id='word_1_675' title='bbox 596 4880 668 4953; x_wconf 82' lang='grc' dir='ltr'><strong>(ε)</strong></span> <span class='ocrx_word' id='word_1_676' title='bbox 714 4882 764 4934; x_wconf 91' lang='lat' dir='ltr'><strong>ltt</strong></span> <span class='ocrx_word' id='word_1_677' title='bbox 798 4882 1082 4937; x_wconf 66' lang='lat' dir='ltr'><strong>Pitlttnano</strong></span> <span class='ocrx_word' id='word_1_678' title='bbox 1119 4879 1337 4953; x_wconf 69' lang='lat' dir='ltr'><strong>codice,</strong></span> <span class='ocrx_word' id='word_1_679' title='bbox 1381 4881 1642 4953; x_wconf 70' lang='lat' dir='ltr'><strong>minuitis,</strong></span> <span class='ocrx_word' id='word_1_680' title='bbox 1676 4878 1886 4953; x_wconf 13' lang='lat' dir='ltr'><strong>rn_ec_id</strong></span> <span class='ocrx_word' id='word_1_681' title='bbox 1934 4880 2115 4934; x_wconf 82' lang='lat' dir='ltr'><strong>saltem</strong></span> 
     </span>
    </p>
   </div>
   <div class='ocr_carea' id='block_1_85' title="bbox 522 4948 2110 5025">
    <p class='ocr_par' dir='ltr' id='par_1_85' title="bbox 522 4948 2110 5025">
     <span class='ocr_line' id='line_1_86' title="bbox 522 4948 2110 5025; baseline -0.002 -19"><span class='ocrx_word' id='word_1_682' title='bbox 522 4948 752 5025; x_wconf 74' lang='lat' dir='ltr'><strong>consiliis</strong></span> <span class='ocrx_word' id='word_1_683' title='bbox 782 4953 1021 5022; x_wconf 85' lang='lat' dir='ltr'><strong>sumptis,</strong></span> <span class='ocrx_word' id='word_1_684' title='bbox 1053 4960 1178 5025; x_wconf 60' lang='lat' dir='ltr'><strong>etc.</strong></span> <span class='ocrx_word' id='word_1_685' title='bbox 1208 4950 1507 5025; x_wconf 76' lang='lat' dir='ltr'><strong>Retinenda</strong></span> <span class='ocrx_word' id='word_1_686' title='bbox 1542 4949 1741 5025; x_wconf 58' lang='lat' dir='ltr'><strong>Nicolai</strong></span> <span class='ocrx_word' id='word_1_687' title='bbox 1781 4948 1939 5025; x_wconf 78' lang='lat' dir='ltr'><strong>Fabri</strong></span> <span class='ocrx_word' id='word_1_688' title='bbox 1987 4966 2110 5025; x_wconf 82' lang='lat' dir='ltr'><strong>cor-</strong></span> 
     </span>
    </p>
   </div>
   <div class='ocr_carea' id='block_1_86' title="bbox 520 5021 2107 5097">
    <p class='ocr_par' dir='ltr' id='par_1_86' title="bbox 520 5021 2107 5097">
     <span class='ocr_line' id='line_1_87' title="bbox 520 5021 2107 5097; baseline -0.003 -17"><span class='ocrx_word' id='word_1_689' title='bbox 520 5021 709 5097; x_wconf 77' lang='lat' dir='ltr'><strong>rectio.</strong></span> <span class='ocrx_word' id='word_1_690' title='bbox 758 5024 862 5082; x_wconf 88' lang='lat' dir='ltr'><strong>Sed</strong></span> <span class='ocrx_word' id='word_1_691' title='bbox 896 5021 1141 5097; x_wconf 86' lang='lat' dir='ltr'><strong>quamvis</strong></span> <span class='ocrx_word' id='word_1_692' title='bbox 1171 5024 1256 5097; x_wconf 82' lang='lat' dir='ltr'><strong>hic</strong></span> <span class='ocrx_word' id='word_1_693' title='bbox 1288 5022 1493 5097; x_wconf 82' lang='lat' dir='ltr'><strong>aliquid</strong></span> <span class='ocrx_word' id='word_1_694' title='bbox 1524 5022 1712 5079; x_wconf 84' lang='lat' dir='ltr'><strong>deesse</strong></span> <span class='ocrx_word' id='word_1_695' title='bbox 1731 5021 2063 5097; x_wconf 66' lang='lat' dir='ltr'><strong>existimarit</strong></span> <span class='ocrx_word' id='word_1_696' title='bbox 2091 5062 2107 5087; x_wconf 93' lang='lat'><strong>,</strong></span> 
     </span>
    </p>
   </div>
   <div class='ocr_carea' id='block_1_87' title="bbox 519 5091 2105 5168">
    <p class='ocr_par' dir='ltr' id='par_1_87' title="bbox 519 5091 2105 5168">
     <span class='ocr_line' id='line_1_88' title="bbox 519 5091 2105 5168; baseline -0.002 -18"><span class='ocrx_word' id='word_1_697' title='bbox 519 5095 729 5168; x_wconf 82' lang='lat' dir='ltr'><strong>integra</strong></span> <span class='ocrx_word' id='word_1_698' title='bbox 761 5091 930 5153; x_wconf 62' lang='lat' dir='ltr'><strong>nobis</strong></span> <span class='ocrx_word' id='word_1_699' title='bbox 944 5094 1151 5168; x_wconf 81' lang='lat' dir='ltr'><strong>videtur</strong></span> <span class='ocrx_word' id='word_1_700' title='bbox 1177 5093 1337 5148; x_wconf 88' lang='lat' dir='ltr'><strong>lectio</strong></span> <span class='ocrx_word' id='word_1_701' title='bbox 1368 5091 1432 5150; x_wconf 84' lang='lat' dir='ltr'><strong>eo</strong></span> <span class='ocrx_word' id='word_1_702' title='bbox 1478 5110 1641 5149; x_wconf 90' lang='lat' dir='ltr'><strong>sensu</strong></span> <span class='ocrx_word' id='word_1_703' title='bbox 1674 5112 1686 5148; x_wconf 90' lang='lat'><strong>:</strong></span> <span class='ocrx_word' id='word_1_704' title='bbox 1730 5091 2105 5168; x_wconf 23' lang='lat' dir='ltr'><strong>Neqne‘etiam</strong></span> 
     </span>
    </p>
   </div>
   <div class='ocr_carea' id='block_1_88' title="bbox 520 5165 2109 5238">
    <p class='ocr_par' dir='ltr' id='par_1_88' title="bbox 520 5165 2109 5238">
     <span class='ocr_line' id='line_1_89' title="bbox 520 5165 2109 5238; baseline -0.001 -17"><span class='ocrx_word' id='word_1_705' title='bbox 520 5167 564 5222; x_wconf 91' lang='lat' dir='ltr'><strong>si</strong></span> <span class='ocrx_word' id='word_1_706' title='bbox 592 5165 682 5235; x_wconf 82' lang='lat' dir='ltr'><strong>qui</strong></span> <span class='ocrx_word' id='word_1_707' title='bbox 711 5170 939 5238; x_wconf 90' lang='lat' dir='ltr'><strong>primum</strong></span> <span class='ocrx_word' id='word_1_708' title='bbox 967 5166 1082 5221; x_wconf 86' lang='lat' dir='ltr'><strong>falsi</strong></span> <span class='ocrx_word' id='word_1_709' title='bbox 1113 5174 1314 5238; x_wconf 83' lang='lat' dir='ltr'><strong>essent.</strong></span> <span class='ocrx_word' id='word_1_710' title='bbox 1345 5176 1398 5220; x_wconf 89' lang='lat' dir='ltr'><strong>et</strong></span> <span class='ocrx_word' id='word_1_711' title='bbox 1430 5168 1482 5221; x_wconf 91' lang='lat' dir='ltr'><strong>itt</strong></span> <span class='ocrx_word' id='word_1_712' title='bbox 1510 5165 1962 5238; x_wconf 85' lang='lat' dir='ltr'><strong>errorenonnihil</strong></span> <span class='ocrx_word' id='word_1_713' title='bbox 1997 5178 2109 5235; x_wconf 64' lang='lat' dir='ltr'><strong>prta</strong></span> 
     </span>
    </p>
   </div>
   <div class='ocr_carea' id='block_1_89' title="bbox 520 5236 2103 5310">
    <p class='ocr_par' dir='ltr' id='par_1_89' title="bbox 520 5236 2103 5310">
     <span class='ocr_line' id='line_1_90' title="bbox 520 5236 2103 5310; baseline -0.004 -16"><span class='ocrx_word' id='word_1_714' title='bbox 520 5236 726 5310; x_wconf 81' lang='lat' dir='ltr'><strong>pudore</strong></span> <span class='ocrx_word' id='word_1_715' title='bbox 755 5240 1128 5310; x_wconf 79' lang='lat' dir='ltr'><strong>detinerentnr</strong></span> <span class='ocrx_word' id='word_1_716' title='bbox 1152 5277 1181 5310; x_wconf 87' lang='lat'><strong>,_</strong></span> <span class='ocrx_word' id='word_1_717' title='bbox 1213 5237 1403 5290; x_wconf 87' lang='lat' dir='ltr'><strong>saltem</strong></span> <span class='ocrx_word' id='word_1_718' title='bbox 1453 5237 1747 5293; x_wconf 87' lang='lat' dir='ltr'><strong>immutatis</strong></span> <span class='ocrx_word' id='word_1_719' title='bbox 1778 5236 2103 5310; x_wconf 75' lang='lat' dir='ltr'><strong>consilium,</strong></span> 
     </span>
    </p>
   </div>
   <div class='ocr_carea' id='block_1_90' title="bbox 521 5305 2106 5366">
    <p class='ocr_par' dir='ltr' id='par_1_90' title="bbox 521 5305 2106 5366">
     <span class='ocr_line' id='line_1_91' title="bbox 521 5305 2106 5366; baseline -0.003 -1"><span class='ocrx_word' id='word_1_720' title='bbox 521 5305 607 5365; x_wconf 80' lang='lat' dir='ltr'><strong>ubi</strong></span> <span class='ocrx_word' id='word_1_721' title='bbox 652 5311 931 5366; x_wconf 81' lang='lat' dir='ltr'><strong>advertere</strong></span> <span class='ocrx_word' id='word_1_722' title='bbox 954 5307 1214 5365; x_wconf 84' lang='lat' dir='ltr'><strong>debuistis</strong></span> <span class='ocrx_word' id='word_1_723' title='bbox 1258 5321 1492 5362; x_wconf 86' lang='lat' dir='ltr'><strong>vestrum</strong></span> <span class='ocrx_word' id='word_1_724' title='bbox 1520 5323 1760 5364; x_wconf 82' lang='lat' dir='ltr'><strong>errorem</strong></span> <span class='ocrx_word' id='word_1_725' title='bbox 1790 5312 1953 5362; x_wconf 86' lang='lat' dir='ltr'><strong>totius</strong></span> <span class='ocrx_word' id='word_1_726' title='bbox 1990 5305 2106 5361; x_wconf 60' lang='lat' dir='ltr'><strong>Ari-</strong></span> 
     </span>
    </p>
   </div>
   <div class='ocr_carea' id='block_1_91' title="bbox 521 5377 2105 5454">
    <p class='ocr_par' dir='ltr' id='par_1_91' title="bbox 521 5377 2105 5454">
     <span class='ocr_line' id='line_1_92' title="bbox 521 5377 2105 5454; baseline -0.003 -19"><span class='ocrx_word' id='word_1_727' title='bbox 521 5383 780 5439; x_wconf 83' lang='lat' dir='ltr'><strong>mittensis</strong></span> <span class='ocrx_word' id='word_1_728' title='bbox 826 5382 1013 5454; x_wconf 83' lang='lat' dir='ltr'><strong>synodi</strong></span> <span class='ocrx_word' id='word_1_729' title='bbox 1048 5377 1375 5454; x_wconf 66' lang='lat' dir='ltr'><strong>existimari.</strong></span> <span class='ocrx_word' id='word_1_730' title='bbox 1428 5379 1702 5454; x_wconf 78' lang='lat' dir='ltr'><strong>Frequens</strong></span> <span class='ocrx_word' id='word_1_731' title='bbox 1748 5379 1891 5432; x_wconf 89' lang='lat' dir='ltr'><strong>enim</strong></span> <span class='ocrx_word' id='word_1_732' title='bbox 1922 5386 2006 5454; x_wconf 82' lang='lat' dir='ltr'><strong>est</strong></span> <span class='ocrx_word' id='word_1_733' title='bbox 2050 5379 2105 5454; x_wconf 76' lang='lat' dir='ltr'><strong>in</strong></span> 
     </span>
    </p>
   </div>
   <div class='ocr_carea' id='block_1_92' title="bbox 517 5450 2105 5519">
    <p class='ocr_par' dir='ltr' id='par_1_92' title="bbox 517 5450 2105 5519">
     <span class='ocr_line' id='line_1_93' title="bbox 517 5450 2105 5519; baseline -0.003 -10"><span class='ocrx_word' id='word_1_734' title='bbox 517 5456 750 5519; x_wconf 78' lang='lat' dir='ltr'><strong>antiquis</strong></span> <span class='ocrx_word' id='word_1_735' title='bbox 777 5450 927 5510; x_wconf 75' lang='lat' dir='ltr'><strong>libris</strong></span> <span class='ocrx_word' id='word_1_736' title='bbox 953 5450 1190 5509; x_wconf 81' lang='lat' dir='ltr'><strong>ea‘tintari</strong></span> <span class='ocrx_word' id='word_1_737' title='bbox 1214 5490 1230 5516; x_wconf 95' lang='lat'><strong>,</strong></span> <span class='ocrx_word' id='word_1_738' title='bbox 1264 5464 1360 5519; x_wconf 88' lang='lat' dir='ltr'><strong>pro</strong></span> <span class='ocrx_word' id='word_1_739' title='bbox 1405 5452 1688 5507; x_wconf 73' lang='lat' dir='ltr'><strong>emistitnttri</strong></span> <span class='ocrx_word' id='word_1_740' title='bbox 1717 5460 1809 5503; x_wconf 86' lang='lat' dir='ltr'><strong>aut</strong></span> <span class='ocrx_word' id='word_1_741' title='bbox 1831 5450 2105 5517; x_wconf 61' lang='lat' dir='ltr'><strong>testintttri,</strong></span> 
     </span>
    </p>
   </div>
   <div class='ocr_carea' id='block_1_93' title="bbox 595 5520 2107 5593">
    <p class='ocr_par' dir='ltr' id='par_1_93' title="bbox 595 5520 2107 5593">
     <span class='ocr_line' id='line_1_94' title="bbox 595 5520 2107 5593; baseline -0.006 -11"><span class='ocrx_word' id='word_1_742' title='bbox 595 5520 662 5593; x_wconf 74' lang='grc' dir='ltr'><strong>(Γ)</strong></span> <span class='ocrx_word' id='word_1_743' title='bbox 705 5525 865 5581; x_wconf 85' lang='lat' dir='ltr'><strong>Forte</strong></span> <span class='ocrx_word' id='word_1_744' title='bbox 884 5569 899 5592; x_wconf 93' lang='lat'><strong>,</strong></span> <span class='ocrx_word' id='word_1_745' title='bbox 932 5542 1023 5579; x_wconf 86' lang='lat' dir='ltr'><strong>cur</strong></span> <span class='ocrx_word' id='word_1_746' title='bbox 1051 5523 1203 5593; x_wconf 65' lang='lat' dir='ltr'><strong>etiarn</strong></span> <span class='ocrx_word' id='word_1_747' title='bbox 1234 5536 1333 5576; x_wconf 82' lang='lat' dir='ltr'><strong>non</strong></span> <span class='ocrx_word' id='word_1_748' title='bbox 1363 5533 1657 5591; x_wconf 74' lang='lat' dir='ltr'><strong>creaturam</strong></span> <span class='ocrx_word' id='word_1_749' title='bbox 1685 5538 1793 5577; x_wconf 83' lang='lat' dir='ltr'><strong>esse</strong></span> <span class='ocrx_word' id='word_1_750' title='bbox 1818 5520 1913 5576; x_wconf 83' lang='lat' dir='ltr'><strong>Dei</strong></span> <span class='ocrx_word' id='word_1_751' title='bbox 1938 5521 2107 5593; x_wconf 81' lang='lat' dir='ltr'><strong>ﬁlium</strong></span> 
     </span>
    </p>
   </div>
   <div class='ocr_carea' id='block_1_94' title="bbox 522 5591 2109 5667">
    <p class='ocr_par' dir='ltr' id='par_1_94' title="bbox 522 5591 2109 5667">
     <span class='ocr_line' id='line_1_95' title="bbox 522 5591 2109 5667; baseline 0 -20"><span class='ocrx_word' id='word_1_752' title='bbox 522 5591 629 5651; x_wconf 77' lang='grc' dir='ltr'><strong>ηοιί</strong></span> <span class='ocrx_word' id='word_1_753' title='bbox 643 5591 901 5663; x_wconf 78' lang='lat' dir='ltr'><strong>diceretis,</strong></span> <span class='ocrx_word' id='word_1_754' title='bbox 928 5599 1002 5651; x_wconf 89' lang='lat' dir='ltr'><strong>ttti</strong></span> <span class='ocrx_word' id='word_1_755' title='bbox 1030 5591 1302 5667; x_wconf 85' lang='lat' dir='ltr'><strong>postulare</strong></span> <span class='ocrx_word' id='word_1_756' title='bbox 1325 5593 1531 5651; x_wconf 86' lang='lat' dir='ltr'><strong>videtur</strong></span> <span class='ocrx_word' id='word_1_757' title='bbox 1552 5598 1852 5651; x_wconf 77' lang='lat' dir='ltr'><strong>subnexutn</strong></span> <span class='ocrx_word' id='word_1_758' title='bbox 1882 5591 2109 5665; x_wconf 86' lang='lat' dir='ltr'><strong>respon-</strong></span> 
     </span>
    </p>
   </div>
   <div class='ocr_carea' id='block_1_95' title="bbox 521 5682 661 5735">
    <p class='ocr_par' dir='ltr' id='par_1_95' title="bbox 521 5682 661 5735">
     <span class='ocr_line' id='line_1_96' title="bbox 521 5682 661 5735; baseline 0.014 -17"><span class='ocrx_word' id='word_1_759' title='bbox 521 5682 637 5735; x_wconf 69' lang='lat' dir='ltr'><strong>sum</strong></span> <span class='ocrx_word' id='word_1_760' title='bbox 651 5709 661 5720; x_wconf 92' lang='lat'><strong>.</strong></span> 
     </span>
    </p>
   </div>
   <div class='ocr_carea' id='block_1_96' title="bbox 593 5735 2106 5811">
    <p class='ocr_par' dir='ltr' id='par_1_96' title="bbox 593 5735 2106 5811">
     <span class='ocr_line' id='line_1_97' title="bbox 593 5735 2106 5811; baseline -0.014 1"><span class='ocrx_word' id='word_1_761' title='bbox 593 5736 672 5811; x_wconf 83' lang='grc'><strong>(9)</strong></span> <span class='ocrx_word' id='word_1_762' title='bbox 723 5739 943 5809; x_wconf 76' lang='lat' dir='ltr'><strong>supple.</strong></span> <span class='ocrx_word' id='word_1_763' title='bbox 984 5739 1078 5798; x_wconf 85' lang='lat' dir='ltr'><strong>hoc</strong></span> <span class='ocrx_word' id='word_1_764' title='bbox 1118 5742 1308 5798; x_wconf 85' lang='lat' dir='ltr'><strong>dictum</strong></span> <span class='ocrx_word' id='word_1_765' title='bbox 1334 5752 1406 5796; x_wconf 79' lang='lat' dir='ltr'><strong>cst</strong></span> <span class='ocrx_word' id='word_1_766' title='bbox 1444 5753 1544 5793; x_wconf 87' lang='lat' dir='ltr'><strong>:ac</strong></span> <span class='ocrx_word' id='word_1_767' title='bbox 1571 5747 1757 5807; x_wconf 84' lang='lat' dir='ltr'><strong>postea</strong></span> <span class='ocrx_word' id='word_1_768' title='bbox 1785 5735 2106 5805; x_wconf 85' lang='lat' dir='ltr'><strong>particulam</strong></span> 
     </span>
    </p>
   </div>
   <div class='ocr_carea' id='block_1_97' title="bbox 2237 3169 3821 3233">
    <p class='ocr_par' dir='ltr' id='par_1_97' title="bbox 2237 3169 3821 3233">
     <span class='ocr_line' id='line_1_98' title="bbox 2237 3169 3821 3233; baseline -0.001 -11"><span class='ocrx_word' id='word_1_769' title='bbox 2237 3169 2391 3223; x_wconf 90' lang='lat' dir='ltr'><strong>cnior</strong></span> <span class='ocrx_word' id='word_1_770' title='bbox 2413 3171 2518 3223; x_wconf 90' lang='lat' dir='ltr'><strong>erit</strong></span> <span class='ocrx_word' id='word_1_771' title='bbox 2548 3170 2664 3223; x_wconf 69' lang='lat' dir='ltr'><strong>haec</strong></span> <span class='ocrx_word' id='word_1_772' title='bbox 2696 3170 2969 3223; x_wconf 89' lang='lat' dir='ltr'><strong>sententia</strong></span> <span class='ocrx_word' id='word_1_773' title='bbox 2997 3185 3011 3223; x_wconf 88' lang='lat'><strong>:</strong></span> <span class='ocrx_word' id='word_1_774' title='bbox 3056 3185 3160 3222; x_wconf 84' lang='lat' dir='ltr'><strong>non</strong></span> <span class='ocrx_word' id='word_1_775' title='bbox 3207 3170 3310 3229; x_wconf 77' lang='lat' dir='ltr'><strong>hoc</strong></span> <span class='ocrx_word' id='word_1_776' title='bbox 3342 3171 3544 3225; x_wconf 90' lang='lat' dir='ltr'><strong>dictum</strong></span> <span class='ocrx_word' id='word_1_777' title='bbox 3586 3177 3688 3233; x_wconf 90' lang='lat' dir='ltr'><strong>est,</strong></span> <span class='ocrx_word' id='word_1_778' title='bbox 3724 3169 3821 3233; x_wconf 74' lang='lat' dir='ltr'><strong>quia</strong></span> 
     </span>
    </p>
   </div>
   <div class='ocr_carea' id='block_1_98' title="bbox 2233 3237 3823 3310">
    <p class='ocr_par' dir='ltr' id='par_1_98' title="bbox 2233 3237 3823 3310">
     <span class='ocr_line' id='line_1_99' title="bbox 2233 3237 3823 3310; baseline -0.003 -19"><span class='ocrx_word' id='word_1_779' title='bbox 2233 3242 2423 3293; x_wconf 84' lang='lat' dir='ltr'><strong>creatio</strong></span> <span class='ocrx_word' id='word_1_780' title='bbox 2456 3257 2557 3293; x_wconf 84' lang='lat' dir='ltr'><strong>non</strong></span> <span class='ocrx_word' id='word_1_781' title='bbox 2578 3242 2645 3294; x_wconf 84' lang='lat' dir='ltr'><strong>sit</strong></span> <span class='ocrx_word' id='word_1_782' title='bbox 2675 3281 2688 3304; x_wconf 92' lang='lat'><strong>,</strong></span> <span class='ocrx_word' id='word_1_783' title='bbox 2717 3238 2804 3293; x_wconf 80' lang='lat' dir='ltr'><strong>sed</strong></span> <span class='ocrx_word' id='word_1_784' title='bbox 2827 3241 2949 3310; x_wconf 89' lang='lat' dir='ltr'><strong>quia</strong></span> <span class='ocrx_word' id='word_1_785' title='bbox 2976 3241 3272 3308; x_wconf 70' lang='lat' dir='ltr'><strong>excipiatur</strong></span> <span class='ocrx_word' id='word_1_786' title='bbox 3303 3259 3338 3296; x_wconf 90' lang='lat' dir='ltr'><strong>a</strong></span> <span class='ocrx_word' id='word_1_787' title='bbox 3390 3241 3624 3297; x_wconf 70' lang='lat' dir='ltr'><strong>alitteris:</strong></span> <span class='ocrx_word' id='word_1_788' title='bbox 3659 3247 3709 3293; x_wconf 84' lang='lat' dir='ltr'><strong>ut</strong></span> <span class='ocrx_word' id='word_1_789' title='bbox 3729 3237 3823 3310; x_wconf 82' lang='lat' dir='ltr'><strong>licet</strong></span> 
     </span>
    </p>
   </div>
   <div class='ocr_carea' id='block_1_99' title="bbox 2234 3308 3824 3377">
    <p class='ocr_par' dir='ltr' id='par_1_99' title="bbox 2234 3308 3824 3377">
     <span class='ocr_line' id='line_1_100' title="bbox 2234 3308 3824 3377; baseline 0.001 -15"><span class='ocrx_word' id='word_1_790' title='bbox 2234 3310 2502 3365; x_wconf 82' lang='lat' dir='ltr'><strong>dissimilis</strong></span> <span class='ocrx_word' id='word_1_791' title='bbox 2530 3311 2727 3365; x_wconf 69' lang='lat' dir='ltr'><strong>ueteris</strong></span> <span class='ocrx_word' id='word_1_792' title='bbox 2755 3308 2860 3377; x_wconf 75' lang='lat' dir='ltr'><strong>sit,</strong></span> <span class='ocrx_word' id='word_1_793' title='bbox 2909 3309 2981 3365; x_wconf 88' lang='lat' dir='ltr'><strong>ita</strong></span> <span class='ocrx_word' id='word_1_794' title='bbox 3010 3321 3185 3367; x_wconf 84' lang='lat' dir='ltr'><strong>tamen</strong></span> <span class='ocrx_word' id='word_1_795' title='bbox 3219 3314 3292 3368; x_wconf 89' lang='lat' dir='ltr'><strong>sit</strong></span> <span class='ocrx_word' id='word_1_796' title='bbox 3316 3313 3628 3377; x_wconf 86' lang='lat' dir='ltr'><strong>dissimilis,</strong></span> <span class='ocrx_word' id='word_1_797' title='bbox 3656 3320 3707 3363; x_wconf 75' lang='lat' dir='ltr'><strong>ut</strong></span> <span class='ocrx_word' id='word_1_798' title='bbox 3734 3308 3824 3375; x_wconf 69' lang='lat' dir='ltr'><strong>ipa</strong></span> 
     </span>
    </p>
   </div>
   <div class='ocr_carea' id='block_1_100' title="bbox 2235 3381 2628 3436">
    <p class='ocr_par' dir='ltr' id='par_1_100' title="bbox 2235 3381 2628 3436">
     <span class='ocr_line' id='line_1_101' title="bbox 2235 3381 2628 3436; baseline 0.005 -2"><span class='ocrx_word' id='word_1_799' title='bbox 2235 3381 2381 3435; x_wconf 86' lang='lat' dir='ltr'><strong>aliud</strong></span> <span class='ocrx_word' id='word_1_800' title='bbox 2410 3398 2514 3435; x_wconf 87' lang='lat' dir='ltr'><strong>non</strong></span> <span class='ocrx_word' id='word_1_801' title='bbox 2541 3382 2628 3436; x_wconf 83' lang='lat' dir='ltr'><strong>sit.</strong></span> 
     </span>
    </p>
   </div>
   <div class='ocr_carea' id='block_1_101' title="bbox 2307 3447 3828 3528">
    <p class='ocr_par' dir='ltr' id='par_1_101' title="bbox 2307 3447 3828 3528">
     <span class='ocr_line' id='line_1_102' title="bbox 2307 3447 3828 3528; baseline 0.001 -23"><span class='ocrx_word' id='word_1_802' title='bbox 2307 3452 2396 3526; x_wconf 83' lang='lat' dir='ltr'><strong>(It)</strong></span> <span class='ocrx_word' id='word_1_803' title='bbox 2437 3453 2595 3528; x_wconf 72' lang='lat' dir='ltr'><strong>Puta.</strong></span> <span class='ocrx_word' id='word_1_804' title='bbox 2629 3467 2756 3528; x_wconf 83' lang='lat' dir='ltr'><strong>cum</strong></span> <span class='ocrx_word' id='word_1_805' title='bbox 2783 3452 2965 3528; x_wconf 71' lang='lat' dir='ltr'><strong>Sirmii</strong></span> <span class='ocrx_word' id='word_1_806' title='bbox 3003 3454 3074 3528; x_wconf 84' lang='lat' dir='ltr'><strong>ab</strong></span> <span class='ocrx_word' id='word_1_807' title='bbox 3104 3452 3423 3528; x_wconf 67' lang='lat' dir='ltr'><strong>Ancyranm</strong></span> <span class='ocrx_word' id='word_1_808' title='bbox 3455 3453 3644 3528; x_wconf 87' lang='lat' dir='ltr'><strong>synodi</strong></span> <span class='ocrx_word' id='word_1_809' title='bbox 3668 3447 3828 3528; x_wconf 72' lang='lat' dir='ltr'><strong>legali§</strong></span> 
     </span>
    </p>
   </div>
   <div class='ocr_carea' id='block_1_102' title="bbox 2235 3521 3827 3590">
    <p class='ocr_par' dir='ltr' id='par_1_102' title="bbox 2235 3521 3827 3590">
     <span class='ocr_line' id='line_1_103' title="bbox 2235 3521 3827 3590; baseline -0.004 -12"><span class='ocrx_word' id='word_1_810' title='bbox 2235 3521 2340 3579; x_wconf 87' lang='lat' dir='ltr'><strong>con</strong></span> <span class='ocrx_word' id='word_1_811' title='bbox 2356 3521 2518 3585; x_wconf 83' lang='lat' dir='ltr'><strong>venti.</strong></span> <span class='ocrx_word' id='word_1_812' title='bbox 2550 3523 2957 3579; x_wconf 89' lang='lat' dir='ltr'><strong>definitionibus</strong></span> <span class='ocrx_word' id='word_1_813' title='bbox 2980 3526 3195 3581; x_wconf 91' lang='lat' dir='ltr'><strong>illorum</strong></span> <span class='ocrx_word' id='word_1_814' title='bbox 3219 3521 3573 3583; x_wconf 76' lang='lat' dir='ltr'><strong>subscribere</strong></span> <span class='ocrx_word' id='word_1_815' title='bbox 3597 3521 3827 3590; x_wconf 86' lang='lat' dir='ltr'><strong>compulsi</strong></span> 
     </span>
    </p>
   </div>
   <div class='ocr_carea' id='block_1_103' title="bbox 2234 3595 3829 3667">
    <p class='ocr_par' dir='ltr' id='par_1_103' title="bbox 2234 3595 3829 3667">
     <span class='ocr_line' id='line_1_104' title="bbox 2234 3595 3829 3667; baseline 0 -18"><span class='ocrx_word' id='word_1_816' title='bbox 2234 3603 2391 3667; x_wconf 81' lang='lat' dir='ltr'><strong>sunt.</strong></span> <span class='ocrx_word' id='word_1_817' title='bbox 2428 3598 2620 3664; x_wconf 86' lang='lat' dir='ltr'><strong>quibus</strong></span> <span class='ocrx_word' id='word_1_818' title='bbox 2648 3595 2979 3667; x_wconf 84' lang='lat' dir='ltr'><strong>datnnantur</strong></span> <span class='ocrx_word' id='word_1_819' title='bbox 3003 3638 3018 3659; x_wconf 89' lang='lat'><strong>,</strong></span> <span class='ocrx_word' id='word_1_820' title='bbox 3062 3597 3153 3667; x_wconf 87' lang='lat' dir='ltr'><strong>qtti</strong></span> <span class='ocrx_word' id='word_1_821' title='bbox 3189 3597 3398 3653; x_wconf 88' lang='lat' dir='ltr'><strong>Filium</strong></span> <span class='ocrx_word' id='word_1_822' title='bbox 3434 3614 3561 3654; x_wconf 85' lang='lat' dir='ltr'><strong>vere</strong></span> <span class='ocrx_word' id='word_1_823' title='bbox 3587 3604 3640 3651; x_wconf 81' lang='lat' dir='ltr'><strong>et</strong></span> <span class='ocrx_word' id='word_1_824' title='bbox 3662 3606 3829 3667; x_wconf 76' lang='lat' dir='ltr'><strong>secun-</strong></span> 
     </span>
    </p>
   </div>
   <div class='ocr_carea' id='block_1_104' title="bbox 2232 3665 3828 3741">
    <p class='ocr_par' dir='ltr' id='par_1_104' title="bbox 2232 3665 3828 3741">
     <span class='ocr_line' id='line_1_105' title="bbox 2232 3665 3828 3741; baseline 0.001 -21"><span class='ocrx_word' id='word_1_825' title='bbox 2232 3666 2365 3721; x_wconf 89' lang='lat' dir='ltr'><strong>dum</strong></span> <span class='ocrx_word' id='word_1_826' title='bbox 2415 3667 2769 3741; x_wconf 78' lang='lat' dir='ltr'><strong>substantiam</strong></span> <span class='ocrx_word' id='word_1_827' title='bbox 2818 3666 2982 3741; x_wconf 77' lang='lat' dir='ltr'><strong>lilium</strong></span> <span class='ocrx_word' id='word_1_828' title='bbox 3012 3665 3133 3741; x_wconf 84' lang='lat' dir='ltr'><strong>esse</strong></span> <span class='ocrx_word' id='word_1_829' title='bbox 3180 3681 3429 3741; x_wconf 84' lang='lat' dir='ltr'><strong>negant;</strong></span> <span class='ocrx_word' id='word_1_830' title='bbox 3471 3678 3565 3725; x_wconf 90' lang='lat' dir='ltr'><strong>ant</strong></span> <span class='ocrx_word' id='word_1_831' title='bbox 3611 3665 3696 3734; x_wconf 83' lang='lat' dir='ltr'><strong>qui</strong></span> <span class='ocrx_word' id='word_1_832' title='bbox 3724 3680 3828 3741; x_wconf 76' lang='lat' dir='ltr'><strong>eum</strong></span> 
     </span>
    </p>
   </div>
   <div class='ocr_carea' id='block_1_105' title="bbox 2234 3735 3830 3801">
    <p class='ocr_par' dir='ltr' id='par_1_105' title="bbox 2234 3735 3830 3801">
     <span class='ocr_line' id='line_1_106' title="bbox 2234 3735 3830 3801; baseline 0.002 -12"><span class='ocrx_word' id='word_1_833' title='bbox 2234 3748 2447 3792; x_wconf 87' lang='lat' dir='ltr'><strong>tantum</strong></span> <span class='ocrx_word' id='word_1_834' title='bbox 2494 3739 2791 3793; x_wconf 88' lang='lat' dir='ltr'><strong>secundum</strong></span> <span class='ocrx_word' id='word_1_835' title='bbox 2832 3735 3132 3794; x_wconf 87' lang='lat' dir='ltr'><strong>efficaciam</strong></span> <span class='ocrx_word' id='word_1_836' title='bbox 3167 3735 3370 3801; x_wconf 68' lang='lat' dir='ltr'><strong>tilium,</strong></span> <span class='ocrx_word' id='word_1_837' title='bbox 3405 3751 3461 3795; x_wconf 86' lang='lat' dir='ltr'><strong>et</strong></span> <span class='ocrx_word' id='word_1_838' title='bbox 3500 3741 3709 3795; x_wconf 87' lang='lat' dir='ltr'><strong>Patrem</strong></span> <span class='ocrx_word' id='word_1_839' title='bbox 3736 3735 3830 3792; x_wconf 84' lang='lat' dir='ltr'><strong>dis-</strong></span> 
     </span>
    </p>
   </div>
   <div class='ocr_carea' id='block_1_106' title="bbox 2230 3807 3827 3875">
    <p class='ocr_par' dir='ltr' id='par_1_106' title="bbox 2230 3807 3827 3875">
     <span class='ocr_line' id='line_1_107' title="bbox 2230 3807 3827 3875; baseline 0 -13"><span class='ocrx_word' id='word_1_840' title='bbox 2230 3809 2434 3864; x_wconf 87' lang='lat' dir='ltr'><strong>similis</strong></span> <span class='ocrx_word' id='word_1_841' title='bbox 2482 3808 2585 3866; x_wconf 88' lang='lat' dir='ltr'><strong>sibi</strong></span> <span class='ocrx_word' id='word_1_842' title='bbox 2616 3810 2865 3865; x_wconf 79' lang='lat' dir='ltr'><strong>essentiae</strong></span> <span class='ocrx_word' id='word_1_843' title='bbox 2896 3817 3098 3875; x_wconf 86' lang='lat' dir='ltr'><strong>patrem</strong></span> <span class='ocrx_word' id='word_1_844' title='bbox 3121 3827 3251 3867; x_wconf 85' lang='lat' dir='ltr'><strong>esse</strong></span> <span class='ocrx_word' id='word_1_845' title='bbox 3277 3812 3582 3867; x_wconf 89' lang='lat' dir='ltr'><strong>affirmant.</strong></span> <span class='ocrx_word' id='word_1_846' title='bbox 3615 3807 3724 3863; x_wconf 90' lang='lat' dir='ltr'><strong>Vid.</strong></span> <span class='ocrx_word' id='word_1_847' title='bbox 3747 3807 3827 3864; x_wconf 91' lang='lat' dir='ltr'><strong>lib.</strong></span> 
     </span>
    </p>
   </div>
   <div class='ocr_carea' id='block_1_107' title="bbox 2230 3879 3829 3953">
    <p class='ocr_par' dir='ltr' id='par_1_107' title="bbox 2230 3879 3829 3953">
     <span class='ocr_line' id='line_1_108' title="bbox 2230 3879 3829 3953; baseline 0.001 -20"><span class='ocrx_word' id='word_1_848' title='bbox 2230 3881 2297 3934; x_wconf 91' lang='lat' dir='ltr'><strong>de</strong></span> <span class='ocrx_word' id='word_1_849' title='bbox 2319 3881 2527 3953; x_wconf 86' lang='lat' dir='ltr'><strong>Synod.</strong></span> <span class='ocrx_word' id='word_1_850' title='bbox 2563 3897 2618 3935; x_wconf 91' lang='lat' dir='ltr'><strong>n.</strong></span> <span class='ocrx_word' id='word_1_851' title='bbox 2651 3880 2729 3953; x_wconf 66' lang='grc' dir='ltr'>Η</span> <span class='ocrx_word' id='word_1_852' title='bbox 2759 3892 2826 3953; x_wconf 87' lang='lat' dir='ltr'><strong>et_</strong></span> <span class='ocrx_word' id='word_1_853' title='bbox 2862 3880 2950 3953; x_wconf 74' lang='lat' dir='ltr'><strong>l9.</strong></span> <span class='ocrx_word' id='word_1_854' title='bbox 2996 3882 3277 3938; x_wconf 64' lang='lat' dir='ltr'><strong>Praeterea</strong></span> <span class='ocrx_word' id='word_1_855' title='bbox 3322 3882 3688 3953; x_wconf 75' lang='lat' dir='ltr'><strong>Epiphanius,</strong></span> <span class='ocrx_word' id='word_1_856' title='bbox 3710 3879 3829 3953; x_wconf 59' lang='lat' dir='ltr'><strong>iter.</strong></span> 
     </span>
    </p>
   </div>
   <div class='ocr_carea' id='block_1_108' title="bbox 2230 3949 3830 4017">
    <p class='ocr_par' dir='ltr' id='par_1_108' title="bbox 2230 3949 3830 4017">
     <span class='ocr_line' id='line_1_109' title="bbox 2230 3949 3830 4017; baseline -0.001 -11"><span class='ocrx_word' id='word_1_857' title='bbox 2230 3949 2414 4017; x_wconf 69' lang='grc' dir='ltr'><strong>ιΑχιιι,</strong></span> <span class='ocrx_word' id='word_1_858' title='bbox 2439 3951 2755 4007; x_wconf 79' lang='lat' dir='ltr'><strong>eorunidem</strong></span> <span class='ocrx_word' id='word_1_859' title='bbox 2792 3950 3143 4007; x_wconf 81' lang='lat' dir='ltr'><strong>Orientalium</strong></span> <span class='ocrx_word' id='word_1_860' title='bbox 3170 3949 3449 4009; x_wconf 70' lang='lat' dir='ltr'><strong>libelluttr</strong></span> <span class='ocrx_word' id='word_1_861' title='bbox 3468 3952 3732 4011; x_wconf 86' lang='lat' dir='ltr'><strong>describit,</strong></span> <span class='ocrx_word' id='word_1_862' title='bbox 3772 3949 3830 4005; x_wconf 76' lang='lat' dir='ltr'><strong>ad</strong></span> 
     </span>
    </p>
   </div>
   <div class='ocr_carea' id='block_1_109' title="bbox 2229 4022 3833 4094">
    <p class='ocr_par' dir='ltr' id='par_1_109' title="bbox 2229 4022 3833 4094">
     <span class='ocr_line' id='line_1_110' title="bbox 2229 4022 3833 4094; baseline -0.001 -17"><span class='ocrx_word' id='word_1_863' title='bbox 2229 4039 2382 4091; x_wconf 78' lang='lat' dir='ltr'><strong>ctqns</strong></span> <span class='ocrx_word' id='word_1_864' title='bbox 2404 4032 2608 4078; x_wconf 85' lang='lat' dir='ltr'><strong>calcem</strong></span> <span class='ocrx_word' id='word_1_865' title='bbox 2639 4039 2787 4094; x_wconf 67' lang='lat' dir='ltr'><strong>num.</strong></span> <span class='ocrx_word' id='word_1_866' title='bbox 2811 4022 2906 4086; x_wconf 71' lang='lat'><strong>22,</strong></span> <span class='ocrx_word' id='word_1_867' title='bbox 2942 4024 3137 4094; x_wconf 80' lang='lat' dir='ltr'><strong>legitur</strong></span> <span class='ocrx_word' id='word_1_868' title='bbox 3168 4042 3182 4077; x_wconf 86' lang='lat'><strong>:</strong></span> <span class='ocrx_word' id='word_1_869' title='bbox 3217 4025 3285 4081; x_wconf 87' lang='lat' dir='ltr'><strong>Si</strong></span> <span class='ocrx_word' id='word_1_870' title='bbox 3310 4026 3432 4094; x_wconf 78' lang='lat' dir='ltr'><strong>quis</strong></span> <span class='ocrx_word' id='word_1_871' title='bbox 3473 4043 3574 4079; x_wconf 81' lang='lat' dir='ltr'><strong>non</strong></span> <span class='ocrx_word' id='word_1_872' title='bbox 3606 4025 3658 4078; x_wconf 87' lang='lat' dir='ltr'><strong>in</strong></span> <span class='ocrx_word' id='word_1_873' title='bbox 3685 4022 3833 4076; x_wconf 66' lang='lat' dir='ltr'><strong>conui-</strong></span> 
     </span>
    </p>
   </div>
   <div class='ocr_carea' id='block_1_110' title="bbox 2229 4093 3832 4164">
    <p class='ocr_par' dir='ltr' id='par_1_110' title="bbox 2229 4093 3832 4164">
     <span class='ocr_line' id='line_1_111' title="bbox 2229 4093 3832 4164; baseline 0 -17"><span class='ocrx_word' id='word_1_874' title='bbox 2229 4094 2319 4148; x_wconf 85' lang='lat' dir='ltr'><strong>bus</strong></span> <span class='ocrx_word' id='word_1_875' title='bbox 2348 4095 2565 4149; x_wconf 78' lang='lat' dir='ltr'><strong>similem</strong></span> <span class='ocrx_word' id='word_1_876' title='bbox 2605 4111 2712 4148; x_wconf 83' lang='lat' dir='ltr'><strong>esse</strong></span> <span class='ocrx_word' id='word_1_877' title='bbox 2754 4093 2902 4148; x_wconf 84' lang='lat' dir='ltr'><strong>Patri</strong></span> <span class='ocrx_word' id='word_1_878' title='bbox 2958 4093 3177 4160; x_wconf 84' lang='lat' dir='ltr'><strong>Filium,</strong></span> <span class='ocrx_word' id='word_1_879' title='bbox 3225 4093 3667 4164; x_wconf 78' lang='lat' dir='ltr'><strong>quemadmodum</strong></span> <span class='ocrx_word' id='word_1_880' title='bbox 3714 4093 3832 4164; x_wconf 79' lang='lat' dir='ltr'><strong>patri</strong></span> 
     </span>
    </p>
   </div>
   <div class='ocr_carea' id='block_1_111' title="bbox 2228 4163 3833 4235">
    <p class='ocr_par' dir='ltr' id='par_1_111' title="bbox 2228 4163 3833 4235">
     <span class='ocr_line' id='line_1_112' title="bbox 2228 4163 3833 4235; baseline 0 -18"><span class='ocrx_word' id='word_1_881' title='bbox 2228 4167 2411 4221; x_wconf 80' lang='lat' dir='ltr'><strong>similis</strong></span> <span class='ocrx_word' id='word_1_882' title='bbox 2443 4174 2513 4220; x_wconf 77' lang='lat' dir='ltr'><strong>est</strong></span> <span class='ocrx_word' id='word_1_883' title='bbox 2541 4164 2722 4235; x_wconf 78' lang='lat' dir='ltr'><strong>ﬁlius;</strong></span> <span class='ocrx_word' id='word_1_884' title='bbox 2751 4164 2839 4219; x_wconf 84' lang='lat' dir='ltr'><strong>sed</strong></span> <span class='ocrx_word' id='word_1_885' title='bbox 2863 4166 3121 4220; x_wconf 80' lang='lat' dir='ltr'><strong>voluntate</strong></span> <span class='ocrx_word' id='word_1_886' title='bbox 3143 4163 3407 4235; x_wconf 78' lang='lat' dir='ltr'><strong>similem,</strong></span> <span class='ocrx_word' id='word_1_887' title='bbox 3434 4165 3716 4224; x_wconf 76' lang='lat' dir='ltr'><strong>substantia</strong></span> <span class='ocrx_word' id='word_1_888' title='bbox 3735 4163 3833 4217; x_wconf 80' lang='lat' dir='ltr'><strong>dis-</strong></span> 
     </span>
    </p>
   </div>
   <div class='ocr_carea' id='block_1_112' title="bbox 2227 4236 3836 4310">
    <p class='ocr_par' dir='ltr' id='par_1_112' title="bbox 2227 4236 3836 4310">
     <span class='ocr_line' id='line_1_113' title="bbox 2227 4236 3836 4310; baseline 0.001 -22"><span class='ocrx_word' id='word_1_889' title='bbox 2227 4238 2444 4310; x_wconf 80' lang='lat' dir='ltr'><strong>similem</strong></span> <span class='ocrx_word' id='word_1_890' title='bbox 2462 4236 2796 4310; x_wconf 69' lang='lat' dir='ltr'><strong>essediaterit,</strong></span> <span class='ocrx_word' id='word_1_891' title='bbox 2814 4239 3087 4292; x_wconf 68' lang='lat' dir='ltr'><strong>anathema</strong></span> <span class='ocrx_word' id='word_1_892' title='bbox 3111 4239 3217 4293; x_wconf 87' lang='lat' dir='ltr'><strong>sit:</strong></span> <span class='ocrx_word' id='word_1_893' title='bbox 3240 4242 3413 4310; x_wconf 85' lang='lat' dir='ltr'><strong>eique</strong></span> <span class='ocrx_word' id='word_1_894' title='bbox 3437 4238 3728 4296; x_wconf 79' lang='lat' dir='ltr'><strong>definitiotti</strong></span> <span class='ocrx_word' id='word_1_895' title='bbox 3751 4251 3836 4290; x_wconf 79' lang='grc' dir='ltr'><strong>ιιοο</strong></span> 
     </span>
    </p>
   </div>
   <div class='ocr_carea' id='block_1_113' title="bbox 2229 4308 3833 4378">
    <p class='ocr_par' dir='ltr' id='par_1_113' title="bbox 2229 4308 3833 4378">
     <span class='ocr_line' id='line_1_114' title="bbox 2229 4308 3833 4378; baseline 0 -18"><span class='ocrx_word' id='word_1_896' title='bbox 2229 4309 2468 4362; x_wconf 87' lang='lat' dir='ltr'><strong>minatitn</strong></span> <span class='ocrx_word' id='word_1_897' title='bbox 2498 4308 2775 4365; x_wconf 83' lang='lat' dir='ltr'><strong>Valentem</strong></span> <span class='ocrx_word' id='word_1_898' title='bbox 2808 4310 3201 4378; x_wconf 83' lang='lat' dir='ltr'><strong>subscripsisse</strong></span> <span class='ocrx_word' id='word_1_899' title='bbox 3258 4308 3610 4366; x_wconf 80' lang='lat' dir='ltr'><strong>testificatur.</strong></span> <span class='ocrx_word' id='word_1_900' title='bbox 3655 4310 3833 4378; x_wconf 79' lang='lat' dir='ltr'><strong>Antea,</strong></span> 
     </span>
    </p>
   </div>
   <div class='ocr_carea' id='block_1_114' title="bbox 2230 4377 3837 4449">
    <p class='ocr_par' dir='ltr' id='par_1_114' title="bbox 2230 4377 3837 4449">
     <span class='ocr_line' id='line_1_115' title="bbox 2230 4377 3837 4449; baseline 0.001 -18"><span class='ocrx_word' id='word_1_901' title='bbox 2230 4393 2325 4447; x_wconf 87' lang='lat' dir='ltr'><strong>pro</strong></span> <span class='ocrx_word' id='word_1_902' title='bbox 2354 4380 2405 4432; x_wconf 87' lang='lat' dir='ltr'><strong>in</strong></span> <span class='ocrx_word' id='word_1_903' title='bbox 2431 4380 2780 4442; x_wconf 78' lang='lat' dir='ltr'><strong>conventibus,</strong></span> <span class='ocrx_word' id='word_1_904' title='bbox 2808 4382 2943 4435; x_wconf 85' lang='lat' dir='ltr'><strong>forte</strong></span> <span class='ocrx_word' id='word_1_905' title='bbox 2984 4380 3284 4449; x_wconf 84' lang='lat' dir='ltr'><strong>legendum</strong></span> <span class='ocrx_word' id='word_1_906' title='bbox 3334 4380 3740 4438; x_wconf 75' lang='lat' dir='ltr'><strong>conniventibus.</strong></span> <span class='ocrx_word' id='word_1_907' title='bbox 3786 4377 3837 4433; x_wconf 86' lang='lat' dir='ltr'><strong>lu</strong></span> 
     </span>
    </p>
   </div>
   <div class='ocr_carea' id='block_1_115' title="bbox 2233 4448 3840 4520">
    <p class='ocr_par' dir='ltr' id='par_1_115' title="bbox 2233 4448 3840 4520">
     <span class='ocr_line' id='line_1_116' title="bbox 2233 4448 3840 4520; baseline 0.001 -19"><span class='ocrx_word' id='word_1_908' title='bbox 2233 4449 2330 4504; x_wconf 86' lang='lat' dir='ltr'><strong>hac</strong></span> <span class='ocrx_word' id='word_1_909' title='bbox 2352 4453 2495 4505; x_wconf 88' lang='lat' dir='ltr'><strong>enim</strong></span> <span class='ocrx_word' id='word_1_910' title='bbox 2520 4466 2706 4506; x_wconf 86' lang='lat' dir='ltr'><strong>eorum</strong></span> <span class='ocrx_word' id='word_1_911' title='bbox 2737 4448 3132 4520; x_wconf 81' lang='lat' dir='ltr'><strong>subscriptione</strong></span> <span class='ocrx_word' id='word_1_912' title='bbox 3157 4450 3491 4509; x_wconf 76' lang='lat' dir='ltr'><strong>Orientales</strong></span> <span class='ocrx_word' id='word_1_913' title='bbox 3519 4450 3840 4520; x_wconf 82' lang='lat' dir='ltr'><strong>conniventia</strong></span> 
     </span>
    </p>
   </div>
   <div class='ocr_carea' id='block_1_116' title="bbox 2232 4517 3836 4647">
    <p class='ocr_par' dir='ltr' id='par_1_116' title="bbox 2232 4517 3836 4647">
     <span class='ocr_line' id='line_1_117' title="bbox 2232 4517 3836 4647; baseline 0 -74"><span class='ocrx_word' id='word_1_914' title='bbox 2232 4534 2387 4647; x_wconf 61' lang='lat'><strong>&quot;50:3</strong></span> <span class='ocrx_word' id='word_1_915' title='bbox 2405 4537 2528 4577; x_wconf 83' lang='lat' dir='ltr'><strong>esse</strong></span> <span class='ocrx_word' id='word_1_916' title='bbox 2579 4531 2730 4576; x_wconf 89' lang='lat' dir='ltr'><strong>notat</strong></span> <span class='ocrx_word' id='word_1_917' title='bbox 2785 4537 2849 4577; x_wconf 88' lang='lat' dir='ltr'><strong>ac</strong></span> <span class='ocrx_word' id='word_1_918' title='bbox 2878 4517 3059 4577; x_wconf 81' lang='lat' dir='ltr'><strong>laudat</strong></span> <span class='ocrx_word' id='word_1_919' title='bbox 3108 4523 3388 4593; x_wconf 80' lang='lat' dir='ltr'><strong>Hilarius,</strong></span> <span class='ocrx_word' id='word_1_920' title='bbox 3421 4526 3517 4580; x_wconf 89' lang='lat' dir='ltr'><strong>lib.</strong></span> <span class='ocrx_word' id='word_1_921' title='bbox 3541 4525 3611 4581; x_wconf 87' lang='lat' dir='ltr'><strong>de</strong></span> <span class='ocrx_word' id='word_1_922' title='bbox 3646 4517 3836 4594; x_wconf 79' lang='lat' dir='ltr'><strong>Synod.</strong></span> 
     </span>
     <span class='ocr_line' id='line_1_118' title="bbox 2233 4609 2405 4647; baseline -0.012 -1"><span class='ocrx_word' id='word_1_923' title='bbox 2233 4609 2288 4647; x_wconf 92' lang='lat' dir='ltr'><strong>n.</strong></span> <span class='ocrx_word' id='word_1_924' title='bbox 2395 4635 2405 4644; x_wconf 94' lang='lat'><strong>.</strong></span> 
     </span>
    </p>
   </div>
   <div class='ocr_carea' id='block_1_117' title="bbox 2233 4597 2405 4647">
    <p class='ocr_par' dir='ltr' id='par_1_117' title="bbox 2233 4597 2405 4647">
     <span class='ocr_line' id='line_1_119' title="bbox 2233 4597 2405 4647; baseline -0.012 -1"><span class='ocrx_word' id='word_1_925' title='bbox 2233 4609 2288 4647; x_wconf 87' lang='lat' dir='ltr'><strong>tt.</strong></span> <span class='ocrx_word' id='word_1_926' title='bbox 2317 4597 2405 4647; x_wconf 70' lang='grc' dir='ltr'><strong>(ιδ.</strong></span> 
     </span>
    </p>
   </div>
   <div class='ocr_carea' id='block_1_118' title="bbox 2301 4664 3838 4736">
    <p class='ocr_par' dir='ltr' id='par_1_118' title="bbox 2301 4664 3838 4736">
     <span class='ocr_line' id='line_1_120' title="bbox 2301 4664 3838 4736; baseline -0.001 -19"><span class='ocrx_word' id='word_1_927' title='bbox 2301 4665 2364 4736; x_wconf 84' lang='lat' dir='ltr'><strong>(i)</strong></span> <span class='ocrx_word' id='word_1_928' title='bbox 2404 4664 2480 4720; x_wconf 87' lang='lat' dir='ltr'><strong>ita</strong></span> <span class='ocrx_word' id='word_1_929' title='bbox 2520 4665 2873 4736; x_wconf 80' lang='lat' dir='ltr'><strong>emendamns</strong></span> <span class='ocrx_word' id='word_1_930' title='bbox 2905 4682 3069 4721; x_wconf 81' lang='lat' dir='ltr'><strong>zeum</strong></span> <span class='ocrx_word' id='word_1_931' title='bbox 3101 4682 3167 4721; x_wconf 84' lang='lat' dir='ltr'><strong>ex</strong></span> <span class='ocrx_word' id='word_1_932' title='bbox 3220 4682 3336 4723; x_wconf 85' lang='lat' dir='ltr'><strong>ms.</strong></span> <span class='ocrx_word' id='word_1_933' title='bbox 3392 4668 3542 4724; x_wconf 82' lang='lat' dir='ltr'><strong>Pitb.</strong></span> <span class='ocrx_word' id='word_1_934' title='bbox 3586 4665 3838 4736; x_wconf 65' lang='lat' dir='ltr'><strong>vulgatum</strong></span> 
     </span>
    </p>
   </div>
   <div class='ocr_carea' id='block_1_119' title="bbox 2224 4733 3840 4812">
    <p class='ocr_par' dir='ltr' id='par_1_119' title="bbox 2224 4733 3840 4812">
     <span class='ocr_line' id='line_1_121' title="bbox 2224 4733 3840 4812; baseline -0.001 -22"><span class='ocrx_word' id='word_1_935' title='bbox 2224 4733 2393 4801; x_wconf 80' lang='lat' dir='ltr'><strong>esset,</strong></span> <span class='ocrx_word' id='word_1_936' title='bbox 2426 4736 2489 4792; x_wconf 81' lang='lat' dir='ltr'><strong>de</strong></span> <span class='ocrx_word' id='word_1_937' title='bbox 2520 4752 2636 4812; x_wconf 71' lang='lat' dir='ltr'><strong>vero</strong></span> <span class='ocrx_word' id='word_1_938' title='bbox 2672 4747 2816 4807; x_wconf 83' lang='lat' dir='ltr'><strong>patre</strong></span> <span class='ocrx_word' id='word_1_939' title='bbox 2847 4735 3015 4812; x_wconf 49' lang='lat' dir='ltr'><strong>licunt</strong></span> <span class='ocrx_word' id='word_1_940' title='bbox 3061 4754 3250 4793; x_wconf 78' lang='lat' dir='ltr'><strong>verum</strong></span> <span class='ocrx_word' id='word_1_941' title='bbox 3290 4740 3635 4812; x_wconf 72' lang='lat' dir='ltr'><strong>unigenitum</strong></span> <span class='ocrx_word' id='word_1_942' title='bbox 3690 4733 3840 4812; x_wconf 63' lang='lat' dir='ltr'><strong>Deum</strong></span> 
     </span>
    </p>
   </div>
   <div class='ocr_carea' id='block_1_120' title="bbox 2223 4807 3841 4876">
    <p class='ocr_par' dir='ltr' id='par_1_120' title="bbox 2223 4807 3841 4876">
     <span class='ocr_line' id='line_1_122' title="bbox 2223 4807 3841 4876; baseline 0.002 -18"><span class='ocrx_word' id='word_1_943' title='bbox 2223 4817 2403 4861; x_wconf 85' lang='lat' dir='ltr'><strong>natum</strong></span> <span class='ocrx_word' id='word_1_944' title='bbox 2434 4808 2816 4876; x_wconf 74' lang='lat' dir='ltr'><strong>prwdicasscm.</strong></span> <span class='ocrx_word' id='word_1_945' title='bbox 2872 4810 3097 4863; x_wconf 85' lang='lat' dir='ltr'><strong>Planum</strong></span> <span class='ocrx_word' id='word_1_946' title='bbox 3146 4822 3241 4865; x_wconf 87' lang='lat' dir='ltr'><strong>est</strong></span> <span class='ocrx_word' id='word_1_947' title='bbox 3288 4810 3386 4867; x_wconf 87' lang='lat' dir='ltr'><strong>hic</strong></span> <span class='ocrx_word' id='word_1_948' title='bbox 3408 4807 3539 4866; x_wconf 70' lang='lat' dir='ltr'><strong>eam</strong></span> <span class='ocrx_word' id='word_1_949' title='bbox 3573 4807 3841 4864; x_wconf 81' lang='lat' dir='ltr'><strong>formulam</strong></span> 
     </span>
    </p>
   </div>
   <div class='ocr_carea' id='block_1_121' title="bbox 2223 4879 3842 4952">
    <p class='ocr_par' dir='ltr' id='par_1_121' title="bbox 2223 4879 3842 4952">
     <span class='ocr_line' id='line_1_123' title="bbox 2223 4879 3842 4952; baseline 0.001 -22"><span class='ocrx_word' id='word_1_950' title='bbox 2223 4879 2465 4952; x_wconf 70' lang='lat' dir='ltr'><strong>refutari,</strong></span> <span class='ocrx_word' id='word_1_951' title='bbox 2518 4895 2582 4934; x_wconf 82' lang='lat' dir='ltr'><strong>ex</strong></span> <span class='ocrx_word' id='word_1_952' title='bbox 2632 4896 2736 4950; x_wconf 90' lang='lat' dir='ltr'><strong>qua</strong></span> <span class='ocrx_word' id='word_1_953' title='bbox 2809 4882 3107 4934; x_wconf 78' lang='lat' dir='ltr'><strong>Auxentius</strong></span> <span class='ocrx_word' id='word_1_954' title='bbox 3178 4894 3384 4944; x_wconf 72' lang='lat' dir='ltr'><strong>postea</strong></span> <span class='ocrx_word' id='word_1_955' title='bbox 3444 4881 3720 4952; x_wconf 73' lang='lat' dir='ltr'><strong>professus</strong></span> <span class='ocrx_word' id='word_1_956' title='bbox 3768 4882 3842 4952; x_wconf 71' lang='lat' dir='ltr'><strong>est</strong></span> 
     </span>
    </p>
   </div>
   <div class='ocr_carea' id='block_1_122' title="bbox 2219 4948 3844 5021">
    <p class='ocr_par' dir='ltr' id='par_1_122' title="bbox 2219 4948 3844 5021">
     <span class='ocr_line' id='line_1_124' title="bbox 2219 4948 3844 5021; baseline 0.002 -19"><span class='ocrx_word' id='word_1_957' title='bbox 2219 4948 2492 5021; x_wconf 77' lang='lat' dir='ltr'><strong>Christum</strong></span> <span class='ocrx_word' id='word_1_958' title='bbox 2533 4948 2665 5021; x_wconf 56' lang='lat' dir='ltr'><strong>ante</strong></span> <span class='ocrx_word' id='word_1_959' title='bbox 2696 4951 2869 5005; x_wconf 85' lang='lat' dir='ltr'><strong>omnia</strong></span> <span class='ocrx_word' id='word_1_960' title='bbox 2897 4961 3125 5021; x_wconf 83' lang='lat' dir='ltr'><strong>tempora</strong></span> <span class='ocrx_word' id='word_1_961' title='bbox 3153 4962 3356 5007; x_wconf 80' lang='lat' dir='ltr'><strong>natum</strong></span> <span class='ocrx_word' id='word_1_962' title='bbox 3391 4948 3563 5010; x_wconf 64' lang='lat' dir='ltr'><strong>Deum</strong></span> <span class='ocrx_word' id='word_1_963' title='bbox 3590 4965 3764 5008; x_wconf 73' lang='lat' dir='ltr'><strong>verum</strong></span> <span class='ocrx_word' id='word_1_964' title='bbox 3786 4948 3844 5017; x_wconf 73' lang='lat' dir='ltr'><strong>ﬁ-</strong></span> 
     </span>
    </p>
   </div>
   <div class='ocr_carea' id='block_1_123' title="bbox 2219 5019 3844 5090">
    <p class='ocr_par' dir='ltr' id='par_1_123' title="bbox 2219 5019 3844 5090">
     <span class='ocr_line' id='line_1_125' title="bbox 2219 5019 3844 5090; baseline 0.002 -18"><span class='ocrx_word' id='word_1_965' title='bbox 2219 5019 2349 5073; x_wconf 89' lang='lat' dir='ltr'><strong>lium</strong></span> <span class='ocrx_word' id='word_1_966' title='bbox 2376 5037 2439 5075; x_wconf 79' lang='lat' dir='ltr'><strong>ea:</strong></span> <span class='ocrx_word' id='word_1_967' title='bbox 2465 5038 2583 5075; x_wconf 84' lang='lat' dir='ltr'><strong>vero</strong></span> <span class='ocrx_word' id='word_1_968' title='bbox 2609 5019 2721 5075; x_wconf 88' lang='lat' dir='ltr'><strong>Deo</strong></span> <span class='ocrx_word' id='word_1_969' title='bbox 2751 5032 2915 5090; x_wconf 81' lang='lat' dir='ltr'><strong>patre.</strong></span> <span class='ocrx_word' id='word_1_970' title='bbox 2953 5019 3107 5090; x_wconf 78' lang='lat' dir='ltr'><strong>Quod</strong></span> <span class='ocrx_word' id='word_1_971' title='bbox 3156 5036 3362 5080; x_wconf 82' lang='lat' dir='ltr'><strong>autem</strong></span> <span class='ocrx_word' id='word_1_972' title='bbox 3407 5027 3516 5082; x_wconf 88' lang='lat' dir='ltr'><strong>sub</strong></span> <span class='ocrx_word' id='word_1_973' title='bbox 3571 5025 3652 5079; x_wconf 84' lang='lat' dir='ltr'><strong>Itis</strong></span> <span class='ocrx_word' id='word_1_974' title='bbox 3685 5021 3844 5076; x_wconf 78' lang='lat' dir='ltr'><strong>verbis</strong></span> 
     </span>
    </p>
   </div>
   <div class='ocr_carea' id='block_1_124' title="bbox 2219 5092 3843 5160">
    <p class='ocr_par' dir='ltr' id='par_1_124' title="bbox 2219 5092 3843 5160">
     <span class='ocr_line' id='line_1_126' title="bbox 2219 5092 3843 5160; baseline 0.002 -17"><span class='ocrx_word' id='word_1_975' title='bbox 2219 5094 2364 5146; x_wconf 90' lang='lat' dir='ltr'><strong>virus</strong></span> <span class='ocrx_word' id='word_1_976' title='bbox 2396 5093 2581 5158; x_wconf 88' lang='lat' dir='ltr'><strong>lateat,</strong></span> <span class='ocrx_word' id='word_1_977' title='bbox 2612 5092 2869 5160; x_wconf 86' lang='lat' dir='ltr'><strong>Hilarius,</strong></span> <span class='ocrx_word' id='word_1_978' title='bbox 2896 5094 2991 5149; x_wconf 80' lang='lat' dir='ltr'><strong>lib.</strong></span> <span class='ocrx_word' id='word_1_979' title='bbox 3042 5105 3244 5151; x_wconf 86' lang='lat' dir='ltr'><strong>contra</strong></span> <span class='ocrx_word' id='word_1_980' title='bbox 3294 5097 3568 5155; x_wconf 62' lang='lat' dir='ltr'><strong>enuidens</strong></span> <span class='ocrx_word' id='word_1_981' title='bbox 3621 5094 3843 5151; x_wconf 73' lang='lat' dir='ltr'><strong>Auxeot.</strong></span> 
     </span>
    </p>
   </div>
   <div class='ocr_carea' id='block_1_125' title="bbox 2220 5164 2761 5233">
    <p class='ocr_par' dir='ltr' id='par_1_125' title="bbox 2220 5164 2761 5233">
     <span class='ocr_line' id='line_1_127' title="bbox 2220 5164 2761 5233; baseline 0.004 -18"><span class='ocrx_word' id='word_1_982' title='bbox 2220 5179 2271 5215; x_wconf 85' lang='grc' dir='ltr'><strong>ιι.</strong></span> <span class='ocrx_word' id='word_1_983' title='bbox 2303 5165 2336 5218; x_wconf 85' lang='grc'>5</span> <span class='ocrx_word' id='word_1_984' title='bbox 2364 5175 2415 5217; x_wconf 89' lang='lat' dir='ltr'><strong>et</strong></span> <span class='ocrx_word' id='word_1_985' title='bbox 2449 5164 2503 5228; x_wconf 90' lang='lat'><strong>7,</strong></span> <span class='ocrx_word' id='word_1_986' title='bbox 2537 5164 2761 5233; x_wconf 83' lang='lat' dir='ltr'><strong>detegit.</strong></span> 
     </span>
    </p>
   </div>
   <div class='ocr_carea' id='block_1_126' title="bbox 2293 5232 3847 5312">
    <p class='ocr_par' dir='ltr' id='par_1_126' title="bbox 2293 5232 3847 5312">
     <span class='ocr_line' id='line_1_128' title="bbox 2293 5232 3847 5312; baseline -0.004 -22"><span class='ocrx_word' id='word_1_987' title='bbox 2293 5234 2384 5312; x_wconf 81' lang='lat' dir='ltr'><strong>(j)_</strong></span> <span class='ocrx_word' id='word_1_988' title='bbox 2407 5232 2687 5312; x_wconf 67' lang='lat' dir='ltr'><strong>Relictam</strong></span> <span class='ocrx_word' id='word_1_989' title='bbox 2709 5236 2794 5290; x_wconf 90' lang='lat' dir='ltr'><strong>hic</strong></span> <span class='ocrx_word' id='word_1_990' title='bbox 2824 5246 2944 5292; x_wconf 88' lang='lat' dir='ltr'><strong>erat</strong></span> <span class='ocrx_word' id='word_1_991' title='bbox 2969 5238 3240 5312; x_wconf 85' lang='lat' dir='ltr'><strong>spatium,</strong></span> <span class='ocrx_word' id='word_1_992' title='bbox 3278 5255 3396 5309; x_wconf 84' lang='lat' dir='ltr'><strong>quo</strong></span> <span class='ocrx_word' id='word_1_993' title='bbox 3446 5241 3603 5312; x_wconf 75' lang='lat' dir='ltr'><strong>plura</strong></span> <span class='ocrx_word' id='word_1_994' title='bbox 3649 5232 3847 5312; x_wconf 65' lang='lat' dir='ltr'><strong>deside-</strong></span> 
     </span>
    </p>
   </div>
   <div class='ocr_carea' id='block_1_127' title="bbox 2218 5306 3851 5376">
    <p class='ocr_par' dir='ltr' id='par_1_127' title="bbox 2218 5306 3851 5376">
     <span class='ocr_line' id='line_1_129' title="bbox 2218 5306 3851 5376; baseline 0.006 -18"><span class='ocrx_word' id='word_1_995' title='bbox 2218 5306 2327 5359; x_wconf 82' lang='lat' dir='ltr'><strong>rari</strong></span> <span class='ocrx_word' id='word_1_996' title='bbox 2369 5306 2540 5361; x_wconf 81' lang='lat' dir='ltr'><strong>lector</strong></span> <span class='ocrx_word' id='word_1_997' title='bbox 2561 5306 2968 5363; x_wconf 86' lang='lat' dir='ltr'><strong>admoneretur.</strong></span> <span class='ocrx_word' id='word_1_998' title='bbox 3000 5306 3221 5376; x_wconf 78' lang='lat' dir='ltr'><strong>integra</strong></span> <span class='ocrx_word' id='word_1_999' title='bbox 3254 5306 3462 5368; x_wconf 49' lang='lat' dir='ltr'><strong>uittten&#39;</strong></span> <span class='ocrx_word' id='word_1_1000' title='bbox 3501 5309 3714 5368; x_wconf 79' lang='lat' dir='ltr'><strong>censeri</strong></span> <span class='ocrx_word' id='word_1_1001' title='bbox 3764 5319 3851 5376; x_wconf 72' lang='grc' dir='ltr'><strong>Ροσ</strong></span> 
     </span>
    </p>
   </div>
   <div class='ocr_carea' id='block_1_128' title="bbox 2218 5375 3854 5455">
    <p class='ocr_par' dir='ltr' id='par_1_128' title="bbox 2218 5375 3854 5455">
     <span class='ocr_line' id='line_1_130' title="bbox 2218 5375 3854 5455; baseline 0.002 -26"><span class='ocrx_word' id='word_1_1002' title='bbox 2218 5385 2320 5431; x_wconf 87' lang='lat' dir='ltr'><strong>test</strong></span> <span class='ocrx_word' id='word_1_1003' title='bbox 2346 5379 2520 5433; x_wconf 91' lang='lat' dir='ltr'><strong>oratio</strong></span> <span class='ocrx_word' id='word_1_1004' title='bbox 2551 5396 2563 5430; x_wconf 91' lang='lat'><strong>:</strong></span> <span class='ocrx_word' id='word_1_1005' title='bbox 2590 5394 2693 5448; x_wconf 90' lang='lat' dir='ltr'><strong>qua</strong></span> <span class='ocrx_word' id='word_1_1006' title='bbox 2736 5395 2853 5433; x_wconf 87' lang='lat' dir='ltr'><strong>eam</strong></span> <span class='ocrx_word' id='word_1_1007' title='bbox 2909 5375 3218 5445; x_wconf 76' lang='lat' dir='ltr'><strong>dumtaxat,</strong></span> <span class='ocrx_word' id='word_1_1008' title='bbox 3247 5398 3383 5452; x_wconf 74' lang='lat' dir='ltr'><strong>qua:</strong></span> <span class='ocrx_word' id='word_1_1009' title='bbox 3402 5387 3727 5455; x_wconf 79' lang='lat' dir='ltr'><strong>angelorum</strong></span> <span class='ocrx_word' id='word_1_1010' title='bbox 3749 5375 3854 5432; x_wconf 82' lang='lat' dir='ltr'><strong>ani-</strong></span> 
     </span>
    </p>
   </div>
   <div class='ocr_carea' id='block_1_129' title="bbox 2215 5453 3847 5531">
    <p class='ocr_par' dir='ltr' id='par_1_129' title="bbox 2215 5453 3847 5531">
     <span class='ocr_line' id='line_1_131' title="bbox 2215 5453 3847 5531; baseline 0.001 -31"><span class='ocrx_word' id='word_1_1011' title='bbox 2215 5464 2532 5531; x_wconf 56' lang='lat' dir='ltr'><strong>manumque</strong></span> <span class='ocrx_word' id='word_1_1012' title='bbox 2583 5462 2887 5531; x_wconf 77' lang='lat' dir='ltr'><strong>nostrarum</strong></span> <span class='ocrx_word' id='word_1_1013' title='bbox 2947 5468 3190 5531; x_wconf 64' lang='lat' dir='ltr'><strong>propria</strong></span> <span class='ocrx_word' id='word_1_1014' title='bbox 3267 5468 3363 5511; x_wconf 85' lang='lat' dir='ltr'><strong>est</strong></span> <span class='ocrx_word' id='word_1_1015' title='bbox 3391 5499 3406 5521; x_wconf 88' lang='lat'><strong>,</strong></span> <span class='ocrx_word' id='word_1_1016' title='bbox 3490 5453 3847 5531; x_wconf 63' lang='lat' dir='ltr'><strong>internitatent</strong></span> 
     </span>
    </p>
   </div>
   <div class='ocr_carea' id='block_1_130' title="bbox 2210 5517 3853 5597">
    <p class='ocr_par' dir='ltr' id='par_1_130' title="bbox 2210 5517 3853 5597">
     <span class='ocr_line' id='line_1_132' title="bbox 2210 5517 3853 5597; baseline 0.002 -25"><span class='ocrx_word' id='word_1_1017' title='bbox 2210 5518 2428 5574; x_wconf 86' lang='lat' dir='ltr'><strong>Christo</strong></span> <span class='ocrx_word' id='word_1_1018' title='bbox 2448 5517 2535 5597; x_wconf 74' lang='lat' dir='ltr'><strong>ab</strong></span> <span class='ocrx_word' id='word_1_1019' title='bbox 2578 5520 2794 5576; x_wconf 86' lang='lat' dir='ltr'><strong>Arianis</strong></span> <span class='ocrx_word' id='word_1_1020' title='bbox 2839 5517 3541 5597; x_wconf 41' lang='lat' dir='ltr'><strong>attribui—admonemur;</strong></span> <span class='ocrx_word' id='word_1_1021' title='bbox 3574 5524 3724 5597; x_wconf 83' lang='lat' dir='ltr'><strong>quasi</strong></span> <span class='ocrx_word' id='word_1_1022' title='bbox 3770 5517 3853 5576; x_wconf 77' lang='lat' dir='ltr'><strong>ille</strong></span> 
     </span>
    </p>
   </div>
   <div class='ocr_carea' id='block_1_131' title="bbox 2214 5593 3849 5670">
    <p class='ocr_par' dir='ltr' id='par_1_131' title="bbox 2214 5593 3849 5670">
     <span class='ocr_line' id='line_1_133' title="bbox 2214 5593 3849 5670; baseline 0.004 -26"><span class='ocrx_word' id='word_1_1023' title='bbox 2214 5607 2319 5645; x_wconf 88' lang='lat' dir='ltr'><strong>non</strong></span> <span class='ocrx_word' id='word_1_1024' title='bbox 2367 5593 2721 5670; x_wconf 75' lang='lat' dir='ltr'><strong>anteriorum,</strong></span> <span class='ocrx_word' id='word_1_1025' title='bbox 2768 5594 2866 5649; x_wconf 85' lang='lat' dir='ltr'><strong>sed</strong></span> <span class='ocrx_word' id='word_1_1026' title='bbox 2923 5595 3238 5651; x_wconf 85' lang='lat' dir='ltr'><strong>futurorum</strong></span> <span class='ocrx_word' id='word_1_1027' title='bbox 3291 5609 3563 5669; x_wconf 79' lang='lat' dir='ltr'><strong>respectu</strong></span> <span class='ocrx_word' id='word_1_1028' title='bbox 3594 5593 3669 5653; x_wconf 79' lang='lat' dir='ltr'><strong>sit</strong></span> <span class='ocrx_word' id='word_1_1029' title='bbox 3696 5601 3849 5670; x_wconf 56' lang='grc' dir='ltr'><strong>ἐρεθιζ-</strong></span> 
     </span>
    </p>
   </div>
   <div class='ocr_carea' id='block_1_132' title="bbox 2215 5662 3851 5733">
    <p class='ocr_par' dir='ltr' id='par_1_132' title="bbox 2215 5662 3851 5733">
     <span class='ocr_line' id='line_1_134' title="bbox 2215 5662 3851 5733; baseline 0.005 -18"><span class='ocrx_word' id='word_1_1030' title='bbox 2215 5679 2334 5718; x_wconf 86' lang='lat' dir='ltr'><strong>nus.</strong></span> <span class='ocrx_word' id='word_1_1031' title='bbox 2368 5663 2442 5716; x_wconf 91' lang='lat' dir='ltr'><strong>lta</strong></span> <span class='ocrx_word' id='word_1_1032' title='bbox 2464 5665 2603 5733; x_wconf 86' lang='lat' dir='ltr'><strong>apud</strong></span> <span class='ocrx_word' id='word_1_1033' title='bbox 2634 5666 2863 5720; x_wconf 82' lang='lat' dir='ltr'><strong>Arianos</strong></span> <span class='ocrx_word' id='word_1_1034' title='bbox 2891 5681 3000 5723; x_wconf 82' lang='lat' dir='ltr'><strong>non</strong></span> <span class='ocrx_word' id='word_1_1035' title='bbox 3031 5680 3135 5721; x_wconf 85' lang='lat' dir='ltr'><strong>una</strong></span> <span class='ocrx_word' id='word_1_1036' title='bbox 3164 5681 3300 5725; x_wconf 84' lang='lat' dir='ltr'><strong>erat</strong></span> <span class='ocrx_word' id='word_1_1037' title='bbox 3334 5662 3676 5726; x_wconf 67' lang='lat' dir='ltr'><strong>arternitatis</strong></span> <span class='ocrx_word' id='word_1_1038' title='bbox 3702 5662 3851 5723; x_wconf 72' lang='lat' dir='ltr'><strong>Cllri&#39;</strong></span> 
     </span>
    </p>
   </div>
   <div class='ocr_carea' id='block_1_133' title="bbox 2214 5734 3859 5810">
    <p class='ocr_par' dir='ltr' id='par_1_133' title="bbox 2214 5734 3859 5810">
     <span class='ocr_line' id='line_1_135' title="bbox 2214 5734 3859 5810; baseline 0.003 -21"><span class='ocrx_word' id='word_1_1039' title='bbox 2214 5735 2279 5789; x_wconf 79' lang='lat' dir='ltr'><strong>sti</strong></span> <span class='ocrx_word' id='word_1_1040' title='bbox 2304 5734 2665 5804; x_wconf 63' lang='lat' dir='ltr'><strong>intelligenda:</strong></span> <span class='ocrx_word' id='word_1_1041' title='bbox 2695 5736 2832 5791; x_wconf 68' lang='lat' dir='ltr'><strong>ratio</strong></span> <span class='ocrx_word' id='word_1_1042' title='bbox 2859 5737 2931 5797; x_wconf 82' lang='lat' dir='ltr'><strong>ad</strong></span> <span class='ocrx_word' id='word_1_1043' title='bbox 2956 5752 3106 5795; x_wconf 82' lang='lat' dir='ltr'><strong>suam</strong></span> <span class='ocrx_word' id='word_1_1044' title='bbox 3155 5740 3431 5810; x_wconf 81' lang='lat' dir='ltr'><strong>ipsorum</strong></span> <span class='ocrx_word' id='word_1_1045' title='bbox 3477 5743 3733 5799; x_wconf 67' lang='lat' dir='ltr'><strong>haeresim</strong></span> <span class='ocrx_word' id='word_1_1046' title='bbox 3774 5747 3859 5791; x_wconf 76' lang='lat' dir='ltr'><strong>ac-</strong></span> 
     </span>
    </p>
   </div>
  </div>
