4100 6196
564 197 666 255 7H

1798 188 2048 250 SANCTI
2087 188 2342 249 HILABII
2382 188 2687 250 EPISCOPI

3774 190 3871 245 712

561 307 684 363 dem
717 308 917 365 diaboli
943 317 999 366 et
1029 306 1395 372 conspirantia
1429 304 1690 361 adversus
1721 303 2019 359 Ecclesiam
2050 304 2157 358 Do-
2188 311 2241 369 Α
2263 302 2479 359 cibilem
2510 304 2891 374 praedicemus,
2933 303 3030 361 sed
3063 303 3207 375 quod
3238 302 3466 375 impium
3494 304 3568 360 sit
3596 306 3835 360 maxime
3854 346 3869 370 ,

561 399 698 455 mini
740 400 1125 457 Inereticorum
1174 398 1389 469 ingenia
1437 397 1828 468 cognorimus,
1868 396 1952 467 (a)
1982 404 2042 449 ut
2082 394 2161 449 di-

559 497 661 553 visi
703 497 757 553 in
789 499 1033 569 partibus
1061 495 1301 552 Orientis
1345 503 1508 564 atque
1551 491 1862 548 Occidentis
1884 534 1897 555 ,
1930 490 2160 546 diversis

563 590 795 646 invicem
827 589 1172 659 apittionibus
1214 587 1547 643 fallerentur.
1593 584 1729 641 Nam
1761 585 1941 654 plures
1968 599 2159 639 nume-

559 698 655 750 ro,
687 682 777 753 qui
809 692 901 738 aut
930 680 1164 739 Arimini
1193 690 1282 735 aut
1315 679 1506 736 Nicaeae
1539 677 1820 752 (Thraciae)
1850 676 2156 746 adfuerunt,

556 775 662 830 sub
706 774 1028 829 auctoritate
1071 774 1235 830 vestri
1301 772 1535 829 nominis
1583 770 1651 825 ad
1697 770 1827 825 usia:
1880 770 2155 824 silentium

566 874 693 921 sunt
737 864 913 921 coacti
962 881 977 918 :
1025 864 1168 935 quod
1218 864 1442 920 verbum
1495 878 1525 918 a
1566 860 1720 917 vobis
1764 860 2036 931 quondam
2079 860 2153 932 (ὁ)

565 968 755 1014 contra
787 956 1248 1012 Ariomanitarum
1296 955 1549 1011 haeresim
1582 953 1854 1009 inventum
1880 993 1896 1020 ,
1938 967 1967 1006 a
2001 951 2157 1008 nobis

553 1064 769 1123 semper
794 1059 982 1107 sancte
1017 1050 1358 1121 ﬁdeliterque
1389 1058 1698 1116 susceptum
1724 1057 1834 1103 est.

622 1143 679 1197 2.
714 1142 830 1209 Quo
863 1159 1014 1198 sensu
1043 1141 1270 1215 synodus
1300 1141 1604 1196 hamattsion
1644 1140 2005 1211 amplectatur.
2036 1137 2153 1192 Ha-

552 1238 799 1293 moznsian
828 1254 928 1293 non
958 1238 1173 1308 respuit.
1220 1266 1289 1278 -η
1314 1235 1450 1291 Nam
1492 1234 1815 1291 homousion
1846 1248 2153 1289 sermonem

548 1331 618 1387 ad
653 1346 836 1386 veram
882 1340 941 1387 et
983 1331 1277 1401 legitimam
1324 1345 1391 1385 ex
1428 1330 1543 1385 Deo
1575 1338 1725 1400 patre
1767 1326 2024 1398 unigeniti
2059 1326 2152 1382 Dei

556 1422 893 1479 nativitatem
940 1437 1127 1478 sumus
1156 1422 1427 1493 amplexi,
1475 1422 1811 1478 detestantes
1852 1418 2150 1475 secundum

555 1514 773 1572 Sabellii
807 1514 1171 1585 blaspltemias
1193 1515 1364 1582 ipsam
1397 1513 1673 1577 unionem,
1710 1527 1883 1582 neque
1913 1511 2150 1581 aliquam

553 1618 761 1678 partem
795 1607 973 1662 Patris
1000 1622 1126 1663 esse
1154 1605 1351 1661 Filium
1377 1605 1779 1677 intelligentes;
1812 1604 1906 1661 sed
1939 1620 2005 1661 ex
2037 1612 2151 1660 toto

2266 395 2379 450 Deo
2428 406 2731 467 temporum
2765 405 2978 467 tempus
3021 397 3237 467 aliquod
3277 396 3585 463 anteferre;
3623 412 3750 451 cum
3796 396 3872 465 ip-

2271 500 2390 543 sum
2421 487 2553 543 illud
2577 530 2591 554 ,
2620 499 2897 560 antequam
2922 498 3215 544 nasceretur
3263 506 3365 545 non
3396 491 3527 556 fuit,
3560 492 3634 544 sit
3665 500 3875 559 tempo-

2262 579 2358 633 ris.
2414 579 2519 636 Sed
2561 589 2618 637 et
2657 581 2999 638 obedientem
3031 597 3249 653 quoque
3286 581 3434 637 Patri
3466 580 3666 638 Filium
3710 580 3872 638 etiam

2263 686 2430 743 usque
2476 673 2543 729 ad
2597 683 2829 731 mortem
2882 677 3094 744 crucis,
3146 675 3446 732 secundum
3491 677 3869 732 inﬁrmitatem

2261 764 2531 837 adsumpti
2578 766 2834 833 hominis,
2882 784 2985 823 non
3021 783 3279 839 negamus
3312 786 3326 822 :
3354 784 3478 823 cum
3503 769 3623 839 ipse
3672 769 3748 824 de
3774 768 3874 824 ad-

2260 875 2454 916 scensu
2483 876 2584 915 suo
2613 861 2679 917 ad
2712 862 2878 918 ctelos
2917 862 3127 918 locutus
3157 864 3229 918 sit
3263 881 3276 918 :
3310 863 3373 919 Si
3420 864 3707 935 diligentis
3753 880 3867 932 me,

2265 956 2557 1026 gauderetis
2594 957 2716 1026 quia
2755 959 2885 1010 vada
2915 957 2983 1009 ad
3033 955 3280 1022 Patrem;
3324 959 3444 1028 quia
3493 954 3656 1011 Pater
3702 957 3870 1028 major

2256 1063 2337 1103 me
2358 1059 2432 1102 est
2460 1047 2637 1121 (Joan.
2663 1065 2781 1114 xw,
2805 1048 2922 1117 28).
2952 1048 3053 1104 Per
3073 1048 3228 1118 cujus
3252 1049 3432 1104 carnis
3458 1047 3861 1119 susceptionem

2264 1154 2363 1194 nos
2408 1139 2509 1194 sibi
2542 1140 2737 1197 fratres
2784 1155 3203 1210 connuncupare
3248 1140 3499 1212 dignatus
3541 1151 3627 1197 est
3680 1140 3859 1215 (Joan.

2255 1247 2345 1300 xx,
2377 1230 2492 1305 i7),
2522 1248 2644 1289 cum
2668 1233 2723 1288 in
2751 1232 2925 1289 forma
2954 1233 3053 1289 Dei
3082 1247 3332 1300 manens,
3361 1234 3534 1289 forma
3563 1235 3707 1289 servi
3736 1249 3859 1290 esse

2253 1324 2442 1379 voluit.

2324 1419 2381 1473 4.
2413 1417 2577 1490 Lapsi
2619 1428 2899 1474 retractant
2934 1419 3073 1486 quod
3113 1429 3399 1492 gesserunt.
3429 1417 3643 1474 Erraris
3672 1430 3853 1474 aucta-

2253 1528 2337 1567 res
2367 1512 2635 1568 damnant.
2683 1514 2898 1582 Itaque,
2938 1512 3415 1578 Charissimi,cum
3442 1529 3510 1568 ex
3542 1512 3738 1569 litteris
3765 1528 3856 1567 ve-

2254 1607 2383 1660 stris
2425 1606 2477 1661 in
2508 1609 2645 1661 usiae
2685 1607 2903 1662 silentio
2940 1605 3180 1662 fraudem
3211 1621 3271 1661 se
3299 1620 3509 1676 passam
3535 1604 3854 1674 simplicitas

543 1709 706 1770 atque
735 1699 972 1770 perfecto
1014 1700 1321 1755 innascibtli
1364 1699 1475 1755 Deo
1501 1742 1515 1767 ,
1545 1708 1716 1755 totum
1748 1707 1910 1770 atque
1936 1698 2147 1769 perfec-
2174 1700 2223 1760 B
2249 1708 2434 1755 nostra
2485 1710 2808 1771 cognoscat;
2843 1701 3002 1755 etiam
3053 1701 3304 1771 pietatem
3332 1715 3518 1755 eorum
3546 1741 3561 1765 ,
3596 1701 3688 1770 qui
3731 1700 3850 1755 Ari-

542 1800 656 1847 tum
699 1793 1032 1863 unigenitum
1066 1792 1232 1848 Deum
1266 1798 1484 1860 natum,
1517 1793 1676 1848 unius
1697 1808 1728 1847 a
1765 1793 1920 1848 nobis
1944 1791 2146 1847 idcirco

539 1884 710 1958 699
736 1885 819 1939 vel
859 1884 995 1940 usiaa
1027 1885 1112 1940 vel
1149 1884 1468 1941 substantiae
1507 1900 1628 1941 cum
1681 1886 1791 1941 Deo
1832 1895 1984 1955 patre
2015 1899 2146 1940 con-

544 1979 770 2043 fessum,
817 1992 885 2033 ne
913 1985 1164 2033 creatura
1206 1978 1407 2048 potius,
1449 1985 1542 2032 aut
1570 1977 1808 2049 adoptio,
1843 1989 1933 2033 aut
1959 1978 2145 2049 appel-

541 2072 675 2129 latio
716 2073 1012 2149 vidgetur.
1048 2073 1118 2128 Et
1160 2075 1284 2144 quia
1317 2089 1387 2128 ex
1422 2071 1541 2142 ipso
1571 2080 1754 2138 esset,
1799 2078 1859 2149 ut
1890 2085 1959 2125 ex
1991 2077 2143 2139 patre

537 2166 770 2232 ﬁlius,ut
789 2163 993 2223 ek'Deo
1017 2167 1334 2231 l)eus,utex
1347 2167 1543 2221 virtute
1563 2165 1754 2231 virtus,
1780 2175 1837 2219 ut
1854 2179 1923 2218 ex
1950 2163 2139 2234 Spiritu

538 2260 767 2329 Spiritus
791 2301 807 2329 ,
837 2270 898 2316 ut
918 2261 1100 2317 lumen
1135 2275 1205 2315 ex
1235 2259 1464 2325 lumine;
1494 2256 1896 2312 similitudinem
1925 2270 2141 2326 quoque

539 2352 658 2423 ejus
674 2352 740 2407 ad
763 2352 928 2408 Deum
950 2360 1153 2422 patrem
1180 2366 1284 2406 non
1308 2350 1461 2407 inviti
1478 2351 1756 2405 audientes
1773 2346 1998 2422 (quippe
2014 2362 2136 2402 cum

531 2442 711 2517 imago
740 2444 1031 2501 invisibilis
1063 2444 1154 2499 Dei
1177 2442 1272 2515 sit)
1304 2441 1532 2513 (Colass.
1562 2457 1601 2507 t,
1635 2441 1748 2507 15),
1778 2439 1874 2494 sed
1899 2453 2017 2493 eam
2044 2454 2136 2494 so-

535 2536 645 2593 lam
674 2537 1089 2593 similitudinem
1117 2536 1334 2608 dignam
1366 2534 1433 2589 ad
1473 2534 1687 2590 Patrem
1729 2531 2095 2602 intelligentes
2118 2571 2134 2595 ,

532 2646 654 2704 qua:
699 2632 813 2687 veri
850 2632 940 2687 Dei
982 2630 1053 2686 sit
1084 2630 1152 2686 ad
1196 2630 1362 2685 Deum
1407 2643 1593 2683 verum
1627 2644 1639 2681 :
1684 2627 1754 2681 ita
1782 2637 1842 2681 ut
1872 2640 1978 2681 non
2005 2624 2137 2680 unio

534 2722 854 2789 divinitatis,
885 2721 980 2778 sed
1009 2720 1184 2778 unitas
1212 2720 1542 2792 intelligatur
1568 2738 1582 2784 ;
1621 2720 1743 2788 quia
1772 2718 1899 2773 unio
1927 2719 1998 2772 sit
2024 2718 2136 2772 sin-

532 2816 772 2886 gularis,
804 2815 984 2870 unitas
1025 2831 1155 2870 vero
1185 2815 1483 2871 secundum
1515 2814 1818 2869 nativitatis
1849 2814 2129 2868 veritatem

526 2905 806 2976 plenitudo
860 2907 1131 2962 nascentis
1178 2907 1249 2961 sit
1281 2923 1293 2960 :
1329 2905 1563 2960 maxime
1583 2919 1704 2959 cum
1731 2904 1986 2959 Dominus
2015 2902 2132 2972 ipse

524 2998 685 3056 Jesus
713 2999 963 3055 Christus
1002 2999 1068 3055 ad
1107 2999 1401 3069 discipulos
1431 3013 1558 3054 suos
1598 2999 1671 3052 sit
1700 2998 1974 3068 professus
1999 3038 2016 3062 ,
2049 2996 2130 3050 di-

2250 1793 2400 1848 mino
2428 1793 2957 1862 Constantinopolim
2988 1801 3350 1862 reverterunt,
3379 1802 3681 1849 conventus
3701 1836 3718 1859 .
3748 1795 3855 1850 sic-

2251 1897 2310 1940 ut
2357 1886 2588 1955 epistola
2620 1889 2696 1955 (c)
2727 1896 2903 1942 vestra
2950 1897 3205 1942 contenta
3246 1894 3505 1952 testatur,
3552 1904 3733 1958 neque
3758 1903 3851 1943 eos

2247 1977 2315 2033 ad
2353 1988 2619 2033 tantarum
2666 1978 3132 2047 blasphemiarum
3169 1979 3577 2034 damnationem
3609 1981 3853 2049 potuisse

2245 2075 2574 2144 compellere
2595 2116 2609 2140 ,
2639 2074 2802 2146 700
2830 2073 3002 2129 ﬁdelis
3031 2073 3288 2129 dominici
3314 2073 3551 2128 nominis
3580 2073 3852 2144 praedica-

2244 2176 2333 2222 tor
2376 2166 2540 2222 frater
2587 2176 2773 2221 nosler
2808 2165 3043 2221 Hilarius
3082 2166 3412 2221 nuntiaverit
3445 2183 3458 2219 :
3493 2180 3595 2220 nos
3630 2179 3850 2236 quoque

2247 2257 2421 2314 abhis
2446 2258 2717 2322 omnibus,
2743 2274 2860 2328 quae
2891 2274 2985 2327 per
3002 2259 3361 2329 ignorantiam
3382 2272 3668 2330 perperam
3694 2269 3848 2330 gesta

2241 2360 2389 2416 sunt,
2421 2349 2706 2406 referimus
2737 2367 2749 2404 :
2781 2352 3110 2406 Auxentium
3147 2360 3201 2407 et
3232 2351 3514 2407 Ursacium
3557 2366 3624 2408 ac
3653 2351 3852 2407 Valen-

2246 2441 2607 2508 tem,Gaium,
2630 2441 2920 2512 Megasium
2939 2452 2993 2498 et
3016 2442 3284 2499 Justinum
3304 2442 3385 2516 (ά)
3404 2446 3851 2501 excommunica-

2243 2541 2326 2587 tos
2353 2533 2623 2589 habemus
2653 2535 2949 2590 secundum
2982 2536 3188 2591 litteras
3217 2544 3423 2591 vestras
3454 2555 3468 2590 :
3497 2546 3554 2592 et
3578 2549 3752 2605 certe,
3789 2547 3848 2594 ut

2238 2623 2506 2689 diximus,
2542 2624 2699 2695 juxta
2737 2624 2918 2681 fratris
2955 2628 3126 2682 nostri
3170 2626 3354 2683 Hilarii
3388 2629 3784 2698 prolessionem
3817 2674 3831 2695 ,

2236 2716 2325 2786 qui
2348 2732 2407 2771 se
2436 2732 2619 2786 pacem
2641 2733 2763 2772 cum
2789 2719 2871 2774 his
2894 2721 2982 2790 qui
3022 2719 3209 2775 horum
3233 2730 3577 2777 sectarentur
3598 2738 3841 2791 errores,

2241 2807 2548 2865 habiturum
2608 2812 2821 2881 negavit
2864 2830 2876 2866 2
2925 2812 3286 2885 blasphetnias
3334 2831 3550 2886 quoque
3600 2832 3795 2873 omnes
3827 2859 3842 2883 ,

2234 2916 2370 2972 quas
2406 2902 2602 2957 litteris
2642 2901 2834 2958 vestris
2874 2904 3179 2973 sulijecistis
3203 2945 3219 2969 ,
3268 2904 3613 2970 damnamus,
3668 2908 3847 2964 maxi-

2234 3007 2428 3063 meque
2452 3007 2638 3048 eorum
2663 2994 2973 3050 sacerdotes
2994 3007 3270 3066 apostatas
3296 3008 3634 3068 respuentes,
3662 3002 3753 3071 qui
3784 3003 3845 3056 iu

525 3104 657 3147 cens
690 3107 703 3144 :
734 3088 850 3163 Ego
887 3102 932 3145 et
965 3089 1124 3145 Pater
1161 3107 1321 3145 unum
1358 3107 1532 3144 sumus
1560 3088 1739 3161 (Joan.
1778 3105 1834 3155 x,
1868 3072 2129 3161 50);\quo
2158 3093 2204 3157 ρ
2236 3086 2351 3141 loca
2384 3085 2605 3141 fratrum
2635 3087 3009 3157 indignissime
3045 3090 3406 3144 exsulantium
3432 3132 3449 3157 ,
3481 3092 3843 3159 quorumdam

524 3197 633 3238 non
659 3183 831 3238 solum
857 3182 1174 3238 charitatem
1198 3197 1317 3253 qua:
1335 3182 1402 3237 ad
1426 3183 1636 3237 Patrem
1659 3190 1761 3247 est,
1787 3181 1882 3237 sed
1910 3187 1966 3235 et
1986 3180 2125 3234 divi-

530 3275 755 3331 nitatem
788 3291 907 3340 dua:
950 3275 1046 3330 Dei
1081 3290 1150 3329 ex
1184 3274 1294 3331 Deo
1335 3283 1416 3328 est
1445 3315 1459 3340 ,
1493 3273 1794 3344 signiﬁcat;
1827 3272 2124 3328 secundum

521 3369 652 3423 illttd
679 3386 691 3422 :
721 3368 823 3436 Qui
844 3385 925 3423 me
944 3368 1091 3436 uidit,
1116 3368 1242 3423 vidit
1264 3378 1313 3423 et
1335 3367 1550 3423 Patrem
1580 3368 1765 3441 (Jaan.
1796 3384 1902 3435 xtv,
1926 3366 1984 3440 9)
2007 3386 2020 3433 ;
2046 3379 2122 3436 et,

527 3459 591 3515 Si
628 3460 756 3515 mihi
799 3476 901 3515 nan
932 3462 1083 3515 vultis
1121 3463 1348 3527 credere,
1374 3462 1454 3516 vel
1480 3459 1717 3533 aperibns
1745 3462 1870 3514 meis
1910 3460 2120 3528 credite,

517 3551 641 3623 quia
672 3551 829 3608 Pater
848 3553 901 3607 in
924 3570 1002 3609 me
1024 3564 1127 3621 est,
1161 3563 1209 3607 et
1239 3569 1331 3624 ego
1357 3553 1411 3607 in
1433 3551 1593 3607 Patre
1622 3552 1802 3623 (laan.
1844 3569 1899 3618 χ,
1933 3551 2046 3619 38).

586 3645 641 3700 5.
672 3641 844 3701 Filius
864 3657 983 3700 ante
1004 3655 1223 3717 tempus.
1241 3643 1405 3700 Patre
1427 3645 1597 3700 minor
1619 3646 1671 3698 in
1693 3644 1859 3714 [arma
1881 3646 2031 3699 servi.
2051 3675 2124 3685 ——

514 3736 666 3793 Hanc
716 3737 884 3809 igitur
933 3737 1094 3793 ﬁdem
1148 3751 1367 3808 semper
1389 3746 1655 3805 tenentes,
1704 3745 1757 3792 et
1786 3735 2117 3803 tenebimus,

512 3830 849 3888 detestantes
892 3847 1106 3902 quoque
1133 3847 1228 3887 eos
1274 3832 1364 3902 qui
1410 3830 1595 3887 dicunt
1623 3873 1638 3899 ,
1683 3829 1809 3885 Non
1855 3840 1964 3885 erat
2004 3840 2121 3885 ante

511 3939 670 3994 quam
698 3936 992 3981 nasceretur
1016 3940 1036 3979 :
1064 3940 1171 3981 non
1195 3926 1341 3997 quod
1370 3926 1707 3996 unigenitum
1738 3926 1906 3980 Deum
1935 3923 2119 3981 innas-

514 4041 809 4098 minantem
824 4040 1309 4112 viderunt,abjecta
1323 4042 1467 4097 omni
1486 4040 1828 4097 cunctatione
1846 4039 2079 4095 Occiden
2091 4070 2109 4082 -

516 4113 699 4185 talium
717 4113 1083 4185 patrocinium
1115 4114 1416 4185 quaesiisse.
1450 4112 1559 4169 Sed
1585 4128 1706 4167 cum
1740 4114 1840 4166 hoc
1872 4112 2107 4185 officium

511 4183 614 4236 sibi
656 4183 880 4239 minime
909 4195 1191 4254 sperarent
1222 4199 1317 4252 per
1344 4184 1704 4239 Ariminensis
1735 4183 1927 4255 synodi
1964 4184 2112 4250 lega-

510 4260 616 4319 tos,
643 4269 778 4323 quos
809 4270 932 4309 cum
971 4255 1295 4311 adversariis
1320 4271 1433 4309 suis
1462 4257 1722 4309 societate
1747 4254 1805 4309 et
1851 4254 2107 4309 haeretica

509 4324 773 4393 pravitate
798 4324 1115 4391 conjttnctus
1154 4326 1489 4389 cernebant;
1524 4325 1651 4378 illud
1680 4328 1748 4379 ah
1779 4325 1983 4379 Hilario
2014 4341 2109 4393 per

508 4395 717 4451 litteras
742 4396 1037 4462 extietiere.
1071 4395 1143 4450 lis
1185 4406 1364 4450 autem
1398 4395 1622 4457 litteris,
1648 4407 1708 4448 ut
1732 4412 1797 4450 ex
1829 4397 2100 4464 sequenti-

2229 3187 2324 3233 aut
2365 3178 2706 3249 ignoratione
2752 3188 2844 3234 aut
2889 3179 3164 3248 impietate
3205 3179 3281 3251 (ε)
3340 3191 3465 3237 sunt
3513 3183 3838 3239 substituti:

2198 3246 2553 3340 {pollicentes
2587 3271 2688 3326 ltoc
2711 3286 2893 3326 coram
2931 3272 3041 3327 Deo
3080 3281 3241 3344 atque
3266 3272 3430 3329 etiam
3458 3275 3792 3331 conﬁtentes
3816 3319 3832 3344 ,

2231 3372 2287 3415 ut
2316 3361 2544 3433 quisque
2576 3362 2679 3429 his,
2708 3378 2831 3434 qua:
2861 3364 3171 3431 statuimus,
3208 3368 3345 3421 intra
3375 3367 3583 3423 Gallias
3613 3381 3842 3440 putave-

2228 3454 2299 3508 rit
2320 3455 2686 3523 renitendum,
2719 3474 2748 3510 a
2776 3458 3161 3513 communione
3192 3474 3255 3513 ac
3289 3459 3417 3514 sede
3446 3459 3518 3514 sit
3539 3461 3839 3517 sacerdotii

2228 3549 2585 3619 abjieiendus.
2631 3549 2819 3622 Neque
2848 3553 2991 3607 enim
3018 3593 3033 3617 ,
3069 3553 3283 3608 utalias
3309 3594 3323 3619 ,
3365 3562 3461 3608 aut
3486 3558 3836 3612 occasionem

2237 3644 2571 3715 praedicandi
2598 3648 2666 3715 (f)
2709 3662 2812 3699 non
2853 3645 3161 3700 damnando
3184 3647 3504 3715 permittens
3528 3689 3545 3713 ,
3576 3659 3671 3703 aut
3699 3664 3835 3704 con-

2227 3746 2308 3791 tra
2340 3736 2505 3791 Deum
2548 3749 2600 3792 et
2629 3737 2832 3792 Christi
2857 3739 3118 3809 unigeniti
3150 3739 3247 3794 Dei
3278 3742 3617 3810 majestatem
3646 3745 3837 3811 aliter,

2225 3846 2384 3900 quam
2433 3845 2533 3886 nos
2563 3831 2629 3886 de
2663 3832 2931 3887 ltomousii
2983 3832 3376 3903 signiﬁcatione
3432 3836 3707 3893 sentimus
3734 3837 3840 3892 ob-

2227 3926 2406 3979 nitens
2429 3968 2443 3993 ,
2478 3926 2672 3996 dignus
2702 3926 2805 3980 erit
2835 3928 3124 3982 Sanctitate
3153 3927 3444 3982 sacerdotii
3471 3930 3713 3985 nominis
3738 3933 3838 4001 ju-

2217 4040 2500 4095 litudinem
2529 4042 2695 4113 probe
2719 4040 3047 4097 intellectam
3078 4058 3184 4098 non
3210 4054 3491 4113 respuunt.
3520 4045 3641 4101 Vid.
3683 4048 3720 4102 ι.
3756 4050 3837 4105 de

2216 4114 2419 4183 synod.
2447 4128 2500 4165 n.
2534 4112 2605 4168 68
2634 4124 2687 4169 et
2716 4113 2809 4177 88,
2837 4124 2891 4169 et
2918 4113 3013 4167 lib.
3047 4118 3097 4169 in
3129 4115 3316 4169 Const.
3350 4132 3405 4169 n.
3437 4118 3531 4171 22.

2291 4183 2364 4257 (ε)
2396 4182 2550 4238 Alias
2575 4200 2658 4260 _ex
2700 4199 2801 4237 ms.
2867 4186 3047 4260 Pitln,
3081 4195 3256 4240 nostra
3284 4198 3515 4242 contenta
3560 4200 3791 4245 testatur
3817 4234 3837 4260 ,

2213 4254 2375 4331 neque
2404 4271 2488 4309 eos
2516 4254 2585 4308 ad
2612 4265 2806 4331 tantam
2829 4272 2937 4331 rem
2972 4257 3423 4331 blasphemiarum.
3458 4260 3535 4314 Ex
3570 4254 3839 4331 suptilia;

2211 4324 2297 4379 ris
2320 4324 2627 4395 Fragtnenti
2658 4327 2953 4383 collatione
2996 4324 3169 4383 locum
3205 4329 3347 4384 hunc
3391 4332 3458 4384 ita
3489 4324 3805 4389 etttetidave
3826 4366 3842 4375 -

2212 4411 2401 4450 ramus
2428 4438 2444 4473 ε
2472 4413 2608 4473 cum
2647 4397 3118 4473 Hertn:tntiutn__ac
3166 4401 3512 4456 Sittnondunt
3545 4409 3839 4473 comperi-

507 4465 608 4542 bus
630 4459 947 4542 perpiouum
974 4476 1080 4542 est,
1110 4468 1208 4542 ipsi
1235 4468 1286 4520 in
1312 4466 1502 4542 primis
1531 4459 1925 4542 signiﬁcabant,
1948 4481 2008 4542 se
2036 4468 2103 4520 ab
2129 4459 2184 4519 D
2206 4483 2328 4542 mus
2360 4459 2515 4522 nobis
2558 4471 2985 4542 consentientes.
3018 4471 3113 4526 Ille
3152 4482 3308 4528 antea
3339 4474 3654 4542 impietatem
3677 4459 3843 4530 inal-

505 4536 740 4594 inimicis
768 4536 861 4591 ﬁlii
896 4536 989 4591 Dei
1015 4536 1139 4593 esse
1164 4538 1472 4607 depositus,
1518 4536 1658 4604 quod
1690 4551 1878 4591 eorum
1909 4538 2099 4592 adver-

505 4618 754 4665 sarentur
778 4609 1146 4679 blasphemiis,
1180 4624 1243 4663 ac
1271 4609 1587 4664 substantiae
1629 4607 1949 4663 vocabulum
1971 4622 2101 4663 con-

503 4679 836 4752 stantissittte
864 4689 1279 4752 prouugttarettt.
1294 4722 1306 4734 .

579 4750 654 4822 (a)
688 4750 848 4807 Notat
878 4749 1212 4809 Sozomenus
1252 4752 1344 4807 lib.
1375 4766 1446 4815 tv,
1480 4765 1534 4806 c.
1578 4751 1645 4806 l9
1671 4792 1686 4816 ,
1723 4749 2098 4806 Occidentales

503 4837 611 4877 non
645 4837 737 4877 sua
769 4831 985 4892 sponte,
1018 4824 1111 4879 sed
1143 4824 1497 4879 Orientalium
1529 4837 1688 4877 causa
1716 4838 1746 4876 a
1782 4824 2097 4878 substantia:

505 4908 639 4949 voce
688 4896 1019 4961 recessisse,
1048 4898 1198 4965 quasi
1250 4894 1398 4950 illam
1446 4908 1635 4947 omnes
1679 4902 2090 4965 aversarentur;

503 4965 649 5035 (cum
687 4974 875 5020 contra
923 4963 1112 5021 omnes
1141 5007 1155 5031 ,
1189 4966 1423 5034 demptis
1471 4966 1678 5033 paucis,
1724 4963 1917 5019 Filium
1950 4964 2090 5018 Patri

500 5036 797 5106 sttbStautia
830 5038 1080 5106 gsimilem
1131 5035 1508 5106 asscrerent);
1559 5051 1761 5104 eosque
1811 5045 2092 5105 propterea

500 5104 696 5161 Nicaeae
725 5106 781 5160 in
809 5104 1040 5162 Thracia
1069 5107 1161 5162 diu
1187 5104 1600 5163 detentoslesse
1629 5148 1643 5174 ,
1674 5122 1743 5162 ne
1781 5104 1919 5161 forte
1950 5106 2094 5163 frau-

499 5177 622 5233 dem
655 5177 1145 5246 depreltenderent.

571 5246 647 5321 (b)
690 5248 947 5321 Nimirum
977 5247 1197 5304 Nicacno
1234 5248 1463 5305 concilio
1489 5264 1578 5302 an.
1610 5249 1716 5305 525
1737 5291 1751 5315 ,
1779 5248 2087 5321 quodAcum

496 5318 863 5375 Orientalibus
892 5321 1230 5390 potissimum
1256 5328 1551 5385 constaret,
1575 5321 1705 5390 ipsis
1733 5321 1893 5375 etiam
1921 5318 2087 5375 Galli-

496 5392 615 5447 cani
669 5390 908 5461 episcOpi
954 5393 1101 5446 vocis
1148 5392 1453 5447 Itomausian
1506 5393 1874 5446 inventionem
1942 5399 2091 5445 tanto

500 5463 745 5516 tribuunt
767 5463 1043 5534 libentius,
1069 5478 1174 5533 quo
1196 5478 1289 5519 eos
1314 5463 1482 5534 magis
1496 5464 1561 5517 ad
1578 5462 1705 5517 illttd
1724 5462 2087 5533 recipiendum

496 5534 750 5588 excitent.
786 5533 921 5590 Tum
954 5534 1081 5589 illud
1116 5549 1310 5590 nomen
1339 5538 1426 5603 pio
1451 5543 1502 5589 et
1531 5536 1799 5589 catholico
1836 5549 1998 5589 sensu
2026 5551 2085 5590 se

496 5616 711 5677 setnper
748 5607 1057 5677 suscepisse
1091 5605 1366 5663 insinuant
1393 5606 1572 5662 verbis
1613 5605 1683 5661 ad
1728 5605 1915 5660 Hilarii
1959 5620 2086 5660 sen-

498 5676 718 5731 tentiam
749 5676 1211 5744 accommodatis;
1239 5678 1395 5748 cujus
1420 5678 1581 5733 etiam
1613 5677 1679 5733 ad
1723 5677 1893 5733 instar
1933 5677 2083 5733 simi-

2206 4539 2322 4613 |_et‘,
2367 4556 2526 4609 quatn
2577 4541 2855 4612 pietatem,
2906 4542 3337 4613 suffragaturque
3379 4539 3658 4600 S’irtooudi
3711 4564 3829 4603 ms.

2205 4608 2504 4686 Episcopus
2528 4608 2707 4665 tamen
2731 4616 2902 4683 magis
2922 4608 3101 4677 decet,
3122 4625 3178 4668 ut
3201 4608 3343 4684 quod
3359 4616 3590 4686 simplici
3618 4621 3791 4674 elocu
3806 4648 3828 4659 -

2206 4685 2352 4736 tione
2372 4683 2642 4737 diceretur
2669 4699 2755 4737 eos
2775 4694 3071 4749 conventas,
3098 4686 3168 4739 ob
3193 4683 3452 4742 honorem
3468 4683 3530 4741 et
3558 4704 3838 4745 reveren-

2205 4754 2349 4825 tiam
2392 4753 2698 4825 sacerdotii
2752 4755 2937 4809 dicant
2989 4757 3230 4825 pietatem
3285 4774 3462 4812 eorum
3511 4772 3833 4816 conventas.

2203 4824 2355 4903 Quod
2379 4824 2439 4903 in
2470 4825 2626 4903 hunc
2648 4826 2872 4903 modum
2906 4824 3221 4903 perspicuus
3260 4828 3354 4903 fiet
3383 4847 3396 4883 :
3426 4845 3542 4883 cum
3571 4832 3731 4903 etiam
3760 4835 3838 4903 [ἕο

2203 4895 2332 4949 delis
2373 4892 2637 4969 Dantinici
2680 4892 3244 4965 naminisﬁpratdicator
3266 4900 3425 4969 frater
3457 4912 3633 4957 noster
3655 4892 3838 4958 Hit'a-

2200 4968 2310 5045 rius
2358 4968 2686 5032 nuntiaverit,
2748 4980 3023 5045 conventas
3075 4968 3322 5045 (clarius,
3372 4976 3833 5045 convenissepos)

2204 5038 2443 5113 pietatem
2474 5055 2651 5113 eorum
2678 5042 2769 5113 qui
2807 5040 3038 5095 Arimino
3069 5038 3567 5113 Constantinopolim
3592 5038 3836 5101 reuertit-'-

2200 5118 2346 5174 runt,
2370 5109 2502 5162 sicut
2526 5111 2743 5186 epistola
2757 5121 2922 5186 vestra
2950 5112 3224 5186 (prtiximo
3253 5109 3584 5186 Fragmenta
3612 5119 3829 5186 relata,

2198 5188 2256 5234 et
2296 5195 2402 5234 una
2453 5196 2576 5236 cunt
2622 5180 3056 5256 Hilarii_litterts
3077 5184 3142 5238 ad
3188 5201 3287 5240 nos
3328 5180 3529 5256 missis)
3564 5180 3831 5244 contenta

2204 5259 2437 5314 testatur,
2468 5267 2628 5322 neque
2657 5251 2842 5328 casuri
2865 5264 3123 5328 tantarum
3146 5251 3585 5324 blasphemiarum
3633 5262 3827 5328 (quae,

2203 5332 2260 5376 ut
2309 5338 2469 5391 supra
2522 5332 2707 5379 mooet
2745 5325 3004 5391 Hilarius,
3051 5328 3403 5382 Orientalium
3446 5325 3652 5384 litteris
3670 5325 3829 5387 Sub:

2199 5408 2354 5469 nexa;
2381 5393 2577 5469 erant)
2613 5395 2995 5452 damnationem
3020 5399 3239 5466 patuisse
3266 5399 3592 5469 compellere.

2272 5465 2349 5537 (ά)
2387 5463 2748 5549 Ariminensis
2776 5470 2968 5549 synodi
3009 5463 3236 5541 legatos,
3284 5480 3341 5526 ut
3367 5463 3597 5526 habetur
3640 5471 3823 5531 initio

2196 5534 2508 5607 Fragmenti
2530 5534 2851 5607 superioris.

2263 5606 2344 5753 ξε)
2386 5608 2540 5675 Puta,
2570 5606 3171 5683 Constantinopolitana
3201 5612 3409 5687 synodo
3432 5614 3558 5668 anni
3587 5613 3730 5670 560.

2290 5679 2334 5751 θ
2374 5679 2459 5737 Au
2484 5680 2642 5750 forte,
2671 5682 2991 5752 prtedicandi
3017 5686 3369 5743 anemmusian
3393 5687 3730 5753 pennittensl

2290 5679 2334 5751 θ
2374 5679 2459 5737 Au
2484 5680 2642 5750 forte,
2671 5679 2991 5752 praedicandi
3017 5679 3369 5743 attainmttsiatt
3393 5687 3699 5759 permittens
3718 5690 3753 5743 ξ’
