  <div class='ocr_page' id='page_1' title='image "/cluster/home/n/w/nwhite01/storage/ocr_20150623/10/hvd.32044096580394/363.png"; bbox 0 0 4100 6196; ppageno 0'>
   <div class='ocr_carea' id='block_1_1' title="bbox 535 213 643 270">
    <p class='ocr_par' dir='ltr' id='par_1_1' title="bbox 535 213 643 270">
     <span class='ocr_line' id='line_1_1' title="bbox 535 213 643 270; baseline 0.009 -1"><span class='ocrx_word' id='word_1_1' title='bbox 535 213 643 270; x_wconf 72' lang='grc'><strong>715</strong></span> 
     </span>
    </p>
   </div>
   <div class='ocr_carea' id='block_1_2' title="bbox 1756 202 3804 277">
    <p class='ocr_par' dir='ltr' id='par_1_2' title="bbox 1756 202 3804 277">
     <span class='ocr_line' id='line_1_2' title="bbox 1756 202 3804 277; baseline 0.008 -17"><span class='ocrx_word' id='word_1_2' title='bbox 1756 202 2002 262; x_wconf 78' lang='lat' dir='ltr'><strong>SANCTI</strong></span> <span class='ocrx_word' id='word_1_3' title='bbox 2040 202 2305 267; x_wconf 71' lang='lat' dir='ltr'><strong>HILARII</strong></span> <span class='ocrx_word' id='word_1_4' title='bbox 2342 208 2652 277; x_wconf 78' lang='lat' dir='ltr'><strong>EPISCQPI</strong></span> <span class='ocrx_word' id='word_1_5' title='bbox 3714 216 3804 277; x_wconf 73' lang='lat' dir='ltr'><strong>7M</strong></span> 
     </span>
    </p>
   </div>
   <div class='ocr_carea' id='block_1_3' title="bbox 538 325 3801 411">
    <p class='ocr_par' dir='ltr' id='par_1_3' title="bbox 538 325 3801 411">
     <span class='ocr_line' id='line_1_3' title="bbox 538 325 3801 411; baseline 0 -19"><span class='ocrx_word' id='word_1_6' title='bbox 538 337 600 392; x_wconf 84' lang='lat' dir='ltr'><strong>tit</strong></span> <span class='ocrx_word' id='word_1_7' title='bbox 652 330 910 390; x_wconf 84' lang='lat' dir='ltr'><strong>Liberius.</strong></span> <span class='ocrx_word' id='word_1_8' title='bbox 941 358 1014 374; x_wconf 89' lang='grc'><strong><em>-</em></strong></span> <span class='ocrx_word' id='word_1_9' title='bbox 1056 327 1346 401; x_wconf 60' lang='lat' dir='ltr'><strong>Imperitis“:</strong></span> <span class='ocrx_word' id='word_1_10' title='bbox 1389 325 1605 397; x_wconf 79' lang='lat' dir='ltr'><strong>culpam</strong></span> <span class='ocrx_word' id='word_1_11' title='bbox 1634 325 1918 384; x_wconf 89' lang='lat' dir='ltr'><strong>oblitterat</strong></span> <span class='ocrx_word' id='word_1_12' title='bbox 1944 328 2140 399; x_wconf 82' lang='lat' dir='ltr'><strong>resipi-</strong></span> <span class='ocrx_word' id='word_1_13' title='bbox 2164 340 2222 411; x_wconf 61' lang='grc' dir='ltr'><strong>Α</strong></span> <span class='ocrx_word' id='word_1_14' title='bbox 2241 331 2364 391; x_wconf 83' lang='lat' dir='ltr'><strong>leve</strong></span> <span class='ocrx_word' id='word_1_15' title='bbox 2390 340 2446 390; x_wconf 94' lang='lat' dir='ltr'><strong>et</strong></span> <span class='ocrx_word' id='word_1_16' title='bbox 2468 335 2756 391; x_wconf 88' lang='lat' dir='ltr'><strong>remissum</strong></span> <span class='ocrx_word' id='word_1_17' title='bbox 2788 330 3025 398; x_wconf 84' lang='lat' dir='ltr'><strong>videtur,</strong></span> <span class='ocrx_word' id='word_1_18' title='bbox 3055 340 3344 404; x_wconf 77' lang='lat' dir='ltr'><strong>recuperat</strong></span> <span class='ocrx_word' id='word_1_19' title='bbox 3371 330 3426 389; x_wconf 90' lang='lat' dir='ltr'><strong>id</strong></span> <span class='ocrx_word' id='word_1_20' title='bbox 3457 331 3596 405; x_wconf 90' lang='lat' dir='ltr'><strong>quod</strong></span> <span class='ocrx_word' id='word_1_21' title='bbox 3612 347 3701 404; x_wconf 86' lang='lat' dir='ltr'><strong>per</strong></span> <span class='ocrx_word' id='word_1_22' title='bbox 3725 350 3801 392; x_wconf 52' lang='lat' dir='ltr'><strong>as.</strong></span> 
     </span>
    </p>
   </div>
   <div class='ocr_carea' id='block_1_4' title="bbox 536 413 2140 492">
    <p class='ocr_par' dir='ltr' id='par_1_4' title="bbox 536 413 2140 492">
     <span class='ocr_line' id='line_1_4' title="bbox 536 413 2140 492; baseline -0.004 -8"><span class='ocrx_word' id='word_1_23' title='bbox 536 443 719 485; x_wconf 88' lang='lat' dir='ltr'><strong>scens.</strong></span> <span class='ocrx_word' id='word_1_24' title='bbox 748 426 863 483; x_wconf 86' lang='lat' dir='ltr'><strong>Hoc</strong></span> <span class='ocrx_word' id='word_1_25' title='bbox 877 432 1055 481; x_wconf 90' lang='lat' dir='ltr'><strong>autem</strong></span> <span class='ocrx_word' id='word_1_26' title='bbox 1085 422 1153 478; x_wconf 91' lang='lat' dir='ltr'><strong>de</strong></span> <span class='ocrx_word' id='word_1_27' title='bbox 1175 413 1475 492; x_wconf 85' lang='lat' dir='ltr'><strong>Scripturis&#39;</strong></span> <span class='ocrx_word' id='word_1_28' title='bbox 1489 422 1692 476; x_wconf 80' lang='lat' dir='ltr'><strong>sanctis</strong></span> <span class='ocrx_word' id='word_1_29' title='bbox 1720 420 2008 478; x_wconf 74' lang='lat' dir='ltr'><strong>advertere</strong></span> <span class='ocrx_word' id='word_1_30' title='bbox 2032 426 2140 478; x_wconf 90' lang='lat' dir='ltr'><strong>est.</strong></span> 
     </span>
    </p>
   </div>
   <div class='ocr_carea' id='block_1_5' title="bbox 539 511 2144 584">
    <p class='ocr_par' dir='ltr' id='par_1_5' title="bbox 539 511 2144 584">
     <span class='ocr_line' id='line_1_5' title="bbox 539 511 2144 584; baseline -0.004 -8"><span class='ocrx_word' id='word_1_31' title='bbox 539 520 805 576; x_wconf 74' lang='lat' dir='ltr'><strong>Pietatem</strong></span> <span class='ocrx_word' id='word_1_32' title='bbox 845 515 914 573; x_wconf 90' lang='lat' dir='ltr'><strong>ad</strong></span> <span class='ocrx_word' id='word_1_33' title='bbox 941 512 1122 571; x_wconf 83' lang='lat' dir='ltr'><strong>omnia</strong></span> <span class='ocrx_word' id='word_1_34' title='bbox 1153 511 1342 569; x_wconf 79' lang='lat' dir='ltr'><strong>utilem</strong></span> <span class='ocrx_word' id='word_1_35' title='bbox 1377 526 1502 568; x_wconf 89' lang='lat' dir='ltr'><strong>esse</strong></span> <span class='ocrx_word' id='word_1_36' title='bbox 1546 511 1779 584; x_wconf 80' lang='lat' dir='ltr'><strong>legimus</strong></span> <span class='ocrx_word' id='word_1_37' title='bbox 1804 555 1821 581; x_wconf 91' lang='lat'><strong>,</strong></span> <span class='ocrx_word' id='word_1_38' title='bbox 1867 514 1955 569; x_wconf 90' lang='lat' dir='ltr'><strong>cui</strong></span> <span class='ocrx_word' id='word_1_39' title='bbox 1997 512 2144 570; x_wconf 88' lang='lat' dir='ltr'><strong>cedit</strong></span> 
     </span>
    </p>
   </div>
   <div class='ocr_carea' id='block_1_6' title="bbox 541 606 2144 685">
    <p class='ocr_par' dir='ltr' id='par_1_6' title="bbox 541 606 2144 685">
     <span class='ocr_line' id='line_1_6' title="bbox 541 606 2144 685; baseline -0.006 -14"><span class='ocrx_word' id='word_1_40' title='bbox 541 611 840 685; x_wconf 84' lang='lat' dir='ltr'><strong>corporalis</strong></span> <span class='ocrx_word' id='word_1_41' title='bbox 863 607 1200 673; x_wconf 72' lang='lat' dir='ltr'><strong>exercitatio,</strong></span> <span class='ocrx_word' id='word_1_42' title='bbox 1228 606 1480 678; x_wconf 82' lang='lat' dir='ltr'><strong>quamvis</strong></span> <span class='ocrx_word' id='word_1_43' title='bbox 1510 615 1566 661; x_wconf 94' lang='lat' dir='ltr'><strong>et</strong></span> <span class='ocrx_word' id='word_1_44' title='bbox 1590 606 1708 676; x_wconf 90' lang='lat' dir='ltr'><strong>ipsa</strong></span> <span class='ocrx_word' id='word_1_45' title='bbox 1740 606 1990 664; x_wconf 85' lang='lat' dir='ltr'><strong>utilitatis</strong></span> <span class='ocrx_word' id='word_1_46' title='bbox 2010 606 2144 663; x_wconf 87' lang='lat' dir='ltr'><strong>reti-</strong></span> 
     </span>
    </p>
   </div>
   <div class='ocr_carea' id='block_1_7' title="bbox 542 698 2145 771">
    <p class='ocr_par' dir='ltr' id='par_1_7' title="bbox 542 698 2145 771">
     <span class='ocr_line' id='line_1_7' title="bbox 542 698 2145 771; baseline -0.005 -9"><span class='ocrx_word' id='word_1_47' title='bbox 542 713 665 763; x_wconf 88' lang='lat' dir='ltr'><strong>neat</strong></span> <span class='ocrx_word' id='word_1_48' title='bbox 685 703 708 759; x_wconf 88' lang='lat' dir='ltr'><strong>f</strong></span> <span class='ocrx_word' id='word_1_49' title='bbox 712 710 892 759; x_wconf 81' lang='lat' dir='ltr'><strong>ructus</strong></span> <span class='ocrx_word' id='word_1_50' title='bbox 912 717 925 755; x_wconf 89' lang='lat'>:</span> <span class='ocrx_word' id='word_1_51' title='bbox 956 714 1116 771; x_wconf 91' lang='lat' dir='ltr'><strong>quam</strong></span> <span class='ocrx_word' id='word_1_52' title='bbox 1142 698 1457 756; x_wconf 88' lang='lat' dir='ltr'><strong>sectandam</strong></span> <span class='ocrx_word' id='word_1_53' title='bbox 1480 698 1638 755; x_wconf 91' lang='lat' dir='ltr'><strong>nobis</strong></span> <span class='ocrx_word' id='word_1_54' title='bbox 1658 699 1824 755; x_wconf 92' lang='lat' dir='ltr'><strong>etiam</strong></span> <span class='ocrx_word' id='word_1_55' title='bbox 1846 698 1986 755; x_wconf 82' lang='lat' dir='ltr'><strong>ratio</strong></span> <span class='ocrx_word' id='word_1_56' title='bbox 2008 706 2145 755; x_wconf 82' lang='lat' dir='ltr'><strong>tem-</strong></span> 
     </span>
    </p>
   </div>
   <div class='ocr_carea' id='block_1_8' title="bbox 543 790 2143 871">
    <p class='ocr_par' dir='ltr' id='par_1_8' title="bbox 543 790 2143 871">
     <span class='ocr_line' id='line_1_8' title="bbox 543 790 2143 871; baseline -0.004 -16"><span class='ocrx_word' id='word_1_57' title='bbox 543 798 690 871; x_wconf 88' lang='lat' dir='ltr'><strong>poris</strong></span> <span class='ocrx_word' id='word_1_58' title='bbox 717 794 1003 867; x_wconf 67' lang='lat' dir='ltr'><strong>praesentis</strong></span> <span class='ocrx_word' id='word_1_59' title='bbox 1040 792 1305 863; x_wconf 83' lang='lat' dir='ltr'><strong>exposcit.</strong></span> <span class='ocrx_word' id='word_1_60' title='bbox 1332 790 1410 863; x_wconf 82' lang='grc' dir='ltr'><strong>(α)</strong></span> <span class='ocrx_word' id='word_1_61' title='bbox 1432 792 1547 848; x_wconf 84' lang='lat' dir='ltr'><strong>Non</strong></span> <span class='ocrx_word' id='word_1_62' title='bbox 1570 792 1716 847; x_wconf 91' lang='lat' dir='ltr'><strong>enim</strong></span> <span class='ocrx_word' id='word_1_63' title='bbox 1742 791 1787 848; x_wconf 85' lang='lat' dir='ltr'><strong>si</strong></span> <span class='ocrx_word' id='word_1_64' title='bbox 1809 790 1977 862; x_wconf 87' lang='lat' dir='ltr'><strong>aliqui</strong></span> <span class='ocrx_word' id='word_1_65' title='bbox 1998 790 2143 848; x_wconf 85' lang='lat' dir='ltr'><strong>forte</strong></span> 
     </span>
    </p>
   </div>
   <div class='ocr_carea' id='block_1_9' title="bbox 538 884 2143 962">
    <p class='ocr_par' dir='ltr' id='par_1_9' title="bbox 538 884 2143 962">
     <span class='ocr_line' id='line_1_9' title="bbox 538 884 2143 962; baseline -0.003 -16"><span class='ocrx_word' id='word_1_66' title='bbox 538 890 629 962; x_wconf 91' lang='lat' dir='ltr'><strong>qui</strong></span> <span class='ocrx_word' id='word_1_67' title='bbox 653 889 759 944; x_wconf 90' lang='lat' dir='ltr'><strong>hoc</strong></span> <span class='ocrx_word' id='word_1_68' title='bbox 807 885 969 945; x_wconf 90' lang='lat' dir='ltr'><strong>studii</strong></span> <span class='ocrx_word' id='word_1_69' title='bbox 998 893 1235 958; x_wconf 86' lang='lat' dir='ltr'><strong>gerunt,</strong></span> <span class='ocrx_word' id='word_1_70' title='bbox 1278 885 1492 942; x_wconf 75' lang='lat' dir='ltr'><strong>ratione</strong></span> <span class='ocrx_word' id='word_1_71' title='bbox 1541 884 1814 956; x_wconf 78' lang='lat' dir='ltr'><strong>provisam</strong></span> <span class='ocrx_word' id='word_1_72' title='bbox 1860 884 2143 941; x_wconf 84' lang='lat' dir='ltr'><strong>destruere</strong></span> 
     </span>
    </p>
   </div>
   <div class='ocr_carea' id='block_1_10' title="bbox 536 976 2146 1054">
    <p class='ocr_par' dir='ltr' id='par_1_10' title="bbox 536 976 2146 1054">
     <span class='ocr_line' id='line_1_10' title="bbox 536 976 2146 1054; baseline -0.002 -16"><span class='ocrx_word' id='word_1_73' title='bbox 536 981 881 1054; x_wconf 88' lang='lat' dir='ltr'><strong>impudenter</strong></span> <span class='ocrx_word' id='word_1_74' title='bbox 931 978 1150 1035; x_wconf 85' lang='lat' dir='ltr'><strong>sacviori</strong></span> <span class='ocrx_word' id='word_1_75' title='bbox 1201 990 1474 1045; x_wconf 86' lang='lat' dir='ltr'><strong>censura;</strong></span> <span class='ocrx_word' id='word_1_76' title='bbox 1518 976 1625 1033; x_wconf 86' lang='lat' dir='ltr'><strong>hoc</strong></span> <span class='ocrx_word' id='word_1_77' title='bbox 1657 978 2048 1035; x_wconf 83' lang='lat' dir='ltr'><strong>aestimaverint</strong></span> <span class='ocrx_word' id='word_1_78' title='bbox 2087 985 2146 1035; x_wconf 87' lang='lat' dir='ltr'><strong>et</strong></span> 
     </span>
    </p>
   </div>
   <div class='ocr_carea' id='block_1_11' title="bbox 539 1069 2141 1146">
    <p class='ocr_par' dir='ltr' id='par_1_11' title="bbox 539 1069 2141 1146">
     <span class='ocr_line' id='line_1_11' title="bbox 539 1069 2141 1146; baseline -0.001 -17"><span class='ocrx_word' id='word_1_79' title='bbox 539 1088 765 1141; x_wconf 90' lang='lat' dir='ltr'><strong>novare,</strong></span> <span class='ocrx_word' id='word_1_80' title='bbox 795 1072 938 1144; x_wconf 90' lang='lat' dir='ltr'><strong>quod</strong></span> <span class='ocrx_word' id='word_1_81' title='bbox 961 1073 1076 1142; x_wconf 88' lang='lat' dir='ltr'><strong>jam</strong></span> <span class='ocrx_word' id='word_1_82' title='bbox 1107 1069 1499 1146; x_wconf 63' lang='lat' dir='ltr'><strong>exapostolica</strong></span> <span class='ocrx_word' id='word_1_83' title='bbox 1514 1070 1842 1127; x_wconf 87' lang='lat' dir='ltr'><strong>auctoritate</strong></span> <span class='ocrx_word' id='word_1_84' title='bbox 1872 1070 2141 1127; x_wconf 88' lang='lat' dir='ltr'><strong>munitum</strong></span> 
     </span>
    </p>
   </div>
   <div class='ocr_carea' id='block_1_12' title="bbox 540 1162 2140 1237">
    <p class='ocr_par' dir='ltr' id='par_1_12' title="bbox 540 1162 2140 1237">
     <span class='ocr_line' id='line_1_12' title="bbox 540 1162 2140 1237; baseline -0.002 -14"><span class='ocrx_word' id='word_1_85' title='bbox 540 1175 627 1223; x_wconf 88' lang='lat' dir='ltr'><strong>est</strong></span> <span class='ocrx_word' id='word_1_86' title='bbox 651 1166 719 1222; x_wconf 92' lang='lat' dir='ltr'><strong>de</strong></span> <span class='ocrx_word' id='word_1_87' title='bbox 745 1165 968 1237; x_wconf 87' lang='lat' dir='ltr'><strong>pietate,</strong></span> <span class='ocrx_word' id='word_1_88' title='bbox 1000 1178 1123 1220; x_wconf 92' lang='lat' dir='ltr'><strong>cum</strong></span> <span class='ocrx_word' id='word_1_89' title='bbox 1154 1162 1355 1219; x_wconf 90' lang='lat' dir='ltr'><strong>dictum</strong></span> <span class='ocrx_word' id='word_1_90' title='bbox 1388 1172 1493 1230; x_wconf 89' lang='lat' dir='ltr'><strong>est,</strong></span> <span class='ocrx_word' id='word_1_91' title='bbox 1527 1178 1637 1219; x_wconf 90' lang='lat' dir='ltr'><strong>non</strong></span> <span class='ocrx_word' id='word_1_92' title='bbox 1662 1178 1786 1220; x_wconf 88' lang='lat' dir='ltr'><strong>esse</strong></span> <span class='ocrx_word' id='word_1_93' title='bbox 1808 1163 2140 1234; x_wconf 84' lang='lat' dir='ltr'><strong>parcendum</strong></span> 
     </span>
    </p>
   </div>
   <div class='ocr_carea' id='block_1_13' title="bbox 538 1257 2145 1330">
    <p class='ocr_par' dir='ltr' id='par_1_13' title="bbox 538 1257 2145 1330">
     <span class='ocr_line' id='line_1_13' title="bbox 538 1257 2145 1330; baseline 0.001 -16"><span class='ocrx_word' id='word_1_94' title='bbox 538 1258 626 1315; x_wconf 88' lang='lat' dir='ltr'><strong>his</strong></span> <span class='ocrx_word' id='word_1_95' title='bbox 662 1259 753 1329; x_wconf 88' lang='lat' dir='ltr'><strong>qui</strong></span> <span class='ocrx_word' id='word_1_96' title='bbox 780 1258 922 1329; x_wconf 89' lang='lat' dir='ltr'><strong>apud</strong></span> <span class='ocrx_word' id='word_1_97' title='bbox 974 1257 1282 1314; x_wconf 83' lang='lat' dir='ltr'><strong>Ariminum</strong></span> <span class='ocrx_word' id='word_1_98' title='bbox 1309 1257 1626 1328; x_wconf 77' lang='lat' dir='ltr'><strong>ignorantes</strong></span> <span class='ocrx_word' id='word_1_99' title='bbox 1652 1266 1922 1329; x_wconf 87' lang='lat' dir='ltr'><strong>egerunt,</strong></span> <span class='ocrx_word' id='word_1_100' title='bbox 1945 1258 2145 1330; x_wconf 79' lang='lat' dir='ltr'><strong>quibus</strong></span> 
     </span>
    </p>
   </div>
   <div class='ocr_carea' id='block_1_14' title="bbox 539 1349 2143 1421">
    <p class='ocr_par' dir='ltr' id='par_1_14' title="bbox 539 1349 2143 1421">
     <span class='ocr_line' id='line_1_14' title="bbox 539 1349 2143 1421; baseline 0.001 -15"><span class='ocrx_word' id='word_1_101' title='bbox 539 1350 751 1408; x_wconf 85' lang='lat' dir='ltr'><strong>nescire</strong></span> <span class='ocrx_word' id='word_1_102' title='bbox 772 1351 1062 1416; x_wconf 91' lang='lat' dir='ltr'><strong>inlicitum,</strong></span> <span class='ocrx_word' id='word_1_103' title='bbox 1087 1349 1186 1405; x_wconf 90' lang='lat' dir='ltr'><strong>fuit</strong></span> <span class='ocrx_word' id='word_1_104' title='bbox 1210 1358 1427 1421; x_wconf 89' lang='lat' dir='ltr'><strong>captum</strong></span> <span class='ocrx_word' id='word_1_105' title='bbox 1445 1350 1615 1406; x_wconf 89' lang='lat' dir='ltr'><strong>errori</strong></span> <span class='ocrx_word' id='word_1_106' title='bbox 1647 1350 1911 1415; x_wconf 86' lang='lat' dir='ltr'><strong>incidere,</strong></span> <span class='ocrx_word' id='word_1_107' title='bbox 1938 1351 2143 1408; x_wconf 90' lang='lat' dir='ltr'><strong>idcirco</strong></span> 
     </span>
    </p>
   </div>
   <div class='ocr_carea' id='block_1_15' title="bbox 542 1442 2144 1515">
    <p class='ocr_par' dir='ltr' id='par_1_15' title="bbox 542 1442 2144 1515">
     <span class='ocr_line' id='line_1_15' title="bbox 542 1442 2144 1515; baseline 0.003 -18"><span class='ocrx_word' id='word_1_108' title='bbox 542 1442 744 1499; x_wconf 87' lang='lat' dir='ltr'><strong>veritas</strong></span> <span class='ocrx_word' id='word_1_109' title='bbox 785 1442 1092 1515; x_wconf 87' lang='lat' dir='ltr'><strong>repedanda</strong></span> <span class='ocrx_word' id='word_1_110' title='bbox 1117 1450 1218 1499; x_wconf 86' lang='lat' dir='ltr'><strong>est.</strong></span> <span class='ocrx_word' id='word_1_111' title='bbox 1256 1442 1361 1499; x_wconf 87' lang='lat' dir='ltr'><strong>Sed</strong></span> <span class='ocrx_word' id='word_1_112' title='bbox 1390 1442 1544 1509; x_wconf 92' lang='lat' dir='ltr'><strong>mihi,</strong></span> <span class='ocrx_word' id='word_1_113' title='bbox 1577 1443 1664 1499; x_wconf 91' lang='lat' dir='ltr'><strong>cui</strong></span> <span class='ocrx_word' id='word_1_114' title='bbox 1685 1443 1940 1499; x_wconf 84' lang='lat' dir='ltr'><strong>convenit</strong></span> <span class='ocrx_word' id='word_1_115' title='bbox 1963 1444 2144 1502; x_wconf 86' lang='lat' dir='ltr'><strong>omnia</strong></span> 
     </span>
    </p>
   </div>
   <div class='ocr_carea' id='block_1_16' title="bbox 538 1533 2148 1607">
    <p class='ocr_par' dir='ltr' id='par_1_16' title="bbox 538 1533 2148 1607">
     <span class='ocr_line' id='line_1_16' title="bbox 538 1533 2148 1607; baseline 0.002 -17"><span class='ocrx_word' id='word_1_116' title='bbox 538 1533 822 1593; x_wconf 85' lang='lat' dir='ltr'><strong>moderate</strong></span> <span class='ocrx_word' id='word_1_117' title='bbox 849 1534 1191 1606; x_wconf 84' lang='lat' dir='ltr'><strong>perpendere</strong></span> <span class='ocrx_word' id='word_1_118' title='bbox 1214 1575 1231 1602; x_wconf 91' lang='lat'><strong>,</strong></span> <span class='ocrx_word' id='word_1_119' title='bbox 1261 1534 1497 1593; x_wconf 82' lang='lat' dir='ltr'><strong>maxime</strong></span> <span class='ocrx_word' id='word_1_120' title='bbox 1527 1549 1649 1589; x_wconf 90' lang='lat' dir='ltr'><strong>cum</strong></span> <span class='ocrx_word' id='word_1_121' title='bbox 1680 1542 1736 1590; x_wconf 89' lang='lat' dir='ltr'><strong>et</strong></span> <span class='ocrx_word' id='word_1_122' title='bbox 1758 1533 2002 1607; x_wconf 63' lang='lat' dir='ltr'><strong>Egyptii</strong></span> <span class='ocrx_word' id='word_1_123' title='bbox 2028 1551 2148 1593; x_wconf 87' lang='lat' dir='ltr'><strong>om-</strong></span> 
     </span>
    </p>
   </div>
   <div class='ocr_carea' id='block_1_17' title="bbox 541 1626 2147 1698">
    <p class='ocr_par' dir='ltr' id='par_1_17' title="bbox 541 1626 2147 1698">
     <span class='ocr_line' id='line_1_17' title="bbox 541 1626 2147 1698; baseline 0.001 -16"><span class='ocrx_word' id='word_1_124' title='bbox 541 1642 639 1682; x_wconf 89' lang='lat' dir='ltr'><strong>nes</strong></span> <span class='ocrx_word' id='word_1_125' title='bbox 688 1636 745 1684; x_wconf 89' lang='lat' dir='ltr'><strong>et</strong></span> <span class='ocrx_word' id='word_1_126' title='bbox 793 1627 868 1698; x_wconf 88' lang='lat' dir='ltr'><strong>(b)</strong></span> <span class='ocrx_word' id='word_1_127' title='bbox 914 1626 1106 1683; x_wconf 78' lang='lat' dir='ltr'><strong>Achivi</strong></span> <span class='ocrx_word' id='word_1_128' title='bbox 1155 1628 1396 1682; x_wconf 83' lang='lat' dir='ltr'><strong>accusati</strong></span> <span class='ocrx_word' id='word_1_129' title='bbox 1448 1627 1774 1683; x_wconf 87' lang='lat' dir='ltr'><strong>sententiam</strong></span> <span class='ocrx_word' id='word_1_130' title='bbox 1822 1637 2147 1697; x_wconf 89' lang='lat' dir='ltr'><strong>receperunt</strong></span> 
     </span>
    </p>
   </div>
   <div class='ocr_carea' id='block_1_18' title="bbox 540 1717 2142 1791">
    <p class='ocr_par' dir='ltr' id='par_1_18' title="bbox 540 1717 2142 1791">
     <span class='ocr_line' id='line_1_18' title="bbox 540 1717 2142 1791; baseline 0.002 -18"><span class='ocrx_word' id='word_1_131' title='bbox 540 1718 744 1787; x_wconf 90' lang='lat' dir='ltr'><strong>multis,</strong></span> <span class='ocrx_word' id='word_1_132' title='bbox 771 1718 1101 1790; x_wconf 89' lang='lat' dir='ltr'><strong>parcendum</strong></span> <span class='ocrx_word' id='word_1_133' title='bbox 1126 1717 1343 1790; x_wconf 88' lang='lat' dir='ltr'><strong>quidem</strong></span> <span class='ocrx_word' id='word_1_134' title='bbox 1373 1718 1459 1774; x_wconf 88' lang='lat' dir='ltr'><strong>bis</strong></span> <span class='ocrx_word' id='word_1_135' title='bbox 1487 1718 1559 1775; x_wconf 90' lang='lat' dir='ltr'><strong>de</strong></span> <span class='ocrx_word' id='word_1_136' title='bbox 1581 1719 1778 1790; x_wconf 89' lang='lat' dir='ltr'><strong>quibus</strong></span> <span class='ocrx_word' id='word_1_137' title='bbox 1804 1734 1970 1791; x_wconf 80' lang='lat' dir='ltr'><strong>supra</strong></span> <span class='ocrx_word' id='word_1_138' title='bbox 2003 1732 2142 1777; x_wconf 92' lang='lat' dir='ltr'><strong>trac-</strong></span> 
     </span>
    </p>
   </div>
   <div class='ocr_carea' id='block_1_19' title="bbox 550 1812 2147 1885">
    <p class='ocr_par' dir='ltr' id='par_1_19' title="bbox 550 1812 2147 1885">
     <span class='ocr_line' id='line_1_19' title="bbox 550 1812 2147 1885; baseline 0.001 -17"><span class='ocrx_word' id='word_1_139' title='bbox 550 1812 804 1881; x_wconf 90' lang='lat' dir='ltr'><strong>tavimus,</strong></span> <span class='ocrx_word' id='word_1_140' title='bbox 832 1821 1083 1869; x_wconf 78' lang='lat' dir='ltr'><strong>auctores</strong></span> <span class='ocrx_word' id='word_1_141' title='bbox 1111 1828 1244 1869; x_wconf 87' lang='lat' dir='ltr'><strong>vero</strong></span> <span class='ocrx_word' id='word_1_142' title='bbox 1269 1827 1392 1869; x_wconf 88' lang='lat' dir='ltr'><strong>esse</strong></span> <span class='ocrx_word' id='word_1_143' title='bbox 1433 1812 1790 1880; x_wconf 83' lang='lat' dir='ltr'><strong>damnandos,</strong></span> <span class='ocrx_word' id='word_1_144' title='bbox 1815 1813 1906 1884; x_wconf 89' lang='lat' dir='ltr'><strong>qui</strong></span> <span class='ocrx_word' id='word_1_145' title='bbox 1929 1813 2147 1885; x_wconf 85' lang='lat' dir='ltr'><strong>obliqua</strong></span> 
     </span>
    </p>
   </div>
   <div class='ocr_carea' id='block_1_20' title="bbox 541 1906 2151 1981">
    <p class='ocr_par' dir='ltr' id='par_1_20' title="bbox 541 1906 2151 1981">
     <span class='ocr_line' id='line_1_20' title="bbox 541 1906 2151 1981; baseline 0.001 -17"><span class='ocrx_word' id='word_1_146' title='bbox 541 1914 597 1964; x_wconf 88' lang='lat' dir='ltr'><strong>et</strong></span> <span class='ocrx_word' id='word_1_147' title='bbox 623 1907 853 1979; x_wconf 86' lang='lat' dir='ltr'><strong>maligna</strong></span> <span class='ocrx_word' id='word_1_148' title='bbox 907 1906 1068 1981; x_wconf 78' lang='lat'><strong>703</strong></span> <span class='ocrx_word' id='word_1_149' title='bbox 1112 1907 1413 1964; x_wconf 87' lang='lat' dir='ltr'><strong>subtilitate</strong></span> <span class='ocrx_word' id='word_1_150' title='bbox 1443 1916 1501 1964; x_wconf 90' lang='lat' dir='ltr'><strong>et</strong></span> <span class='ocrx_word' id='word_1_151' title='bbox 1527 1908 1763 1980; x_wconf 78' lang='lat' dir='ltr'><strong>caligine</strong></span> <span class='ocrx_word' id='word_1_152' title='bbox 1805 1907 2151 1966; x_wconf 68' lang='lat' dir='ltr'><strong>offenderunt</strong></span> 
     </span>
    </p>
   </div>
   <div class='ocr_carea' id='block_1_21' title="bbox 542 2001 2146 2073">
    <p class='ocr_par' dir='ltr' id='par_1_21' title="bbox 542 2001 2146 2073">
     <span class='ocr_line' id='line_1_21' title="bbox 542 2001 2146 2073; baseline 0.001 -16"><span class='ocrx_word' id='word_1_153' title='bbox 542 2001 912 2059; x_wconf 89' lang='lat' dir='ltr'><strong>innocentium</strong></span> <span class='ocrx_word' id='word_1_154' title='bbox 942 2018 1135 2059; x_wconf 88' lang='lat' dir='ltr'><strong>sensus</strong></span> <span class='ocrx_word' id='word_1_155' title='bbox 1161 2045 1176 2070; x_wconf 89' lang='lat'><strong>,</strong></span> <span class='ocrx_word' id='word_1_156' title='bbox 1218 2016 1317 2073; x_wconf 89' lang='lat' dir='ltr'><strong>per</strong></span> <span class='ocrx_word' id='word_1_157' title='bbox 1341 2017 1463 2073; x_wconf 66' lang='lat' dir='ltr'><strong>quae</strong></span> <span class='ocrx_word' id='word_1_158' title='bbox 1512 2001 1762 2058; x_wconf 89' lang='lat' dir='ltr'><strong>velamen</strong></span> <span class='ocrx_word' id='word_1_159' title='bbox 1815 2002 2146 2060; x_wconf 87' lang='lat' dir='ltr'><strong>obducerent</strong></span> 
     </span>
    </p>
   </div>
   <div class='ocr_carea' id='block_1_22' title="bbox 536 2096 2149 2165">
    <p class='ocr_par' dir='ltr' id='par_1_22' title="bbox 536 2096 2149 2165">
     <span class='ocr_line' id='line_1_22' title="bbox 536 2096 2149 2165; baseline 0.001 -14"><span class='ocrx_word' id='word_1_160' title='bbox 536 2097 775 2165; x_wconf 87' lang='lat' dir='ltr'><strong>veritati,</strong></span> <span class='ocrx_word' id='word_1_161' title='bbox 812 2097 1067 2154; x_wconf 83' lang='lat' dir='ltr'><strong>tenebras</strong></span> <span class='ocrx_word' id='word_1_162' title='bbox 1095 2096 1269 2153; x_wconf 89' lang='lat' dir='ltr'><strong>lucem</strong></span> <span class='ocrx_word' id='word_1_163' title='bbox 1305 2135 1321 2163; x_wconf 89' lang='lat'><strong>,</strong></span> <span class='ocrx_word' id='word_1_164' title='bbox 1371 2105 1427 2153; x_wconf 90' lang='lat' dir='ltr'><strong>et</strong></span> <span class='ocrx_word' id='word_1_165' title='bbox 1465 2096 1642 2154; x_wconf 89' lang='lat' dir='ltr'><strong>lucem</strong></span> <span class='ocrx_word' id='word_1_166' title='bbox 1681 2096 1936 2154; x_wconf 83' lang='lat' dir='ltr'><strong>tenebras</strong></span> <span class='ocrx_word' id='word_1_167' title='bbox 1961 2096 2149 2156; x_wconf 80' lang='lat' dir='ltr'><strong>vendi-</strong></span> 
     </span>
    </p>
   </div>
   <div class='ocr_carea' id='block_1_23' title="bbox 542 2200 740 2248">
    <p class='ocr_par' dir='ltr' id='par_1_23' title="bbox 542 2200 740 2248">
     <span class='ocr_line' id='line_1_23' title="bbox 542 2200 740 2248; baseline -0.015 0"><span class='ocrx_word' id='word_1_168' title='bbox 542 2200 740 2248; x_wconf 88' lang='lat' dir='ltr'><strong>tantes.</strong></span> 
     </span>
    </p>
   </div>
   <div class='ocr_carea' id='block_1_24' title="bbox 611 2282 2143 2358">
    <p class='ocr_par' dir='ltr' id='par_1_24' title="bbox 611 2282 2143 2358">
     <span class='ocr_line' id='line_1_24' title="bbox 611 2282 2143 2358; baseline 0 -19"><span class='ocrx_word' id='word_1_169' title='bbox 611 2286 669 2341; x_wconf 77' lang='grc'><strong>2.</strong></span> <span class='ocrx_word' id='word_1_170' title='bbox 699 2285 812 2352; x_wconf 83' lang='lat' dir='ltr'><strong>Quo</strong></span> <span class='ocrx_word' id='word_1_171' title='bbox 838 2294 986 2358; x_wconf 83' lang='lat' dir='ltr'><strong>pacto</strong></span> <span class='ocrx_word' id='word_1_172' title='bbox 1030 2286 1281 2357; x_wconf 75' lang='lat' dir='ltr'><strong>ignoscat.</strong></span> <span class='ocrx_word' id='word_1_173' title='bbox 1329 2283 1497 2356; x_wconf 83' lang='lat' dir='ltr'><strong>Igitur</strong></span> <span class='ocrx_word' id='word_1_174' title='bbox 1540 2282 1731 2354; x_wconf 82' lang='lat' dir='ltr'><strong>siquis</strong></span> <span class='ocrx_word' id='word_1_175' title='bbox 1783 2282 2143 2355; x_wconf 85' lang='lat' dir='ltr'><strong>ignorationis</strong></span> 
     </span>
    </p>
   </div>
   <div class='ocr_carea' id='block_1_25' title="bbox 540 2378 2146 2452">
    <p class='ocr_par' dir='ltr' id='par_1_25' title="bbox 540 2378 2146 2452">
     <span class='ocr_line' id='line_1_25' title="bbox 540 2378 2146 2452; baseline -0.002 -14"><span class='ocrx_word' id='word_1_176' title='bbox 540 2389 760 2452; x_wconf 90' lang='lat' dir='ltr'><strong>captum</strong></span> <span class='ocrx_word' id='word_1_177' title='bbox 811 2379 1140 2450; x_wconf 87' lang='lat' dir='ltr'><strong>resipiscens</strong></span> <span class='ocrx_word' id='word_1_178' title='bbox 1193 2378 1463 2434; x_wconf 87' lang='lat' dir='ltr'><strong>sermonis</strong></span> <span class='ocrx_word' id='word_1_179' title='bbox 1516 2385 1718 2434; x_wconf 66' lang='lat' dir='ltr'><strong>nostra:</strong></span> <span class='ocrx_word' id='word_1_180' title='bbox 1771 2378 2146 2434; x_wconf 86' lang='lat' dir='ltr'><strong>advocationis</strong></span> 
     </span>
    </p>
   </div>
   <div class='ocr_carea' id='block_1_26' title="bbox 544 2470 2146 2548">
    <p class='ocr_par' dir='ltr' id='par_1_26' title="bbox 544 2470 2146 2548">
     <span class='ocr_line' id='line_1_26' title="bbox 544 2470 2146 2548; baseline 0 -19"><span class='ocrx_word' id='word_1_181' title='bbox 544 2474 621 2548; x_wconf 91' lang='lat' dir='ltr'><strong>(c)</strong></span> <span class='ocrx_word' id='word_1_182' title='bbox 651 2473 975 2531; x_wconf 87' lang='lat' dir='ltr'><strong>brevissima</strong></span> <span class='ocrx_word' id='word_1_183' title='bbox 1025 2472 1156 2529; x_wconf 89' lang='lat' dir='ltr'><strong>illud</strong></span> <span class='ocrx_word' id='word_1_184' title='bbox 1203 2475 1352 2529; x_wconf 89' lang='lat' dir='ltr'><strong>virus</strong></span> <span class='ocrx_word' id='word_1_185' title='bbox 1393 2472 1448 2528; x_wconf 93' lang='lat' dir='ltr'><strong>in</strong></span> <span class='ocrx_word' id='word_1_186' title='bbox 1497 2486 1557 2528; x_wconf 83' lang='lat' dir='ltr'><strong>se</strong></span> <span class='ocrx_word' id='word_1_187' title='bbox 1606 2470 1926 2544; x_wconf 84' lang='lat' dir='ltr'><strong>pestiferum</strong></span> <span class='ocrx_word' id='word_1_188' title='bbox 1959 2471 2146 2529; x_wconf 80' lang='lat' dir='ltr'><strong>Ariani</strong></span> 
     </span>
    </p>
   </div>
   <div class='ocr_carea' id='block_1_27' title="bbox 543 2566 2143 2640">
    <p class='ocr_par' dir='ltr' id='par_1_27' title="bbox 543 2566 2143 2640">
     <span class='ocr_line' id='line_1_27' title="bbox 543 2566 2143 2640; baseline -0.002 -15"><span class='ocrx_word' id='word_1_189' title='bbox 543 2568 813 2640; x_wconf 89' lang='lat' dir='ltr'><strong>dogmatis</strong></span> <span class='ocrx_word' id='word_1_190' title='bbox 859 2567 1148 2623; x_wconf 88' lang='lat' dir='ltr'><strong>subdolum</strong></span> <span class='ocrx_word' id='word_1_191' title='bbox 1180 2580 1243 2621; x_wconf 87' lang='lat' dir='ltr'><strong>ac</strong></span> <span class='ocrx_word' id='word_1_192' title='bbox 1274 2566 1621 2622; x_wconf 88' lang='lat' dir='ltr'><strong>tenebrosum</strong></span> <span class='ocrx_word' id='word_1_193' title='bbox 1649 2566 1822 2622; x_wconf 81' lang='lat' dir='ltr'><strong>fuerat</strong></span> <span class='ocrx_word' id='word_1_194' title='bbox 1859 2572 2143 2636; x_wconf 87' lang='lat' dir='ltr'><strong>expertus,</strong></span> 
     </span>
    </p>
   </div>
   <div class='ocr_carea' id='block_1_28' title="bbox 542 2656 2148 2734">
    <p class='ocr_par' dir='ltr' id='par_1_28' title="bbox 542 2656 2148 2734">
     <span class='ocr_line' id='line_1_28' title="bbox 542 2656 2148 2734; baseline -0.001 -16"><span class='ocrx_word' id='word_1_195' title='bbox 542 2672 825 2734; x_wconf 90' lang='lat' dir='ltr'><strong>reparatus</strong></span> <span class='ocrx_word' id='word_1_196' title='bbox 851 2663 1167 2727; x_wconf 85' lang='lat' dir='ltr'><strong>exhauriat;</strong></span> <span class='ocrx_word' id='word_1_197' title='bbox 1195 2660 1548 2726; x_wconf 89' lang='lat' dir='ltr'><strong>condemnet,</strong></span> <span class='ocrx_word' id='word_1_198' title='bbox 1576 2656 2065 2731; x_wconf 84' lang='lat' dir='ltr'><strong>vehementiusque</strong></span> <span class='ocrx_word' id='word_1_199' title='bbox 2094 2660 2148 2716; x_wconf 92' lang='lat' dir='ltr'><strong>in</strong></span> 
     </span>
    </p>
   </div>
   <div class='ocr_carea' id='block_1_29' title="bbox 543 2752 2154 2824">
    <p class='ocr_par' dir='ltr' id='par_1_29' title="bbox 543 2752 2154 2824">
     <span class='ocr_line' id='line_1_29' title="bbox 543 2752 2154 2824; baseline -0.001 -13"><span class='ocrx_word' id='word_1_200' title='bbox 543 2763 794 2812; x_wconf 87' lang='lat' dir='ltr'><strong>auctores</strong></span> <span class='ocrx_word' id='word_1_201' title='bbox 821 2753 941 2824; x_wconf 90' lang='lat' dir='ltr'><strong>ejus</strong></span> <span class='ocrx_word' id='word_1_202' title='bbox 966 2754 1236 2821; x_wconf 75' lang='lat' dir='ltr'><strong>insmviat,</strong></span> <span class='ocrx_word' id='word_1_203' title='bbox 1258 2768 1396 2824; x_wconf 86' lang='lat' dir='ltr'><strong>quos</strong></span> <span class='ocrx_word' id='word_1_204' title='bbox 1416 2753 1471 2808; x_wconf 92' lang='lat' dir='ltr'><strong>in</strong></span> <span class='ocrx_word' id='word_1_205' title='bbox 1498 2768 1558 2809; x_wconf 89' lang='lat' dir='ltr'><strong>se</strong></span> <span class='ocrx_word' id='word_1_206' title='bbox 1583 2752 1856 2809; x_wconf 89' lang='lat' dir='ltr'><strong>violentos</strong></span> <span class='ocrx_word' id='word_1_207' title='bbox 1894 2760 2154 2824; x_wconf 86' lang='lat' dir='ltr'><strong>expertus</strong></span> 
     </span>
    </p>
   </div>
   <div class='ocr_carea' id='block_1_30' title="bbox 544 2846 2153 2920">
    <p class='ocr_par' dir='ltr' id='par_1_30' title="bbox 544 2846 2153 2920">
     <span class='ocr_line' id='line_1_30' title="bbox 544 2846 2153 2920; baseline -0.002 -14"><span class='ocrx_word' id='word_1_208' title='bbox 544 2858 668 2918; x_wconf 89' lang='lat' dir='ltr'><strong>est,</strong></span> <span class='ocrx_word' id='word_1_209' title='bbox 703 2858 984 2920; x_wconf 89' lang='lat' dir='ltr'><strong>totumque</strong></span> <span class='ocrx_word' id='word_1_210' title='bbox 1012 2863 1072 2904; x_wconf 89' lang='lat' dir='ltr'><strong>se</strong></span> <span class='ocrx_word' id='word_1_211' title='bbox 1100 2847 1223 2903; x_wconf 85' lang='lat' dir='ltr'><strong>fidei</strong></span> <span class='ocrx_word' id='word_1_212' title='bbox 1252 2846 1570 2918; x_wconf 65' lang='lat' dir='ltr'><strong>apostolicae</strong></span> <span class='ocrx_word' id='word_1_213' title='bbox 1592 2855 1648 2903; x_wconf 89' lang='lat' dir='ltr'><strong>et</strong></span> <span class='ocrx_word' id='word_1_214' title='bbox 1673 2846 1958 2904; x_wconf 65' lang='lat' dir='ltr'><strong>catholicae</strong></span> <span class='ocrx_word' id='word_1_215' title='bbox 1979 2863 2153 2919; x_wconf 89' lang='lat' dir='ltr'><strong>usque</strong></span> 
     </span>
    </p>
   </div>
   <div class='ocr_carea' id='block_1_31' title="bbox 545 2938 2154 3013">
    <p class='ocr_par' dir='ltr' id='par_1_31' title="bbox 545 2938 2154 3013">
     <span class='ocr_line' id='line_1_31' title="bbox 545 2938 2154 3013; baseline -0.002 -15"><span class='ocrx_word' id='word_1_216' title='bbox 545 2942 614 2999; x_wconf 88' lang='lat' dir='ltr'><strong>ad</strong></span> <span class='ocrx_word' id='word_1_217' title='bbox 638 2942 871 2999; x_wconf 69' lang='lat' dir='ltr'><strong>Nicaeum</strong></span> <span class='ocrx_word' id='word_1_218' title='bbox 910 2940 1104 3013; x_wconf 84' lang='lat' dir='ltr'><strong>synodi</strong></span> <span class='ocrx_word' id='word_1_219' title='bbox 1156 2938 1239 3013; x_wconf 91' lang='lat' dir='ltr'><strong>(d)</strong></span> <span class='ocrx_word' id='word_1_220' title='bbox 1269 2948 1597 2996; x_wconf 89' lang='lat' dir='ltr'><strong>conventum</strong></span> <span class='ocrx_word' id='word_1_221' title='bbox 1630 2939 1698 2995; x_wconf 90' lang='lat' dir='ltr'><strong>de</strong></span> <span class='ocrx_word' id='word_1_222' title='bbox 1741 2941 1953 3010; x_wconf 90' lang='lat' dir='ltr'><strong>integro</strong></span> <span class='ocrx_word' id='word_1_223' title='bbox 2000 2950 2154 2995; x_wconf 87' lang='lat' dir='ltr'><strong>man-</strong></span> 
     </span>
    </p>
   </div>
   <div class='ocr_carea' id='block_1_32' title="bbox 545 3030 2150 3118">
    <p class='ocr_par' dir='ltr' id='par_1_32' title="bbox 545 3030 2150 3118">
     <span class='ocr_line' id='line_1_32' title="bbox 545 3030 2150 3118; baseline -0.004 -26"><span class='ocrx_word' id='word_1_224' title='bbox 545 3036 710 3118; x_wconf 82' lang='lat' dir='ltr'><strong>cipet.</strong></span> <span class='ocrx_word' id='word_1_225' title='bbox 755 3033 862 3090; x_wconf 88' lang='lat' dir='ltr'><strong>Per</strong></span> <span class='ocrx_word' id='word_1_226' title='bbox 889 3048 1050 3105; x_wconf 91' lang='lat' dir='ltr'><strong>quam</strong></span> <span class='ocrx_word' id='word_1_227' title='bbox 1090 3030 1515 3103; x_wconf 82' lang='lat' dir='ltr'><strong>professionem,</strong></span> <span class='ocrx_word' id='word_1_228' title='bbox 1564 3031 1782 3088; x_wconf 88' lang='lat' dir='ltr'><strong>etiamsi</strong></span> <span class='ocrx_word' id='word_1_229' title='bbox 1826 3030 2150 3103; x_wconf 87' lang='lat' dir='ltr'><strong>quibusdam</strong></span> 
     </span>
    </p>
   </div>
   <div class='ocr_carea' id='block_1_33' title="bbox 2243 425 3806 498">
    <p class='ocr_par' dir='ltr' id='par_1_33' title="bbox 2243 425 3806 498">
     <span class='ocr_line' id='line_1_33' title="bbox 2243 425 3806 498; baseline -0.001 -14"><span class='ocrx_word' id='word_1_230' title='bbox 2243 428 2430 484; x_wconf 91' lang='lat' dir='ltr'><strong>tutiam</strong></span> <span class='ocrx_word' id='word_1_231' title='bbox 2452 428 2716 484; x_wconf 85' lang='lat' dir='ltr'><strong>rectitatis</strong></span> <span class='ocrx_word' id='word_1_232' title='bbox 2754 426 3029 481; x_wconf 86' lang='lat' dir='ltr'><strong>amiserat.</strong></span> <span class='ocrx_word' id='word_1_233' title='bbox 3058 425 3261 482; x_wconf 79' lang='lat' dir='ltr'><strong>Verum</strong></span> <span class='ocrx_word' id='word_1_234' title='bbox 3287 426 3335 481; x_wconf 93' lang='lat' dir='ltr'><strong>si</strong></span> <span class='ocrx_word' id='word_1_235' title='bbox 3360 425 3557 498; x_wconf 85' lang='lat' dir='ltr'><strong>aliquis</strong></span> <span class='ocrx_word' id='word_1_236' title='bbox 3581 434 3684 483; x_wconf 84' lang='lat' dir='ltr'><strong>tam</strong></span> <span class='ocrx_word' id='word_1_237' title='bbox 3708 437 3806 484; x_wconf 80' lang='lat' dir='ltr'><strong>stn-</strong></span> 
     </span>
    </p>
   </div>
   <div class='ocr_carea' id='block_1_34' title="bbox 2242 519 3803 594">
    <p class='ocr_par' dir='ltr' id='par_1_34' title="bbox 2242 519 3803 594">
     <span class='ocr_line' id='line_1_34' title="bbox 2242 519 3803 594; baseline 0.002 -19"><span class='ocrx_word' id='word_1_238' title='bbox 2242 520 2365 577; x_wconf 69' lang='lat' dir='ltr'><strong>lidae</strong></span> <span class='ocrx_word' id='word_1_239' title='bbox 2384 520 2603 588; x_wconf 86' lang='lat' dir='ltr'><strong>mentis,</strong></span> <span class='ocrx_word' id='word_1_240' title='bbox 2632 519 2777 594; x_wconf 90' lang='lat' dir='ltr'><strong>quod</strong></span> <span class='ocrx_word' id='word_1_241' title='bbox 2805 519 2947 576; x_wconf 87' lang='lat' dir='ltr'><strong>haud</strong></span> <span class='ocrx_word' id='word_1_242' title='bbox 2972 519 3139 579; x_wconf 81' lang='lat' dir='ltr'><strong>credo</strong></span> <span class='ocrx_word' id='word_1_243' title='bbox 3173 558 3187 589; x_wconf 88' lang='lat'><strong>,</strong></span> <span class='ocrx_word' id='word_1_244' title='bbox 3229 519 3390 578; x_wconf 85' lang='lat' dir='ltr'><strong>fuerit</strong></span> <span class='ocrx_word' id='word_1_245' title='bbox 3417 521 3662 577; x_wconf 76' lang='lat' dir='ltr'><strong>inventus</strong></span> <span class='ocrx_word' id='word_1_246' title='bbox 3681 562 3695 587; x_wconf 91' lang='lat'><strong>,</strong></span> <span class='ocrx_word' id='word_1_247' title='bbox 3727 522 3803 593; x_wconf 87' lang='lat' dir='ltr'><strong>qui</strong></span> 
     </span>
    </p>
   </div>
   <div class='ocr_carea' id='block_1_35' title="bbox 2243 610 3810 683">
    <p class='ocr_par' dir='ltr' id='par_1_35' title="bbox 2243 610 3810 683">
     <span class='ocr_line' id='line_1_35' title="bbox 2243 610 3810 683; baseline 0.001 -15"><span class='ocrx_word' id='word_1_248' title='bbox 2243 626 2350 668; x_wconf 88' lang='lat' dir='ltr'><strong>non</strong></span> <span class='ocrx_word' id='word_1_249' title='bbox 2378 613 2554 669; x_wconf 89' lang='lat' dir='ltr'><strong>solum</strong></span> <span class='ocrx_word' id='word_1_250' title='bbox 2579 612 2715 669; x_wconf 89' lang='lat' dir='ltr'><strong>nolit</strong></span> <span class='ocrx_word' id='word_1_251' title='bbox 2757 612 3004 670; x_wconf 87' lang='lat' dir='ltr'><strong>converti</strong></span> <span class='ocrx_word' id='word_1_252' title='bbox 3029 612 3332 669; x_wconf 85' lang='lat' dir='ltr'><strong>antidotum</strong></span> <span class='ocrx_word' id='word_1_253' title='bbox 3381 610 3645 683; x_wconf 83' lang='lat' dir='ltr'><strong>recipiens</strong></span> <span class='ocrx_word' id='word_1_254' title='bbox 3680 614 3810 669; x_wconf 84' lang='lat' dir='ltr'><strong>aani-</strong></span> 
     </span>
    </p>
   </div>
   <div class='ocr_carea' id='block_1_36' title="bbox 2242 704 3813 779">
    <p class='ocr_par' dir='ltr' id='par_1_36' title="bbox 2242 704 3813 779">
     <span class='ocr_line' id='line_1_36' title="bbox 2242 704 3813 779; baseline 0.001 -17"><span class='ocrx_word' id='word_1_255' title='bbox 2242 705 2398 773; x_wconf 87' lang='lat' dir='ltr'><strong>tatis;</strong></span> <span class='ocrx_word' id='word_1_256' title='bbox 2447 705 2519 779; x_wconf 91' lang='lat' dir='ltr'><strong>(e)</strong></span> <span class='ocrx_word' id='word_1_257' title='bbox 2548 720 2818 764; x_wconf 82' lang='lat' dir='ltr'><strong>venenum</strong></span> <span class='ocrx_word' id='word_1_258' title='bbox 2858 706 3117 776; x_wconf 81' lang='lat' dir='ltr'><strong>virusque</strong></span> <span class='ocrx_word' id='word_1_259' title='bbox 3162 706 3361 762; x_wconf 83' lang='lat' dir='ltr'><strong>noxius</strong></span> <span class='ocrx_word' id='word_1_260' title='bbox 3398 719 3520 762; x_wconf 77' lang='lat' dir='ltr'><strong>sese</strong></span> <span class='ocrx_word' id='word_1_261' title='bbox 3565 704 3813 764; x_wconf 75' lang='lat' dir='ltr'><strong>vindicare</strong></span> 
     </span>
    </p>
   </div>
   <div class='ocr_carea' id='block_1_37' title="bbox 2242 796 3812 869">
    <p class='ocr_par' dir='ltr' id='par_1_37' title="bbox 2242 796 3812 869">
     <span class='ocr_line' id='line_1_37' title="bbox 2242 796 3812 869; baseline 0 -14"><span class='ocrx_word' id='word_1_262' title='bbox 2242 796 2571 856; x_wconf 88' lang='lat' dir='ltr'><strong>crediderit:</strong></span> <span class='ocrx_word' id='word_1_263' title='bbox 2620 806 2677 856; x_wconf 91' lang='lat' dir='ltr'><strong>et</strong></span> <span class='ocrx_word' id='word_1_264' title='bbox 2704 799 2919 856; x_wconf 82' lang='lat' dir='ltr'><strong>ratione</strong></span> <span class='ocrx_word' id='word_1_265' title='bbox 2948 798 3197 856; x_wconf 87' lang='lat' dir='ltr'><strong>vincetur</strong></span> <span class='ocrx_word' id='word_1_266' title='bbox 3220 838 3239 868; x_wconf 89' lang='lat'><strong>,</strong></span> <span class='ocrx_word' id='word_1_267' title='bbox 3265 806 3320 856; x_wconf 79' lang='lat' dir='ltr'><strong>et</strong></span> <span class='ocrx_word' id='word_1_268' title='bbox 3347 796 3560 854; x_wconf 84' lang='lat' dir='ltr'><strong>auctori</strong></span> <span class='ocrx_word' id='word_1_269' title='bbox 3597 798 3812 869; x_wconf 69' lang='lat' dir='ltr'><strong>perfidia</strong></span> 
     </span>
    </p>
   </div>
   <div class='ocr_carea' id='block_1_38' title="bbox 2243 889 3813 964">
    <p class='ocr_par' dir='ltr' id='par_1_38' title="bbox 2243 889 3813 964">
     <span class='ocr_line' id='line_1_38' title="bbox 2243 889 3813 964; baseline 0.001 -16"><span class='ocrx_word' id='word_1_270' title='bbox 2243 890 2456 963; x_wconf 88' lang='lat' dir='ltr'><strong>perdite</strong></span> <span class='ocrx_word' id='word_1_271' title='bbox 2480 890 2789 964; x_wconf 88' lang='lat' dir='ltr'><strong>deputatus,</strong></span> <span class='ocrx_word' id='word_1_272' title='bbox 2809 891 3071 951; x_wconf 68' lang='lat' dir='ltr'><strong>Ecclesia:</strong></span> <span class='ocrx_word' id='word_1_273' title='bbox 3094 890 3380 950; x_wconf 65' lang='lat' dir='ltr'><strong>catholica</strong></span> <span class='ocrx_word' id='word_1_274' title='bbox 3398 889 3628 964; x_wconf 80' lang='lat' dir='ltr'><strong>spiritali</strong></span> <span class='ocrx_word' id='word_1_275' title='bbox 3645 892 3813 964; x_wconf 81' lang='lat' dir='ltr'><strong>vigore</strong></span> 
     </span>
    </p>
   </div>
   <div class='ocr_carea' id='block_1_39' title="bbox 2245 985 2534 1057">
    <p class='ocr_par' dir='ltr' id='par_1_39' title="bbox 2245 985 2534 1057">
     <span class='ocr_line' id='line_1_39' title="bbox 2245 985 2534 1057; baseline -0.003 -16"><span class='ocrx_word' id='word_1_276' title='bbox 2245 985 2534 1057; x_wconf 90' lang='lat' dir='ltr'><strong>plectetur.</strong></span> 
     </span>
    </p>
   </div>
   <div class='ocr_carea' id='block_1_40' title="bbox 2288 1117 3782 1192">
    <p class='ocr_par' dir='ltr' id='par_1_40' title="bbox 2288 1117 3782 1192">
     <span class='ocr_line' id='line_1_40' title="bbox 2288 1117 3782 1192; baseline 0.002 -18"><span class='ocrx_word' id='word_1_277' title='bbox 2288 1133 2415 1175; x_wconf 76' lang='lat' dir='ltr'><strong>neu</strong></span> <span class='ocrx_word' id='word_1_278' title='bbox 2444 1122 2734 1177; x_wconf 68' lang='lat' dir='ltr'><strong>EXEHPLUII</strong></span> <span class='ocrx_word' id='word_1_279' title='bbox 2760 1117 2843 1192; x_wconf 80' lang='lat' dir='ltr'><strong>(f)</strong></span> <span class='ocrx_word' id='word_1_280' title='bbox 2870 1132 3147 1178; x_wconf 69' lang='lat' dir='ltr'><strong>Briarcus</strong></span> <span class='ocrx_word' id='word_1_281' title='bbox 3182 1132 3549 1178; x_wconf 78' lang='lat' dir='ltr'><strong>artscoroauu</strong></span> <span class='ocrx_word' id='word_1_282' title='bbox 3581 1124 3782 1177; x_wconf 66' lang='lat' dir='ltr'><strong>tritus.</strong></span> 
     </span>
    </p>
   </div>
   <div class='ocr_carea' id='block_1_41' title="bbox 2246 1254 3814 1330">
    <p class='ocr_par' dir='ltr' id='par_1_41' title="bbox 2246 1254 3814 1330">
     <span class='ocr_line' id='line_1_41' title="bbox 2246 1254 3814 1330; baseline 0.002 -19"><span class='ocrx_word' id='word_1_283' title='bbox 2246 1254 2624 1314; x_wconf 87' lang='lat' dir='ltr'><strong>Dilectissimis</strong></span> <span class='ocrx_word' id='word_1_284' title='bbox 2650 1256 2909 1315; x_wconf 79' lang='lat' dir='ltr'><strong>fratribus</strong></span> <span class='ocrx_word' id='word_1_285' title='bbox 2937 1273 3034 1329; x_wconf 91' lang='lat' dir='ltr'><strong>per</strong></span> <span class='ocrx_word' id='word_1_286' title='bbox 3059 1257 3335 1330; x_wconf 83' lang='lat' dir='ltr'><strong>illyricum</strong></span> <span class='ocrx_word' id='word_1_287' title='bbox 3376 1257 3537 1315; x_wconf 84' lang='lat' dir='ltr'><strong>iidem</strong></span> <span class='ocrx_word' id='word_1_288' title='bbox 3562 1266 3814 1330; x_wconf 77' lang='lat' dir='ltr'><strong>paternam</strong></span> 
     </span>
    </p>
   </div>
   <div class='ocr_carea' id='block_1_42' title="bbox 2317 1351 3815 1426">
    <p class='ocr_par' dir='ltr' id='par_1_42' title="bbox 2317 1351 3815 1426">
     <span class='ocr_line' id='line_1_42' title="bbox 2317 1351 3815 1426; baseline 0.002 -21"><span class='ocrx_word' id='word_1_289' title='bbox 2317 1352 2684 1408; x_wconf 86' lang='lat' dir='ltr'><strong>retinentibus</strong></span> <span class='ocrx_word' id='word_1_290' title='bbox 2717 1394 2733 1420; x_wconf 89' lang='lat'><strong>,</strong></span> <span class='ocrx_word' id='word_1_291' title='bbox 2788 1353 3028 1426; x_wconf 89' lang='lat' dir='ltr'><strong>episcopi</strong></span> <span class='ocrx_word' id='word_1_292' title='bbox 3078 1352 3248 1409; x_wconf 68' lang='lat' dir='ltr'><strong>italiae</strong></span> <span class='ocrx_word' id='word_1_293' title='bbox 3300 1352 3355 1408; x_wconf 91' lang='lat' dir='ltr'><strong>in</strong></span> <span class='ocrx_word' id='word_1_294' title='bbox 3404 1351 3631 1408; x_wconf 87' lang='lat' dir='ltr'><strong>Domino</strong></span> <span class='ocrx_word' id='word_1_295' title='bbox 3677 1358 3815 1408; x_wconf 67' lang='lat' dir='ltr'><strong>teter-</strong></span> 
     </span>
    </p>
   </div>
   <div class='ocr_carea' id='block_1_43' title="bbox 2320 1443 2694 1501">
    <p class='ocr_par' dir='ltr' id='par_1_43' title="bbox 2320 1443 2694 1501">
     <span class='ocr_line' id='line_1_43' title="bbox 2320 1443 2694 1501; baseline 0.005 -4"><span class='ocrx_word' id='word_1_296' title='bbox 2320 1457 2441 1498; x_wconf 91' lang='lat' dir='ltr'><strong>nam</strong></span> <span class='ocrx_word' id='word_1_297' title='bbox 2464 1443 2694 1501; x_wconf 89' lang='lat' dir='ltr'><strong>salutem</strong></span> 
     </span>
    </p>
   </div>
   <div class='ocr_carea' id='block_1_44' title="bbox 2319 1532 3813 1608">
    <p class='ocr_par' dir='ltr' id='par_1_44' title="bbox 2319 1532 3813 1608">
     <span class='ocr_line' id='line_1_44' title="bbox 2319 1532 3813 1608; baseline 0.001 -17"><span class='ocrx_word' id='word_1_298' title='bbox 2319 1536 2372 1591; x_wconf 79' lang='lat'><strong>5.</strong></span> <span class='ocrx_word' id='word_1_299' title='bbox 2418 1533 2543 1591; x_wconf 85' lang='lat' dir='ltr'><strong>Itali</strong></span> <span class='ocrx_word' id='word_1_300' title='bbox 2582 1535 2800 1592; x_wconf 79' lang='lat' dir='ltr'><strong>Arimini</strong></span> <span class='ocrx_word' id='word_1_301' title='bbox 2842 1532 3046 1593; x_wconf 80' lang='lat' dir='ltr'><strong>statutis</strong></span> <span class='ocrx_word' id='word_1_302' title='bbox 3071 1538 3305 1594; x_wconf 79' lang='lat' dir='ltr'><strong>rescissis</strong></span> <span class='ocrx_word' id='word_1_303' title='bbox 3352 1532 3582 1594; x_wconf 72' lang='lat' dir='ltr'><strong>Nicamaa</strong></span> <span class='ocrx_word' id='word_1_304' title='bbox 3623 1536 3735 1608; x_wconf 80' lang='lat' dir='ltr'><strong>ﬁdei</strong></span> <span class='ocrx_word' id='word_1_305' title='bbox 3768 1553 3813 1592; x_wconf 79' lang='lat' dir='ltr'><strong>ac</strong></span> 
     </span>
    </p>
   </div>
   <div class='ocr_carea' id='block_1_45' title="bbox 2247 1629 3817 1705">
    <p class='ocr_par' dir='ltr' id='par_1_45' title="bbox 2247 1629 3817 1705">
     <span class='ocr_line' id='line_1_45' title="bbox 2247 1629 3817 1705; baseline 0.001 -21"><span class='ocrx_word' id='word_1_306' title='bbox 2247 1630 2487 1686; x_wconf 87' lang='lat' dir='ltr'><strong>reddunt.</strong></span> <span class='ocrx_word' id='word_1_307' title='bbox 2521 1660 2591 1673; x_wconf 89' lang='lat'><strong>—-</strong></span> <span class='ocrx_word' id='word_1_308' title='bbox 2624 1630 2796 1687; x_wconf 90' lang='lat' dir='ltr'><strong>Divini</strong></span> <span class='ocrx_word' id='word_1_309' title='bbox 2826 1632 3072 1688; x_wconf 87' lang='lat' dir='ltr'><strong>muneris</strong></span> <span class='ocrx_word' id='word_1_310' title='bbox 3094 1633 3266 1703; x_wconf 86' lang='lat' dir='ltr'><strong>gratia</strong></span> <span class='ocrx_word' id='word_1_311' title='bbox 3298 1630 3377 1705; x_wconf 87' lang='lat' dir='ltr'><strong>(g)</strong></span> <span class='ocrx_word' id='word_1_312' title='bbox 3403 1673 3421 1702; x_wconf 89' lang='lat'><strong>,</strong></span> <span class='ocrx_word' id='word_1_313' title='bbox 3455 1640 3511 1689; x_wconf 92' lang='lat' dir='ltr'><strong>ut</strong></span> <span class='ocrx_word' id='word_1_314' title='bbox 3551 1629 3817 1688; x_wconf 87' lang='lat' dir='ltr'><strong>secundum</strong></span> 
     </span>
    </p>
   </div>
   <div class='ocr_carea' id='block_1_46' title="bbox 2176 1721 3819 1811">
    <p class='ocr_par' dir='ltr' id='par_1_46' title="bbox 2176 1721 3819 1811">
     <span class='ocr_line' id='line_1_46' title="bbox 2176 1721 3819 1811; baseline -0.001 -34"><span class='ocrx_word' id='word_1_315' title='bbox 2176 1748 2224 1811; x_wconf 76' lang='grc' dir='ltr'><strong>Β</strong></span> <span class='ocrx_word' id='word_1_316' title='bbox 2249 1721 2568 1791; x_wconf 83' lang='lat' dir='ltr'><strong>Apostolum</strong></span> <span class='ocrx_word' id='word_1_317' title='bbox 2598 1736 2791 1778; x_wconf 91' lang='lat' dir='ltr'><strong>omnes</strong></span> <span class='ocrx_word' id='word_1_318' title='bbox 2818 1738 2984 1779; x_wconf 89' lang='lat' dir='ltr'><strong>unum</strong></span> <span class='ocrx_word' id='word_1_319' title='bbox 3025 1736 3218 1794; x_wconf 85' lang='lat' dir='ltr'><strong>sapere</strong></span> <span class='ocrx_word' id='word_1_320' title='bbox 3250 1764 3266 1790; x_wconf 94' lang='lat'><strong>,</strong></span> <span class='ocrx_word' id='word_1_321' title='bbox 3307 1737 3503 1779; x_wconf 89' lang='lat' dir='ltr'><strong>omnes</strong></span> <span class='ocrx_word' id='word_1_322' title='bbox 3529 1738 3685 1778; x_wconf 88' lang='lat' dir='ltr'><strong>unum</strong></span> <span class='ocrx_word' id='word_1_323' title='bbox 3708 1736 3819 1778; x_wconf 82' lang='lat' dir='ltr'><strong>con-</strong></span> 
     </span>
    </p>
   </div>
   <div class='ocr_carea' id='block_1_47' title="bbox 2261 1813 3816 1887">
    <p class='ocr_par' dir='ltr' id='par_1_47' title="bbox 2261 1813 3816 1887">
     <span class='ocr_line' id='line_1_47' title="bbox 2261 1813 3816 1887; baseline -0.002 -16"><span class='ocrx_word' id='word_1_324' title='bbox 2261 1817 2401 1873; x_wconf 87' lang='lat' dir='ltr'><strong>llterl</strong></span> <span class='ocrx_word' id='word_1_325' title='bbox 2453 1816 2803 1887; x_wconf 70' lang='lat' dir='ltr'><strong>eruperimus.</strong></span> <span class='ocrx_word' id='word_1_326' title='bbox 2854 1816 2926 1872; x_wconf 91' lang='lat' dir='ltr'><strong>Et</strong></span> <span class='ocrx_word' id='word_1_327' title='bbox 2960 1825 3223 1887; x_wconf 86' lang='lat' dir='ltr'><strong>quantum</strong></span> <span class='ocrx_word' id='word_1_328' title='bbox 3267 1816 3334 1871; x_wconf 91' lang='lat' dir='ltr'><strong>ad</strong></span> <span class='ocrx_word' id='word_1_329' title='bbox 3383 1815 3589 1872; x_wconf 88' lang='lat' dir='ltr'><strong>italiam</strong></span> <span class='ocrx_word' id='word_1_330' title='bbox 3629 1813 3816 1884; x_wconf 84' lang='lat' dir='ltr'><strong>quidem</strong></span> 
     </span>
    </p>
   </div>
   <div class='ocr_carea' id='block_1_48' title="bbox 2250 1906 3810 1980">
    <p class='ocr_par' dir='ltr' id='par_1_48' title="bbox 2250 1906 3810 1980">
     <span class='ocr_line' id='line_1_48' title="bbox 2250 1906 3810 1980; baseline -0.002 -14"><span class='ocrx_word' id='word_1_331' title='bbox 2250 1908 2506 1980; x_wconf 87' lang='lat' dir='ltr'><strong>pertinet,</strong></span> <span class='ocrx_word' id='word_1_332' title='bbox 2529 1922 2653 1964; x_wconf 90' lang='lat' dir='ltr'><strong>cum</strong></span> <span class='ocrx_word' id='word_1_333' title='bbox 2682 1908 2808 1965; x_wconf 84' lang='lat' dir='ltr'><strong>ﬁdei</strong></span> <span class='ocrx_word' id='word_1_334' title='bbox 2838 1920 3081 1980; x_wconf 65' lang='lat' dir='ltr'><strong>paternae</strong></span> <span class='ocrx_word' id='word_1_335' title='bbox 3105 1950 3122 1977; x_wconf 91' lang='lat'><strong>,</strong></span> <span class='ocrx_word' id='word_1_336' title='bbox 3173 1908 3278 1965; x_wconf 87' lang='lat' dir='ltr'><strong>hoc</strong></span> <span class='ocrx_word' id='word_1_337' title='bbox 3307 1916 3415 1977; x_wconf 87' lang='lat' dir='ltr'><strong>est,</strong></span> <span class='ocrx_word' id='word_1_338' title='bbox 3446 1907 3585 1980; x_wconf 88' lang='lat' dir='ltr'><strong>apud</strong></span> <span class='ocrx_word' id='word_1_339' title='bbox 3605 1906 3810 1964; x_wconf 69' lang='lat' dir='ltr'><strong>Nlccatu</strong></span> 
     </span>
    </p>
   </div>
   <div class='ocr_carea' id='block_1_49' title="bbox 2254 1999 3821 2074">
    <p class='ocr_par' dir='ltr' id='par_1_49' title="bbox 2254 1999 3821 2074">
     <span class='ocr_line' id='line_1_49' title="bbox 2254 1999 3821 2074; baseline -0.001 -17"><span class='ocrx_word' id='word_1_340' title='bbox 2254 2002 2469 2070; x_wconf 70' lang='lat' dir='ltr'><strong>scriptae</strong></span> <span class='ocrx_word' id='word_1_341' title='bbox 2494 2015 2555 2058; x_wconf 87' lang='lat' dir='ltr'><strong>se</strong></span> <span class='ocrx_word' id='word_1_342' title='bbox 2585 2000 2859 2069; x_wconf 90' lang='lat' dir='ltr'><strong>reddidit,</strong></span> <span class='ocrx_word' id='word_1_343' title='bbox 2890 2000 3137 2058; x_wconf 88' lang='lat' dir='ltr'><strong>fraudem</strong></span> <span class='ocrx_word' id='word_1_344' title='bbox 3159 2016 3325 2074; x_wconf 86' lang='lat' dir='ltr'><strong>quam</strong></span> <span class='ocrx_word' id='word_1_345' title='bbox 3380 2016 3537 2073; x_wconf 86' lang='lat' dir='ltr'><strong>passa</strong></span> <span class='ocrx_word' id='word_1_346' title='bbox 3582 2011 3663 2057; x_wconf 85' lang='lat' dir='ltr'><strong>est</strong></span> <span class='ocrx_word' id='word_1_347' title='bbox 3700 1999 3821 2071; x_wconf 85' lang='lat' dir='ltr'><strong>apud</strong></span> 
     </span>
    </p>
   </div>
   <div class='ocr_carea' id='block_1_50' title="bbox 2253 2091 3823 2167">
    <p class='ocr_par' dir='ltr' id='par_1_50' title="bbox 2253 2091 3823 2167">
     <span class='ocr_line' id='line_1_50' title="bbox 2253 2091 3823 2167; baseline -0.001 -16"><span class='ocrx_word' id='word_1_348' title='bbox 2253 2094 2558 2151; x_wconf 82' lang='lat' dir='ltr'><strong>Ariminum</strong></span> <span class='ocrx_word' id='word_1_349' title='bbox 2586 2108 3017 2167; x_wconf 84' lang='lat' dir='ltr'><strong>recognoscens:</strong></span> <span class='ocrx_word' id='word_1_350' title='bbox 3054 2095 3333 2167; x_wconf 81' lang='lat' dir='ltr'><strong>lllyricum</strong></span> <span class='ocrx_word' id='word_1_351' title='bbox 3363 2095 3525 2151; x_wconf 83' lang='lat' dir='ltr'><strong>etiam</strong></span> <span class='ocrx_word' id='word_1_352' title='bbox 3546 2091 3702 2151; x_wconf 83' lang='lat' dir='ltr'><strong>Deum</strong></span> <span class='ocrx_word' id='word_1_353' title='bbox 3726 2092 3823 2149; x_wconf 58' lang='lat' dir='ltr'><strong>clad</strong></span> 
     </span>
    </p>
   </div>
   <div class='ocr_carea' id='block_1_51' title="bbox 2252 2185 3823 2262">
    <p class='ocr_par' dir='ltr' id='par_1_51' title="bbox 2252 2185 3823 2262">
     <span class='ocr_line' id='line_1_51' title="bbox 2252 2185 3823 2262; baseline -0.003 -17"><span class='ocrx_word' id='word_1_354' title='bbox 2252 2188 2422 2245; x_wconf 86' lang='lat' dir='ltr'><strong>menti</strong></span> <span class='ocrx_word' id='word_1_355' title='bbox 2450 2198 2584 2245; x_wconf 89' lang='lat' dir='ltr'><strong>nutu</strong></span> <span class='ocrx_word' id='word_1_356' title='bbox 2611 2190 2924 2260; x_wconf 81' lang='lat' dir='ltr'><strong>respexisse</strong></span> <span class='ocrx_word' id='word_1_357' title='bbox 2950 2188 3292 2262; x_wconf 81' lang='lat' dir='ltr'><strong>gaudemus;</strong></span> <span class='ocrx_word' id='word_1_358' title='bbox 3341 2199 3399 2244; x_wconf 89' lang='lat' dir='ltr'><strong>et</strong></span> <span class='ocrx_word' id='word_1_359' title='bbox 3424 2185 3686 2245; x_wconf 83' lang='lat' dir='ltr'><strong>consortio</strong></span> <span class='ocrx_word' id='word_1_360' title='bbox 3720 2186 3823 2241; x_wconf 65' lang='grc' dir='ltr'>ἰιίία</span> 
     </span>
    </p>
   </div>
   <div class='ocr_carea' id='block_1_52' title="bbox 2248 2278 3824 2355">
    <p class='ocr_par' dir='ltr' id='par_1_52' title="bbox 2248 2278 3824 2355">
     <span class='ocr_line' id='line_1_52' title="bbox 2248 2278 3824 2355; baseline -0.003 -18"><span class='ocrx_word' id='word_1_361' title='bbox 2248 2281 2505 2348; x_wconf 87' lang='lat' dir='ltr'><strong>delitatis,</strong></span> <span class='ocrx_word' id='word_1_362' title='bbox 2531 2296 2640 2353; x_wconf 86' lang='lat' dir='ltr'><strong>quo</strong></span> <span class='ocrx_word' id='word_1_363' title='bbox 2665 2282 2993 2354; x_wconf 87' lang='lat' dir='ltr'><strong>gravabatur</strong></span> <span class='ocrx_word' id='word_1_364' title='bbox 3011 2321 3028 2349; x_wconf 89' lang='lat'><strong>,</strong></span> <span class='ocrx_word' id='word_1_365' title='bbox 3054 2282 3291 2355; x_wconf 70' lang='lat' dir='ltr'><strong>abiecto,</strong></span> <span class='ocrx_word' id='word_1_366' title='bbox 3315 2278 3481 2355; x_wconf 65' lang='grc'><strong>704</strong></span> <span class='ocrx_word' id='word_1_367' title='bbox 3500 2295 3560 2338; x_wconf 86' lang='lat' dir='ltr'><strong>ea</strong></span> <span class='ocrx_word' id='word_1_368' title='bbox 3584 2294 3693 2351; x_wconf 67' lang='lat' dir='ltr'><strong>quas</strong></span> <span class='ocrx_word' id='word_1_369' title='bbox 3714 2280 3824 2334; x_wconf 86' lang='lat' dir='ltr'><strong>sunt</strong></span> 
     </span>
    </p>
   </div>
   <div class='ocr_carea' id='block_1_53' title="bbox 2249 2373 3818 2449">
    <p class='ocr_par' dir='ltr' id='par_1_53' title="bbox 2249 2373 3818 2449">
     <span class='ocr_line' id='line_1_53' title="bbox 2249 2373 3818 2449; baseline -0.003 -16"><span class='ocrx_word' id='word_1_370' title='bbox 2249 2385 2415 2433; x_wconf 79' lang='lat' dir='ltr'><strong>rectas</strong></span> <span class='ocrx_word' id='word_1_371' title='bbox 2455 2378 2737 2433; x_wconf 77' lang='lat' dir='ltr'><strong>sententia:</strong></span> <span class='ocrx_word' id='word_1_372' title='bbox 2772 2377 3006 2449; x_wconf 88' lang='lat' dir='ltr'><strong>probare</strong></span> <span class='ocrx_word' id='word_1_373' title='bbox 3056 2377 3292 2447; x_wconf 68' lang='lat' dir='ltr'><strong>caepisse</strong></span> <span class='ocrx_word' id='word_1_374' title='bbox 3320 2376 3665 2449; x_wconf 85' lang='lat' dir='ltr'><strong>gratulamur.</strong></span> <span class='ocrx_word' id='word_1_375' title='bbox 3703 2373 3818 2429; x_wconf 80' lang='lat' dir='ltr'><strong>Noa-</strong></span> 
     </span>
    </p>
   </div>
   <div class='ocr_carea' id='block_1_54' title="bbox 2251 2465 3824 2540">
    <p class='ocr_par' dir='ltr' id='par_1_54' title="bbox 2251 2465 3824 2540">
     <span class='ocr_line' id='line_1_54' title="bbox 2251 2465 3824 2540; baseline -0.002 -17"><span class='ocrx_word' id='word_1_376' title='bbox 2251 2477 2390 2524; x_wconf 88' lang='lat' dir='ltr'><strong>tram</strong></span> <span class='ocrx_word' id='word_1_377' title='bbox 2421 2468 2603 2540; x_wconf 88' lang='lat' dir='ltr'><strong>igitur,</strong></span> <span class='ocrx_word' id='word_1_378' title='bbox 2634 2468 2975 2533; x_wconf 87' lang='lat' dir='ltr'><strong>dilectissimi</strong></span> <span class='ocrx_word' id='word_1_379' title='bbox 3016 2468 3241 2526; x_wconf 87' lang='lat' dir='ltr'><strong>Fratres</strong></span> <span class='ocrx_word' id='word_1_380' title='bbox 3268 2510 3285 2535; x_wconf 92' lang='lat'><strong>,</strong></span> <span class='ocrx_word' id='word_1_381' title='bbox 3314 2483 3482 2524; x_wconf 88' lang='lat' dir='ltr'><strong>unam</strong></span> <span class='ocrx_word' id='word_1_382' title='bbox 3508 2465 3824 2537; x_wconf 81' lang='lat' dir='ltr'><strong>eamdemque</strong></span> 
     </span>
    </p>
   </div>
   <div class='ocr_carea' id='block_1_55' title="bbox 2250 2554 3824 2633">
    <p class='ocr_par' dir='ltr' id='par_1_55' title="bbox 2250 2554 3824 2633">
     <span class='ocr_line' id='line_1_55' title="bbox 2250 2554 3824 2633; baseline -0.004 -15"><span class='ocrx_word' id='word_1_383' title='bbox 2250 2562 2478 2633; x_wconf 88' lang='lat' dir='ltr'><strong>accipite</strong></span> <span class='ocrx_word' id='word_1_384' title='bbox 2530 2561 2743 2617; x_wconf 85' lang='lat' dir='ltr'><strong>firmam</strong></span> <span class='ocrx_word' id='word_1_385' title='bbox 2797 2562 3203 2633; x_wconf 87' lang='lat' dir='ltr'><strong>subscriptione</strong></span> <span class='ocrx_word' id='word_1_386' title='bbox 3248 2560 3601 2618; x_wconf 83' lang='lat' dir='ltr'><strong>sententiam.</strong></span> <span class='ocrx_word' id='word_1_387' title='bbox 3651 2554 3824 2614; x_wconf 68' lang='lat' dir='ltr'><strong>Niccni</strong></span> 
     </span>
    </p>
   </div>
   <div class='ocr_carea' id='block_1_56' title="bbox 2256 2648 3825 2726">
    <p class='ocr_par' dir='ltr' id='par_1_56' title="bbox 2256 2648 3825 2726">
     <span class='ocr_line' id='line_1_56' title="bbox 2256 2648 3825 2726; baseline -0.004 -15"><span class='ocrx_word' id='word_1_388' title='bbox 2256 2662 2515 2711; x_wconf 89' lang='lat' dir='ltr'><strong>tractatus</strong></span> <span class='ocrx_word' id='word_1_389' title='bbox 2538 2654 2803 2711; x_wconf 89' lang='lat' dir='ltr'><strong>adversus</strong></span> <span class='ocrx_word' id='word_1_390' title='bbox 2828 2653 3017 2710; x_wconf 83' lang='lat' dir='ltr'><strong>Arium</strong></span> <span class='ocrx_word' id='word_1_391' title='bbox 3049 2654 3464 2726; x_wconf 87' lang='lat' dir='ltr'><strong>Sabelliumque</strong></span> <span class='ocrx_word' id='word_1_392' title='bbox 3491 2688 3506 2721; x_wconf 85' lang='lat'><strong>,</strong></span> <span class='ocrx_word' id='word_1_393' title='bbox 3535 2651 3680 2723; x_wconf 81' lang='lat' dir='ltr'><strong>cujus</strong></span> <span class='ocrx_word' id='word_1_394' title='bbox 3705 2648 3825 2706; x_wconf 85' lang='lat' dir='ltr'><strong>Pho-</strong></span> 
     </span>
    </p>
   </div>
   <div class='ocr_carea' id='block_1_57' title="bbox 2254 2748 3825 2822">
    <p class='ocr_par' dir='ltr' id='par_1_57' title="bbox 2254 2748 3825 2822">
     <span class='ocr_line' id='line_1_57' title="bbox 2254 2748 3825 2822; baseline -0.004 -17"><span class='ocrx_word' id='word_1_395' title='bbox 2254 2750 2401 2808; x_wconf 84' lang='lat' dir='ltr'><strong>tinus</strong></span> <span class='ocrx_word' id='word_1_396' title='bbox 2432 2750 2686 2822; x_wconf 88' lang='lat' dir='ltr'><strong>partiaria</strong></span> <span class='ocrx_word' id='word_1_397' title='bbox 2716 2749 3031 2806; x_wconf 64' lang='lat' dir='ltr'><strong>haereditate</strong></span> <span class='ocrx_word' id='word_1_398' title='bbox 3058 2749 3353 2804; x_wconf 88' lang='lat' dir='ltr'><strong>damnatur</strong></span> <span class='ocrx_word' id='word_1_399' title='bbox 3381 2788 3399 2815; x_wconf 96' lang='lat'><strong>,</strong></span> <span class='ocrx_word' id='word_1_400' title='bbox 3442 2748 3648 2804; x_wconf 89' lang='lat' dir='ltr'><strong>decreta</strong></span> <span class='ocrx_word' id='word_1_401' title='bbox 3670 2755 3825 2801; x_wconf 49' lang='lat' dir='ltr'><strong>servae</strong></span> 
     </span>
    </p>
   </div>
   <div class='ocr_carea' id='block_1_58' title="bbox 2256 2828 3825 2912">
    <p class='ocr_par' dir='ltr' id='par_1_58' title="bbox 2256 2828 3825 2912">
     <span class='ocr_line' id='line_1_58' title="bbox 2256 2828 3825 2912; baseline -0.007 -13"><span class='ocrx_word' id='word_1_402' title='bbox 2256 2828 2397 2899; x_wconf 83' lang='lat' dir='ltr'><strong>mus.</strong></span> <span class='ocrx_word' id='word_1_403' title='bbox 2427 2842 2787 2898; x_wconf 82' lang='lat' dir='ltr'><strong>Arimineusis</strong></span> <span class='ocrx_word' id='word_1_404' title='bbox 2814 2841 3030 2898; x_wconf 91' lang='lat' dir='ltr'><strong>concilii</strong></span> <span class='ocrx_word' id='word_1_405' title='bbox 3056 2848 3258 2897; x_wconf 85' lang='lat' dir='ltr'><strong>statuta</strong></span> <span class='ocrx_word' id='word_1_406' title='bbox 3290 2836 3640 2912; x_wconf 85' lang='lat' dir='ltr'><strong>quorumdam</strong></span> <span class='ocrx_word' id='word_1_407' title='bbox 3685 2834 3825 2905; x_wconf 59' lang='lat' dir='ltr'><strong>tergia</strong></span> 
     </span>
    </p>
   </div>
   <div class='ocr_carea' id='block_1_59' title="bbox 2255 2930 3826 3006">
    <p class='ocr_par' dir='ltr' id='par_1_59' title="bbox 2255 2930 3826 3006">
     <span class='ocr_line' id='line_1_59' title="bbox 2255 2930 3826 3006; baseline -0.005 -16"><span class='ocrx_word' id='word_1_408' title='bbox 2255 2936 2565 2992; x_wconf 85' lang='lat' dir='ltr'><strong>versatione</strong></span> <span class='ocrx_word' id='word_1_409' title='bbox 2593 2941 2849 3006; x_wconf 87' lang='lat' dir='ltr'><strong>corrupta</strong></span> <span class='ocrx_word' id='word_1_410' title='bbox 2882 2973 2899 3000; x_wconf 91' lang='lat'><strong>,</strong></span> <span class='ocrx_word' id='word_1_411' title='bbox 2940 2944 3216 2990; x_wconf 88' lang='lat' dir='ltr'><strong>consensu</strong></span> <span class='ocrx_word' id='word_1_412' title='bbox 3268 2931 3515 2990; x_wconf 85' lang='lat' dir='ltr'><strong>omnium</strong></span> <span class='ocrx_word' id='word_1_413' title='bbox 3563 2930 3826 3000; x_wconf 63' lang='lat' dir='ltr'><strong>provinciae</strong></span> 
     </span>
    </p>
   </div>
   <div class='ocr_carea' id='block_1_60' title="bbox 2255 3020 3823 3099">
    <p class='ocr_par' dir='ltr' id='par_1_60' title="bbox 2255 3020 3823 3099">
     <span class='ocr_line' id='line_1_60' title="bbox 2255 3020 3823 3099; baseline -0.007 -14"><span class='ocrx_word' id='word_1_414' title='bbox 2255 3044 2376 3085; x_wconf 88' lang='lat' dir='ltr'><strong>rum</strong></span> <span class='ocrx_word' id='word_1_415' title='bbox 2409 3069 2425 3097; x_wconf 88' lang='lat'><strong>,</strong></span> <span class='ocrx_word' id='word_1_416' title='bbox 2452 3028 2574 3099; x_wconf 82' lang='lat' dir='ltr'><strong>jure</strong></span> <span class='ocrx_word' id='word_1_417' title='bbox 2604 3026 3001 3094; x_wconf 88' lang='lat' dir='ltr'><strong>rescindimus;</strong></span> <span class='ocrx_word' id='word_1_418' title='bbox 3033 3042 3265 3099; x_wconf 90' lang='lat' dir='ltr'><strong>quorum</strong></span> <span class='ocrx_word' id='word_1_419' title='bbox 3324 3026 3487 3083; x_wconf 87' lang='lat' dir='ltr'><strong>etiam</strong></span> <span class='ocrx_word' id='word_1_420' title='bbox 3538 3020 3823 3094; x_wconf 86' lang='lat' dir='ltr'><strong>exemplaria</strong></span> 
     </span>
    </p>
   </div>
   <div class='ocr_carea' id='block_1_61' title="bbox 547 3177 3824 3263">
    <p class='ocr_par' dir='ltr' id='par_1_61' title="bbox 547 3177 3824 3263">
     <span class='ocr_line' id='line_1_61' title="bbox 547 3177 3824 3263; baseline -0.006 -15"><span class='ocrx_word' id='word_1_421' title='bbox 547 3191 684 3248; x_wconf 88' lang='lat' dir='ltr'><strong>ordo</strong></span> <span class='ocrx_word' id='word_1_422' title='bbox 707 3198 982 3263; x_wconf 87' lang='lat' dir='ltr'><strong>gestorum</strong></span> <span class='ocrx_word' id='word_1_423' title='bbox 999 3205 1029 3263; x_wconf 85' lang='lat'><strong>:_</strong></span> <span class='ocrx_word' id='word_1_424' title='bbox 1048 3185 1355 3263; x_wconf 60' lang='lat' dir='ltr'><strong>utsvnodis</strong></span> <span class='ocrx_word' id='word_1_425' title='bbox 1377 3184 1609 3263; x_wconf 82' lang='lat' dir='ltr'><strong>primum</strong></span> <span class='ocrx_word' id='word_1_426' title='bbox 1638 3183 2150 3263; x_wconf 73' lang='lat' dir='ltr'><strong>Alexan_dri:_x_:_anno</strong></span> <span class='ocrx_word' id='word_1_427' title='bbox 2175 3184 2224 3250; x_wconf 89' lang='lat' dir='ltr'>C</span> <span class='ocrx_word' id='word_1_428' title='bbox 2255 3187 2644 3263; x_wconf 79' lang='lat' dir='ltr'><strong>s_et_co_nstrui:</strong></span> <span class='ocrx_word' id='word_1_429' title='bbox 2672 3184 2842 3263; x_wconf 68' lang='lat' dir='ltr'><strong>igitur</strong></span> <span class='ocrx_word' id='word_1_430' title='bbox 2871 3182 3060 3263; x_wconf 71' lang='lat' dir='ltr'><strong>siquis</strong></span> <span class='ocrx_word' id='word_1_431' title='bbox 3090 3182 3225 3263; x_wconf 73' lang='lat' dir='ltr'><strong>illud</strong></span> <span class='ocrx_word' id='word_1_432' title='bbox 3252 3181 3401 3263; x_wconf 66' lang='lat' dir='ltr'><strong>uirus</strong></span> <span class='ocrx_word' id='word_1_433' title='bbox 3424 3183 3479 3240; x_wconf 87' lang='lat' dir='ltr'><strong>in</strong></span> <span class='ocrx_word' id='word_1_434' title='bbox 3498 3192 3551 3263; x_wconf 66' lang='lat' dir='ltr'><strong>se</strong></span> <span class='ocrx_word' id='word_1_435' title='bbox 3568 3177 3824 3263; x_wconf 72' lang='lat' dir='ltr'><strong>pestiferam</strong></span> 
     </span>
    </p>
   </div>
   <div class='ocr_carea' id='block_1_62' title="bbox 550 3256 2151 3328">
    <p class='ocr_par' dir='ltr' id='par_1_62' title="bbox 550 3256 2151 3328">
     <span class='ocr_line' id='line_1_62' title="bbox 550 3256 2151 3328; baseline -0.004 -8"><span class='ocrx_word' id='word_1_436' title='bbox 550 3265 680 3328; x_wconf 69' lang='lat'><strong>362,</strong></span> <span class='ocrx_word' id='word_1_437' title='bbox 702 3256 767 3318; x_wconf 73' lang='lat' dir='ltr'><strong>ac</strong></span> <span class='ocrx_word' id='word_1_438' title='bbox 791 3260 987 3318; x_wconf 90' lang='lat' dir='ltr'><strong>deinde</strong></span> <span class='ocrx_word' id='word_1_439' title='bbox 1016 3260 1071 3314; x_wconf 93' lang='lat' dir='ltr'><strong>in</strong></span> <span class='ocrx_word' id='word_1_440' title='bbox 1101 3256 1300 3313; x_wconf 66' lang='lat' dir='ltr'><strong>achaia</strong></span> <span class='ocrx_word' id='word_1_441' title='bbox 1324 3257 1637 3328; x_wconf 82' lang='lat' dir='ltr'><strong>celebratis,</strong></span> <span class='ocrx_word' id='word_1_442' title='bbox 1667 3256 1811 3326; x_wconf 90' lang='lat' dir='ltr'><strong>quod</strong></span> <span class='ocrx_word' id='word_1_443' title='bbox 1841 3258 1893 3311; x_wconf 90' lang='lat' dir='ltr'><strong>in</strong></span> <span class='ocrx_word' id='word_1_444' title='bbox 1920 3257 2027 3313; x_wconf 90' lang='lat' dir='ltr'><strong>illis</strong></span> <span class='ocrx_word' id='word_1_445' title='bbox 2054 3258 2151 3314; x_wconf 91' lang='lat' dir='ltr'><strong>de-</strong></span> 
     </span>
    </p>
   </div>
   <div class='ocr_carea' id='block_1_63' title="bbox 549 3326 2149 3398">
    <p class='ocr_par' dir='ltr' id='par_1_63' title="bbox 549 3326 2149 3398">
     <span class='ocr_line' id='line_1_63' title="bbox 549 3326 2149 3398; baseline -0.004 -6"><span class='ocrx_word' id='word_1_446' title='bbox 549 3326 758 3392; x_wconf 87' lang='lat' dir='ltr'><strong>cretum</strong></span> <span class='ocrx_word' id='word_1_447' title='bbox 776 3344 879 3397; x_wconf 88' lang='lat' dir='ltr'><strong>est,</strong></span> <span class='ocrx_word' id='word_1_448' title='bbox 898 3331 1176 3385; x_wconf 83' lang='lat' dir='ltr'><strong>Romanus</strong></span> <span class='ocrx_word' id='word_1_449' title='bbox 1192 3327 1433 3398; x_wconf 83' lang='lat' dir='ltr'><strong>pontifex</strong></span> <span class='ocrx_word' id='word_1_450' title='bbox 1456 3326 1827 3393; x_wconf 85' lang='lat' dir='ltr'><strong>coniirmarit;</strong></span> <span class='ocrx_word' id='word_1_451' title='bbox 1853 3328 1996 3398; x_wconf 91' lang='lat' dir='ltr'><strong>quod</strong></span> <span class='ocrx_word' id='word_1_452' title='bbox 2018 3344 2149 3385; x_wconf 86' lang='lat' dir='ltr'><strong>vero</strong></span> 
     </span>
    </p>
   </div>
   <div class='ocr_carea' id='block_1_64' title="bbox 550 3398 2147 3473">
    <p class='ocr_par' dir='ltr' id='par_1_64' title="bbox 550 3398 2147 3473">
     <span class='ocr_line' id='line_1_64' title="bbox 550 3398 2147 3473; baseline -0.006 -11"><span class='ocrx_word' id='word_1_453' title='bbox 550 3406 645 3463; x_wconf 87' lang='lat' dir='ltr'><strong>ille</strong></span> <span class='ocrx_word' id='word_1_454' title='bbox 669 3403 1029 3473; x_wconf 82' lang='lat' dir='ltr'><strong>confirmarit,</strong></span> <span class='ocrx_word' id='word_1_455' title='bbox 1046 3400 1220 3473; x_wconf 86' lang='lat' dir='ltr'><strong>aliqui</strong></span> <span class='ocrx_word' id='word_1_456' title='bbox 1254 3400 1368 3473; x_wconf 85' lang='lat' dir='ltr'><strong>(qui</strong></span> <span class='ocrx_word' id='word_1_457' title='bbox 1404 3400 1507 3454; x_wconf 87' lang='lat' dir='ltr'><strong>nisi</strong></span> <span class='ocrx_word' id='word_1_458' title='bbox 1552 3398 1917 3473; x_wconf 80' lang='lat' dir='ltr'><strong>Luciferiani?</strong></span> <span class='ocrx_word' id='word_1_459' title='bbox 1950 3405 1969 3470; x_wconf 90' lang='lat'><strong>)</strong></span> <span class='ocrx_word' id='word_1_460' title='bbox 2004 3408 2147 3456; x_wconf 86' lang='lat' dir='ltr'><strong>tam-</strong></span> 
     </span>
    </p>
   </div>
   <div class='ocr_carea' id='block_1_65' title="bbox 552 3470 2151 3547">
    <p class='ocr_par' dir='ltr' id='par_1_65' title="bbox 552 3470 2151 3547">
     <span class='ocr_line' id='line_1_65' title="bbox 552 3470 2151 3547; baseline -0.001 -17"><span class='ocrx_word' id='word_1_461' title='bbox 552 3490 715 3547; x_wconf 89' lang='lat' dir='ltr'><strong>quam</strong></span> <span class='ocrx_word' id='word_1_462' title='bbox 744 3474 906 3529; x_wconf 90' lang='lat' dir='ltr'><strong>nimis</strong></span> <span class='ocrx_word' id='word_1_463' title='bbox 931 3472 1093 3527; x_wconf 85' lang='lat' dir='ltr'><strong>molle</strong></span> <span class='ocrx_word' id='word_1_464' title='bbox 1127 3470 1189 3526; x_wconf 80' lang='lat' dir='ltr'><strong>ac</strong></span> <span class='ocrx_word' id='word_1_465' title='bbox 1230 3470 1516 3547; x_wconf 77' lang='lat' dir='ltr'><strong>remissum</strong></span> <span class='ocrx_word' id='word_1_466' title='bbox 1547 3470 1890 3547; x_wconf 88' lang='lat' dir='ltr'><strong>rcsciudere_</strong></span> <span class='ocrx_word' id='word_1_467' title='bbox 1910 3480 2151 3547; x_wconf 80' lang='lat' dir='ltr'><strong>tentave-</strong></span> 
     </span>
    </p>
   </div>
   <div class='ocr_carea' id='block_1_66' title="bbox 552 3542 2153 3617">
    <p class='ocr_par' dir='ltr' id='par_1_66' title="bbox 552 3542 2153 3617">
     <span class='ocr_line' id='line_1_66' title="bbox 552 3542 2153 3617; baseline 0 -14"><span class='ocrx_word' id='word_1_468' title='bbox 552 3542 694 3604; x_wconf 76' lang='lat' dir='ltr'><strong>rint:</strong></span> <span class='ocrx_word' id='word_1_469' title='bbox 715 3560 948 3617; x_wconf 72' lang='lat' dir='ltr'><strong>quorum</strong></span> <span class='ocrx_word' id='word_1_470' title='bbox 973 3558 1043 3617; x_wconf 89' lang='lat' dir='ltr'><strong>ne</strong></span> <span class='ocrx_word' id='word_1_471' title='bbox 1060 3551 1243 3617; x_wconf 83' lang='lat' dir='ltr'><strong>serpat</strong></span> <span class='ocrx_word' id='word_1_472' title='bbox 1271 3543 1506 3617; x_wconf 85' lang='lat' dir='ltr'><strong>schisma</strong></span> <span class='ocrx_word' id='word_1_473' title='bbox 1528 3555 1591 3617; x_wconf 83' lang='lat' dir='ltr'><strong>ac</strong></span> <span class='ocrx_word' id='word_1_474' title='bbox 1612 3556 1776 3617; x_wconf 84' lang='lat' dir='ltr'><strong>prava</strong></span> <span class='ocrx_word' id='word_1_475' title='bbox 1802 3542 2009 3612; x_wconf 89' lang='lat' dir='ltr'><strong>opinio,</strong></span> <span class='ocrx_word' id='word_1_476' title='bbox 2029 3544 2153 3617; x_wconf 67' lang='lat' dir='ltr'><strong>itaet:</strong></span> 
     </span>
    </p>
   </div>
   <div class='ocr_carea' id='block_1_67' title="bbox 553 3613 2151 3686">
    <p class='ocr_par' dir='ltr' id='par_1_67' title="bbox 553 3613 2151 3686">
     <span class='ocr_line' id='line_1_67' title="bbox 553 3613 2151 3686; baseline -0.011 -11"><span class='ocrx_word' id='word_1_477' title='bbox 553 3613 770 3674; x_wconf 85' lang='lat' dir='ltr'><strong>rursum</strong></span> <span class='ocrx_word' id='word_1_478' title='bbox 807 3630 837 3670; x_wconf 91' lang='lat' dir='ltr'><strong>a</strong></span> <span class='ocrx_word' id='word_1_479' title='bbox 871 3615 1087 3671; x_wconf 79' lang='lat' dir='ltr'><strong>Liberio</strong></span> <span class='ocrx_word' id='word_1_480' title='bbox 1132 3613 1328 3686; x_wconf 82' lang='lat' dir='ltr'><strong>scripta</strong></span> <span class='ocrx_word' id='word_1_481' title='bbox 1376 3616 1449 3669; x_wconf 88' lang='lat' dir='ltr'><strong>sit</strong></span> <span class='ocrx_word' id='word_1_482' title='bbox 1478 3613 1701 3686; x_wconf 83' lang='lat' dir='ltr'><strong>epistola</strong></span> <span class='ocrx_word' id='word_1_483' title='bbox 1736 3653 1753 3680; x_wconf 88' lang='lat'><strong>,</strong></span> <span class='ocrx_word' id='word_1_484' title='bbox 1807 3629 1927 3686; x_wconf 69' lang='lat' dir='ltr'><strong>qua:</strong></span> <span class='ocrx_word' id='word_1_485' title='bbox 1960 3615 2151 3671; x_wconf 87' lang='lat' dir='ltr'><strong>subse.</strong></span> 
     </span>
    </p>
   </div>
   <div class='ocr_carea' id='block_1_68' title="bbox 552 3684 1696 3762">
    <p class='ocr_par' dir='ltr' id='par_1_68' title="bbox 552 3684 1696 3762">
     <span class='ocr_line' id='line_1_68' title="bbox 552 3684 1696 3762; baseline -0.006 -16"><span class='ocrx_word' id='word_1_486' title='bbox 552 3691 737 3762; x_wconf 85' lang='lat' dir='ltr'><strong>quenti</strong></span> <span class='ocrx_word' id='word_1_487' title='bbox 765 3689 1108 3762; x_wconf 79' lang='lat' dir='ltr'><strong>occasionem</strong></span> <span class='ocrx_word' id='word_1_488' title='bbox 1139 3684 1354 3762; x_wconf 69' lang='lat' dir='ltr'><strong>videtur</strong></span> <span class='ocrx_word' id='word_1_489' title='bbox 1379 3684 1696 3762; x_wconf 72' lang='lat' dir='ltr'><strong>prmhuisse.</strong></span> 
     </span>
    </p>
   </div>
   <div class='ocr_carea' id='block_1_69' title="bbox 630 3757 2150 3835">
    <p class='ocr_par' dir='ltr' id='par_1_69' title="bbox 630 3757 2150 3835">
     <span class='ocr_line' id='line_1_69' title="bbox 630 3757 2150 3835; baseline -0.005 -17"><span class='ocrx_word' id='word_1_490' title='bbox 630 3760 706 3835; x_wconf 83' lang='grc' dir='ltr'><strong>(α)</strong></span> <span class='ocrx_word' id='word_1_491' title='bbox 738 3760 895 3816; x_wconf 87' lang='lat' dir='ltr'><strong>Hunc</strong></span> <span class='ocrx_word' id='word_1_492' title='bbox 921 3759 1096 3813; x_wconf 89' lang='lat' dir='ltr'><strong>locum</strong></span> <span class='ocrx_word' id='word_1_493' title='bbox 1119 3757 1210 3812; x_wconf 88' lang='lat' dir='ltr'><strong>diu</strong></span> <span class='ocrx_word' id='word_1_494' title='bbox 1238 3765 1292 3812; x_wconf 90' lang='lat' dir='ltr'><strong>ct</strong></span> <span class='ocrx_word' id='word_1_495' title='bbox 1318 3763 1526 3813; x_wconf 87' lang='lat' dir='ltr'><strong>attente</strong></span> <span class='ocrx_word' id='word_1_496' title='bbox 1565 3757 1854 3812; x_wconf 88' lang='lat' dir='ltr'><strong>lustrantes</strong></span> <span class='ocrx_word' id='word_1_497' title='bbox 1876 3762 2037 3835; x_wconf 76' lang='lat' dir='ltr'><strong>atque</strong></span> <span class='ocrx_word' id='word_1_498' title='bbox 2063 3772 2150 3835; x_wconf 81' lang='lat' dir='ltr'><strong>re-</strong></span> 
     </span>
    </p>
   </div>
   <div class='ocr_carea' id='block_1_70' title="bbox 556 3830 2149 3903">
    <p class='ocr_par' dir='ltr' id='par_1_70' title="bbox 556 3830 2149 3903">
     <span class='ocr_line' id='line_1_70' title="bbox 556 3830 2149 3903; baseline -0.003 -14"><span class='ocrx_word' id='word_1_499' title='bbox 556 3830 968 3903; x_wconf 79' lang='lat' dir='ltr'><strong>cognoscentes,</strong></span> <span class='ocrx_word' id='word_1_500' title='bbox 996 3843 1097 3885; x_wconf 90' lang='lat' dir='ltr'><strong>nec</strong></span> <span class='ocrx_word' id='word_1_501' title='bbox 1120 3842 1227 3903; x_wconf 81' lang='lat' dir='ltr'><strong>non</strong></span> <span class='ocrx_word' id='word_1_502' title='bbox 1259 3843 1383 3903; x_wconf 86' lang='lat' dir='ltr'><strong>cum</strong></span> <span class='ocrx_word' id='word_1_503' title='bbox 1416 3842 1597 3903; x_wconf 75' lang='lat' dir='ltr'><strong>rerum</strong></span> <span class='ocrx_word' id='word_1_504' title='bbox 1623 3835 1893 3903; x_wconf 78' lang='lat' dir='ltr'><strong>gestarum</strong></span> <span class='ocrx_word' id='word_1_505' title='bbox 1923 3830 2149 3885; x_wconf 87' lang='lat' dir='ltr'><strong>historia</strong></span> 
     </span>
    </p>
   </div>
   <div class='ocr_carea' id='block_1_71' title="bbox 558 3898 2150 3983">
    <p class='ocr_par' dir='ltr' id='par_1_71' title="bbox 558 3898 2150 3983">
     <span class='ocr_line' id='line_1_71' title="bbox 558 3898 2150 3983; baseline -0.004 -23"><span class='ocrx_word' id='word_1_506' title='bbox 558 3898 1169 3983; x_wconf 71' lang='lat' dir='ltr'><strong>comparantes,_paucis</strong></span> <span class='ocrx_word' id='word_1_507' title='bbox 1198 3901 1415 3983; x_wconf 77' lang='lat' dir='ltr'><strong>mutatis</strong></span> <span class='ocrx_word' id='word_1_508' title='bbox 1436 3898 1794 3983; x_wconf 59' lang='lat' dir='ltr'><strong>Ledintegrari</strong></span> <span class='ocrx_word' id='word_1_509' title='bbox 1841 3914 2001 3983; x_wconf 67' lang='lat' dir='ltr'><strong>posse</strong></span> <span class='ocrx_word' id='word_1_510' title='bbox 2027 3914 2150 3983; x_wconf 79' lang='lat' dir='ltr'><strong>per-</strong></span> 
     </span>
    </p>
   </div>
   <div class='ocr_carea' id='block_1_72' title="bbox 558 3969 2158 4046">
    <p class='ocr_par' dir='ltr' id='par_1_72' title="bbox 558 3969 2158 4046">
     <span class='ocr_line' id='line_1_72' title="bbox 558 3969 2158 4046; baseline -0.003 -16"><span class='ocrx_word' id='word_1_511' title='bbox 558 3969 831 4046; x_wconf 81' lang='lat' dir='ltr'><strong>speximus</strong></span> <span class='ocrx_word' id='word_1_512' title='bbox 861 3978 913 4026; x_wconf 88' lang='lat' dir='ltr'><strong>in</strong></span> <span class='ocrx_word' id='word_1_513' title='bbox 958 3969 1115 4046; x_wconf 67' lang='lat' dir='ltr'><strong>hunc</strong></span> <span class='ocrx_word' id='word_1_514' title='bbox 1139 3973 1387 4046; x_wconf 72' lang='lat' dir='ltr'><strong>modum;</strong></span> <span class='ocrx_word' id='word_1_515' title='bbox 1424 3969 1546 4046; x_wconf 69' lang='lat' dir='ltr'><strong>Non</strong></span> <span class='ocrx_word' id='word_1_516' title='bbox 1585 3969 1719 4046; x_wconf 83' lang='lat' dir='ltr'><strong>enim</strong></span> <span class='ocrx_word' id='word_1_517' title='bbox 1746 3972 1794 4025; x_wconf 89' lang='lat' dir='ltr'><strong>si</strong></span> <span class='ocrx_word' id='word_1_518' title='bbox 1822 3969 1982 4046; x_wconf 76' lang='lat' dir='ltr'><strong>aliqui</strong></span> <span class='ocrx_word' id='word_1_519' title='bbox 2021 3973 2158 4046; x_wconf 75' lang='lat' dir='ltr'><strong>{orte</strong></span> 
     </span>
    </p>
   </div>
   <div class='ocr_carea' id='block_1_73' title="bbox 559 4042 2156 4115">
    <p class='ocr_par' dir='ltr' id='par_1_73' title="bbox 559 4042 2156 4115">
     <span class='ocr_line' id='line_1_73' title="bbox 559 4042 2156 4115; baseline -0.003 -15"><span class='ocrx_word' id='word_1_520' title='bbox 559 4042 700 4112; x_wconf 79' lang='lat' dir='ltr'><strong>sunt,</strong></span> <span class='ocrx_word' id='word_1_521' title='bbox 722 4051 806 4115; x_wconf 86' lang='lat' dir='ltr'><strong>qui</strong></span> <span class='ocrx_word' id='word_1_522' title='bbox 838 4045 933 4099; x_wconf 84' lang='lat' dir='ltr'><strong>hoc</strong></span> <span class='ocrx_word' id='word_1_523' title='bbox 957 4043 1117 4098; x_wconf 84' lang='lat' dir='ltr'><strong>studii</strong></span> <span class='ocrx_word' id='word_1_524' title='bbox 1160 4052 1340 4113; x_wconf 68' lang='lat' dir='ltr'><strong>gerunt</strong></span> <span class='ocrx_word' id='word_1_525' title='bbox 1370 4042 1528 4115; x_wconf 52' lang='lat' dir='ltr'><strong>(scil,</strong></span> <span class='ocrx_word' id='word_1_526' title='bbox 1563 4045 1727 4109; x_wconf 85' lang='lat' dir='ltr'><strong>rem),</strong></span> <span class='ocrx_word' id='word_1_527' title='bbox 1760 4044 1958 4098; x_wconf 82' lang='lat' dir='ltr'><strong>ratione</strong></span> <span class='ocrx_word' id='word_1_528' title='bbox 1985 4042 2156 4109; x_wconf 82' lang='lat' dir='ltr'><strong>provi—</strong></span> 
     </span>
    </p>
   </div>
   <div class='ocr_carea' id='block_1_74' title="bbox 562 4114 2154 4186">
    <p class='ocr_par' dir='ltr' id='par_1_74' title="bbox 562 4114 2154 4186">
     <span class='ocr_line' id='line_1_74' title="bbox 562 4114 2154 4186; baseline -0.003 -14"><span class='ocrx_word' id='word_1_529' title='bbox 562 4133 673 4172; x_wconf 86' lang='lat' dir='ltr'><strong>sam</strong></span> <span class='ocrx_word' id='word_1_530' title='bbox 695 4114 955 4171; x_wconf 76' lang='lat' dir='ltr'><strong>destruere</strong></span> <span class='ocrx_word' id='word_1_531' title='bbox 983 4115 1303 4186; x_wconf 81' lang='lat' dir='ltr'><strong>impudenter</strong></span> <span class='ocrx_word' id='word_1_532' title='bbox 1330 4114 1530 4169; x_wconf 76' lang='lat' dir='ltr'><strong>swviori</strong></span> <span class='ocrx_word' id='word_1_533' title='bbox 1552 4128 1804 4186; x_wconf 84' lang='lat' dir='ltr'><strong>censura;</strong></span> <span class='ocrx_word' id='word_1_534' title='bbox 1836 4119 1931 4169; x_wconf 78' lang='lat' dir='ltr'><strong>hoc</strong></span> <span class='ocrx_word' id='word_1_535' title='bbox 1974 4116 2154 4170; x_wconf 72' lang='lat' dir='ltr'><strong>existi-</strong></span> 
     </span>
    </p>
   </div>
   <div class='ocr_carea' id='block_1_75' title="bbox 564 4184 2157 4259">
    <p class='ocr_par' dir='ltr' id='par_1_75' title="bbox 564 4184 2157 4259">
     <span class='ocr_line' id='line_1_75' title="bbox 564 4184 2157 4259; baseline 0.002 -21"><span class='ocrx_word' id='word_1_536' title='bbox 564 4190 806 4242; x_wconf 79' lang='lat' dir='ltr'><strong>maverinl</strong></span> <span class='ocrx_word' id='word_1_537' title='bbox 832 4188 915 4259; x_wconf 90' lang='lat' dir='ltr'><strong>(se</strong></span> <span class='ocrx_word' id='word_1_538' title='bbox 947 4184 1126 4254; x_wconf 78' lang='lat' dir='ltr'><strong>posse)</strong></span> <span class='ocrx_word' id='word_1_539' title='bbox 1165 4195 1495 4259; x_wconf 65' lang='lat' dir='ltr'><strong>exauctorari:</strong></span> <span class='ocrx_word' id='word_1_540' title='bbox 1520 4184 1659 4259; x_wconf 78' lang='lat' dir='ltr'><strong>quod</strong></span> <span class='ocrx_word' id='word_1_541' title='bbox 1676 4186 1794 4257; x_wconf 83' lang='lat' dir='ltr'><strong>jam</strong></span> <span class='ocrx_word' id='word_1_542' title='bbox 1837 4202 1900 4241; x_wconf 79' lang='lat' dir='ltr'><strong>ea:</strong></span> <span class='ocrx_word' id='word_1_543' title='bbox 1946 4194 2157 4253; x_wconf 84' lang='lat' dir='ltr'><strong>aposto-</strong></span> 
     </span>
    </p>
   </div>
   <div class='ocr_carea' id='block_1_76' title="bbox 567 4256 2157 4322">
    <p class='ocr_par' dir='ltr' id='par_1_76' title="bbox 567 4256 2157 4322">
     <span class='ocr_line' id='line_1_76' title="bbox 567 4256 2157 4322; baseline 0 -10"><span class='ocrx_word' id='word_1_544' title='bbox 567 4259 665 4312; x_wconf 86' lang='lat' dir='ltr'><strong>lica</strong></span> <span class='ocrx_word' id='word_1_545' title='bbox 697 4256 1008 4313; x_wconf 76' lang='lat' dir='ltr'><strong>auctoritate</strong></span> <span class='ocrx_word' id='word_1_546' title='bbox 1047 4257 1299 4309; x_wconf 87' lang='lat' dir='ltr'><strong>munitum</strong></span> <span class='ocrx_word' id='word_1_547' title='bbox 1329 4264 1401 4310; x_wconf 86' lang='lat' dir='ltr'><strong>est</strong></span> <span class='ocrx_word' id='word_1_548' title='bbox 1422 4256 1485 4309; x_wconf 88' lang='lat' dir='ltr'><strong>de</strong></span> <span class='ocrx_word' id='word_1_549' title='bbox 1523 4257 1711 4321; x_wconf 81' lang='lat' dir='ltr'><strong>pietate</strong></span> <span class='ocrx_word' id='word_1_550' title='bbox 1735 4297 1750 4322; x_wconf 92' lang='lat'><strong>,</strong></span> <span class='ocrx_word' id='word_1_551' title='bbox 1792 4258 2157 4313; x_wconf 80' lang='lat' dir='ltr'><strong>contendentes</strong></span> 
     </span>
    </p>
   </div>
   <div class='ocr_carea' id='block_1_77' title="bbox 566 4326 2157 4401">
    <p class='ocr_par' dir='ltr' id='par_1_77' title="bbox 566 4326 2157 4401">
     <span class='ocr_line' id='line_1_77' title="bbox 566 4326 2157 4401; baseline 0.001 -19"><span class='ocrx_word' id='word_1_552' title='bbox 566 4344 671 4383; x_wconf 80' lang='lat' dir='ltr'><strong>non</strong></span> <span class='ocrx_word' id='word_1_553' title='bbox 695 4344 802 4382; x_wconf 89' lang='lat' dir='ltr'><strong>esse</strong></span> <span class='ocrx_word' id='word_1_554' title='bbox 828 4327 1145 4399; x_wconf 78' lang='lat' dir='ltr'><strong>parcendum</strong></span> <span class='ocrx_word' id='word_1_555' title='bbox 1165 4328 1245 4401; x_wconf 77' lang='lat' dir='ltr'><strong>his</strong></span> <span class='ocrx_word' id='word_1_556' title='bbox 1272 4329 1366 4401; x_wconf 75' lang='lat' dir='ltr'><strong>qui</strong></span> <span class='ocrx_word' id='word_1_557' title='bbox 1384 4326 1523 4401; x_wconf 72' lang='lat' dir='ltr'><strong>apud</strong></span> <span class='ocrx_word' id='word_1_558' title='bbox 1546 4328 1842 4401; x_wconf 78' lang='lat' dir='ltr'><strong>Ariminum</strong></span> <span class='ocrx_word' id='word_1_559' title='bbox 1862 4332 2157 4401; x_wconf 81' lang='lat' dir='ltr'><strong>ignorantes</strong></span> 
     </span>
    </p>
   </div>
   <div class='ocr_carea' id='block_1_78' title="bbox 568 4398 2156 4472">
    <p class='ocr_par' dir='ltr' id='par_1_78' title="bbox 568 4398 2156 4472">
     <span class='ocr_line' id='line_1_78' title="bbox 568 4398 2156 4472; baseline 0 -19"><span class='ocrx_word' id='word_1_560' title='bbox 568 4409 777 4471; x_wconf 85' lang='lat' dir='ltr'><strong>egerunt</strong></span> <span class='ocrx_word' id='word_1_561' title='bbox 809 4398 1277 4472; x_wconf 76' lang='lat' dir='ltr'><strong>(seu_,_errarunt).</strong></span> <span class='ocrx_word' id='word_1_562' title='bbox 1329 4398 1523 4472; x_wconf 77' lang='lat' dir='ltr'><strong>Quibus</strong></span> <span class='ocrx_word' id='word_1_563' title='bbox 1558 4399 1763 4472; x_wconf 73' lang='lat' dir='ltr'><strong>nescire</strong></span> <span class='ocrx_word' id='word_1_564' title='bbox 1803 4398 2039 4472; x_wconf 67' lang='lat' dir='ltr'><strong>illicitum</strong></span> <span class='ocrx_word' id='word_1_565' title='bbox 2076 4399 2156 4472; x_wconf 83' lang='lat' dir='ltr'><strong>(id</strong></span> 
     </span>
    </p>
   </div>
   <div class='ocr_carea' id='block_1_79' title="bbox 568 4467 2154 4539">
    <p class='ocr_par' dir='ltr' id='par_1_79' title="bbox 568 4467 2154 4539">
     <span class='ocr_line' id='line_1_79' title="bbox 568 4467 2154 4539; baseline -0.002 -13"><span class='ocrx_word' id='word_1_566' title='bbox 568 4467 672 4536; x_wconf 66' lang='lat' dir='ltr'><strong>est,</strong></span> <span class='ocrx_word' id='word_1_567' title='bbox 701 4470 845 4539; x_wconf 83' lang='lat' dir='ltr'><strong>quod</strong></span> <span class='ocrx_word' id='word_1_568' title='bbox 873 4467 1115 4539; x_wconf 79' lang='lat' dir='ltr'><strong>illicitum</strong></span> <span class='ocrx_word' id='word_1_569' title='bbox 1160 4480 1296 4539; x_wconf 83' lang='lat' dir='ltr'><strong>erat,</strong></span> <span class='ocrx_word' id='word_1_570' title='bbox 1319 4467 1452 4539; x_wconf 83' lang='lat' dir='ltr'><strong>hoc)</strong></span> <span class='ocrx_word' id='word_1_571' title='bbox 1494 4467 1589 4535; x_wconf 79' lang='lat' dir='ltr'><strong>fuit</strong></span> <span class='ocrx_word' id='word_1_572' title='bbox 1618 4476 1825 4535; x_wconf 88' lang='lat' dir='ltr'><strong>captum</strong></span> <span class='ocrx_word' id='word_1_573' title='bbox 1871 4470 1997 4539; x_wconf 83' lang='lat' dir='ltr'><strong>(hoc</strong></span> <span class='ocrx_word' id='word_1_574' title='bbox 2029 4467 2111 4526; x_wconf 77' lang='lat' dir='ltr'><strong>est</strong></span> <span class='ocrx_word' id='word_1_575' title='bbox 2135 4510 2154 4538; x_wconf 90' lang='lat'><strong>,</strong></span> 
     </span>
    </p>
   </div>
   <div class='ocr_carea' id='block_1_80' title="bbox 568 4537 2161 4611">
    <p class='ocr_par' dir='ltr' id='par_1_80' title="bbox 568 4537 2161 4611">
     <span class='ocr_line' id='line_1_80' title="bbox 568 4537 2161 4611; baseline -0.001 -15"><span class='ocrx_word' id='word_1_576' title='bbox 568 4537 847 4611; x_wconf 80' lang='lat' dir='ltr'><strong>laqueum)</strong></span> <span class='ocrx_word' id='word_1_577' title='bbox 869 4539 1058 4611; x_wconf 81' lang='lat' dir='ltr'><strong>erroris</strong></span> <span class='ocrx_word' id='word_1_578' title='bbox 1099 4537 1367 4611; x_wconf 79' lang='lat' dir='ltr'><strong>incidere;</strong></span> <span class='ocrx_word' id='word_1_579' title='bbox 1404 4537 1599 4611; x_wconf 79' lang='lat' dir='ltr'><strong>idcirco</strong></span> <span class='ocrx_word' id='word_1_580' title='bbox 1625 4540 1861 4592; x_wconf 78' lang='lat' dir='ltr'><strong>severitas</strong></span> <span class='ocrx_word' id='word_1_581' title='bbox 1894 4537 2161 4611; x_wconf 57' lang='lat' dir='ltr'><strong>(discipli-F</strong></span> 
     </span>
    </p>
   </div>
   <div class='ocr_carea' id='block_1_81' title="bbox 2260 3255 3823 3328">
    <p class='ocr_par' dir='ltr' id='par_1_81' title="bbox 2260 3255 3823 3328">
     <span class='ocr_line' id='line_1_81' title="bbox 2260 3255 3823 3328; baseline -0.006 -15"><span class='ocrx_word' id='word_1_582' title='bbox 2260 3259 2444 3313; x_wconf 84' lang='lat' dir='ltr'><strong>Ariani</strong></span> <span class='ocrx_word' id='word_1_583' title='bbox 2464 3255 2723 3328; x_wconf 73' lang='lat' dir='ltr'><strong>dogmatis</strong></span> <span class='ocrx_word' id='word_1_584' title='bbox 2754 3256 3031 3328; x_wconf 88' lang='lat' dir='ltr'><strong>subdolum</strong></span> <span class='ocrx_word' id='word_1_585' title='bbox 3058 3272 3121 3312; x_wconf 89' lang='lat' dir='ltr'><strong>ac</strong></span> <span class='ocrx_word' id='word_1_586' title='bbox 3149 3255 3651 3328; x_wconf 59' lang='lat' dir='ltr'><strong>latebrosuntfuerat</strong></span> <span class='ocrx_word' id='word_1_587' title='bbox 3674 3260 3823 3328; x_wconf 70' lang='lat' dir='ltr'><strong>exper-</strong></span> 
     </span>
    </p>
   </div>
   <div class='ocr_carea' id='block_1_82' title="bbox 2259 3322 3824 3403">
    <p class='ocr_par' dir='ltr' id='par_1_82' title="bbox 2259 3322 3824 3403">
     <span class='ocr_line' id='line_1_82' title="bbox 2259 3322 3824 3403; baseline -0.006 -18"><span class='ocrx_word' id='word_1_588' title='bbox 2259 3336 2381 3396; x_wconf 84' lang='lat' dir='ltr'><strong>tus;</strong></span> <span class='ocrx_word' id='word_1_589' title='bbox 2417 3322 2553 3385; x_wconf 85' lang='lat' dir='ltr'><strong>illud</strong></span> <span class='ocrx_word' id='word_1_590' title='bbox 2573 3331 2685 3403; x_wconf 87' lang='lat' dir='ltr'><strong>jam</strong></span> <span class='ocrx_word' id='word_1_591' title='bbox 2704 3370 2719 3396; x_wconf 95' lang='lat'><strong>,</strong></span> <span class='ocrx_word' id='word_1_592' title='bbox 2745 3326 2993 3403; x_wconf 78' lang='lat' dir='ltr'><strong>sermonis</strong></span> <span class='ocrx_word' id='word_1_593' title='bbox 3029 3326 3196 3383; x_wconf 85' lang='lat' dir='ltr'><strong>nostri</strong></span> <span class='ocrx_word' id='word_1_594' title='bbox 3224 3322 3581 3403; x_wconf 72' lang='lat' dir='ltr'><strong>adhortatione</strong></span> <span class='ocrx_word' id='word_1_595' title='bbox 3602 3322 3824 3403; x_wconf 54' lang='lat' dir='ltr'><strong>lenissima</strong></span> 
     </span>
    </p>
   </div>
   <div class='ocr_carea' id='block_1_83' title="bbox 2256 3396 3824 3471">
    <p class='ocr_par' dir='ltr' id='par_1_83' title="bbox 2256 3396 3824 3471">
     <span class='ocr_line' id='line_1_83' title="bbox 2256 3396 3824 3471; baseline -0.007 -16"><span class='ocrx_word' id='word_1_596' title='bbox 2256 3412 2551 3471; x_wconf 85' lang='lat' dir='ltr'><strong>reparatus.</strong></span> <span class='ocrx_word' id='word_1_597' title='bbox 2574 3396 2629 3456; x_wconf 80' lang='lat' dir='ltr'><strong>et</strong></span> <span class='ocrx_word' id='word_1_598' title='bbox 2649 3400 2990 3471; x_wconf 87' lang='lat' dir='ltr'><strong>ignoratiouis</strong></span> <span class='ocrx_word' id='word_1_599' title='bbox 3015 3408 3226 3470; x_wconf 88' lang='lat' dir='ltr'><strong>captum</strong></span> <span class='ocrx_word' id='word_1_600' title='bbox 3271 3398 3417 3471; x_wconf 83' lang='lat' dir='ltr'><strong>(seu,</strong></span> <span class='ocrx_word' id='word_1_601' title='bbox 3445 3396 3506 3451; x_wconf 82' lang='lat' dir='ltr'><strong>ab</strong></span> <span class='ocrx_word' id='word_1_602' title='bbox 3530 3396 3824 3471; x_wconf 73' lang='lat' dir='ltr'><strong>ignorationia</strong></span> 
     </span>
    </p>
   </div>
   <div class='ocr_carea' id='block_1_84' title="bbox 2258 3466 3821 3545">
    <p class='ocr_par' dir='ltr' id='par_1_84' title="bbox 2258 3466 3821 3545">
     <span class='ocr_line' id='line_1_84' title="bbox 2258 3466 3821 3545; baseline -0.006 -18"><span class='ocrx_word' id='word_1_603' title='bbox 2258 3466 2439 3545; x_wconf 77' lang='lat' dir='ltr'><strong>captu)</strong></span> <span class='ocrx_word' id='word_1_604' title='bbox 2469 3466 2809 3545; x_wconf 77' lang='lat' dir='ltr'><strong>resipiscens,</strong></span> <span class='ocrx_word' id='word_1_605' title='bbox 2838 3466 3110 3527; x_wconf 75' lang='lat' dir='ltr'><strong>exhauriat</strong></span> <span class='ocrx_word' id='word_1_606' title='bbox 3153 3479 3202 3525; x_wconf 90' lang='lat' dir='ltr'><strong>et</strong></span> <span class='ocrx_word' id='word_1_607' title='bbox 3232 3466 3565 3535; x_wconf 73' lang='lat' dir='ltr'><strong>condemnet,</strong></span> <span class='ocrx_word' id='word_1_608' title='bbox 3591 3466 3821 3521; x_wconf 79' lang='lat' dir='ltr'><strong>vehemen-</strong></span> 
     </span>
    </p>
   </div>
   <div class='ocr_carea' id='block_1_85' title="bbox 2260 3544 2619 3601">
    <p class='ocr_par' dir='ltr' id='par_1_85' title="bbox 2260 3544 2619 3601">
     <span class='ocr_line' id='line_1_85' title="bbox 2260 3544 2619 3601; baseline 0 -3"><span class='ocrx_word' id='word_1_609' title='bbox 2260 3544 2481 3601; x_wconf 80' lang='lat' dir='ltr'><strong>tiusque.</strong></span> <span class='ocrx_word' id='word_1_610' title='bbox 2513 3544 2619 3599; x_wconf 85' lang='lat' dir='ltr'><strong>etc.</strong></span> 
     </span>
    </p>
   </div>
   <div class='ocr_carea' id='block_1_86' title="bbox 2334 3562 3817 3688">
    <p class='ocr_par' dir='ltr' id='par_1_86' title="bbox 2334 3562 3817 3688">
     <span class='ocr_line' id='line_1_86' title="bbox 2334 3562 3817 3688; baseline -0.005 -19"><span class='ocrx_word' id='word_1_611' title='bbox 2334 3562 3079 3688; x_wconf 46' lang='lat' dir='ltr'><strong>(grangciilustrantur_aliis</strong></span> <span class='ocrx_word' id='word_1_612' title='bbox 3114 3611 3323 3669; x_wconf 85' lang='lat' dir='ltr'><strong>Liberii</strong></span> <span class='ocrx_word' id='word_1_613' title='bbox 3369 3610 3545 3688; x_wconf 77' lang='lat' dir='ltr'><strong>verbis</strong></span> <span class='ocrx_word' id='word_1_614' title='bbox 3569 3604 3697 3682; x_wconf 89' lang='lat' dir='ltr'><strong>apud</strong></span> <span class='ocrx_word' id='word_1_615' title='bbox 3735 3606 3817 3662; x_wconf 83' lang='lat' dir='ltr'><strong>So-</strong></span> 
     </span>
    </p>
   </div>
   <div class='ocr_carea' id='block_1_87' title="bbox 2260 3680 3821 3753">
    <p class='ocr_par' dir='ltr' id='par_1_87' title="bbox 2260 3680 3821 3753">
     <span class='ocr_line' id='line_1_87' title="bbox 2260 3680 3821 3753; baseline -0.004 -11"><span class='ocrx_word' id='word_1_616' title='bbox 2260 3680 2425 3753; x_wconf 55' lang='lat' dir='ltr'><strong>cratf,</strong></span> <span class='ocrx_word' id='word_1_617' title='bbox 2454 3687 2547 3742; x_wconf 91' lang='lat' dir='ltr'><strong>lib.</strong></span> <span class='ocrx_word' id='word_1_618' title='bbox 2583 3702 2655 3753; x_wconf 88' lang='lat' dir='ltr'><strong>tv,</strong></span> <span class='ocrx_word' id='word_1_619' title='bbox 2684 3702 2736 3743; x_wconf 91' lang='lat' dir='ltr'><strong>c.</strong></span> <span class='ocrx_word' id='word_1_620' title='bbox 2771 3686 2873 3741; x_wconf 73' lang='lat' dir='ltr'><strong>i2:</strong></span> <span class='ocrx_word' id='word_1_621' title='bbox 2914 3684 3061 3739; x_wconf 78' lang='lat' dir='ltr'><strong>Hanc</strong></span> <span class='ocrx_word' id='word_1_622' title='bbox 3092 3696 3264 3739; x_wconf 86' lang='lat' dir='ltr'><strong>autem</strong></span> <span class='ocrx_word' id='word_1_623' title='bbox 3312 3680 3611 3753; x_wconf 77' lang='lat' dir='ltr'><strong>catholicam</strong></span> <span class='ocrx_word' id='word_1_624' title='bbox 3636 3690 3678 3735; x_wconf 84' lang='lat' dir='ltr'><strong>et</strong></span> <span class='ocrx_word' id='word_1_625' title='bbox 3705 3692 3821 3753; x_wconf 71' lang='lat' dir='ltr'><strong>apo-</strong></span> 
     </span>
    </p>
   </div>
   <div class='ocr_carea' id='block_1_88' title="bbox 2260 3694 3823 3829">
    <p class='ocr_par' dir='ltr' id='par_1_88' title="bbox 2260 3694 3823 3829">
     <span class='ocr_line' id='line_1_88' title="bbox 2260 3694 3821 3803; baseline -0.008 -61"><span class='ocrx_word' id='word_1_626' title='bbox 2260 3696 2425 3771; x_wconf 71' lang='lat' dir='ltr'><strong>crat.,</strong></span> <span class='ocrx_word' id='word_1_627' title='bbox 2455 3694 2547 3742; x_wconf 89' lang='lat' dir='ltr'><strong>lib.</strong></span> <span class='ocrx_word' id='word_1_628' title='bbox 2583 3702 2655 3753; x_wconf 88' lang='lat' dir='ltr'><strong>tv,</strong></span> <span class='ocrx_word' id='word_1_629' title='bbox 2684 3702 2736 3743; x_wconf 88' lang='lat' dir='ltr'><strong>c.</strong></span> <span class='ocrx_word' id='word_1_630' title='bbox 2771 3694 2873 3741; x_wconf 70' lang='lat'><strong>12:</strong></span> <span class='ocrx_word' id='word_1_631' title='bbox 2914 3694 3061 3739; x_wconf 81' lang='lat' dir='ltr'><strong>Hanc</strong></span> <span class='ocrx_word' id='word_1_632' title='bbox 3092 3696 3264 3739; x_wconf 86' lang='lat' dir='ltr'><strong>autem</strong></span> <span class='ocrx_word' id='word_1_633' title='bbox 3312 3694 3611 3740; x_wconf 78' lang='lat' dir='ltr'><strong>catholicam</strong></span> <span class='ocrx_word' id='word_1_634' title='bbox 3636 3694 3678 3735; x_wconf 84' lang='lat' dir='ltr'><strong>et</strong></span> <span class='ocrx_word' id='word_1_635' title='bbox 3704 3694 3821 3803; x_wconf 60' lang='lat' dir='ltr'><strong>aro-</strong></span> 
     </span>
     <span class='ocr_line' id='line_1_89' title="bbox 2260 3749 3823 3829; baseline -0.006 -19"><span class='ocrx_word' id='word_1_636' title='bbox 2260 3758 2493 3829; x_wconf 75' lang='lat' dir='ltr'><strong>atoltcam</strong></span> <span class='ocrx_word' id='word_1_637' title='bbox 2510 3755 2665 3825; x_wconf 76' lang='lat' dir='ltr'><strong>ﬁdem</strong></span> <span class='ocrx_word' id='word_1_638' title='bbox 2687 3773 2796 3813; x_wconf 87' lang='lat' dir='ltr'><strong>esse</strong></span> <span class='ocrx_word' id='word_1_639' title='bbox 2816 3757 3162 3829; x_wconf 82' lang='lat' dir='ltr'><strong>agnoscimus,</strong></span> <span class='ocrx_word' id='word_1_640' title='bbox 3181 3771 3299 3827; x_wconf 72' lang='lat' dir='ltr'><strong>qua:</strong></span> <span class='ocrx_word' id='word_1_641' title='bbox 3321 3770 3477 3829; x_wconf 84' lang='lat' dir='ltr'><strong>usque</strong></span> <span class='ocrx_word' id='word_1_642' title='bbox 3496 3750 3564 3809; x_wconf 80' lang='lat' dir='ltr'><strong>ad</strong></span> <span class='ocrx_word' id='word_1_643' title='bbox 3585 3749 3733 3807; x_wconf 77' lang='lat' dir='ltr'><strong>court!</strong></span> <span class='ocrx_word' id='word_1_644' title='bbox 3752 3758 3823 3801; x_wconf 81' lang='lat' dir='ltr'><strong>unt</strong></span> 
     </span>
    </p>
   </div>
   <div class='ocr_carea' id='block_1_89' title="bbox 2263 3826 3700 3903">
    <p class='ocr_par' dir='ltr' id='par_1_89' title="bbox 2263 3826 3700 3903">
     <span class='ocr_line' id='line_1_90' title="bbox 2263 3826 3700 3903; baseline -0.001 -20"><span class='ocrx_word' id='word_1_645' title='bbox 2263 3828 2541 3903; x_wconf 55' lang='lat' dir='ltr'><strong>Nicamitnt</strong></span> <span class='ocrx_word' id='word_1_646' title='bbox 2569 3831 2768 3899; x_wconf 83' lang='lat' dir='ltr'><strong>integra</strong></span> <span class='ocrx_word' id='word_1_647' title='bbox 2789 3839 2838 3882; x_wconf 86' lang='lat' dir='ltr'><strong>et</strong></span> <span class='ocrx_word' id='word_1_648' title='bbox 2851 3826 3170 3903; x_wconf 69' lang='lat' dir='ltr'><strong>inconcussa</strong></span> <span class='ocrx_word' id='word_1_649' title='bbox 3196 3826 3507 3903; x_wconf 80' lang='lat' dir='ltr'><strong>permansit.</strong></span> <span class='ocrx_word' id='word_1_650' title='bbox 3674 3893 3700 3903; x_wconf 13' lang='grc' dir='ltr'><strong>γ’</strong></span> 
     </span>
    </p>
   </div>
   <div class='ocr_carea' id='block_1_90' title="bbox 2337 3900 3822 3974">
    <p class='ocr_par' dir='ltr' id='par_1_90' title="bbox 2337 3900 3822 3974">
     <span class='ocr_line' id='line_1_91' title="bbox 2337 3900 3822 3974; baseline -0.006 -18"><span class='ocrx_word' id='word_1_651' title='bbox 2337 3900 2410 3974; x_wconf 91' lang='lat' dir='ltr'><strong>(e)</strong></span> <span class='ocrx_word' id='word_1_652' title='bbox 2443 3901 2625 3974; x_wconf 67' lang='lat' dir='ltr'><strong>Forte,</strong></span> <span class='ocrx_word' id='word_1_653' title='bbox 2656 3900 3026 3974; x_wconf 30' lang='lat' dir='ltr'><strong>verumLetiam</strong></span> <span class='ocrx_word' id='word_1_654' title='bbox 3053 3914 3305 3974; x_wconf 83' lang='lat' dir='ltr'><strong>venenum</strong></span> <span class='ocrx_word' id='word_1_655' title='bbox 3334 3902 3568 3974; x_wconf 77' lang='lat' dir='ltr'><strong>virusque</strong></span> <span class='ocrx_word' id='word_1_656' title='bbox 3605 3900 3754 3965; x_wconf 69' lang='lat' dir='ltr'><strong>potius</strong></span> <span class='ocrx_word' id='word_1_657' title='bbox 3778 3900 3822 3943; x_wconf 65' lang='grc' dir='ltr'><strong>ει</strong></span> 
     </span>
    </p>
   </div>
   <div class='ocr_carea' id='block_1_91' title="bbox 2262 3967 3821 4043">
    <p class='ocr_par' dir='ltr' id='par_1_91' title="bbox 2262 3967 3821 4043">
     <span class='ocr_line' id='line_1_92' title="bbox 2262 3967 3821 4043; baseline -0.006 -17"><span class='ocrx_word' id='word_1_658' title='bbox 2262 3967 2413 4042; x_wconf 79' lang='lat' dir='ltr'><strong>posse</strong></span> <span class='ocrx_word' id='word_1_659' title='bbox 2434 3971 2697 4043; x_wconf 80' lang='lat' dir='ltr'><strong>vindicare</strong></span> <span class='ocrx_word' id='word_1_660' title='bbox 2725 3969 2999 4043; x_wconf 74' lang='lat' dir='ltr'><strong>crediderit</strong></span> <span class='ocrx_word' id='word_1_661' title='bbox 3030 3985 3048 4025; x_wconf 94' lang='lat'><strong><em>:</em></strong></span> <span class='ocrx_word' id='word_1_662' title='bbox 3074 3980 3125 4043; x_wconf 78' lang='lat' dir='ltr'><strong>et</strong></span> <span class='ocrx_word' id='word_1_663' title='bbox 3153 3971 3364 4043; x_wconf 79' lang='lat' dir='ltr'><strong>ratione</strong></span> <span class='ocrx_word' id='word_1_664' title='bbox 3394 3967 3625 4043; x_wconf 74' lang='lat' dir='ltr'><strong>vincetur,</strong></span> <span class='ocrx_word' id='word_1_665' title='bbox 3654 3973 3695 4017; x_wconf 85' lang='lat' dir='ltr'><strong>et</strong></span> <span class='ocrx_word' id='word_1_666' title='bbox 3717 3976 3821 4043; x_wconf 62' lang='grc' dir='ltr'><strong>εις-</strong></span> 
     </span>
    </p>
   </div>
   <div class='ocr_carea' id='block_1_92' title="bbox 2264 4032 3820 4113">
    <p class='ocr_par' dir='ltr' id='par_1_92' title="bbox 2264 4032 3820 4113">
     <span class='ocr_line' id='line_1_93' title="bbox 2264 4032 3820 4113; baseline -0.008 -14"><span class='ocrx_word' id='word_1_667' title='bbox 2264 4032 2457 4099; x_wconf 69' lang='grc' dir='ltr'><strong>ἱοτὶὺιιδ</strong></span> <span class='ocrx_word' id='word_1_668' title='bbox 2486 4042 2755 4113; x_wconf 77' lang='lat' dir='ltr'><strong>perﬁdiae,</strong></span> <span class='ocrx_word' id='word_1_669' title='bbox 2789 4052 2897 4097; x_wconf 92' lang='lat' dir='ltr'><strong>ctc.</strong></span> <span class='ocrx_word' id='word_1_670' title='bbox 2934 4041 3088 4113; x_wconf 86' lang='lat' dir='ltr'><strong>Haud</strong></span> <span class='ocrx_word' id='word_1_671' title='bbox 3128 4039 3577 4113; x_wconf 82' lang='lat' dir='ltr'><strong>longeabsiutills</strong></span> <span class='ocrx_word' id='word_1_672' title='bbox 3613 4032 3820 4113; x_wconf 43' lang='lat' dir='ltr'><strong>est.ll_nis</strong></span> 
     </span>
    </p>
   </div>
   <div class='ocr_carea' id='block_1_93' title="bbox 2260 4102 3821 4185">
    <p class='ocr_par' dir='ltr' id='par_1_93' title="bbox 2260 4102 3821 4185">
     <span class='ocr_line' id='line_1_94' title="bbox 2260 4102 3821 4185; baseline -0.012 -11"><span class='ocrx_word' id='word_1_673' title='bbox 2260 4102 2507 4183; x_wconf 68' lang='lat' dir='ltr'><strong>epistola:</strong></span> <span class='ocrx_word' id='word_1_674' title='bbox 2536 4102 2777 4185; x_wconf 63' lang='lat' dir='ltr'><strong>eiusdem</strong></span> <span class='ocrx_word' id='word_1_675' title='bbox 2800 4113 2998 4169; x_wconf 89' lang='lat' dir='ltr'><strong>Liberii</strong></span> <span class='ocrx_word' id='word_1_676' title='bbox 3027 4102 3398 4170; x_wconf 63' lang='lat' dir='ltr'><strong>Orientalibus</strong></span> <span class='ocrx_word' id='word_1_677' title='bbox 3426 4111 3561 4169; x_wconf 60' lang='lat' dir='ltr'><strong>data;</strong></span> <span class='ocrx_word' id='word_1_678' title='bbox 3593 4102 3716 4179; x_wconf 81' lang='lat' dir='ltr'><strong>apud</strong></span> <span class='ocrx_word' id='word_1_679' title='bbox 3737 4103 3821 4159; x_wconf 78' lang='lat' dir='ltr'><strong>So-</strong></span> 
     </span>
    </p>
   </div>
   <div class='ocr_carea' id='block_1_94' title="bbox 2262 4185 2887 4248">
    <p class='ocr_par' dir='ltr' id='par_1_94' title="bbox 2262 4185 2887 4248">
     <span class='ocr_line' id='line_1_95' title="bbox 2262 4185 2887 4248; baseline -0.005 -6"><span class='ocrx_word' id='word_1_680' title='bbox 2262 4197 2465 4243; x_wconf 87' lang='lat' dir='ltr'><strong>cratem</strong></span> <span class='ocrx_word' id='word_1_681' title='bbox 2494 4187 2587 4243; x_wconf 90' lang='lat' dir='ltr'><strong>lib.</strong></span> <span class='ocrx_word' id='word_1_682' title='bbox 2613 4202 2686 4248; x_wconf 85' lang='lat' dir='ltr'><strong>tv,</strong></span> <span class='ocrx_word' id='word_1_683' title='bbox 2714 4201 2764 4241; x_wconf 93' lang='lat' dir='ltr'><strong>c.</strong></span> <span class='ocrx_word' id='word_1_684' title='bbox 2800 4185 2887 4239; x_wconf 75' lang='lat' dir='ltr'><strong>l2.</strong></span> 
     </span>
    </p>
   </div>
   <div class='ocr_carea' id='block_1_95' title="bbox 2338 4248 3822 4332">
    <p class='ocr_par' dir='ltr' id='par_1_95' title="bbox 2338 4248 3822 4332">
     <span class='ocr_line' id='line_1_96' title="bbox 2338 4248 3822 4332; baseline -0.008 -17"><span class='ocrx_word' id='word_1_685' title='bbox 2338 4260 2421 4332; x_wconf 69' lang='grc' dir='ltr'><strong>(Γ)</strong></span> <span class='ocrx_word' id='word_1_686' title='bbox 2445 4257 2560 4313; x_wconf 84' lang='lat' dir='ltr'><strong>Non</strong></span> <span class='ocrx_word' id='word_1_687' title='bbox 2592 4268 2675 4332; x_wconf 74' lang='lat' dir='ltr'><strong>est</strong></span> <span class='ocrx_word' id='word_1_688' title='bbox 2703 4255 3055 4332; x_wconf 82' lang='lat' dir='ltr'><strong>disjungenda</strong></span> <span class='ocrx_word' id='word_1_689' title='bbox 3087 4255 3203 4311; x_wconf 68' lang='lat' dir='ltr'><strong>haec</strong></span> <span class='ocrx_word' id='word_1_690' title='bbox 3231 4255 3461 4332; x_wconf 81' lang='lat' dir='ltr'><strong>epistola</strong></span> <span class='ocrx_word' id='word_1_691' title='bbox 3486 4269 3515 4310; x_wconf 89' lang='lat' dir='ltr'><strong>a</strong></span> <span class='ocrx_word' id='word_1_692' title='bbox 3554 4248 3822 4332; x_wconf 72' lang='lat' dir='ltr'><strong>superiore,</strong></span> 
     </span>
    </p>
   </div>
   <div class='ocr_carea' id='block_1_96' title="bbox 2263 4328 3824 4398">
    <p class='ocr_par' dir='ltr' id='par_1_96' title="bbox 2263 4328 3824 4398">
     <span class='ocr_line' id='line_1_97' title="bbox 2263 4328 3824 4398; baseline -0.008 -14"><span class='ocrx_word' id='word_1_693' title='bbox 2263 4330 2353 4384; x_wconf 89' lang='lat' dir='ltr'><strong>cui</strong></span> <span class='ocrx_word' id='word_1_694' title='bbox 2384 4345 2503 4384; x_wconf 87' lang='lat' dir='ltr'><strong>eam</strong></span> <span class='ocrx_word' id='word_1_695' title='bbox 2535 4332 2603 4383; x_wconf 79' lang='lat' dir='ltr'><strong>al)</strong></span> <span class='ocrx_word' id='word_1_696' title='bbox 2633 4328 2836 4383; x_wconf 90' lang='lat' dir='ltr'><strong>liilario</strong></span> <span class='ocrx_word' id='word_1_697' title='bbox 2862 4329 3101 4398; x_wconf 86' lang='lat' dir='ltr'><strong>junctam</strong></span> <span class='ocrx_word' id='word_1_698' title='bbox 3124 4338 3180 4383; x_wconf 88' lang='lat' dir='ltr'><strong>et</strong></span> <span class='ocrx_word' id='word_1_699' title='bbox 3215 4329 3579 4383; x_wconf 86' lang='lat' dir='ltr'><strong>continuatam</strong></span> <span class='ocrx_word' id='word_1_700' title='bbox 3618 4336 3727 4381; x_wconf 85' lang='lat' dir='ltr'><strong>esse</strong></span> <span class='ocrx_word' id='word_1_701' title='bbox 3752 4328 3824 4398; x_wconf 56' lang='lat' dir='ltr'><strong>inf</strong></span> 
     </span>
    </p>
   </div>
   <div class='ocr_carea' id='block_1_97' title="bbox 2265 4396 3817 4470">
    <p class='ocr_par' dir='ltr' id='par_1_97' title="bbox 2265 4396 3817 4470">
     <span class='ocr_line' id='line_1_98' title="bbox 2265 4396 3817 4470; baseline -0.003 -14"><span class='ocrx_word' id='word_1_702' title='bbox 2265 4400 2411 4456; x_wconf 83' lang='lat' dir='ltr'><strong>dicat</strong></span> <span class='ocrx_word' id='word_1_703' title='bbox 2446 4401 2704 4470; x_wconf 80' lang='lat' dir='ltr'><strong>particula</strong></span> <span class='ocrx_word' id='word_1_704' title='bbox 2735 4396 2875 4453; x_wconf 57' lang='lat' dir='ltr'><strong>item;</strong></span> <span class='ocrx_word' id='word_1_705' title='bbox 2912 4398 3059 4454; x_wconf 88' lang='lat' dir='ltr'><strong>illam</strong></span> <span class='ocrx_word' id='word_1_706' title='bbox 3092 4400 3336 4455; x_wconf 91' lang='lat' dir='ltr'><strong>nonnulli</strong></span> <span class='ocrx_word' id='word_1_707' title='bbox 3369 4396 3817 4470; x_wconf 68' lang='lat' dir='ltr'><strong>scriptampulnnl</strong></span> 
     </span>
    </p>
   </div>
   <div class='ocr_carea' id='block_1_98' title="bbox 2268 4468 3823 4544">
    <p class='ocr_par' dir='ltr' id='par_1_98' title="bbox 2268 4468 3823 4544">
     <span class='ocr_line' id='line_1_99' title="bbox 2268 4468 3823 4544; baseline -0.005 -19"><span class='ocrx_word' id='word_1_708' title='bbox 2268 4468 2515 4542; x_wconf 81' lang='lat' dir='ltr'><strong>proxime</strong></span> <span class='ocrx_word' id='word_1_709' title='bbox 2544 4480 2664 4540; x_wconf 79' lang='lat' dir='ltr'><strong>post</strong></span> <span class='ocrx_word' id='word_1_710' title='bbox 2690 4470 2956 4544; x_wconf 86' lang='lat' dir='ltr'><strong>illyricam</strong></span> <span class='ocrx_word' id='word_1_711' title='bbox 2987 4471 3252 4544; x_wconf 72' lang='lat' dir='ltr'><strong>synodum</strong></span> <span class='ocrx_word' id='word_1_712' title='bbox 3293 4468 3676 4544; x_wconf 67' lang='lat' dir='ltr'><strong>anni§65.__At</strong></span> <span class='ocrx_word' id='word_1_713' title='bbox 3712 4476 3823 4543; x_wconf 76' lang='lat' dir='ltr'><strong>con-</strong></span> 
     </span>
    </p>
   </div>
   <div class='ocr_carea' id='block_1_99' title="bbox 2268 4538 3819 4610">
    <p class='ocr_par' dir='ltr' id='par_1_99' title="bbox 2268 4538 3819 4610">
     <span class='ocr_line' id='line_1_100' title="bbox 2268 4538 3819 4610; baseline 0 -14"><span class='ocrx_word' id='word_1_714' title='bbox 2268 4538 2453 4597; x_wconf 66' lang='lat' dir='ltr'><strong>venire</strong></span> <span class='ocrx_word' id='word_1_715' title='bbox 2485 4538 2627 4598; x_wconf 81' lang='lat' dir='ltr'><strong>inter</strong></span> <span class='ocrx_word' id='word_1_716' title='bbox 2652 4538 2843 4597; x_wconf 81' lang='lat' dir='ltr'><strong>omnes</strong></span> <span class='ocrx_word' id='word_1_717' title='bbox 2873 4538 3054 4610; x_wconf 76' lang='lat' dir='ltr'><strong>debet,</strong></span> <span class='ocrx_word' id='word_1_718' title='bbox 3084 4541 3247 4597; x_wconf 81' lang='lat' dir='ltr'><strong>italos</strong></span> <span class='ocrx_word' id='word_1_719' title='bbox 3280 4557 3405 4597; x_wconf 88' lang='lat' dir='ltr'><strong>cum</strong></span> <span class='ocrx_word' id='word_1_720' title='bbox 3438 4538 3614 4595; x_wconf 79' lang='lat' dir='ltr'><strong>Hilarii</strong></span> <span class='ocrx_word' id='word_1_721' title='bbox 3642 4538 3819 4610; x_wconf 69' lang='lat' dir='ltr'><strong>nostri.</strong></span> 
     </span>
    </p>
   </div>
   <div class='ocr_carea' id='block_1_100' title="bbox 570 4585 3826 4684">
    <p class='ocr_par' dir='ltr' id='par_1_100' title="bbox 570 4585 3826 4684">
     <span class='ocr_line' id='line_1_101' title="bbox 570 4585 3826 4684; baseline -0 -16"><span class='ocrx_word' id='word_1_722' title='bbox 570 4585 655 4668; x_wconf 66' lang='lat' dir='ltr'><strong>me</strong></span> <span class='ocrx_word' id='word_1_723' title='bbox 683 4585 784 4683; x_wconf 73' lang='lat' dir='ltr'><strong>eis)</strong></span> <span class='ocrx_word' id='word_1_724' title='bbox 827 4585 1152 4681; x_wconf 48' lang='lat' dir='ltr'><strong>iependenda</strong></span> <span class='ocrx_word' id='word_1_725' title='bbox 1198 4620 1271 4684; x_wconf 79' lang='lat' dir='ltr'><strong>est</strong></span> <span class='ocrx_word' id='word_1_726' title='bbox 1292 4614 1317 4665; x_wconf 71' lang='grc' dir='ltr'><em>ν</em></span> <span class='ocrx_word' id='word_1_727' title='bbox 1342 4585 1450 4665; x_wconf 54' lang='grc' dir='ltr'><strong>ἒεά</strong></span> <span class='ocrx_word' id='word_1_728' title='bbox 1480 4609 1602 4684; x_wconf 82' lang='lat' dir='ltr'><strong>mihi</strong></span> <span class='ocrx_word' id='word_1_729' title='bbox 1626 4651 1642 4674; x_wconf 94' lang='lat'><strong>,</strong></span> <span class='ocrx_word' id='word_1_730' title='bbox 1673 4611 1755 4663; x_wconf 88' lang='lat' dir='ltr'><strong>cui</strong></span> <span class='ocrx_word' id='word_1_731' title='bbox 1786 4585 2014 4684; x_wconf 60' lang='lat' dir='ltr'><strong>eandem!</strong></span> <span class='ocrx_word' id='word_1_732' title='bbox 2044 4585 2159 4665; x_wconf 59' lang='lat' dir='ltr'><strong>dm-</strong></span> <span class='ocrx_word' id='word_1_733' title='bbox 2182 4585 2239 4646; x_wconf 82' lang='lat' dir='ltr'><strong>D</strong></span> <span class='ocrx_word' id='word_1_734' title='bbox 2676 4585 3404 4684; x_wconf 41' lang='lat' dir='ltr'><strong>Vercellensis’a-lioruquue</strong></span> <span class='ocrx_word' id='word_1_735' title='bbox 3429 4626 3619 4683; x_wconf 81' lang='lat' dir='ltr'><strong>opera,</strong></span> <span class='ocrx_word' id='word_1_736' title='bbox 3653 4602 3826 4684; x_wconf 63' lang='grc' dir='ltr'><strong>ᾼεὶῐηίο</strong></span> 
     </span>
    </p>
   </div>
   <div class='ocr_carea' id='block_1_101' title="bbox 569 4680 2159 4754">
    <p class='ocr_par' dir='ltr' id='par_1_101' title="bbox 569 4680 2159 4754">
     <span class='ocr_line' id='line_1_102' title="bbox 569 4680 2159 4754; baseline 0.001 -19"><span class='ocrx_word' id='word_1_737' title='bbox 569 4687 659 4738; x_wconf 83' lang='lat' dir='ltr'><strong>uia</strong></span> <span class='ocrx_word' id='word_1_738' title='bbox 704 4680 962 4737; x_wconf 83' lang='lat' dir='ltr'><strong>moderate</strong></span> <span class='ocrx_word' id='word_1_739' title='bbox 1008 4680 1319 4749; x_wconf 84' lang='lat' dir='ltr'><strong>perpendere</strong></span> <span class='ocrx_word' id='word_1_740' title='bbox 1343 4723 1357 4745; x_wconf 95' lang='lat'><strong>,</strong></span> <span class='ocrx_word' id='word_1_741' title='bbox 1398 4682 1618 4733; x_wconf 70' lang='lat' dir='ltr'><strong>maxime</strong></span> <span class='ocrx_word' id='word_1_742' title='bbox 1658 4696 1773 4754; x_wconf 88' lang='lat' dir='ltr'><strong>cum</strong></span> <span class='ocrx_word' id='word_1_743' title='bbox 1821 4692 1868 4735; x_wconf 88' lang='lat' dir='ltr'><strong>et</strong></span> <span class='ocrx_word' id='word_1_744' title='bbox 1911 4680 2159 4754; x_wconf 48' lang='lat' dir='ltr'><strong>(Egyptii</strong></span> 
     </span>
    </p>
   </div>
   <div class='ocr_carea' id='block_1_102' title="bbox 572 4753 2151 4825">
    <p class='ocr_par' dir='ltr' id='par_1_102' title="bbox 572 4753 2151 4825">
     <span class='ocr_line' id='line_1_103' title="bbox 572 4753 2151 4825; baseline -0.001 -15"><span class='ocrx_word' id='word_1_745' title='bbox 572 4773 745 4810; x_wconf 86' lang='lat' dir='ltr'><strong>omnes</strong></span> <span class='ocrx_word' id='word_1_746' title='bbox 772 4764 818 4809; x_wconf 90' lang='lat' dir='ltr'><strong>et</strong></span> <span class='ocrx_word' id='word_1_747' title='bbox 842 4754 1021 4808; x_wconf 74' lang='lat' dir='ltr'><strong>Achivi</strong></span> <span class='ocrx_word' id='word_1_748' title='bbox 1044 4755 1173 4806; x_wconf 83' lang='lat' dir='ltr'><strong>hanc</strong></span> <span class='ocrx_word' id='word_1_749' title='bbox 1209 4753 1773 4825; x_wconf 82' lang='lat' dir='ltr'><strong>adunatesententiam</strong></span> <span class='ocrx_word' id='word_1_750' title='bbox 1819 4753 2101 4825; x_wconf 73' lang='lat' dir='ltr'><strong>receperint</strong></span> <span class='ocrx_word' id='word_1_751' title='bbox 2134 4798 2151 4823; x_wconf 88' lang='lat'><strong>,</strong></span> 
     </span>
    </p>
   </div>
   <div class='ocr_carea' id='block_1_103' title="bbox 568 4824 2160 4896">
    <p class='ocr_par' dir='ltr' id='par_1_103' title="bbox 568 4824 2160 4896">
     <span class='ocr_line' id='line_1_104' title="bbox 568 4824 2160 4896; baseline -0.001 -15"><span class='ocrx_word' id='word_1_752' title='bbox 568 4830 731 4883; x_wconf 75' lang='lat' dir='ltr'><strong>risum</strong></span> <span class='ocrx_word' id='word_1_753' title='bbox 754 4836 848 4891; x_wconf 87' lang='lat' dir='ltr'><strong>est,</strong></span> <span class='ocrx_word' id='word_1_754' title='bbox 874 4827 1184 4895; x_wconf 79' lang='lat' dir='ltr'><strong>parcendum</strong></span> <span class='ocrx_word' id='word_1_755' title='bbox 1206 4827 1411 4896; x_wconf 86' lang='lat' dir='ltr'><strong>quidem</strong></span> <span class='ocrx_word' id='word_1_756' title='bbox 1438 4824 1515 4876; x_wconf 88' lang='lat' dir='ltr'><strong>Itis</strong></span> <span class='ocrx_word' id='word_1_757' title='bbox 1543 4824 1605 4877; x_wconf 87' lang='lat' dir='ltr'><strong>de</strong></span> <span class='ocrx_word' id='word_1_758' title='bbox 1625 4825 1807 4889; x_wconf 83' lang='lat' dir='ltr'><strong>quibus</strong></span> <span class='ocrx_word' id='word_1_759' title='bbox 1836 4824 1992 4894; x_wconf 83' lang='lat' dir='ltr'><strong>supra</strong></span> <span class='ocrx_word' id='word_1_760' title='bbox 2020 4836 2160 4881; x_wconf 40' lang='lat' dir='ltr'><strong>trace</strong></span> 
     </span>
    </p>
   </div>
   <div class='ocr_carea' id='block_1_104' title="bbox 569 4895 2159 4967">
    <p class='ocr_par' dir='ltr' id='par_1_104' title="bbox 569 4895 2159 4967">
     <span class='ocr_line' id='line_1_105' title="bbox 569 4895 2159 4967; baseline 0 -15"><span class='ocrx_word' id='word_1_761' title='bbox 569 4899 806 4962; x_wconf 76' lang='lat' dir='ltr'><strong>lavimus,</strong></span> <span class='ocrx_word' id='word_1_762' title='bbox 838 4899 927 4967; x_wconf 85' lang='lat' dir='ltr'><strong>qui</strong></span> <span class='ocrx_word' id='word_1_763' title='bbox 956 4895 1395 4965; x_wconf 81' lang='lat' dir='ltr'><strong>nimirumsnpra</strong></span> <span class='ocrx_word' id='word_1_764' title='bbox 1438 4895 1564 4949; x_wconf 75' lang='lat' dir='ltr'><strong>dicti</strong></span> <span class='ocrx_word' id='word_1_765' title='bbox 1607 4905 1734 4950; x_wconf 90' lang='lat' dir='ltr'><strong>sunt</strong></span> <span class='ocrx_word' id='word_1_766' title='bbox 1763 4897 1813 4950; x_wconf 83' lang='lat' dir='ltr'><strong>in</strong></span> <span class='ocrx_word' id='word_1_767' title='bbox 1847 4900 2048 4954; x_wconf 85' lang='lat' dir='ltr'><strong>erroris</strong></span> <span class='ocrx_word' id='word_1_768' title='bbox 2081 4899 2159 4952; x_wconf 83' lang='lat' dir='ltr'><strong>la-</strong></span> 
     </span>
    </p>
   </div>
   <div class='ocr_carea' id='block_1_105' title="bbox 570 4966 2159 5039">
    <p class='ocr_par' dir='ltr' id='par_1_105' title="bbox 570 4966 2159 5039">
     <span class='ocr_line' id='line_1_106' title="bbox 570 4966 2159 5039; baseline 0 -14"><span class='ocrx_word' id='word_1_769' title='bbox 570 4986 765 5039; x_wconf 78' lang='lat' dir='ltr'><strong>queuin</strong></span> <span class='ocrx_word' id='word_1_770' title='bbox 800 4966 871 5022; x_wconf 79' lang='lat' dir='ltr'><strong>ita</strong></span> <span class='ocrx_word' id='word_1_771' title='bbox 905 4968 1177 5035; x_wconf 67' lang='lat' dir='ltr'><strong>illCldiSae,</strong></span> <span class='ocrx_word' id='word_1_772' title='bbox 1211 4976 1271 5022; x_wconf 90' lang='lat' dir='ltr'><strong>ut</strong></span> <span class='ocrx_word' id='word_1_773' title='bbox 1314 4969 1475 5023; x_wconf 75' lang='lat' dir='ltr'><strong>illmsa</strong></span> <span class='ocrx_word' id='word_1_774' title='bbox 1530 4966 1650 5022; x_wconf 85' lang='lat' dir='ltr'><strong>lidei</strong></span> <span class='ocrx_word' id='word_1_775' title='bbox 1681 4969 2009 5025; x_wconf 87' lang='lat' dir='ltr'><strong>conscientia</strong></span> <span class='ocrx_word' id='word_1_776' title='bbox 2039 4970 2159 5025; x_wconf 79' lang='lat' dir='ltr'><strong>hae-</strong></span> 
     </span>
    </p>
   </div>
   <div class='ocr_carea' id='block_1_106' title="bbox 567 5040 2139 5099">
    <p class='ocr_par' dir='ltr' id='par_1_106' title="bbox 567 5040 2139 5099">
     <span class='ocr_line' id='line_1_107' title="bbox 567 5040 2139 5099; baseline -0.006 -4"><span class='ocrx_word' id='word_1_777' title='bbox 567 5042 751 5096; x_wconf 80' lang='lat' dir='ltr'><strong>reticis</strong></span> <span class='ocrx_word' id='word_1_778' title='bbox 779 5040 1136 5094; x_wconf 86' lang='lat' dir='ltr'><strong>consenserit.</strong></span> <span class='ocrx_word' id='word_1_779' title='bbox 2134 5094 2139 5099; x_wconf 29' lang='grc' dir='ltr'><strong>ε</strong></span> 
     </span>
    </p>
   </div>
   <div class='ocr_carea' id='block_1_107' title="bbox 643 5110 2161 5184">
    <p class='ocr_par' dir='ltr' id='par_1_107' title="bbox 643 5110 2161 5184">
     <span class='ocr_line' id='line_1_108' title="bbox 643 5110 2161 5184; baseline 0.001 -18"><span class='ocrx_word' id='word_1_780' title='bbox 643 5113 722 5182; x_wconf 88' lang='lat' dir='ltr'><strong>(b)</strong></span> <span class='ocrx_word' id='word_1_781' title='bbox 777 5110 887 5165; x_wconf 86' lang='lat' dir='ltr'><strong>iioc</strong></span> <span class='ocrx_word' id='word_1_782' title='bbox 911 5112 1021 5184; x_wconf 81' lang='lat' dir='ltr'><strong>jam</strong></span> <span class='ocrx_word' id='word_1_783' title='bbox 1086 5110 1423 5184; x_wconf 84' lang='lat' dir='ltr'><strong>interpretati</strong></span> <span class='ocrx_word' id='word_1_784' title='bbox 1462 5123 1664 5184; x_wconf 83' lang='lat' dir='ltr'><strong>sumus</strong></span> <span class='ocrx_word' id='word_1_785' title='bbox 1717 5110 1785 5184; x_wconf 77' lang='lat' dir='ltr'><strong>de</strong></span> <span class='ocrx_word' id='word_1_786' title='bbox 1838 5111 2046 5184; x_wconf 86' lang='lat' dir='ltr'><strong>synodo</strong></span> <span class='ocrx_word' id='word_1_787' title='bbox 2099 5111 2161 5167; x_wconf 80' lang='lat' dir='ltr'><strong>in</strong></span> 
     </span>
    </p>
   </div>
   <div class='ocr_carea' id='block_1_108' title="bbox 569 5181 2159 5255">
    <p class='ocr_par' dir='ltr' id='par_1_108' title="bbox 569 5181 2159 5255">
     <span class='ocr_line' id='line_1_109' title="bbox 569 5181 2159 5255; baseline 0.001 -18"><span class='ocrx_word' id='word_1_788' title='bbox 569 5181 773 5239; x_wconf 80' lang='lat' dir='ltr'><strong>Achaia</strong></span> <span class='ocrx_word' id='word_1_789' title='bbox 826 5182 985 5255; x_wconf 81' lang='lat' dir='ltr'><strong>paulo</strong></span> <span class='ocrx_word' id='word_1_790' title='bbox 1025 5192 1144 5255; x_wconf 79' lang='lat' dir='ltr'><strong>post</strong></span> <span class='ocrx_word' id='word_1_791' title='bbox 1188 5181 1601 5236; x_wconf 80' lang='lat' dir='ltr'><strong>Alexandrinam</strong></span> <span class='ocrx_word' id='word_1_792' title='bbox 1648 5181 1948 5238; x_wconf 42' lang='lat' dir='ltr'><strong>habitaﬂln</strong></span> <span class='ocrx_word' id='word_1_793' title='bbox 1991 5196 2159 5255; x_wconf 85' lang='lat' dir='ltr'><strong>quam</strong></span> 
     </span>
    </p>
   </div>
   <div class='ocr_carea' id='block_1_109' title="bbox 570 5254 2161 5325">
    <p class='ocr_par' dir='ltr' id='par_1_109' title="bbox 570 5254 2161 5325">
     <span class='ocr_line' id='line_1_110' title="bbox 570 5254 2161 5325; baseline 0.001 -16"><span class='ocrx_word' id='word_1_794' title='bbox 570 5256 794 5325; x_wconf 88' lang='lat' dir='ltr'><strong>respicit</strong></span> <span class='ocrx_word' id='word_1_795' title='bbox 822 5254 1321 5325; x_wconf 74' lang='lat' dir='ltr'><strong>Athanasius,cum</strong></span> <span class='ocrx_word' id='word_1_796' title='bbox 1354 5265 1491 5325; x_wconf 73' lang='lat' dir='ltr'><strong>tom.</strong></span> <span class='ocrx_word' id='word_1_797' title='bbox 1519 5264 1559 5305; x_wconf 88' lang='lat' dir='ltr'><strong>Ii</strong></span> <span class='ocrx_word' id='word_1_798' title='bbox 1602 5266 1654 5321; x_wconf 90' lang='lat' dir='ltr'><strong>p.</strong></span> <span class='ocrx_word' id='word_1_799' title='bbox 1689 5256 1777 5318; x_wconf 75' lang='lat'><strong>40,</strong></span> <span class='ocrx_word' id='word_1_800' title='bbox 1808 5270 1835 5307; x_wconf 89' lang='lat' dir='ltr'><strong>a</strong></span> <span class='ocrx_word' id='word_1_801' title='bbox 1865 5254 2161 5311; x_wconf 77' lang='lat' dir='ltr'><strong>Ruﬁriiano</strong></span> 
     </span>
    </p>
   </div>
   <div class='ocr_carea' id='block_1_110' title="bbox 569 5323 2152 5397">
    <p class='ocr_par' dir='ltr' id='par_1_110' title="bbox 569 5323 2152 5397">
     <span class='ocr_line' id='line_1_111' title="bbox 569 5323 2152 5397; baseline 0.001 -17"><span class='ocrx_word' id='word_1_802' title='bbox 569 5323 870 5391; x_wconf 80' lang='lat' dir='ltr'><strong>consultus,</strong></span> <span class='ocrx_word' id='word_1_803' title='bbox 901 5324 1028 5397; x_wconf 82' lang='lat' dir='ltr'><strong>quid</strong></span> <span class='ocrx_word' id='word_1_804' title='bbox 1046 5324 1113 5378; x_wconf 87' lang='lat' dir='ltr'><strong>de</strong></span> <span class='ocrx_word' id='word_1_805' title='bbox 1141 5323 1595 5397; x_wconf 9' lang='lat' dir='ltr'><strong>hisgsentienduut</strong></span> <span class='ocrx_word' id='word_1_806' title='bbox 1619 5326 1703 5392; x_wconf 89' lang='lat' dir='ltr'><strong>qui</strong></span> <span class='ocrx_word' id='word_1_807' title='bbox 1726 5327 2019 5381; x_wconf 88' lang='lat' dir='ltr'><strong>necessitate</strong></span> <span class='ocrx_word' id='word_1_808' title='bbox 2039 5328 2152 5397; x_wconf 87' lang='lat' dir='ltr'><strong>qui-</strong></span> 
     </span>
    </p>
   </div>
   <div class='ocr_carea' id='block_1_111' title="bbox 573 5394 2155 5465">
    <p class='ocr_par' dir='ltr' id='par_1_111' title="bbox 573 5394 2155 5465">
     <span class='ocr_line' id='line_1_112' title="bbox 573 5394 2155 5465; baseline 0.002 -16"><span class='ocrx_word' id='word_1_809' title='bbox 573 5397 686 5450; x_wconf 79' lang='lat' dir='ltr'><strong>dem</strong></span> <span class='ocrx_word' id='word_1_810' title='bbox 713 5398 837 5463; x_wconf 88' lang='lat' dir='ltr'><strong>acti,</strong></span> <span class='ocrx_word' id='word_1_811' title='bbox 861 5395 950 5450; x_wconf 84' lang='lat' dir='ltr'><strong>sed</strong></span> <span class='ocrx_word' id='word_1_812' title='bbox 975 5410 1078 5449; x_wconf 90' lang='lat' dir='ltr'><strong>non</strong></span> <span class='ocrx_word' id='word_1_813' title='bbox 1100 5395 1306 5449; x_wconf 86' lang='lat' dir='ltr'><strong>omnino</strong></span> <span class='ocrx_word' id='word_1_814' title='bbox 1336 5394 1618 5465; x_wconf 72' lang='lat' dir='ltr'><strong>proﬂigati,</strong></span> <span class='ocrx_word' id='word_1_815' title='bbox 1633 5410 1666 5449; x_wconf 88' lang='lat' dir='ltr'><strong>a</strong></span> <span class='ocrx_word' id='word_1_816' title='bbox 1686 5396 1790 5464; x_wconf 82' lang='lat' dir='ltr'><strong>ﬁde</strong></span> <span class='ocrx_word' id='word_1_817' title='bbox 1808 5394 2155 5464; x_wconf 84' lang='lat' dir='ltr'><strong>aberrarunt;</strong></span> 
     </span>
    </p>
   </div>
   <div class='ocr_carea' id='block_1_112' title="bbox 568 5464 2149 5549">
    <p class='ocr_par' dir='ltr' id='par_1_112' title="bbox 568 5464 2149 5549">
     <span class='ocr_line' id='line_1_113' title="bbox 568 5464 2149 5549; baseline 0.001 -28"><span class='ocrx_word' id='word_1_818' title='bbox 568 5468 866 5549; x_wconf 65' lang='lat' dir='ltr'><strong>respondet</strong></span> <span class='ocrx_word' id='word_1_819' title='bbox 882 5466 1261 5549; x_wconf 58' lang='lat' dir='ltr'><strong>habitaseadc</strong></span> <span class='ocrx_word' id='word_1_820' title='bbox 1288 5464 1345 5549; x_wconf 74' lang='lat' dir='ltr'><strong>re</strong></span> <span class='ocrx_word' id='word_1_821' title='bbox 1368 5464 1630 5549; x_wconf 69' lang='lat' dir='ltr'><strong>synodos,</strong></span> <span class='ocrx_word' id='word_1_822' title='bbox 1649 5469 1881 5549; x_wconf 71' lang='lat' dir='ltr'><strong>primum</strong></span> <span class='ocrx_word' id='word_1_823' title='bbox 1907 5471 2149 5525; x_wconf 86' lang='lat' dir='ltr'><strong>Alexan-</strong></span> 
     </span>
    </p>
   </div>
   <div class='ocr_carea' id='block_1_113' title="bbox 564 5535 2074 5608">
    <p class='ocr_par' dir='ltr' id='par_1_113' title="bbox 564 5535 2074 5608">
     <span class='ocr_line' id='line_1_114' title="bbox 564 5535 2074 5608; baseline 0.002 -16"><span class='ocrx_word' id='word_1_824' title='bbox 564 5535 719 5603; x_wconf 51' lang='lat' dir='ltr'><strong>driae,</strong></span> <span class='ocrx_word' id='word_1_825' title='bbox 748 5555 810 5594; x_wconf 87' lang='lat' dir='ltr'><strong>ac</strong></span> <span class='ocrx_word' id='word_1_826' title='bbox 833 5539 1029 5594; x_wconf 88' lang='lat' dir='ltr'><strong>deinde</strong></span> <span class='ocrx_word' id='word_1_827' title='bbox 1053 5539 1122 5593; x_wconf 89' lang='lat' dir='ltr'><strong>ab</strong></span> <span class='ocrx_word' id='word_1_828' title='bbox 1149 5538 1213 5593; x_wconf 86' lang='lat' dir='ltr'><strong>iis</strong></span> <span class='ocrx_word' id='word_1_829' title='bbox 1242 5537 1335 5608; x_wconf 85' lang='lat' dir='ltr'><strong>qui</strong></span> <span class='ocrx_word' id='word_1_830' title='bbox 1363 5535 1630 5608; x_wconf 77' lang='lat' dir='ltr'><strong>Graeciam</strong></span> <span class='ocrx_word' id='word_1_831' title='bbox 1650 5535 1895 5596; x_wconf 83' lang='lat' dir='ltr'><strong>incolunt</strong></span> <span class='ocrx_word' id='word_1_832' title='bbox 1921 5582 1934 5607; x_wconf 89' lang='lat'><strong>,</strong></span> <span class='ocrx_word' id='word_1_833' title='bbox 1968 5549 2074 5597; x_wconf 87' lang='lat' dir='ltr'><strong>etc.</strong></span> 
     </span>
    </p>
   </div>
   <div class='ocr_carea' id='block_1_114' title="bbox 634 5607 2151 5681">
    <p class='ocr_par' dir='ltr' id='par_1_114' title="bbox 634 5607 2151 5681">
     <span class='ocr_line' id='line_1_115' title="bbox 634 5607 2151 5681; baseline 0.003 -17"><span class='ocrx_word' id='word_1_834' title='bbox 634 5609 707 5681; x_wconf 76' lang='grc' dir='ltr'><strong>(ο)</strong></span> <span class='ocrx_word' id='word_1_835' title='bbox 729 5612 782 5665; x_wconf 91' lang='lat' dir='ltr'><strong>in</strong></span> <span class='ocrx_word' id='word_1_836' title='bbox 807 5610 1091 5667; x_wconf 70' lang='lat' dir='ltr'><strong>Pithmano</strong></span> <span class='ocrx_word' id='word_1_837' title='bbox 1116 5609 1572 5681; x_wconf 83' lang='lat' dir='ltr'><strong>ms.,benissinta:</strong></span> <span class='ocrx_word' id='word_1_838' title='bbox 1596 5607 1733 5666; x_wconf 85' lang='lat' dir='ltr'><strong>forte</strong></span> <span class='ocrx_word' id='word_1_839' title='bbox 1753 5628 1847 5681; x_wconf 89' lang='lat' dir='ltr'><strong>pro</strong></span> <span class='ocrx_word' id='word_1_840' title='bbox 1866 5614 2151 5669; x_wconf 80' lang='lat' dir='ltr'><strong>lenissima.</strong></span> 
     </span>
    </p>
   </div>
   <div class='ocr_carea' id='block_1_115' title="bbox 570 5680 2156 5749">
    <p class='ocr_par' dir='ltr' id='par_1_115' title="bbox 570 5680 2156 5749">
     <span class='ocr_line' id='line_1_116' title="bbox 570 5680 2156 5749; baseline 0.004 -16"><span class='ocrx_word' id='word_1_841' title='bbox 570 5680 693 5735; x_wconf 75' lang='lat' dir='ltr'><strong>Mox</strong></span> <span class='ocrx_word' id='word_1_842' title='bbox 721 5684 771 5736; x_wconf 85' lang='lat' dir='ltr'><strong>in</strong></span> <span class='ocrx_word' id='word_1_843' title='bbox 801 5697 903 5737; x_wconf 83' lang='lat' dir='ltr'><strong>ius.</strong></span> <span class='ocrx_word' id='word_1_844' title='bbox 942 5684 1105 5745; x_wconf 88' lang='lat' dir='ltr'><strong>Sirm,</strong></span> <span class='ocrx_word' id='word_1_845' title='bbox 1141 5680 1475 5749; x_wconf 81' lang='lat' dir='ltr'><strong>latebrosum,</strong></span> <span class='ocrx_word' id='word_1_846' title='bbox 1510 5693 1615 5736; x_wconf 90' lang='lat' dir='ltr'><strong>non</strong></span> <span class='ocrx_word' id='word_1_847' title='bbox 1647 5683 1987 5740; x_wconf 81' lang='lat' dir='ltr'><strong>tenebrosum.</strong></span> <span class='ocrx_word' id='word_1_848' title='bbox 2017 5685 2156 5740; x_wconf 86' lang='lat' dir='ltr'><strong>Ora-</strong></span> 
     </span>
    </p>
   </div>
   <div class='ocr_carea' id='block_1_116' title="bbox 564 5752 2153 5829">
    <p class='ocr_par' dir='ltr' id='par_1_116' title="bbox 564 5752 2153 5829">
     <span class='ocr_line' id='line_1_117' title="bbox 564 5752 2153 5829; baseline 0.004 -22"><span class='ocrx_word' id='word_1_849' title='bbox 564 5754 639 5810; x_wconf 90' lang='lat' dir='ltr'><strong>tio</strong></span> <span class='ocrx_word' id='word_1_850' title='bbox 664 5766 877 5809; x_wconf 80' lang='lat' dir='ltr'><strong>rursttm</strong></span> <span class='ocrx_word' id='word_1_851' title='bbox 897 5752 985 5810; x_wconf 86' lang='lat' dir='ltr'><strong>bie</strong></span> <span class='ocrx_word' id='word_1_852' title='bbox 1006 5752 1263 5825; x_wconf 88' lang='lat' dir='ltr'><strong>perplexa</strong></span> <span class='ocrx_word' id='word_1_853' title='bbox 1285 5763 1339 5810; x_wconf 91' lang='lat' dir='ltr'><strong>et</strong></span> <span class='ocrx_word' id='word_1_854' title='bbox 1363 5753 1673 5823; x_wconf 88' lang='lat' dir='ltr'><strong>perturbata</strong></span> <span class='ocrx_word' id='word_1_855' title='bbox 1696 5756 1776 5813; x_wconf 89' lang='lat' dir='ltr'><strong>sic</strong></span> <span class='ocrx_word' id='word_1_856' title='bbox 1798 5756 1995 5815; x_wconf 85' lang='lat' dir='ltr'><strong>clarius</strong></span> <span class='ocrx_word' id='word_1_857' title='bbox 2025 5770 2153 5829; x_wconf 79' lang='lat' dir='ltr'><strong>pos-</strong></span> 
     </span>
    </p>
   </div>
   <div class='ocr_carea' id='block_1_117' title="bbox 2182 5937 2247 5948">
    <p class='ocr_par' dir='ltr' id='par_1_117' title="bbox 2182 5937 2247 5948">
     <span class='ocr_line' id='line_1_118' title="bbox 2182 5937 2247 5948; baseline 0 0"><span class='ocrx_word' id='word_1_858' title='bbox 2182 5937 2247 5948; x_wconf 51' lang='grc' dir='ltr'><strong>*ι</strong></span> 
     </span>
    </p>
   </div>
   <div class='ocr_carea' id='block_1_118' title="bbox 2273 4675 3818 4757">
    <p class='ocr_par' dir='ltr' id='par_1_118' title="bbox 2273 4675 3818 4757">
     <span class='ocr_line' id='line_1_119' title="bbox 2273 4675 3818 4757; baseline -0.007 -17"><span class='ocrx_word' id='word_1_859' title='bbox 2273 4685 2458 4742; x_wconf 87' lang='lat' dir='ltr'><strong>nensis</strong></span> <span class='ocrx_word' id='word_1_860' title='bbox 2482 4685 2697 4741; x_wconf 90' lang='lat' dir='ltr'><strong>concilii</strong></span> <span class='ocrx_word' id='word_1_861' title='bbox 2746 4687 2963 4740; x_wconf 83' lang='lat' dir='ltr'><strong>decreta</strong></span> <span class='ocrx_word' id='word_1_862' title='bbox 3011 4697 3136 4739; x_wconf 88' lang='lat' dir='ltr'><strong>ante</strong></span> <span class='ocrx_word' id='word_1_863' title='bbox 3166 4675 3368 4757; x_wconf 69' lang='lat' dir='ltr'><strong>altumin</strong></span> <span class='ocrx_word' id='word_1_864' title='bbox 3410 4675 3818 4757; x_wconf 63' lang='lat' dir='ltr'><strong>365_rescidisse.</strong></span> 
     </span>
    </p>
   </div>
   <div class='ocr_carea' id='block_1_119' title="bbox 2271 4752 3819 4828">
    <p class='ocr_par' dir='ltr' id='par_1_119' title="bbox 2271 4752 3819 4828">
     <span class='ocr_line' id='line_1_120' title="bbox 2271 4752 3819 4828; baseline -0.005 -15"><span class='ocrx_word' id='word_1_865' title='bbox 2271 4759 2459 4828; x_wconf 81' lang='lat' dir='ltr'><strong>Neque</strong></span> <span class='ocrx_word' id='word_1_866' title='bbox 2486 4773 2617 4813; x_wconf 86' lang='lat' dir='ltr'><strong>vero</strong></span> <span class='ocrx_word' id='word_1_867' title='bbox 2646 4758 2714 4811; x_wconf 89' lang='lat' dir='ltr'><strong>ab</strong></span> <span class='ocrx_word' id='word_1_868' title='bbox 2742 4758 2808 4812; x_wconf 88' lang='lat' dir='ltr'><strong>iis</strong></span> <span class='ocrx_word' id='word_1_869' title='bbox 2838 4757 3181 4828; x_wconf 72' lang='lat' dir='ltr'><strong>alirngautlis,</strong></span> <span class='ocrx_word' id='word_1_870' title='bbox 3214 4755 3409 4828; x_wconf 85' lang='lat' dir='ltr'><strong>quibus</strong></span> <span class='ocrx_word' id='word_1_871' title='bbox 3446 4753 3590 4809; x_wconf 85' lang='lat' dir='ltr'><strong>inviti</strong></span> <span class='ocrx_word' id='word_1_872' title='bbox 3612 4752 3819 4828; x_wconf 60' lang='lat' dir='ltr'><strong>decepi!-</strong></span> 
     </span>
    </p>
   </div>
   <div class='ocr_carea' id='block_1_120' title="bbox 2275 4814 3820 4899">
    <p class='ocr_par' dir='ltr' id='par_1_120' title="bbox 2275 4814 3820 4899">
     <span class='ocr_line' id='line_1_121' title="bbox 2275 4814 3820 4899; baseline -0.005 -16"><span class='ocrx_word' id='word_1_873' title='bbox 2275 4814 2388 4899; x_wconf 73' lang='grc' dir='ltr'><strong>(ιιιέ</strong></span> <span class='ocrx_word' id='word_1_874' title='bbox 2406 4837 2816 4892; x_wconf 88' lang='lat' dir='ltr'><strong>consenserant,</strong></span> <span class='ocrx_word' id='word_1_875' title='bbox 2844 4828 2933 4882; x_wconf 88' lang='lat' dir='ltr'><strong>diu</strong></span> <span class='ocrx_word' id='word_1_876' title='bbox 2963 4814 3301 4897; x_wconf 69' lang='lat' dir='ltr'><strong>multumque</strong></span> <span class='ocrx_word' id='word_1_877' title='bbox 3327 4826 3663 4899; x_wconf 74' lang='lat' dir='ltr'><strong>abliurruere.</strong></span> <span class='ocrx_word' id='word_1_878' title='bbox 3691 4814 3820 4899; x_wconf 59' lang='lat' dir='ltr'><strong>Uit_d§</strong></span> 
     </span>
    </p>
   </div>
   <div class='ocr_carea' id='block_1_121' title="bbox 2275 4887 3820 4970">
    <p class='ocr_par' dir='ltr' id='par_1_121' title="bbox 2275 4887 3820 4970">
     <span class='ocr_line' id='line_1_122' title="bbox 2275 4887 3820 4970; baseline -0.01 -14"><span class='ocrx_word' id='word_1_879' title='bbox 2275 4887 2523 4956; x_wconf 67' lang='lat' dir='ltr'><strong>Liberius</strong></span> <span class='ocrx_word' id='word_1_880' title='bbox 2550 4899 2691 4970; x_wconf 91' lang='lat' dir='ltr'><strong>apud</strong></span> <span class='ocrx_word' id='word_1_881' title='bbox 2720 4887 2997 4956; x_wconf 80' lang='lat' dir='ltr'><strong>Socratem</strong></span> <span class='ocrx_word' id='word_1_882' title='bbox 3027 4899 3118 4970; x_wconf 83' lang='lat' dir='ltr'><strong>lib.</strong></span> <span class='ocrx_word' id='word_1_883' title='bbox 3164 4887 3239 4963; x_wconf 49' lang='lat' dir='ltr'><strong>iv’,</strong></span> <span class='ocrx_word' id='word_1_884' title='bbox 3263 4913 3312 4953; x_wconf 91' lang='lat' dir='ltr'><strong>c.</strong></span> <span class='ocrx_word' id='word_1_885' title='bbox 3347 4899 3444 4970; x_wconf 42' lang='grc' dir='ltr'><strong>ηε</strong></span> <span class='ocrx_word' id='word_1_886' title='bbox 3462 4896 3526 4951; x_wconf 91' lang='lat' dir='ltr'><strong>ad</strong></span> <span class='ocrx_word' id='word_1_887' title='bbox 3554 4887 3820 4970; x_wconf 61' lang='lat' dir='ltr'><strong>Orientales</strong></span> 
     </span>
    </p>
   </div>
   <div class='ocr_carea' id='block_1_122' title="bbox 2276 4956 3820 5043">
    <p class='ocr_par' dir='ltr' id='par_1_122' title="bbox 2276 4956 3820 5043">
     <span class='ocr_line' id='line_1_123' title="bbox 2276 4956 3820 5043; baseline -0.011 -15"><span class='ocrx_word' id='word_1_888' title='bbox 2276 4971 2559 5042; x_wconf 82' lang='lat' dir='ltr'><strong>Lampsaci</strong></span> <span class='ocrx_word' id='word_1_889' title='bbox 2584 4956 2936 5041; x_wconf 77' lang='lat' dir='ltr'><strong>cnitgrcgatns</strong></span> <span class='ocrx_word' id='word_1_890' title='bbox 2954 4969 3195 5043; x_wconf 7' lang='lat' dir='ltr'><strong>(nondum</strong></span> <span class='ocrx_word' id='word_1_891' title='bbox 3222 4956 3397 5043; x_wconf 80' lang='lat' dir='ltr'><strong>habita</strong></span> <span class='ocrx_word' id='word_1_892' title='bbox 3420 4956 3623 5043; x_wconf 72' lang='lat' dir='ltr'><strong>illyrica</strong></span> <span class='ocrx_word' id='word_1_893' title='bbox 3643 4956 3820 5043; x_wconf 64' lang='lat' dir='ltr'><strong>synodo</strong></span> 
     </span>
    </p>
   </div>
   <div class='ocr_carea' id='block_1_123' title="bbox 2277 5026 3818 5105">
    <p class='ocr_par' dir='ltr' id='par_1_123' title="bbox 2277 5026 3818 5105">
     <span class='ocr_line' id='line_1_124' title="bbox 2277 5026 3818 5105; baseline -0.007 -7"><span class='ocrx_word' id='word_1_894' title='bbox 2277 5026 2533 5099; x_wconf 68' lang='lat' dir='ltr'><strong>rescribit</strong></span> <span class='ocrx_word' id='word_1_895' title='bbox 2554 5084 2567 5105; x_wconf 89' lang='lat'><strong>,</strong></span> <span class='ocrx_word' id='word_1_896' title='bbox 2595 5026 2769 5098; x_wconf 59' lang='lat' dir='ltr'><strong>omnes</strong></span> <span class='ocrx_word' id='word_1_897' title='bbox 2785 5026 3137 5096; x_wconf 43' lang='lat' dir='ltr'><strong>ﬁriminensis</strong></span> <span class='ocrx_word' id='word_1_898' title='bbox 3182 5042 3384 5095; x_wconf 87' lang='lat' dir='ltr'><strong>concilii</strong></span> <span class='ocrx_word' id='word_1_899' title='bbox 3414 5026 3738 5105; x_wconf 52' lang='lat' dir='ltr'><strong>bla&#39;spltemi&#39;aa</strong></span> <span class='ocrx_word' id='word_1_900' title='bbox 3766 5026 3818 5080; x_wconf 67' lang='grc' dir='ltr'><strong>αθ</strong></span> 
     </span>
    </p>
   </div>
   <div class='ocr_carea' id='block_1_124' title="bbox 2273 5098 3817 5190">
    <p class='ocr_par' dir='ltr' id='par_1_124' title="bbox 2273 5098 3817 5190">
     <span class='ocr_line' id='line_1_125' title="bbox 2273 5098 3817 5190; baseline -0.006 -22"><span class='ocrx_word' id='word_1_901' title='bbox 2273 5117 2381 5170; x_wconf 82' lang='lat' dir='ltr'><strong>illis</strong></span> <span class='ocrx_word' id='word_1_902' title='bbox 2401 5098 2663 5190; x_wconf 55' lang='lat' dir='ltr'><strong>ipsis,:qui</strong></span> <span class='ocrx_word' id='word_1_903' title='bbox 2691 5124 2811 5190; x_wconf 75' lang='lat' dir='ltr'><strong>tunc</strong></span> <span class='ocrx_word' id='word_1_904' title='bbox 2850 5130 2939 5186; x_wconf 87' lang='lat' dir='ltr'><strong>per</strong></span> <span class='ocrx_word' id='word_1_905' title='bbox 2967 5113 3205 5185; x_wconf 81' lang='lat' dir='ltr'><strong>fraudem</strong></span> <span class='ocrx_word' id='word_1_906' title='bbox 3250 5111 3448 5190; x_wconf 74' lang='lat' dir='ltr'><strong>decepti</strong></span> <span class='ocrx_word' id='word_1_907' title='bbox 3494 5098 3643 5190; x_wconf 70' lang='lat' dir='ltr'><strong>fuisse</strong></span> 
     </span>
    </p>
   </div>
   <div class='ocr_carea' id='block_1_125' title="bbox 2274 5171 3818 5258">
    <p class='ocr_par' dir='ltr' id='par_1_125' title="bbox 2274 5171 3818 5258">
     <span class='ocr_line' id='line_1_126' title="bbox 2274 5171 3818 5258; baseline -0.006 -17"><span class='ocrx_word' id='word_1_908' title='bbox 2274 5197 2384 5252; x_wconf 77' lang='lat' dir='ltr'><strong>(ur,</strong></span> <span class='ocrx_word' id='word_1_909' title='bbox 2419 5171 2749 5258; x_wconf 60' lang='lat' dir='ltr'><strong>bnathemate</strong></span> <span class='ocrx_word' id='word_1_910' title='bbox 2775 5171 3048 5258; x_wconf 58' lang='lat' dir='ltr'><strong>damnatas</strong></span> <span class='ocrx_word' id='word_1_911' title='bbox 3078 5201 3206 5258; x_wconf 79' lang='lat' dir='ltr'><strong>esse,</strong></span> <span class='ocrx_word' id='word_1_912' title='bbox 3234 5193 3278 5237; x_wconf 89' lang='lat' dir='ltr'><strong>et</strong></span> <span class='ocrx_word' id='word_1_913' title='bbox 3304 5171 3558 5258; x_wconf 64' lang='lat' dir='ltr'><strong>universos</strong></span> 
     </span>
    </p>
   </div>
   <div class='ocr_carea' id='block_1_126' title="bbox 2275 5242 3815 5327">
    <p class='ocr_par' dir='ltr' id='par_1_126' title="bbox 2275 5242 3815 5327">
     <span class='ocr_line' id='line_1_127' title="bbox 2275 5242 3815 5327; baseline -0.008 -16"><span class='ocrx_word' id='word_1_914' title='bbox 2275 5242 2397 5327; x_wconf 80' lang='lat' dir='ltr'><strong>nam</strong></span> <span class='ocrx_word' id='word_1_915' title='bbox 2426 5257 2582 5327; x_wconf 82' lang='lat' dir='ltr'><strong>ﬁdem</strong></span> <span class='ocrx_word' id='word_1_916' title='bbox 2607 5256 3021 5325; x_wconf 88' lang='lat' dir='ltr'><strong>conspirantibua</strong></span> <span class='ocrx_word' id='word_1_917' title='bbox 3038 5242 3224 5310; x_wconf 74' lang='lat' dir='ltr'><strong>animis</strong></span> <span class='ocrx_word' id='word_1_918' title='bbox 3248 5254 3583 5327; x_wconf 36' lang='lat' dir='ltr'><strong>consensisse:</strong></span> <span class='ocrx_word' id='word_1_919' title='bbox 3601 5246 3653 5303; x_wconf 86' lang='lat' dir='ltr'><strong>Si</strong></span> <span class='ocrx_word' id='word_1_920' title='bbox 3678 5242 3815 5327; x_wconf 62' lang='grc' dir='ltr'><strong>ἰείξιξς</strong></span> 
     </span>
    </p>
   </div>
   <div class='ocr_carea' id='block_1_127' title="bbox 2274 5309 3817 5389">
    <p class='ocr_par' dir='ltr' id='par_1_127' title="bbox 2274 5309 3817 5389">
     <span class='ocr_line' id='line_1_128' title="bbox 2274 5309 3817 5389; baseline -0.005 -8"><span class='ocrx_word' id='word_1_921' title='bbox 2426 5309 2792 5384; x_wconf 53' lang='lat' dir='ltr'><strong>&#39;Arimiitensris</strong></span> <span class='ocrx_word' id='word_1_922' title='bbox 2836 5309 3265 5382; x_wconf 72' lang='lat' dir='ltr'><strong>Conciliistatuta</strong></span> <span class='ocrx_word' id='word_1_923' title='bbox 3316 5338 3462 5381; x_wconf 86' lang='lat' dir='ltr'><strong>nunc</strong></span> <span class='ocrx_word' id='word_1_924' title='bbox 3509 5309 3717 5389; x_wconf 58' lang='lat' dir='ltr'><strong>primum</strong></span> <span class='ocrx_word' id='word_1_925' title='bbox 3743 5309 3817 5367; x_wconf 62' lang='grc' dir='ltr'>δίε</span> 
     </span>
    </p>
   </div>
   <div class='ocr_carea' id='block_1_128' title="bbox 2275 5386 3818 5473">
    <p class='ocr_par' dir='ltr' id='par_1_128' title="bbox 2275 5386 3818 5473">
     <span class='ocr_line' id='line_1_129' title="bbox 2275 5386 3818 5473; baseline -0.008 -18"><span class='ocrx_word' id='word_1_926' title='bbox 2275 5398 2424 5473; x_wconf 85' lang='lat' dir='ltr'><strong>irrita</strong></span> <span class='ocrx_word' id='word_1_927' title='bbox 2467 5400 2763 5473; x_wconf 83' lang='lat' dir='ltr'><strong>declarant,</strong></span> <span class='ocrx_word' id='word_1_928' title='bbox 2794 5399 2895 5473; x_wconf 85' lang='lat' dir='ltr'><strong>hoc</strong></span> <span class='ocrx_word' id='word_1_929' title='bbox 2921 5399 2989 5473; x_wconf 83' lang='lat' dir='ltr'><strong>ad</strong></span> <span class='ocrx_word' id='word_1_930' title='bbox 3013 5413 3224 5473; x_wconf 79' lang='lat' dir='ltr'><strong>annuin_</strong></span> <span class='ocrx_word' id='word_1_931' title='bbox 3243 5396 3348 5452; x_wconf 78' lang='lat'><strong>365</strong></span> <span class='ocrx_word' id='word_1_932' title='bbox 3375 5406 3464 5473; x_wconf 71' lang='lat' dir='ltr'><strong>aut</strong></span> <span class='ocrx_word' id='word_1_933' title='bbox 3487 5386 3818 5473; x_wconf 39' lang='lat' dir='ltr'><strong>adirem?</strong></span> 
     </span>
    </p>
   </div>
   <div class='ocr_carea' id='block_1_129' title="bbox 2270 5456 3816 5527">
    <p class='ocr_par' dir='ltr' id='par_1_129' title="bbox 2270 5456 3816 5527">
     <span class='ocr_line' id='line_1_130' title="bbox 2270 5456 3816 5527; baseline -0.005 -2"><span class='ocrx_word' id='word_1_934' title='bbox 2270 5472 2401 5525; x_wconf 90' lang='lat' dir='ltr'><strong>dum</strong></span> <span class='ocrx_word' id='word_1_935' title='bbox 2425 5488 2547 5527; x_wconf 71' lang='grc' dir='ltr'><strong>οεεο</strong></span> <span class='ocrx_word' id='word_1_936' title='bbox 2577 5456 2783 5526; x_wconf 81' lang='lat' dir='ltr'><strong>nullum</strong></span> <span class='ocrx_word' id='word_1_937' title='bbox 2806 5471 3025 5526; x_wconf 85' lang='lat' dir='ltr'><strong>dubium</strong></span> <span class='ocrx_word' id='word_1_938' title='bbox 3058 5479 3159 5526; x_wconf 89' lang='lat' dir='ltr'><strong>est.</strong></span> <span class='ocrx_word' id='word_1_939' title='bbox 3183 5469 3345 5525; x_wconf 79' lang='lat' dir='ltr'><strong>Forte</strong></span> <span class='ocrx_word' id='word_1_940' title='bbox 3380 5466 3539 5521; x_wconf 89' lang='lat' dir='ltr'><strong>etiam</strong></span> <span class='ocrx_word' id='word_1_941' title='bbox 3562 5459 3723 5519; x_wconf 74' lang='lat' dir='ltr'><strong>statim</strong></span> <span class='ocrx_word' id='word_1_942' title='bbox 3747 5456 3816 5507; x_wconf 64' lang='lat' dir='ltr'><strong>llr</strong></span> 
     </span>
    </p>
   </div>
   <div class='ocr_carea' id='block_1_130' title="bbox 2273 5533 3814 5617">
    <p class='ocr_par' dir='ltr' id='par_1_130' title="bbox 2273 5533 3814 5617">
     <span class='ocr_line' id='line_1_131' title="bbox 2273 5533 3814 5617; baseline -0.005 -20"><span class='ocrx_word' id='word_1_943' title='bbox 2273 5559 2378 5617; x_wconf 85' lang='lat' dir='ltr'><strong>que</strong></span> <span class='ocrx_word' id='word_1_944' title='bbox 2408 5547 2486 5598; x_wconf 89' lang='lat' dir='ltr'><strong>cis</strong></span> <span class='ocrx_word' id='word_1_945' title='bbox 2513 5541 2717 5617; x_wconf 84' lang='lat' dir='ltr'><strong>reddita</strong></span> <span class='ocrx_word' id='word_1_946' title='bbox 2742 5551 2825 5617; x_wconf 80' lang='lat' dir='ltr'><strong>est</strong></span> <span class='ocrx_word' id='word_1_947' title='bbox 2850 5540 3093 5612; x_wconf 88' lang='lat' dir='ltr'><strong>superior</strong></span> <span class='ocrx_word' id='word_1_948' title='bbox 3137 5539 3332 5597; x_wconf 87' lang='lat' dir='ltr'><strong>Liberii</strong></span> <span class='ocrx_word' id='word_1_949' title='bbox 3370 5533 3618 5617; x_wconf 81' lang='lat' dir='ltr'><strong>epistola_.</strong></span> <span class='ocrx_word' id='word_1_950' title='bbox 3645 5536 3814 5617; x_wconf 47' lang='lat' dir='ltr'><strong>euut?</strong></span> 
     </span>
    </p>
   </div>
   <div class='ocr_carea' id='block_1_131' title="bbox 2277 5600 3808 5674">
    <p class='ocr_par' dir='ltr' id='par_1_131' title="bbox 2277 5600 3808 5674">
     <span class='ocr_line' id='line_1_132' title="bbox 2277 5600 3808 5674; baseline -0.011 -7"><span class='ocrx_word' id='word_1_951' title='bbox 2277 5600 2487 5669; x_wconf 65' lang='lat' dir='ltr'><strong>dientes</strong></span> <span class='ocrx_word' id='word_1_952' title='bbox 2514 5616 2564 5667; x_wconf 88' lang='lat' dir='ltr'><strong>iu</strong></span> <span class='ocrx_word' id='word_1_953' title='bbox 2606 5629 2767 5670; x_wconf 91' lang='lat' dir='ltr'><strong>unum</strong></span> <span class='ocrx_word' id='word_1_954' title='bbox 2793 5600 2933 5669; x_wconf 74' lang='lat' dir='ltr'><strong>hanc</strong></span> <span class='ocrx_word' id='word_1_955' title='bbox 2963 5626 3176 5669; x_wconf 77' lang='lat' dir='ltr'><strong>summo</strong></span> <span class='ocrx_word' id='word_1_956' title='bbox 3206 5600 3470 5667; x_wconf 78' lang='lat' dir='ltr'><strong>consensu</strong></span> <span class='ocrx_word' id='word_1_957' title='bbox 3497 5600 3808 5674; x_wconf 74' lang='lat' dir='ltr'><strong>scripserunt.</strong></span> 
     </span>
    </p>
   </div>
   <div class='ocr_carea' id='block_1_132' title="bbox 2351 5677 3812 5757">
    <p class='ocr_par' dir='ltr' id='par_1_132' title="bbox 2351 5677 3812 5757">
     <span class='ocr_line' id='line_1_133' title="bbox 2351 5677 3812 5757; baseline -0.024 -2"><span class='ocrx_word' id='word_1_958' title='bbox 2351 5685 2425 5757; x_wconf 80' lang='grc'><strong>(9)</strong></span> <span class='ocrx_word' id='word_1_959' title='bbox 2457 5682 2694 5742; x_wconf 81' lang='lat' dir='ltr'><strong>Verbum</strong></span> <span class='ocrx_word' id='word_1_960' title='bbox 2723 5693 2809 5757; x_wconf 81' lang='lat' dir='ltr'><strong>est</strong></span> <span class='ocrx_word' id='word_1_961' title='bbox 2824 5683 2912 5741; x_wconf 90' lang='lat' dir='ltr'><strong>hic</strong></span> <span class='ocrx_word' id='word_1_962' title='bbox 2938 5683 3154 5757; x_wconf 83' lang='lat' dir='ltr'><strong>videtur</strong></span> <span class='ocrx_word' id='word_1_963' title='bbox 3176 5680 3485 5744; x_wconf 85' lang='lat' dir='ltr'><strong>desiderari,</strong></span> <span class='ocrx_word' id='word_1_964' title='bbox 3505 5685 3558 5736; x_wconf 90' lang='lat' dir='ltr'><strong>et</strong></span> <span class='ocrx_word' id='word_1_965' title='bbox 3576 5686 3688 5733; x_wconf 82' lang='lat' dir='ltr'><strong>mox</strong></span> <span class='ocrx_word' id='word_1_966' title='bbox 3712 5677 3812 5740; x_wconf 43' lang='lat' dir='ltr'><strong>pars</strong></span> 
     </span>
    </p>
   </div>
   <div class='ocr_carea' id='block_1_133' title="bbox 2271 5755 3466 5828">
    <p class='ocr_par' dir='ltr' id='par_1_133' title="bbox 2271 5755 3466 5828">
     <span class='ocr_line' id='line_1_134' title="bbox 2271 5755 3466 5828; baseline -0.003 -17"><span class='ocrx_word' id='word_1_967' title='bbox 2271 5755 2441 5814; x_wconf 80' lang='lat' dir='ltr'><strong>tictila</strong></span> <span class='ocrx_word' id='word_1_968' title='bbox 2467 5774 2581 5812; x_wconf 87' lang='lat' dir='ltr'><strong>cum</strong></span> <span class='ocrx_word' id='word_1_969' title='bbox 2610 5756 2910 5815; x_wconf 85' lang='lat' dir='ltr'><strong>redundare</strong></span> <span class='ocrx_word' id='word_1_970' title='bbox 2935 5764 3061 5814; x_wconf 90' lang='lat' dir='ltr'><strong>ante</strong></span> <span class='ocrx_word' id='word_1_971' title='bbox 3081 5755 3202 5826; x_wconf 80' lang='lat' dir='ltr'><strong>ﬁdei</strong></span> <span class='ocrx_word' id='word_1_972' title='bbox 3229 5763 3466 5828; x_wconf 59' lang='lat' dir='ltr'><strong>paternas</strong></span> 
     </span>
    </p>
   </div>
  </div>
