4100 6196
525 197 635 256 719

1768 203 2012 263 SANCTI
2056 207 2310 266 HILARII
2346 209 2652 271 EPISCOPI

3679 243 3765 304 720

523 337 635 395 bile
663 351 783 394 esse
812 337 1077 405 videatur,
1108 335 1231 408 quia
1259 351 1358 406 per
1398 337 1580 394 omnia
1626 338 1860 397 similem
1894 357 2016 399 esse
2045 344 2095 399 F1

2203 373 2208 391 ι
2239 337 2314 380 ter
2353 329 2561 401 judicat
2590 347 2915 402 quemquam,
2939 337 3030 390 sed
3051 353 3200 392 omne
3214 340 3461 412 judicium
3490 348 3611 405 dedit
3630 353 3760 428 Filio,

525 429 660 489 lium
685 431 826 487 Patri
869 429 1193 502 proﬁtearis.
1244 429 1298 485 Si
1339 431 1482 486 enim
1529 433 1608 487 sic
1633 443 1707 497 te,
1750 435 1890 490 sicut
1923 439 2131 508 optavi-

523 540 670 593 tnus,
694 525 898 582 sentire
937 523 1154 594 scriptis
1206 523 1310 578 tuis
1354 525 1822 594 manifestaveris;
1855 532 2126 600 querelam

522 634 626 694 pro
656 619 848 689 injuria
877 635 908 671 a
935 617 1254 688 quibusdam
1280 617 1495 675 clericis
1527 621 1631 675 tuis
1654 621 1896 678 Palladio
1917 634 1971 680 et
1995 623 2128 681 Gaio

518 713 779 770 irati-ibus
807 719 860 768 et
887 711 1232 794 coepiscopis
1277 713 1480 774 nostris
1513 714 1708 770 iactam
1743 714 1808 787 (r.
1835 715 2027 788 facta),
2059 718 2127 773 1i-

518 817 607 866 cet
634 806 895 872 nolueris,
925 805 1066 862 sicut
1099 806 1269 876 prima
1318 809 1672 864 conventione
1700 809 2008 867 admonitus
2041 827 2122 880 es,

518 899 813 971 exquirere
860 897 926 952 ad
975 898 1390 954 mstimationem
1435 909 1578 954 tuam
1617 901 1695 972 (a)
1730 903 1980 970 pertinet,
2016 903 2124 962 illis

515 995 723 1052 scilicet
767 991 1150 1063 praestantibus
1196 1008 1292 1060 pro
1345 1007 1442 1047 sua
1479 995 1786 1050 temeritate
1830 997 2118 1053 rationem.

513 1085 644 1145 llaec
675 1101 771 1156 per
799 1083 1200 1140 Secundianum
1225 1083 1626 1156 presbyterum,
1655 1086 1987 1144 Pullcntium
2010 1089 2120 1146 lec-

512 1186 723 1245 torem,
777 1187 833 1234 et
876 1175 1275 1232 Candidianum
1333 1180 1665 1235 exorcistam
1719 1183 2119 1239 transmisimus

508 1271 771 1330 Chai-itali
829 1282 932 1326 tua:
986 1286 1059 1325 xv
1113 1269 1367 1327 calendas
1410 1271 1690 1342 ianuarias
1738 1276 1895 1348 (anno
1941 1278 2071 1350 566)
2100 1320 2113 1343 ,

509 1364 771 1424 Gratiano
819 1363 1158 1421 nobilissimo
1209 1361 1268 1417 P.
1295 1372 1352 1420 et
1390 1365 1666 1437 Dagalaifo
1694 1383 1898 1439 conss,
1925 1386 2115 1427 exem-

509 1458 661 1532 plum
692 1473 863 1530 penes
892 1473 992 1513 nos
1022 1462 1338 1518 retinentes.

732 1594 1216 1652 FRAGMENTUM
1255 1593 1352 1650 XV
1391 1593 1569 1666 (Alias
1622 1611 1633 1649 l
1678 1594 1889 1666 partis).

2236 428 2290 473 ut
2341 439 2514 477 omnes
2544 424 2884 496 honoriﬁcent
2931 426 3126 485 Filium
3161 435 3295 489 sicut
3333 436 3640 511 honoriﬁcam
3679 424 3766 507 Pa-

2232 521 2359 568 trem
2392 514 2572 587 (Joan.
2606 532 2662 582 v,
2690 517 2783 585 22,
2839 521 2974 594 25);
3009 533 3062 579 et
3108 526 3303 582 iterum
3347 531 3425 585 cui
3453 532 3596 591 Pater
3636 539 3766 609 dixit,

2232 603 2510 662 Faciamus
2538 608 2800 666 hominem
2829 614 2897 667 ad
2921 615 3196 687 intaginetn
3224 629 3272 674 et
3295 621 3648 684 similitudinem
3672 649 3770 688 nos-

2229 709 2362 754 tram
2392 699 2544 773 (Gen.
2576 719 2616 771 t,
2643 705 2760 776 26),
2788 722 2890 764 nec
2915 707 3071 777 dixit,
3107 712 3172 766 ad
3203 712 3480 786 imaginem
3509 727 3659 793 tuam,
3679 728 3770 794 vel,

2227 791 2292 846 ad
2324 791 2612 863 imaginem
2646 813 2844 866 meam,
2885 802 3214 874 navaliquam
3241 791 3698 872 dissimilitudinem
3725 791 3770 877 in

2227 885 2350 942 Filii
2403 889 2486 944 sui
2544 890 2826 948 divinitate
2874 894 3278 954 demonstraret
3323 919 3338 957 :
3389 903 3477 959 sed
3520 917 3774 978 propterea

2223 980 2524 1048 conjunxit,
2569 983 2639 1036 ad
2663 985 2939 1058 imaginem
2972 998 3022 1043 et
3066 990 3445 1050 similitudinem
3481 1011 3702 1070 nostram,
3726 1013 3773 1060 ut

2223 1069 2415 1127 Filium
2449 1090 2604 1130 suum
2632 1076 2735 1132 sibi
2775 1079 3008 1136 similem
3035 1097 3131 1152 per
3159 1086 3337 1140 omnia
3367 1087 3523 1144 Deum
3553 1069 3772 1150 maniies-

2223 1171 2383 1219 taret.
2419 1166 2618 1223 lterum
2648 1169 3011 1242 Evangelista,
3052 1172 3287 1232 Vidimus
3307 1177 3518 1250 gloriam
3545 1187 3663 1257 ejus,
3683 1189 3775 1258 glo-

2220 1257 2351 1310 riam
2376 1259 2526 1328 quasi
2555 1262 2804 1332 unigeniti
2823 1280 2856 1317 a
2887 1263 3066 1333 Patre,
3095 1271 3302 1338 plenum
3327 1273 3488 1342 gratia
3513 1285 3557 1330 et
3577 1257 3772 1334 veritate.

2218 1348 2400 1416 (Jaan.
2427 1365 2464 1415 t,
2501 1357 2638 1423 stv.)
2671 1353 2737 1409 Et
2767 1357 3062 1425 Apostolus
3084 1359 3151 1415 ad
3178 1358 3506 1432 Corinthios,
3536 1366 3597 1422 In
3621 1370 3778 1440 quibus

2217 1441 2361 1498 Deus
2387 1444 2543 1514 hujus
2569 1447 2747 1501 seaculi
2765 1452 3042 1506 excwcavit
3069 1463 3260 1509 mentes
3296 1456 3598 1527 inﬁdelium,
3622 1471 3672 1515 ut
3693 1479 3778 1517 non

2216 1533 2530 1607 refulgerent
2559 1537 2936 1595 illuminatione
2965 1541 3234 1616 Evangelii
3254 1549 3439 1619 gloria:
3461 1548 3656 1619 Christi,
3684 1570 3780 1625 qua:

2215 1638 2289 1683 est
2316 1630 2484 1702 imago
2514 1630 2614 1687 Dei
2645 1632 2712 1704 (ll
2739 1631 2861 1690 Cor.
2894 1652 2970 1704 tv,
3002 1635 3081 1709 4).
3109 1639 3174 1694 Et
3197 1641 3394 1696 iterum
3415 1642 3550 1700 idem
3574 1645 3778 1718 Aposto-

503 1724 701 1769 mcm'r
731 1725 1065 1768 nescmrruu
1093 1709 1170 1785 (b)
1201 1726 1440 1767 GERMINII
1479 1727 1547 1766 AD
1573 1727 1870 1776 BUFIANUM,
1907 1727 2110 1768 PALLA-
2140 1729 2189 1790 Β
2217 1720 2331 1776 lus:
2369 1721 2440 1776 Et
2467 1727 2732 1780 transtulit
2778 1745 2870 1783 nos
2896 1729 2950 1783 in
2971 1747 3128 1802 regno
3155 1733 3254 1802 ﬁlii
3292 1733 3554 1792 charitatis
3588 1709 3703 1803 δίιω,
3738 1741 3783 1795 in

852 1820 1005 1869 υιωι.
1049 1819 1119 1860 ΕΤ
1158 1819 1415 1860 cernuos
1457 1803 1566 1876 (an.
1597 1804 1752 1876 367).

497 1927 745 1985 Dominis
778 1926 1062 1982 Fratribus
1086 1927 1516 1997 religiosissimis
1550 1925 1801 1990 Ruﬁano,
1835 1922 2102 1990 Palladio,

569 2019 853 2087 Severino,
880 2018 1086 2086 Nichae,
1133 2018 1447 2086 Heliodoro,
1480 2017 1736 2084 Romulo,
1772 2017 2018 2072 Muciano
2051 2026 2106 2071 et

569 2113 846 2170 Stercorio
871 2111 1183 2168 Germinius
1213 2112 1266 2165 in
1293 2111 1520 2165 Domino
1545 2110 1794 2166 salutem.

569 2207 622 2262 l.
651 2202 849 2259 Filium
876 2203 1026 2257 Patri
1047 2219 1137 2276 per
1167 2203 1340 2258 omnia
1356 2202 1577 2257 similem
1603 2218 1712 2256 esse
1756 2210 1802 2254 et
1831 2199 2107 2256 traditione

493 2307 544 2354 et
572 2295 860 2367 Scripturis
889 2294 1083 2348 doceri.
1107 2323 1181 2335 -—-
1203 2292 1398 2348 Vitalis
1424 2293 1490 2349 γ.
1519 2293 1580 2348 C.
1608 2294 1683 2361 (ε)
1712 2291 2004 2346 militantis
2049 2289 2104 2344 in

490 2386 671 2447 ofﬁcio
713 2386 960 2444 sublimis
1000 2385 1348 2441 Praefectura:
1387 2385 1666 2440 relatione
1709 2384 2100 2452 comperimus,

489 2481 804 2539 desiderare
821 2481 1172 2538 Sanctitatem
1198 2490 1456 2545 vestram,
1487 2478 1780 2549 signiﬁcari
1815 2477 1977 2550 707
2007 2491 2103 2533 v0-

493 2572 582 2630 his
611 2581 799 2644 aperte
822 2572 949 2644 quid
982 2581 1088 2640 est,
1123 2571 1267 2642 quod
1298 2570 1366 2627 de
1397 2570 1500 2626 ﬁde
1536 2580 1718 2626 nostra
1743 2569 1977 2634 Valenti,
2001 2568 2103 2625 Ur-

489 2667 661 2734 sacio,
695 2666 832 2724 Gaio
870 2676 926 2722 et
951 2667 1119 2722 Paulo
1161 2665 1471 2736 displiceat.
1519 2664 1900 2720 Necessarium
1939 2663 2101 2728 duxi,

489 2757 578 2817 his
621 2759 815 2816 litteris
863 2759 1291 2829 patefaciendum
1334 2758 1618 2815 Sanctitati
1662 2770 1884 2824 vestrae,
1942 2767 1997 2814 et
2024 2756 2100 2822 id,

487 2851 635 2924 quod
667 2852 718 2906 in
744 2851 899 2907 vobis
919 2851 1051 2922 ipsis
1075 2850 1144 2906 ab
1169 2851 1324 2906 initio
1350 2865 1470 2907 esse
1491 2849 1729 2916 conﬁdo,
1760 2851 1963 2908 dicere.
1994 2850 2103 2905 Nos

487 2942 597 3002 hoc
625 2943 769 3016 quod
799 2952 854 3000 et
876 2958 906 2999 a
933 2943 1175 3015 patrihus
1207 2943 1464 2997 traditum
1495 2944 1822 3012 accepimus,
1871 2955 1926 2997 et
1959 2941 2099 2997 divi-

487 3042 576 3096 nis
597 3037 891 3107 Scripturis
918 3036 1062 3108 quod
1091 3036 1262 3092 semel
1297 3035 1606 3095 didicimus.
1641 3043 1698 3092 et
1717 3035 1959 3106 quotidie
1997 3035 2099 3091 do-

2209 1832 2309 1885 quo
2359 1817 2605 1874 habemus
2646 1823 3051 1890 redemptionem
3092 1838 3143 1882 et
3193 1830 3539 1886 remissionem
3579 1844 3782 1903 peccato-

2209 1925 2346 1976 rum,
2383 1911 2472 1981 qui
2502 1922 2577 1966 est
2607 1914 2782 1986 imago
2817 1916 2912 1971 Dei
2935 1918 3226 1984 invisibilis,
3255 1923 3618 1997 primogenilus
3642 1929 3783 1984 omnis

2207 2014 2457 2060 creatura:
2487 2004 2708 2075 (Coloss.
2745 2025 2784 2076 ι,
2821 2012 2889 2068 15
2911 2023 2958 2066 et
2984 2012 3172 2085 seqq.).
3204 2015 3268 2070 Et
3293 2020 3485 2073 iterum
3512 2019 3784 2090 idemApo-

2207 2094 2380 2149 stolus
2409 2113 2422 2150 :
2452 2097 2617 2170 708
2645 2097 2756 2154 Hoc
2802 2102 2938 2156 enim
2981 2107 3163 2160 sentite
3211 2108 3263 2161 in
3296 2108 3458 2175 vobis,
3502 2113 3632 2182 quod
3673 2115 3784 2168 etin

2208 2185 2413 2242 Christo
2440 2188 2587 2258 Iesu,
2634 2193 2721 2262 qui
2764 2209 2880 2248 cum
2911 2195 3159 2268 informa
3193 2197 3292 2255 Dei
3333 2211 3481 2264 esset,
3528 2220 3624 2259 non
3665 2205 3785 2275 rapi-

2209 2295 2326 2332 nam
2358 2280 2642 2336 arbitratus
2673 2294 2748 2340 est
2783 2302 2838 2340 se
2883 2304 2992 2342 esse
3019 2292 3272 2362 aequalem
3312 2291 3447 2360 Deo,
3501 2297 3587 2350 sed
3629 2306 3788 2352 semet-

2207 2371 2376 2436 ipsum
2422 2374 2703 2430 exinanivit
2733 2379 2951 2448 formam
3002 2383 3131 2436 servi
3168 2385 3454 2455 accipiens,
3482 2388 3534 2441 in
3571 2388 3788 2442 similitu-

2210 2463 2334 2519 dine
2358 2455 2623 2521 hominum
2649 2473 2815 2541 factus
2849 2471 3076 2544 (Philip.
3102 2491 3162 2542 ll,
3192 2476 3224 2531 5
3254 2488 3305 2532 et
3333 2477 3522 2551 seqq.).
3551 2480 3673 2549 Quis
3697 2496 3788 2536 non

2207 2558 2494 2630 intelligat,
2528 2565 2651 2632 quia
2684 2566 3139 2633 quemadmodum
3182 2573 3487 2628 secundum
3537 2575 3669 2632 servi
3696 2574 3787 2630 ior-

2207 2668 2348 2706 mam
2380 2671 2503 2708 vera
2534 2655 2633 2710 fuit
2671 2672 2800 2713 caro
2831 2671 3012 2715 nostra
3061 2663 3111 2717 in
3141 2661 3401 2733 Christo;
3433 2667 3505 2722 ita
3543 2668 3669 2724 etin
3700 2668 3782 2724 Dei

2207 2744 2380 2800 forma
2423 2762 2546 2802 vera
2569 2747 2638 2802 sit
2667 2749 2921 2808 divinitas
2953 2752 3132 2810 Patris
3168 2756 3221 2811 in
3255 2757 3442 2813 Filio?
3473 2759 3540 2815 Et
3568 2760 3747 2816 iterum
3775 2777 3789 2814 :

2218 2837 2393 2895 Videte
2415 2859 2476 2896 ne
2500 2843 2614 2912 quis
2643 2859 2729 2897 uos
2751 2844 2962 2900 seducet
2984 2865 3073 2916 per
3100 2849 3498 2922 philosOphiam
3529 2863 3574 2908 et
3599 2853 3788 2908 inanem

2206 2933 2473 3002 fallaciam
2514 2936 2793 2991 secundum
2822 2938 3151 2997 traditionem
3196 2942 3492 3013 hominum,
3529 2945 3789 3002 secundum

2207 3024 2454 3081 elementa
2500 3027 2658 3101 hujus
2699 3030 2897 3099 mundi,
2949 3042 3129 3088 etnon
3170 3038 3468 3094 secundum
3508 3039 3794 3105 Christum;

484 3146 696 3198 camus,
725 3128 1003 3186 Christum
1049 3129 1142 3185 Dei
1180 3128 1347 3183 ﬁlium
1382 3127 1668 3182 Dominum
1715 3137 1961 3183 nostrum
1997 3143 2093 3197 per
2122 3116 2167 3179 C
2197 3120 2317 3188 quia
2341 3119 2392 3174 in
2413 3121 2526 3191 ipso
2557 3123 2754 3177 habitat
2781 3126 2948 3180 onmis
2966 3126 3234 3197 plenitudo
3256 3129 3550 3186 divinitatis
3579 3147 3794 3204 corpora-

486 3225 671 3284 omnia
717 3222 865 3278 Patri
920 3221 1176 3284 similem,
1225 3229 1448 3290 excepta
1493 3219 1867 3286 innativitate,
1927 3219 2096 3274 Deum

489 3315 560 3376 de
594 3316 725 3380 Deo,
760 3313 941 3368 lumen
978 3311 1047 3368 de
1078 3310 1302 3379 lumine,
1331 3311 1584 3367 virtutem
1614 3310 1683 3365 de
1706 3311 1928 3377 virtute,
1961 3311 2099 3367 inte—

486 3423 645 3484 grum
677 3407 746 3463 de
785 3407 1019 3477 integro,
1066 3404 1368 3476 perfectum
1413 3403 1482 3459 de
1511 3403 1773 3474 perfecto,
1817 3413 1945 3460 ante
1989 3419 2094 3460 sa:-

482 3500 603 3559 cula
629 3509 683 3554 et
704 3509 831 3554 ante
858 3497 1138 3564 universa,
1167 3512 1287 3567 qua:
1320 3494 1547 3565 intelligi
1587 3497 1672 3551 vel
1699 3497 1807 3553 dici
1843 3506 2093 3567 possunt,

486 3592 754 3666 genitum,
779 3589 934 3662 cujus
954 3589 1290 3646 nativitatem
1315 3603 1473 3644 nemo
1496 3588 1597 3643 scit
1621 3589 1721 3642 nisi
1741 3589 1890 3645 solus
1910 3589 2094 3657 Pater,

486 3686 608 3756 ipso
631 3685 770 3740 Filio
798 3683 1088 3739 adscrente
1113 3699 1124 3734 :
1157 3680 1291 3748 Quia
1317 3697 1463 3734 nemo
1481 3682 1617 3734 novit
1645 3679 1841 3734 Filium
1861 3681 1962 3736 nisi
1987 3679 2092 3735 Pa-

490 3788 588 3844 ter,
624 3793 785 3848 neque
817 3775 1025 3830 Putrem
1045 3776 1159 3844 quis
1183 3774 1320 3827 novit
1342 3773 1439 3828 nisi
1471 3771 1666 3840 Filius,
1693 3786 1739 3828 et
1767 3774 1848 3826 cui
1878 3774 2094 3829 voluerit

486 3869 663 3928 Filius
687 3873 911 3926 revelare
939 3867 1158 3943 (Matth.
1191 3884 1266 3935 xu,
1298 3866 1391 3938 9.7)
1422 3886 1435 3920 :
1478 3883 1572 3936 per
1600 3884 1760 3936 quem
1791 3866 1930 3924 facta
1967 3879 2091 3925 sunt

484 3968 692 4030 omnia,
721 3967 837 4020 sine
863 3980 970 4035 quo
1003 3963 1201 4018 factum
1243 3971 1326 4016 est
1359 3961 1514 4024 nihil,
1543 3961 1842 4017 secundum
1876 3961 2091 4020 divinas

483 4075 651 4116 voces
681 4059 846 4128 ipsius
891 4054 1196 4118 Salvatoris
1240 4055 1410 4109 nostri
1460 4053 1581 4110 Filii
1624 4053 1900 4111 dicentis:
1933 4055 2092 4111 Pater

484 4169 629 4211 meus
651 4168 806 4223 usque
832 4149 983 4204 modo
1005 4159 1270 4219 operatur,
1291 4157 1338 4203 et
1368 4164 1460 4219 ego
1477 4163 1660 4218 operor
1680 4147 1858 4219 (Joan.
1890 4165 1943 4214 v,
1963 4147 2084 4222 i8);

484 4255 542 4302 ct
569 4246 786 4310 iterum,
825 4243 1171 4310 Qutecumque
1200 4241 1336 4294 enim
1357 4238 1523 4294 Pater
1551 4241 1694 4311 facit,
1716 4243 1824 4295 hac
1849 4250 1894 4295 et
1915 4241 2090 4296 simili-

482 4349 560 4395 ter
589 4334 759 4391 Filius
777 4335 899 4406 facit
946 4332 1137 4406 (lbid.,
1175 4329 1295 4403 l9);
1337 4339 1392 4386 et
1423 4332 1641 4398 iterum,
1685 4331 1798 4402 Ego
1840 4343 1889 4386 et
1927 4332 2090 4388 Pater

479 4447 648 4487 unum
673 4443 850 4484 sumus
873 4422 1052 4496 (Joan.
1087 4439 1141 4488 ι,
1172 4423 1302 4491 ’50);
1336 4434 1389 4478 ει
1420 4421 1640 4486 iterum,
1691 4424 1794 4491 Qui
1827 4441 1907 4478 me
1933 4426 2084 4492 uidit,

2197 3210 2314 3265 liter
2342 3209 2570 3285 (Coloss.
2601 3229 2658 3276 ιι,
2687 3212 2765 3287 8).
2796 3215 2851 3271 Si
2886 3231 3018 3288 ergo
3039 3221 3216 3276 omnis
3249 3221 3539 3292 plenitudo
3567 3222 3796 3281 divinita-

2199 3302 2268 3358 tis
2292 3303 2555 3361 inhabitat
2578 3306 2885 3375 inCliristo,
2909 3309 3020 3380 jam
3046 3327 3154 3368 non
3171 3328 3236 3370 ex
3263 3324 3423 3385 parte
3451 3317 3644 3372 similis
3670 3327 3791 3372 etes

2197 3404 2352 3464 parte
2392 3395 2691 3463 dissimilis,
2753 3400 2894 3455 sicut
2942 3417 3086 3458 nunc
3127 3415 3405 3473 asserunt,
3448 3408 3543 3478 qui
3589 3416 3793 3478 propter

2196 3492 2600 3548 contentionem
2643 3509 2754 3549 suae
2787 3495 3027 3554 libidinis
3057 3508 3360 3563 retrorsum
3401 3504 3684 3572 abeuntes,
3715 3517 3793 3557 se-

2197 3584 2456 3652 metipsos
2485 3600 2515 3639 a
2547 3586 2704 3642 nobis
2733 3598 3067 3646 averterunt.

2266 3675 2319 3729 2.
2355 3678 2483 3746 Qua:
2513 3680 2566 3733 in
2601 3683 2912 3738 contrarium
2943 3684 3235 3752 alferuntur
3261 3689 3354 3752 qui
3379 3690 3711 3762 explicanda.
3733 3717 3796 3732 -ο

2195 3765 2327 3821 Nam
2359 3770 2502 3838 quod
2532 3781 2721 3842 putant
2765 3788 2826 3830 se
2853 3791 2949 3845 pro
2989 3793 3185 3848 magno
3219 3779 3293 3836 de
3332 3782 3542 3839 divinis
3581 3783 3799 3856 Scriptu-

2195 3858 2269 3912 ris
2296 3859 2562 3930 proferre,
2595 3873 2654 3918 ut
2678 3864 2863 3922 dicant
2888 3867 3166 3926 Christum
3206 3872 3482 3930 iacturam
3516 3885 3570 3931 et
3598 3885 3799 3931 creatu-

2194 3967 2308 4006 ram
2343 3969 2355 4005 :
2385 3970 2414 4008 e
2441 3959 2714 4012 contrario
2744 3974 2845 4014 nos
2882 3961 3178 4018 secundum
3211 3964 3537 4037 Scripturas
3585 3967 3802 4025 dicimus

2191 4045 2354 4111 viam,
2389 4058 2438 4103 et
2465 4048 2708 4120 januam,
2749 4061 2800 4107 et
2831 4052 3065 4124 lapidem
3115 4056 3473 4128 offensionis,
3518 4071 3577 4118 et
3606 4071 3800 4133 petram

2191 4142 2454 4211 scandali,
2483 4153 2539 4200 et
2565 4146 2995 4215 fundamentum,
3033 4159 3088 4206 et
3113 4152 3432 4218 brachium,
3477 4165 3537 4212 et
3573 4170 3800 4221 manum,

2191 4246 2245 4290 et
2269 4236 2612 4307 sapientiam,
2642 4251 2697 4297 et
2721 4243 2967 4310 verbum,
2993 4253 3049 4300 et
3069 4261 3292 4317 agnum,
3313 4256 3375 4303 et
3397 4264 3585 4313 ovem,
3615 4257 3672 4306 et
3683 4262 3804 4323 pas-

2193 4339 2384 4397 torem,
2415 4341 2468 4386 et
2488 4335 2847 4405 sacerdotem,
2873 4346 2930 4393 et
2961 4343 3148 4404 vitem,
3179 4353 3236 4397 et
3254 4339 3437 4412 diem,
3459 4355 3517 4403 et
3543 4344 3669 4401 alia.
3701 4340 3802 4401 Sed

2193 4421 2308 4478 haec
2335 4425 2514 4479 omnia
2546 4426 2626 4482 sic
2656 4428 3004 4502 intelligimus
3031 4444 3086 4488 et
3113 4435 3375 4508 dicimus,
3411 4450 3474 4497 ut
3505 4442 3730 4496 virtutes
3750 4444 3802 4492 et

478 4525 608 4580 vidit
635 4532 683 4579 et
707 4519 918 4577 Patrem
944 4513 1130 4592 (Joan.
1163 4530 1277 4582 xw,
1306 4512 1404 4586 9);
1460 4523 1513 4568 ct
1558 4514 1776 4580 iterum,
1816 4515 2088 4582 Quomodo
2116 4504 2166 4564 Ι)
2191 4518 2535 4586 Operationes
2579 4521 2674 4576 lilii
2717 4521 2814 4578 Dei
2852 4525 3249 4597 intelligamus,
3293 4504 3410 4589 non
3470 4543 3531 4589 ut
3568 4531 3802 4590 divinam

477 4617 642 4676 Pater
661 4617 820 4672 vitam
848 4611 994 4667 habet
1019 4611 1074 4664 in
1103 4608 1396 4681 semetipso,
1424 4608 1496 4661 ita
1525 4607 1665 4662 dedit
1693 4617 1742 4664 et
1767 4605 1906 4663 Filio
1929 4609 2085 4664 vitam

477 4712 666 4768 habere
685 4711 739 4764 in
765 4706 1038 4776 semetipso
1062 4700 1244 4775 (Joan.
1271 4717 1325 4765 v,
1345 4700 1440 4773 26)
1461 4715 1475 4765 ;
1499 4709 1556 4756 et
1578 4701 1795 4768 iterum,
1818 4700 1967 4757 Sicut
1988 4702 2088 4758 Pa-

476 4815 555 4861 ter
571 4803 782 4858 suscitat
811 4807 1043 4854 mortuos
1072 4805 1118 4851 et
1147 4794 1390 4864 uivificat,
1422 4794 1495 4846 ita
1536 4801 1584 4847 et
1615 4791 1790 4848 Filius
1817 4811 1942 4864 quos
1977 4795 2082 4850 vult

472 4890 1054 4967 uiviﬁcat(1bid.,21);
1085 4898 1141 4945 et
1168 4884 1386 4954 iterum,
1414 4884 1634 4942 Creditis
1662 4888 1716 4941 in
1742 4887 1928 4955 Deum,
1959 4891 2078 4945 etin

472 5010 555 5050 me
577 4990 768 5047 credite
790 4985 974 5060 (Joan.
1007 5001 1119 5050 xw,
1147 4981 1201 5055 t)
1228 5001 1242 5050 ;
1275 4992 1330 5039 et
1350 4983 1567 5048 iterum,
1597 4981 1778 5052 Neque
1805 4983 1941 5039 enim
1967 4983 2078 5038 Pa-

544 5156 624 5231 (a)
646 5154 704 5231 [ι]
727 5167 830 5208 ms.
871 5149 1065 5231 _Sirnt.,
1098 5161 1198 5228 non
1229 5144 1586 5231 pertinentilli
1616 5145 1850 5231 scilicet;
1889 5217 1901 5231 .
1980 5218 2012 5231 Α.

545 5215 620 5300 ibi
656 5224 784 5300 Non.
822 5220 890 5300 ad
938 5217 1273 5300 ευρετξεπειη
1304 5215 1606 5300 statuens,
1633 5232 1775 5300 ,ειιξῖε
1805 5215 2069 5300 Χῐιιεημίεε

469 5286 700 5362 υτὲιιέἰί,
744 5295 860 5352 Gaii
891 5301 947 5347 et
989 5288 1166 5352 Pauli,
1201 5303 1307 5342 non
1349 5286 1580 5349 Ruliani,
1633 5286 1883 5362 Palladii,
1935 5297 2066 5354 etc.,

2192 4611 2312 4681 ejus
2359 4629 2424 4668 ex
2462 4612 2620 4671 Patre
2669 4617 3006 4676 nativitatem
3054 4621 3447 4692 hujuscemodi
3499 4625 3804 4683 nominibus

2190 4720 2596 4778 comparemus;
2629 4711 2753 4781 quia
2784 4729 2850 4768 ex
2895 4713 3067 4770 nihilo
3095 4719 3276 4775 omnia
3311 4736 3421 4790 per
3450 4721 3651 4778 Filium
3673 4720 3806 4777 facta

2189 4812 2337 4867 sunt,
2375 4800 2548 4858 Filius
2576 4813 2754 4862 autem
2805 4822 2914 4864 non
2946 4824 3014 4864 ex
3045 4811 3237 4880 nihilo,
3269 4814 3379 4870 sed
3413 4831 3486 4876 ex
3518 4816 3634 4872 Deo
3663 4824 3810 4886 patre

2188 4904 2270 4950 est
2291 4896 2526 4966 genitus.

2255 4987 2308 5043 '5.
2354 4986 2579 5046 Valentis
2598 4991 2972 5062 inconstantia,
2996 5005 3044 5050 et
3063 4995 3188 5065 ﬁdei
3212 5014 3246 5052 a
3291 4997 3493 5056 Marco
3541 4997 3809 5056 Arethusia

2179 5148 2479 5228 Severinus
2511 5167 2576 5209 ac
2605 5155 2762 5228 socii,
2790 5155 2860 5210 ab
2881 5155 3121 5228 ipsemet
3153 5159 3455 5220 Germinio
3483 5165 3695 5223 rescire
3721 5162 3810 5220 de-

2179 5220 2568 5306 sideraverint,
2615 5227 2842 5306 quidnin
2877 5220 3050 5306 ipsius
3097 5231 3205 5306 ﬁde
3250 5220 3803 5306 Ursaeiof‘vialenti,

2176 5291 2310 5372 Gaio
2337 5308 2384 5348 ει
2421 5293 2594 5376 P_atll0
2607 5291 2948 5376 displiceret.
2966 5301 3080 5357 Illis
3111 5303 3214 5359 hoc
3244 5291 3539 5376 rescripto
3570 5291 3700 5364 facit
3724 5291 3806 5363 sal

466 5357 974 5440 nomine'inscripta
1002 5371 1118 5440 est,
1135 5373 1366 5440 qumque
1431 5373 1517 5440 ton
1542 5357 1935 5440 Per_yitaletn,
1971 5362 2066 5417 sed

463 5456 566 5514 per
603 5429 1026 5514 Secundianum,
1082 5431 1415 5514 Pullcotiutn
1445 5439 1499 5484 et
1537 5429 1931 5514 Candidianum
1977 5441 2063 5488 est

462 5499 663 5566 itelata.
696 5511 842 5564 Illam
877 5519 1057 5562 tamen
1089 5503 1212 5557 huic
1237 5499 1579 5557 occasionem
1613 5503 1908 5570 praebuisse
1927 5517 2062 5559 con-

459 5583 765 5640 cedendum
795 5589 879 5636 εει
907 5596 920 5633 :
942 5586 1001 5632 ut
1023 5573 1116 5646 qui
1134 5587 1199 5656 se
1219 5573 1468 5656 epistola
1494 5588 1606 5656 suae
1627 5574 1942 5656 eseniplum
1964 5589 2058 5656 pe-

465 5669 568 5710 nes
596 5669 656 5708 se
684 5651 937 5728 retinere
964 5643 1224 5728 superius
1246 5644 1424 5728 testati
1443 5651 1619 5728 “sunt,
1652 5643 1796 5728 illud
1827 5643 2057 5728 subinde

459 5724 737 5800 publicum
780 5713 1048 5778 fecerintf
1071 5713 1227 5787 Quod
1265 5718 1407 5780 nacti
1443 5714 1728 5787 Ruftanus,
1754 5714 2052 5785 Palladius,

2176 5363 2247 5462 tis
2279 5379 2292 5416 :
2327 5364 2470 5462 quod
2505 5363 3040 5462 proindelaliquanto
3071 5383 3193 5458 post
3221 5363 3579 5462 ἓξὲξςιίᾆιβιη
3604 5379 3805 5462 episto-

2172 5433 2302 5520 lam,
2332 5435 2436 5492 hoc
2466 5433 2709 5520 esunon
2738 5433 2896 5513 longe
2920 5455 3042 5514 post
3068 5433 3196 5502 anni
3220 5433 3334 5502 367
3361 5433 3558 5520 initia,
3582 5433 3803 5506 missum

2164 5515 2234 5559 δη
2263 5522 2489 5564 necesse
2519 5518 2624 5564 εει.

2234 5575 2305 5649 (c)
2342 5579 2482 5636 Editi
2509 5595 2577 5636 ex
2619 5595 2724 5638 ms.
2759 5583 2932 5652 Pith.,
2978 5603 3114 5642 nunc:
3143 5589 3276 5644 :ubi
3307 5606 3384 5648 ex
3415 5593 3596 5651 Sirm.
3636 5593 3798 5650 resti-

2161 5647 2360 5722 tuimus
2381 5667 2427 5704 υ.
2459 5667 2506 5706 c.
2534 5651 2586 5707 id
2607 5665 2713 5718 est,
2741 5655 2837 5710 viri
2862 5647 3159 5715 clarissimi.
3182 5647 3388 5720 Simile
3412 5647 3792 5722 mendum—ex

2158 5719 2352 5780 eodem
2373 5736 2474 5780 ms.
2512 5723 2675 5783 Sirm.
2703 5726 2814 5797 jam
2838 5731 3161 5804 castigatum
3181 5741 3268 5790 est
3294 5719 3545 5810 Fragor:
3560 5719 3796 5810 ἣξει-δ.
