4100 6196
373 226 467 281 721
1266 231 1351 288 EX
1394 232 1622 291 OPERE
1663 232 2031 293 HISTORICO
2069 239 2554 300 FRAGMENTUM
2597 245 2712 302 XV.
3570 259 3674 317 722

364 344 522 400 aliter:
561 347 786 401 occasio.
812 375 882 388 —
910 345 1073 405 Miror
1113 359 1290 406 autem
1333 352 1648 421 praedictum
1686 352 1963 412 Valentem
1993 368 2048 430 Α
2070 371 2192 413 cum
2216 358 2286 416 ab
2313 360 2566 416 omnibus
2598 365 2754 420 nobis
2781 364 2858 440 (c)
2883 369 3115 426 electum
3141 369 3300 428 fidem
3327 374 3582 441 dictasse,
3615 382 3674 436 in

361 447 458 492 aut
503 439 734 494 oblitum
790 455 935 508 esse,
991 453 1080 498 aut
1123 453 1271 500 certe
1322 444 1550 501 subdole
1596 445 1965 515 dissimulare,
2063 466 2169 522 qua
2207 451 2312 508 fide
2349 453 2427 510 sic
2458 439 2825 528 conscriptum
2869 471 2997 518 est:
3032 461 3234 520 Filium
3272 467 3492 522 similem
3517 439 3670 526 Patri

361 530 575 630 quid-iu
631 531 959 602 praeteritum
1011 545 1220 605 gestum
1262 536 1655 610 definitumque
1703 539 1794 596 sit.
1827 540 1958 597 Nam
2065 561 2157 614 per
2186 549 2382 613 omnia,
2412 559 2466 602 ut
2498 563 2690 606 sancta:
2715 551 2895 607 dicunt
2916 564 2964 610 et
2994 556 3178 612 (forent
3210 559 3503 630 Scriptura:
3523 580 3543 618 :
3572 536 3673 619 cit-

361 623 464 677 sub
508 622 663 678 bonae
703 625 981 680 memoria:
1011 624 1328 684 Constantio
1360 631 1706 698 imperatore,
1745 633 1959 698 quando
2056 637 2146 709 jus
2179 640 2403 712 integra:
2431 643 2753 714 professioni
2784 650 3160 704 consensimus
3185 622 3396 717 omnes,
3427 655 3590 728 709
3609 668 3668 712 et

359 714 505 771 inter
545 718 806 787 quosdam
851 728 1092 790 coeperat
1143 735 1264 775 esse
1309 724 1378 777 de
1421 723 1525 777 fide
1567 725 1859 786 dissensio.
1903 727 1955 781 in

357 822 653 877 consurcm
696 810 940 881 ejusdem
980 812 1343 882 imperatoris,
1391 818 1752 886 pravsentibus
1785 817 1956 873 Geor-

354 901 721 972 giorpiscopo
745 902 1236 959 Alexandrinorum
1271 905 1544 971 Ecclesiae,
1571 906 1647 979 (α)
1679 909 1959 965 Pancratio

356 993 767 1062 Pelusiuorum,
829 993 1027 1051 Basilio
1083 997 1340 1067 episcopo
1398 1007 1523 1053 tunc
1576 999 1956 1070 Auquiritano,

355 1096 628 1158 praesente
655 1088 817 1144 etiam
862 1090 980 1159 ipso
1009 1087 1235 1145 Valente
1270 1101 1321 1145 et
1365 1089 1610 1156 Ursacio,
1644 1101 1700 1148 et
1725 1094 1797 1166 (b)
1839 1110 1955 1150 mea

355 1181 651 1253 parvitate,
684 1193 806 1253 post
834 1183 1069 1239 habitam
1102 1199 1272 1256 usque
1297 1185 1348 1239 in
1379 1199 1589 1241 noctem
1617 1186 1686 1242 de
1718 1189 1822 1245 fide
1847 1190 1957 1246 dis-

357 1276 694 1347 putationem
723 1285 778 1334 et
807 1275 877 1332 ad
922 1285 1124 1334 certam
1157 1277 1398 1350 regulam
1442 1279 1783 1350 perductam,
1816 1283 1957 1339 Illar-

427 1465 505 1538 (a)
551 1465 753 1544 vocem
796 1465 1104 1544 funeratio,
1138 1485 1272 1544 quae
1290 1469 1438 1540 prius
1480 1469 1686 1535 deerat,
1731 1473 1952 1544 supple-

348 1537 566 1594 mus'ex
601 1539 693 1593 lib.
725 1554 759 1593 ιι
793 1537 1056 1607 Socratis,
1092 1537 1214 1612 cap.
1247 1537 1340 1597 29.

425 1629 502 1707 (ὁ)
532 1629 623 1686 Sic
652 1631 938 1707 legendum
969 1646 1088 1687 esse
1127 1634 1518 1707 sentiebamus,
1550 1651 1656 1692 non
1684 1645 1743 1691 ut
1775 1637 1944 1707 prius,

349 1713 398 1757 et
421 1704 558 1828 inﬁea
584 1704 852 1783 pravitate,
877 1719 1000 1758 cum
1031 1706 1352 1760 sententiam
1382 1717 1622 1762 nostram
1655 1724 1754 1763 ms.
1776 1704 1943 1766 Sirni.

348 1790 450 1830 cou
498 1785 708 1828 rtuavlt.

426 1866 496 1938 (ε)
527 1865 600 1920 Ita
623 1866 1021 1922 emendandum
1051 1883 1171 1924 esse
1201 1878 1438 1936 constat,
1472 1871 1596 1926 licet
1617 1881 1776 1926 antea
1802 1873 1942 1928 obti-

349 1938 463 1993 nuit
495 1942 731 2010 ejectum.
763 1938 1021 2005 Qtta-nam
1051 1941 1242 1994 sit.illa
1275 1943 1408 1996 fides
1453 1957 1483 1995 a
1512 1943 1690 1998 Marco
1719 1944 1941 2010 dictata,

349 2010 462 2076 ubi,
505 2010 734 2084 quando
753 2020 808 2064 et
837 2024 943 2084 qua
971 2013 1259 2084 occasione
1283 2013 1425 2084 edita
1461 2015 1552 2077 sit,
1587 2030 1728 2070 nunc
1761 2018 1945 2084 paucis

347 2090 432 2136 est
454 2077 867 2137 disserendum.
886 2081 1014 2135 Eant
1041 2083 1220 2138 Sirmii
1253 2077 1451 2139 editam
1484 2085 1649 2140 fuisse
1673 2077 1828 2141 facile
1847 2087 1945 2142 de-

348 2153 702 2226 prehenditur
731 2170 797 2208 ex
827 2153 1004 2207 verbis
1035 2154 1273 2212 Socratis
1303 2156 1395 2210 lib.
1433 2171 1491 2222 ιι,
1526 2173 1646 2226 cap.
1671 2157 1743 2213 20
1769 2168 1824 2214 et
1843 2157 1938 2224 50,

350 2225 600 2296 quamvis
631 2225 702 2280 ibi
729 2235 857 2297 tres
885 2238 1184 2280 conventus
1214 2226 1539 2283 Sirmienses
1582 2225 1940 2297 confundens,

346 2295 512 2352 multa
543 2299 689 2352 veris
717 2295 848 2350 falsa
880 2297 1264 2351 intermisceat.
1288 2297 1420 2352 Nam
1449 2315 1570 2354 cum
1593 2315 1721 2354 vere
1743 2295 1944 2356 scribat

347 2369 618 2440 synodum
660 2383 819 2440 anno
850 2368 952 2426 551
987 2369 1166 2424 Sirmii
1207 2369 1468 2425 adversus
1500 2370 1789 2426 Pltotinum
1819 2387 1942 2428 esse

345 2437 677 2494 celebratam
709 2457 724 2504 ;
757 2437 946 2496 falsum
973 2450 1056 2494 est
1083 2440 1222 2510 quod
1252 2442 1348 2501 ait.
1373 2442 1422 2496 ei
1446 2441 1753 2507 interfuisse
1773 2441 1942 2499 Geor-

345 2512 492 2581 gium
538 2511 881 2567 Alexandriae
922 2512 1256 2582 episcopum.
1291 2514 1488 2582 quippe
1514 2515 1602 2583 qui
1655 2516 1776 2568 huic
1814 2516 1944 2569 civi-

345 2584 440 2638 tati
471 2597 619 2637 anno
644 2583 921 2639 dumtaxat
950 2585 1077 2649 556,
1113 2584 1397 2653 praefectus
1441 2595 1544 2640 est.
1574 2584 1777 2640 Deinde
1819 2601 1941 2642 cum

342 2656 558 2708 Veritati
588 2665 1010 2712 consentaneum
1041 2655 1110 2710 sit
1135 2654 1276 2721 quod
1311 2665 1594 2719 memorat,
1631 2657 1681 2710 in
1710 2676 1774 2710 eo
1808 2672 1942 2712 con-

342 2735 508 2780 ventu
531 2725 836 2792 Sirmiensi,
870 2727 922 2782 in
949 2743 1056 2797 quo
1083 2725 1350 2795 Georgius
1376 2727 1772 2782 Alexandrinus
1806 2744 1942 2797 prte—

342 2810 470 2852 sens
528 2797 752 2860 aderat,
806 2813 838 2852 a
885 2799 1082 2854 Basilio
1127 2803 1412 2868 Ancyrano
1464 2799 1728 2853 acerrime
1778 2798 1943 2854 fuisse

342 2868 676 2939 disputatqu
703 2884 718 2933 ;
745 2869 818 2922 illi
848 2881 1024 2924 tamen
1050 2869 1456 2925 concedendum
1483 2886 1587 2923 nou
1613 2881 1717 2934 est,
1745 2870 1944 2925 Basilio

343 2950 454 3012 tum
481 2939 798 3012 certaminis
817 2940 1108 3012 quidquam
1131 2955 1252 2996 cum
1279 2941 1506 2995 Ph0tino
1534 2941 1720 3008 fuisse,
1745 2943 1788 2994 si
1817 2943 1939 3012 qui-

341 3011 464 3067 dem
499 3010 625 3083 huic
649 3011 760 3082 jam
792 3010 950 3083 longe
971 3010 1129 3066 antea
1157 3012 1404 3081 deposito
1424 3013 1702 3068 Germinio
1728 3010 1944 3068 succes-

340 3093 511 3137 serat.
548 3081 686 3138 Vere
717 3081 1158 3138 etiam'audierat
1201 3084 1453 3140 Socrates
1483 3085 1769 3138 formulam
1819 3085 1941 3141 fidei

341 3155 392 3208 in
425 3155 685 3224 praedicto
712 3165 980 3210 conventu
1011 3169 1040 3208 a
1086 3154 1267 3210 Marco
1311 3154 1600 3210 Arethusio
1637 3155 1894 3212 dictatam
1925 3174 1938 3210 :

339 3227 436 3280 sed
473 3230 574 3281 hoc
597 3225 732 3280 falso
757 3226 821 3282 ad
853 3227 1010 3282 fidem
1033 3237 1220 3281 contra
1253 3225 1540 3281 Photinmn
1571 3227 1828 3294 scriptam
1855 3244 1938 3284 re-

341 3299 486 3360 tulit,
522 3298 573 3352 in
603 3313 706 3367 qua
752 3314 1015 3369 nusquam
1053 3299 1294 3352 occurrit
1321 3299 1645 3369 primarium
1677 3297 1811 3352 illud
1841 3299 1935 3356 de-

337 3381 572 3434 cretum,
600 3370 814 3424 similem
845 3367 966 3424 esse
999 3386 1088 3436 per
1107 3369 1280 3423 omnia
1311 3368 1462 3423 Patri
1487 3367 1703 3424 Filium.

414 3462 533 3517 Jam
556 3477 685 3517 vero
707 3464 963 3518 convenit
986 3463 1126 3517 inter
1151 3477 1362 3534 omnes,
1389 3471 1714 3519 conventum
1741 3462 1809 3520 de
1832 3479 1942 3534 quo

342 3532 433 3605 hic
461 3537 638 3604 agitur
661 3546 784 3605 post
811 3537 1150 3605 Ancyrauam
1179 3533 1444 3602 synodum
1477 3539 1600 3588 anni
1643 3535 1748 3590 358
1773 3532 1940 3591 fuisse

341 3603 613 3678 habitum.
645 3603 829 3678 Neque
853 3603 1030 3661 minus
1046 3616 1303 3678 constare
1317 3605 1506 3678 debet,
1538 3607 1670 3678 nihil
1699 3606 1750 3659 in
1777 3621 1844 3660 eo
1871 3607 1940 3663 de

339 3676 576 3731 Photino
601 3676 800 3742 aetum,
835 3677 927 3732 sed
959 3685 1122 3730 totum
1170 3676 1346 3730 llasilii
1390 3677 1808 3744 disputationem
1845 3677 1940 3732 ad-

338 3763 535 3802 versus
560 3747 874 3803 Sirmiensis
916 3747 1264 3818 blasphemiae
1309 3758 1558 3802 auctores
1598 3763 1658 3802 ac
1705 3749 1940 3804 fautores

337 3820 636 3874 extitisse.
690 3819 766 3874 Ex
798 3818 937 3873 libro
975 3831 1153 3873 autem
1183 3820 1250 3873 de
1303 3820 1536 3890 Syuotlis
1581 3830 1788 3874 certum
1819 3830 1936 3886 est,

338 3891 598 3946 Basilium
627 3892 868 3961 aliosque
894 3890 1198 3961 Orientales
1234 3889 1376 3944 anno
1402 3889 1528 3954 558,
1577 3891 1790 3961 Ancyra
1820 3890 1936 3945 Sir-

337 3963 509 4017 mium
559 3959 911 4033 properantes
940 3959 1012 4016 ibi
1047 3961 1324 4016 Valentem
1367 3977 1429 4015 ac
1466 3962 1644 4015 socios
1672 3959 1935 4030 coegisse,

340 4040 399 4086 ut
431 4034 554 4089 ﬁdei
582 4035 712 4103 ipsis
745 4035 1033 4101 proposita:
1067 4033 1500 4095 Substrilicrcnt,
1533 4047 1594 4085 ac
1621 4033 1939 4087 damnarent

337 4106 483 4173 quod
511 4108 668 4174 paulo
696 4114 820 4159 ante
844 4109 1098 4159 fecerant.
1129 4104 1280 4170 Quod
1313 4119 1416 4158 non
1446 4106 1564 4156 sine
1596 4119 1784 4172 magna
1821 4119 1940 4172 par-

339 4180 475 4231 tium
505 4178 854 4232 contentione
885 4177 1078 4230 factum
1111 4193 1269 4229 nemo
1313 4176 1517 4230 inficias
1564 4176 1704 4228 ierit.
1754 4174 1939 4244 Neque

339 4251 555 4319 negabit
587 4250 895 4318 quisquam,
927 4247 1182 4319 Basilium
1213 4262 1275 4301 ac
1304 4249 1513 4319 socios,
1561 4262 1680 4299 cum
1708 4245 1938 4316 Ancyrze

341 4316 467 4374 anie
495 4316 700 4375 Pascha
728 4316 1129 4379 convenissent,
1155 4317 1409 4374 Sirmium
1434 4331 1558 4372 ante
1584 4319 1936 4372 Pentecosten

343 4392 626 4459 pervenire
652 4390 909 4458 potuisse.
947 4390 1209 4456 Quocirca
1233 4389 1374 4459 quod
1398 4389 1539 4459 apud
1578 4389 1937 4458 Epipltanium

339 4463 476 4516 hwr.
513 4478 700 4528 LXXIII,
731 4481 784 4514 ll.
816 4461 910 4523 22,
937 4462 1164 4514 habetur
1185 4462 1252 4514 de
1275 4462 1670 4530 subscriptione
1697 4459 1939 4515 Valentis

339 4543 489 4587 nocte
524 4532 847 4587 Pentecostes
883 4536 994 4601 jam
1019 4532 1394 4596 illucescentis,
1425 4534 1490 4585 ad
1521 4543 1761 4586 coactam
1793 4531 1938 4586 illam

339 4606 794 4674 subscriptionem
813 4605 1097 4674 commode
1120 4602 1344 4667 referas,
1369 4619 1530 4674 quam
1554 4602 1734 4659 Sirmii
1757 4603 1938 4674 Ancy-

340 4691 490 4730 rantc
520 4673 708 4746 synodi
750 4677 904 4745 legati
949 4690 978 4729 a
1008 4673 1232 4730 Valente
1272 4689 1335 4746 ac
1362 4673 1524 4746 sociis
1565 4673 1930 4746 extorseruut.
1963 4676 2020 4737 D

340 4747 497 4816 Quod
530 4744 572 4801 si
605 4749 674 4801 ita
707 4744 820 4809 est,
841 4746 926 4801 hic
958 4745 1266 4802 Germinius
1293 4744 1361 4800 de
1384 4744 1609 4800 formula
1643 4760 1784 4799 anno
1833 4745 1938 4801 558

342 4819 486 4872 edita
517 4833 822 4889 sermonem
869 4819 1049 4889 habet.
1087 4817 1415 4889 Epiphanius
1446 4819 1587 4870 enim
1613 4816 1761 4889 quod
1795 4826 1942 4871 nocte

333 4892 450 4960 jam
491 4886 830 4944 illucescentis
857 4887 1204 4952 Pentecostes,
1237 4887 1338 4942 hoc
1364 4887 1709 4960 iterrl‘tiarrat
1741 4886 1937 4941 factum

343 4955 490 5026 esse,
525 4961 738 5028 quando
768 4961 889 5016 fidei
935 4961 1298 5029 siibscriptum
1326 4975 1425 5028 qua
1452 4955 1625 5012 Filius
1654 4975 1742 5026 per
1768 4960 1942 5012 omnia

345 5033 496 5088 Patri
523 5033 704 5087 similia
731 5049 837 5087 esse
864 5032 1129 5101 deﬁnitur.
1176 5029 1291 5084 Alia
1323 5039 1582 5100 praeterea
1620 5038 1943 5085 succurrunt

341 5105 396 5159 iu
430 5105 590 5174 hujus
617 5104 888 5174 opinioiiis
914 5103 1161 5174 gratiam.

418 5197 578 5254 Plura
609 5210 786 5253 tamen
833 5198 1322 5252 faveutsententim
1368 5196 1573 5252 Nicolai
1624 5196 1802 5262 Fabri,
1839 5213 1943 5267 qua

342 5271 623 5326 existimat
663 5284 782 5324 eam
813 5286 841 5321 a
873 5267 1152 5324 Germinio
1200 5268 1421 5324 iudicari
1469 5268 1784 5333 formulam,
1820 5286 1942 5337 quae

342 5341 554 5405 Sirmii,
584 5341 909 5408 imperatore
937 5349 1222 5409 praesente,
1251 5356 1304 5394 ιι
1351 5339 1458 5396 kal.
1481 5340 1596 5409 jttn.
1633 5341 1865 5395 Eusebio
1887 5354 1940 5397 et

343 5414 428 5485 Hy
508 5413 580 5468 tio
606 5427 773 5473 coss.,
804 5411 944 5466 edita
969 5421 1071 5469 est.
1095 5420 1150 5466 et
1177 5411 1561 5468 ahAthanasio
1585 5455 1597 5472 ,
1627 5412 1720 5466 lib.
1755 5412 1822 5466 de
1839 5412 1941 5484 Sy-

345 5428 552 5538 norn.
583 5483 713 5538 875.
741 5484 964 5538 inserta.
987 5481 1166 5537 l’rimo
1179 5484 1320 5536 enim
1344 5481 1397 5536 in
1421 5498 1537 5538 eam
1553 5483 1809 5538 convenit
1827 5483 1941 5538 dies

345 5481 477 5541 nod.
501 5500 552 5552 p.
583 5483 713 5548 875,
741 5484 964 5538 inserta.
987 5481 1166 5537 l’rimo
1179 5484 1320 5536 enim
1344 5481 1397 5536 in
1421 5498 1537 5538 eam
1553 5483 1809 5538 convenit
1827 5481 1944 5539 dies

348 5557 418 5611 ab
433 5555 736 5626 Epiphanio
756 5564 993 5610 notatus.
1022 5553 1153 5607 Nam
1173 5554 1403 5608 Eusebio
1419 5563 1474 5609 et
1505 5553 1735 5626 llypatio
1771 5570 1941 5620 coss.,

348 5627 457 5683 hoc
487 5623 578 5684 est
605 5628 712 5682 559
755 5642 930 5693 anno,
977 5626 1324 5680 Pentecostes
1355 5641 1458 5680 nox
1500 5623 1566 5677 iu’
1593 5641 1643 5678 χι
1690 5623 1792 5678 kal.
1821 5626 1940 5691 jun.

353 5697 643 5768 incidebat.
677 5697 880 5768 Deinde
909 5711 1029 5768 cum
1059 5696 1243 5752 scribit
1277 5695 1628 5768 Epiphanius,
1669 5695 1943 5768 Valentem

353 5761 711 5838 pmfeaslouia
757 5767 830 5824 ibi
885 5761 1045 5822 editio
1084 5761 1395 5835 exemplum
1437 5761 1638 5824 habere
1682 5761 1942 5832 voluisse.

2063 747 2225 788 manu
2261 743 2443 790 nostra
2483 738 2924 807 subscripsimus.
2972 742 3028 798 Si
3070 752 3249 798 autem
3295 760 3436 800 nunc
3464 747 3670 819 aliquid

2061 824 2284 895 Spiritus
2313 825 2471 897 hujus
2513 829 2696 884 mundi
2725 824 2984 903 suggerit,
3019 850 3083 890 ex
3104 847 3291 903 aperto
3317 837 3494 893 adhuc
3524 841 3670 895 scire

2065 934 2171 973 non
2203 934 2505 990 possumus.
2535 921 2666 977 Nam
2697 934 2752 978 ut
2781 940 2878 979 nos
2907 928 3135 996 professi
3166 944 3353 984 sumus
3378 931 3444 986 de
3473 932 3664 1004 Scrip-

2066 1013 2199 1066 turis
2231 1027 2323 1082 per
2349 1015 2527 1068 omnia
2560 1015 2791 1072 similem
2826 1017 3018 1074 Filium
3061 1019 3226 1088 Patri,
3250 1032 3474 1094 excepta
3504 1025 3664 1080 inna-

2063 1103 2308 1170 tivitate;
2347 1118 2617 1176 exponant
2642 1117 2698 1163 et
2738 1109 2815 1164 illi
2850 1110 2917 1166 de
2961 1111 3278 1182 Scripturis,
3311 1117 3667 1187 quemadmo-

2061 1195 2188 1251 dum
2221 1207 2368 1266 parte
2397 1199 2585 1255 similis
2613 1201 2703 1268 sit,
2732 1211 2885 1272 parte
2909 1203 3208 1261 dissimilis.

2128 1287 2182 1342 4.
2219 1289 2288 1345 Et
2314 1289 2455 1356 ideo,
2485 1291 2703 1349 Fratres
2730 1294 3089 1363 dilectissimi,
3121 1299 3238 1355 haec
3271 1301 3667 1375 intrepidanter

2055 1479 2290 1558 quoduad
2315 1480 2710 1558 Ariminensem
2735 1487 2998 1558 synodum
3021 1489 3287 1555 deferret;
3316 1495 3660 1552 Arimineuse

2056 1552 2345 1632 concilium
2380 1567 2490 1610 tum
2531 1557 2592 1632 in
2615 1552 2888 1632 proximo
2932 1559 3099 1616 fuisse
3125 1552 3403 1631 significat.
3442 1566 3509 1621 Et
3542 1572 3658 1624 Ιι.ιτο

2055 1625 2170 1708 ipsa
2203 1625 2421 1708 quidem
2451 1643 2480 1680 a
2531 1625 2757 1708 Valente
2787 1637 2843 1708 et
2868 1632 3028 1708 sociis
3077 1625 3405 1708 Ariminensi
3446 1639 3657 1708 synodo

2055 1703 2138 1747 cst
2165 1700 2467 1775 proposita,
2494 1715 2613 1775 qua:
2645 1700 2878 1775 Eusebio
2908 1702 3214 1775 et_Hypatio
3248 1720 3391 1761 coss.
3442 1700 3659 1775 vulgata

2055 1765 2415 1846 est._i)etttttnt
2453 1765 2524 1824 iu'
2557 1769 2656 1826 hac
2689 1772 2882 1846 legitur
2924 1765 3121 1827 Filiam
3152 1775 3316 1846 Patri
3367 1795 3457 1844 per
3483 1765 3661 1835 omnia

2055 1837 2276 1917 similem
2319 1856 2425 1917 esse
2447 1885 2460 1901 .
2489 1850 2543 1917 ut
2571 1837 2766 1917 sancta?
2807 1841 2985 1917 dicunt
3034 1857 3081 1899 et
3125 1845 3308 1902 docent
3336 1837 3651 1917 Scriptura.

1978 1895 2026 1956 Β
2053 1907 2158 1962 Sed
2189 1923 2311 1964 cum
2343 1913 2394 1965 in
2425 1895 2486 1967 ea
2520 1913 2630 1982 ipsa
2653 1895 2824 1969 etiam

2048 1991 2329 2053 cernatur;
2365 1999 2508 2053 aegre
2555 1985 2873 2053 intelligitur
2915 1988 3001 2053 qui
3034 1987 3262 2043 Basilius
3293 1991 3418 2046 huic
3459 1995 3656 2049 defini-

2051 2050 2178 2132 μοιιὶ
2211 2050 2597 2132 consensisset.
2619 2050 2850 2132 _lteponi
2899 2050 3112 2128 quidem
3139 2071 3344 2132 posset,
3373 2079 3493 2119 cum
3526 2066 3652 2121 hinc

2052 2120 2332 2202 \’ale_tii_etti
2364 2126 2504 2202 inter
2533 2120 2873 2202 etltasilium
2907 2120 3026 2202 nata
3057 2120 3199 2186 esset
3239 2120 3648 2202 controversia,
3702 2147 3711 2164 κ

2047 2195 2191 2276 quod
2219 2195 2308 2276 ille
2333 2198 2650 2276 subStantia:
2676 2201 2976 2276 silentium,
3004 2201 3092 2257 hic
3120 2203 3312 2260 Filium
3345 2222 3440 2276 per
3467 2195 3651 2264 omuia

2050 2265 2192 2320 Patri
2224 2267 2457 2344 similem
2483 2270 2641 2326 vellet
2667 2287 2681 2336 ;
2715 2287 2833 2329 eam
2862 2291 2890 2327 a
2922 2265 3100 2330 Marco
3131 2277 3200 2330 ita
3230 2265 3470 2334 sedatam
3502 2295 3649 2344 esse,

2048 2347 2108 2400 ut
2149 2339 2292 2416 quod
2335 2340 2498 2416 vellet
2525 2353 2770 2416 uterq_ue_,
2806 2347 2877 2416 in
2910 2361 3010 2400 una
3059 2349 3414 2416 eamdemque
3443 2339 3651 2406 ecthesi

2049 2409 2338 2494 reperiret.
2368 2411 2475 2469 Sed
2503 2413 2642 2482 apud
2656 2409 3020 2494 Epiphaniam
3049 2418 3169 2494 loco
3197 2409 3412 2476 laudato
3443 2424 3654 2494 perspi-

2046 2496 2215 2558 cuum
2239 2492 2360 2548 est,
2389 2499 2568 2558 neque
2598 2487 2759 2540 etiam
2813 2499 2938 2543 tunc
2970 2488 3223 2544 Basilium
3267 2487 3646 2558 consensisse,

2047 2562 2105 2606 ut
2137 2553 2449 2608 substantiae
2477 2570 2675 2612 nomen
2707 2566 3000 2621 taceretur.
3032 2561 3170 2615 sicut
3193 2577 3256 2616 ex
3281 2553 3647 2619 Seleuciensis

2048 2624 2239 2700 synodi
2276 2626 2446 2700 gestis
2475 2639 2722 2694 constat,
2754 2645 2878 2685 cum
2929 2631 3056 2686 illud
3102 2643 3284 2700 postea
3329 2646 3646 2692 constanter

2047 2696 2356 2769 retinuisse.
2394 2697 2660 2753 Praeterea
2688 2702 2809 2769 quis
2837 2702 3023 2757 Credat
3053 2696 3154 2758 hoc
3183 2720 3378 2762 nomen
3411 2720 3441 2760 a
3469 2705 3650 2762 Marco

2047 2765 2338 2841 Arethusio
2369 2765 2739 2838 suppressum,
2771 2773 2862 2841 qui
2889 2789 3010 2829 cum
3037 2775 3250 2831 caeteris
3279 2775 3646 2832 Orientalibus

2047 2838 2618 2916 primazAntiochena;
2648 2838 2893 2916 formulae
2943 2845 3290 2912 adhaerebat,
3341 2850 3546 2916 inqua,
3591 2860 3648 2903 ut

2045 2911 2574 2979 notatSozomenus,
2603 2914 2699 2970 lib.
2725 2929 2798 2979 tv,
2835 2932 2884 2972 c.
2918 2918 3007 2981 l6,
3039 2911 3334 2973 substantia
3363 2911 3646 2974 asserehao

2048 2989 2134 3034 tur
2159 2981 2181 3035 ?
2213 2983 2546 3054 Quamquam
2594 3002 2700 3041 non
2727 2988 2858 3041 satis
2908 2989 3010 3044 sibi
3040 3000 3252 3046 eoustat
3275 2991 3608 3046 Sozomenus
3628 3033 3644 3054 ,

2045 3065 2166 3130 cum
2203 3054 2296 3130 ιιι).
2341 3070 2494 3130 iv,_c.
2531 3057 2618 3130 16,
2651 3059 2861 3124 innuit,
2892 3061 3040 3116 solos
3070 3063 3462 3117 Anomoeorum
3494 3063 3646 3130 prin-

2045 3124 2196 3203 cipes
2248 3124 2496 3203 formula:
2540 3129 2656 3198 ejus
2685 3139 2936 3186 auctores
2983 3147 3124 3203 esse,
3172 3149 3292 3203 quae
3336 3124 3517 3188 Sirmii
3549 3150 3639 3188 an.

2045 3195 2174 3260 559,
2203 3197 2346 3252 edita
2375 3207 2494 3258 est:
2538 3195 2593 3254 ei
2641 3210 2818 3256 tamen
2848 3217 2969 3270 cap.
2999 3195 3120 3269 22,-
3159 3195 3438 3272 conceptis
3469 3206 3646 3260 verbis

1969 3280 2015 3344 ρ
2047 3274 2277 3348 testatur
2303 3284 2432 3348 eos,
2477 3272 2671 3341 quibus
2703 3273 2753 3326 in
2787 3273 3118 3348 Seleucieusi
3163 3277 3371 3348 synodo
3402 3277 3647 3348 placebat

2047 3351 2102 3416 ιιι
2133 3341 2448 3416 substantiae
2475 3359 2674 3416 nomen
2705 3359 2735 3398 e
2763 3345 2942 3400 medio
2965 3341 3264 3412 tolleretur,
3294 3341 3646 3416 prtetendisse

2044 3409 2327 3465 formulam
2361 3411 2510 3477 fidei,
2540 3430 2691 3483 quam
2735 3418 2888 3483 paulo
2915 3430 3033 3471 ante
3056 3409 3266 3473 Marcus
3297 3409 3478 3474 Sirmii
3506 3435 3644 3472 com-

2043 3487 2491 3562 posueratmquam
2519 3494 2630 3538 tum
2659 3487 3120 3562 alii_susc_eperant
3151 3491 3379 3562 episcopi
3407 3491 3493 3561 qui
3524 3500 3645 3544 tunc

2043 3565 2188 3632 eralu
2214 3554 2268 3632 in
2296 3553 2574 3632 comitatu,
2601 3568 2709 3632 tum
2738 3553 2964 3632 Basilius
2995 3553 3264 3630 episcopus
3295 3553 3530 3632 Ᾱιιεῄι-ω.

2116 3624 2192 3680 De
2217 3627 2604 3701 Sirmiensihus
2621 3627 2880 3701 formulis
2904 3624 3072 3686 restat
3100 3624 3472 3701 quaerendum.
3496 3647 3646 3701 qua:—

2046 3709 2167 3748 nam
2213 3695 2512 3770 Constantii
2545 3700 2721 3754 edicto
2769 3715 3054 3770 suppressa
3085 3695 3172 3757 sit.
3209 3702 3357 3757 Multi
3388 3695 3642 3756 cum-So-

2041 3776 2211 3841 crate,
2245 3767 2337 3841 lib.
2372 3784 2426 3834 tt,
2457 3785 2505 3824 c.
2537 3770 2630 3841 50.
2661 3785 2725 3825 ac
2754 3767 3080 3837 Sotiomeuo,
3117 3774 3208 3828 lib.
3233 3789 3307 3841 tv,
3349 3789 3400 3828 c.
3449 3773 3514 3834 6.
3538 3773 3643 3827 hoc

2040 3836 2110 3891 ad
2140 3839 2431 3916 secundum
2465 3840 2808 3916 referendum
2838 3859 2957 3898 esse
2995 3836 3326 3900 existimant.
3369 3846 3416 3901 A
3444 3845 3640 3916 quibus

2043 3914 2348 3984 percontari
2372 3912 2534 3984 libet.
2565 3915 2783 3982 quando
2815 3923 3004 3984 putent
3035 3917 3179 3971 illius
3209 3912 3635 3972 attctores'labo-

2041 3995 2199 4056 rasse
2226 3993 2282 4035 ut
2305 3982 2450 4037 illius
2474 3985 2800 4054 exemplaria
2817 3982 2897 4041 ex
2921 3989 3160 4041 omnium
3186 3991 3432 4042 manibus
3457 3990 3636 4056 eripe-

2043 4054 2207 4128 rent?
2233 4069 2298 4108 an
2330 4055 2519 4128 statim
2564 4065 2726 4122 atque
2769 4058 2913 4112 edit‘a
2944 4059 3070 4113 est?
3097 4057 3200 4114 Sed
3240 4061 3401 4114 etiam
3435 4054 3556 4128 post
3582 4058 3636 4112 in

2041 4122 2246 4198 Gallias
2273 4125 2433 4180 missa
2464 4136 2566 4180 est.
2600 4131 2680 4180 An
2713 4139 2834 4197 post
2861 4143 3021 4198 quam
3064 4130 3317 4187 Ursacius
3353 4147 3416 4185 ac
3439 4122 3639 4185 Valens

2040 4193 2346 4270 Ancyranre
2368 4198 2560 4270 synodi
2582 4193 2816 4254 decretis
2837 4193 3179 4256 subscribere
3201 4204 3372 4258 coacti
3395 4202 3544 4256 sint?
3568 4201 3639 4257 At

2046 4269 2154 4338 hoc
2171 4278 2320 4322 certe
2369 4268 2602 4323 llilarius
2649 4271 2867 4325 silentio
2914 4289 3019 4325 non
3053 4273 3384 4338 prteteris.~et
3414 4274 3466 4328 in
3500 4272 3639 4328 libro

2041 4336 2110 4392 de
2133 4337 2396 4410 Synodis,
2426 4355 2584 4409 quem
2621 4351 2676 4396 et
2707 4353 2827 4410 post
2857 4336 3104 4398 formulae
3136 4345 3295 4412 hujus
3317 4346 3636 4411 editionem,

2041 4421 2097 4462 et
2123 4421 2244 4478 post
2269 4421 2510 4466 coactam
2562 4413 2707 4467 illam
2737 4412 2946 4469 Ursacii
2989 4430 3054 4470 ac
3083 4414 3329 4472 Valentis
3359 4416 3638 4482 subscrip-

2045 4482 2244 4536 tionem
2293 4484 2617 4551 composuit.
2673 4483 2859 4550 Neque
2897 4500 3026 4540 vero
3061 4487 3165 4543 hoc
3193 4488 3402 4542 consilii
3435 4486 3636 4540 Arimi-

2044 4555 2242 4628 nensis
2254 4563 2497 4628 tempore
2527 4555 2724 4628 factum
2748 4557 3010 4611 dixerint:
3037 4574 3142 4628 quo
3165 4559 3416 4612 nimirum
3445 4557 3640 4610 Valens

2041 4639 2108 4679 ac
2135 4625 2268 4678 socii
2315 4625 2615 4680 doctrinam
2649 4627 2702 4682 in
2732 4629 2821 4681 illa
2851 4625 3158 4683 cootentarn
3191 4643 3448 4683 revocare
3477 4639 3639 4696 atque

2044 4697 2368 4769 confirmare
2395 4697 2723 4769 cogitabant.
2767 4697 2958 4769 Verius
3001 4702 3179 4769 itaque
3201 4701 3350 4769 juxta
3397 4697 3638 4752 Athana—

2041 4766 2204 4831 sium,
2249 4765 2343 4821 lib.
2383 4767 2450 4822 de
2474 4768 2678 4838 Synod.
2733 4784 2785 4837 p.
2833 4768 2959 4833 905,
3001 4765 3232 4829 dixeris.
3261 4768 3540 4824 Valentem
3581 4781 3639 4824 et

2041 4839 2242 4902 socios,
2275 4852 2395 4892 cum
2428 4840 2699 4908 proposita
2721 4839 3050 4894 Ariminensi
3084 4841 3314 4896 concilio
3346 4845 3500 4895 tertia
3527 4839 3637 4894 for—

2045 4910 2188 4962 mula
2217 4908 2285 4964 ob
2305 4909 2557 4964 consules
2589 4910 2640 4964 in
2669 4925 2730 4965 ea
2764 4921 3096 4980 praenotatos
3123 4913 3190 4966 ab
3219 4913 3469 4966 omnibus
3494 4910 3637 4966 irrisi

2044 4989 2244 5054 essent.
2271 4981 2411 5054 apud
2445 4982 2824 5050 imperatorem
2848 4981 3118 5054 effecisse,
3146 4993 3202 5037 ut
3222 4985 3424 5054 ereptis
3453 4997 3640 5037 exem-

2047 5051 2285 5120 plaribus
2315 5052 2506 5108 tollere
2529 5064 2746 5122 possent
2775 5053 2917 5109 unde
2938 5054 3082 5109 omni
3115 5051 3404 5125 probro'ac
3433 5054 3638 5124 pudore

2053 5126 2230 5182 suffici
2255 5127 2468 5184 fuerant
2521 5127 2758 5182 Sublatis
2801 5127 2962 5198 igitur
2983 5128 3264 5185 consulum
3299 5125 3638 5198 nominibus,

2055 5213 2263 5254 necnon
2287 5200 2561 5256 vocabulis
2585 5200 2641 5254 in
2660 5197 2912 5263 omnibus,
2942 5215 3062 5269 quae
3088 5201 3217 5269 ipsis
3244 5197 3402 5254 valde
3428 5198 3640 5253 incom-

2050 5271 2232 5336 moda,
2266 5271 2449 5328 Sirmii
2480 5286 2578 5341 pro
2631 5280 2874 5338 tempore
2912 5270 3064 5326 inviti
3111 5270 3641 5341 tergiversantesque

2046 5353 2419 5427 susceperant,
2438 5339 2686 5427 eamdem
2713 5342 2996 5427 formulam
3023 5356 3070 5399 et
3093 5339 3286 5427 lfiica'ea:
3313 5343 3365 5396 in
3383 5339 3640 5427 Thracia,

2047 5423 2104 5470 et
2131 5413 2355 5470 Arimini
2387 5430 2448 5468 ac
2476 5413 2738 5472 Seleucia:
2763 5413 3204 5470 subscribendam
3228 5423 3504 5468 curarunt.
3539 5413 3639 5466 Cui

2046 5486 2332 5542 sententiae
2362 5486 2414 5540 in
2449 5487 2550 5541 hoc
2575 5485 2721 5541 favet
2746 5485 3098 5552 Sozomenus,
3121 5485 3216 5540 lib.
3239 5500 3314 5550 tv,
3342 5501 3393 5538 ο.
3416 5491 3468 5544 6.
3492 5481 3640 5554 quod

2049 5573 2153 5612 non
2184 5558 2326 5612 dicat
2354 5571 2604 5612 auctores
2645 5557 2958 5612 Sirmiensis
2987 5555 3230 5611 formulae
3273 5569 3496 5624 operam
3545 5556 3641 5610 de-

2045 5629 2195 5684 disse
2225 5637 2282 5682 ut
2309 5644 2426 5684 eam
2461 5643 2695 5698 prorsus
2711 5629 3131 5698 supprimerent,
3163 5627 3257 5681 sed
3281 5637 3337 5680 ut
3365 5626 3644 5692 eumtanti-.-

2048 5701 2168 5752 dom
2219 5689 2520 5774 reciperent.
2554 5689 2703 5764 Quod
2756 5689 3075 5767 iu'terti'am,
3119 5689 3229 5756 non
3263 5699 3315 5754 in
3349 5689 3642 5756 seetmtlattt

2046 5774 2318 5827 convenit.
