4100 6196
443 253 572 317 .725

1709 250 1955 312 SANC‘I‘I
2008 247 2265 307 HILABII
2316 246 2624 305 EPISCOPI

3673 247 3777 302 τρι

370 424 375 427 _
469 381 525 426 ct
560 371 680 429 sine
703 386 854 429 mora
885 383 1082 432 vestrae
1104 376 1412 435 dilectionis
1438 377 1507 433 ad
1534 373 1946 438 conscientiam,
1975 385 2071 441 per
2097 377 2150 435 Α
2176 370 2428 438 ignorans
2458 366 2782 437 implicetur.
2834 365 2953 421 .iam
2993 374 3191 421 vestrae
3241 375 3325 421 est
3367 364 3774 433 unanimitatis,

468 463 759 553 Cyriacum
782 465 1091 533 officialem,
1121 469 1275 540 cujus
1296 471 1473 542 prima
1498 468 1718 525 inventa
1744 464 1963 521 occasio
1988 471 2072 518 est

449 565 595 627 .pnst
621 558 895 615 Carinium
938 559 1220 616 diaconum
1250 578 1412 634 quem
1440 562 1508 619 ad
1548 576 1647 618 vos
1678 559 1832 625 misi,
1863 554 2073 627 profes-

470 651 681 709 sionem
706 652 995 709 destinavit
1027 672 1041 710 :
1070 656 1237 730 710
1259 666 1317 713 ut
1343 673 1440 728 per
1462 665 1703 714 vestram
1748 666 1962 725 quoque
1988 649 2072 705 vi-

458 744 880 815 gilantissimam
907 746 1254 806 devotionem
1286 750 1431 822 apud
1468 751 1636 807 Deum
1660 747 1928 804 universas
1956 741 2070 798 fra-

2171 460 2471 517 rcscriberc
2492 458 2621 514 mihi
2656 457 2782 529 quid
2812 457 2967 514 vobis
2986 468 3208 513 sanctus
3232 456 3469 528 Spiritus
3491 467 3770 531 suggerat.

2174 550 2785 610 SaneintimoCharitati
2804 550 3034 616 Vestra),
3057 566 3145 607 me
3166 550 3295 608 huic
3320 551 3591 623 epistolae,
3616 565 3777 621 prop-

2175 656 2322 705 terea
2340 646 2485 720 quod
2500 661 2692 703 manus
2710 646 2977 714 dolerem,
3000 645 3344 703 subscribere
3365 661 3470 702 non
3496 646 3741 717 potuisse
3763 664 3777 701 :

2168 737 2618 795 subscribendum
2661 748 2840 795 autem
2892 737 3183 797 mandasse
3231 738 3488 795 fratribus
3533 746 3593 795 et
3617 751 3777 794 com.

469 838 717 894 ternitati
755 839 1055 911 intimetur,
1088 858 1156 901 ne
1195 844 1318 916 quis
1361 832 1567 900 fallacis
1615 837 1821 898 diaboli
1862 834 2072 908 laqueis
2169 828 2503 901 presbyteris
2530 829 2727 886 nostris
2756 827 3090 895 lnnocentio,
3124 826 3348 884 Octavio
3373 837 3429 887 et
3444 826 3673 885 Catulo.

1112 958 3771 994 MM

1234 1147 1594 1221 711.712
1652 1089 2630 1215 FRAGMENTA

794 1329 1067 1478 EX
1192 1324 1716 1476 ALlIS
1841 1309 2565 1513 SANCTI
2684 1232 3469 1453 HILABII

1710 1557 2599 1697 OPERIBUS

1080 1804 1194 1884 ΙΝ
1247 1792 1889 1881 VETEBIBUS
1938 1781 2617 1871 MONIMENTIS
2660 1781 3181 1856 BELICTA.

1479 1969 2079 2007 .——-——--—S

1412 1994 1472 2007 ρ

562 2148 563 2153 η
892 2098 978 2155 Ea:
1007 2098 1310 2154 tractatibus
1337 2096 1415 2172 (a)
1446 2097 1499 2152 iu
1528 2094 1652 2152 Job.

545 2194 589 2251 l.
613 2194 785 2255 Tanta
806 2191 954 2251 enim
969 2200 1024 2248 et
1037 2199 1145 2246 tam
1164 2188 1497 2245 admirabilis
1511 2187 1565 2243 in
1582 2199 1680 2241 nos
1696 2179 2085 2241 misericordiae

475 2287 575 2344 Dei
592 2285 805 2343 bonitas
823 2292 923 2351 est,
953 2291 1011 2337 ut
1037 2297 1135 2354 per
1163 2296 1323 2352 quem
1346 2280 1398 2335 in
1421 2278 1553 2334 Adae
1573 2274 1780 2334 oﬂ‘ensa
1805 2272 2086 2346 generosi-

475 2388 644 2435 tatem
675 2378 865 2449 primae
889 2384 944 2433 et
968 2374 1142 2431 beatae
1169 2374 1311 2430 illius
1337 2371 1625 2432 creationis
1650 2366 1952 2433 amisimus,
1986 2379 2085 2435 per

477 2490 604 2531 eum
636 2487 850 2535 rursum
882 2470 936 2528 id
963 2466 1106 2542 quod
1145 2468 1426 2525 amisimus
1469 2463 1719 2523 obtinere
1754 2474 2083 2521 mereamur.

476 2567 629 2624 Tunc
654 2565 799 2623 enim
816 2563 1066 2620 diabolus
1083 2559 1329 2617 invidens
1346 2557 1555 2615 nocuit:
1583 2570 1724 2612 nunc
1740 2560 1945 2620 autem,
1961 2565 2086 2606 cum

478 2671 683 2719 nocere
710 2656 920 2723 nititur,
951 2653 1207 2707 vincitur.
1235 2650 1412 2707 Movet
1432 2649 1577 2707 enim
1598 2662 1697 2720 per
1719 2644 2086 2701 inﬁrmitatem

479 2751 659 2811 carnis
682 2760 883 2815 nostra:
900 2748 1081 2809 omnia
1103 2745 1390 2818 potestatis
1410 2758 1525 2805 sum
1548 2743 1674 2811 tela,
1694 2755 1816 2797 cum
1840 2740 1909 2798 ad
1929 2736 2089 2799 lasei-

480 2846 627 2902 viam
645 2842 915 2909 accendit,
940 2856 1062 2897 cum
1086 2840 1154 2899 ad
1176 2840 1494 2898 ebrietatem
1518 2836 1698 2904 illicit,
1724 2849 1844 2893 cum
1874 2833 1942 2891 ad
1965 2832 2088 2888 odia

482 2939 746 2999 stimulat,
780 2952 902 2993 cum
935 2934 999 2991 ad
1024 2934 1307 2989 avaritiam
1341 2940 1633 3003 provocat,
1664 2945 1788 2987 cum
1819 2928 1887 2985 ad
1912 2928 2090 2985 caedes

478 3028 733 3099 instruit,
766 3043 887 3084 cum
918 3025 984 3082 ad
1015 3025 1301 3085 maledicta
1329 3024 1642 3081 exacerbat.
1689 3020 1795 3079 Sed
1819 3035 1940 3077 cum
1991 3033 2090 3092 per

480 3123 790 3181 ﬁrmitatem
807 3120 969 3179 animi
992 3118 1186 3181 borum
1202 3116 1443 3181 omnium
1458 3115 1803 3186 subrepentia
1819 3112 2088 3173 incentiva

483 3215 873 3286 reprimuntur,
893 3210 1254 3267 emnndamur
1268 3223 1298 3263 a
1316 3216 1537 3279 peccato
1555 3222 1650 3278 per
1673 3205 1830 3276 hujus
1853 3204 2090 3260 victorias

479 3307 742 3378 gloriam;
777 3305 979 3359 dictum
1006 3303 1149 3358 enim
1173 3302 1245 3357 ita
1274 3309 1360 3357 est
1384 3315 1402 3355 :
1425 3298 1529 3354 Aut
1558 3298 1812 3371 quomodo
1838 3313 1891 3351 se
1913 3312 2088 3351 emun»

480 3398 623 3455 dabit
639 3408 871 3454 natusex
898 3398 1113 3455 muliere
1127 3394 1249 3468 (Job
1278 3411 1409 3462 xxv,
1432 3393 1491 3466 4)
1511 3394 1533 3449 ?
1555 3394 1691 3462 Quia
1714 3408 1819 3449 non
1840 3399 2089 3448 exstante

478 3493 659 3560 hoste,
684 3507 790 3546 non
813 3491 914 3545 erit
931 3491 1131 3546 bellum
1158 3507 1171 3545 :
1194 3495 1445 3545 cessante
1469 3487 1666 3543 deinde
1691 3487 1835 3543 bello
1854 3486 2081 3542 victoria
2110 3489 2157 3555 C

480 3586 674 3642 deerit.
727 3583 1111 3640 Coilidentium
1160 3592 1338 3639 autem
1381 3581 1639 3639 adversus
1688 3596 1787 3637 nos
1830 3580 2082 3636 vitiorum

481 3676 710 3737 victoria
752 3693 858 3737 non
890 3676 1108 3750 adepta,
1142 3693 1250 3737 non
1278 3676 1385 3733 erit
1424 3674 1741 3733 emundatio
1782 3675 1891 3732 ulla
1920 3674 2085 3730 vitio-

481 3788 604 3830 rum
634 3791 650 3829 :
698 3771 822 3843 quia
852 3771 937 3828 his
981 3770 1192 3829 insidiis
1221 3770 1468 3842 corporis
1507 3769 1678 3826 nostri
1705 3768 1877 3839 pirata
1908 3767 2083 3833 victo,

484 3864 894 3921 colluctantium
923 3862 1181 3920 adversus
1210 3878 1311 3919 nos
1344 3862 1654 3934 passionum
1679 3862 2088 3918 concertatione

485 3973 797 4030 purgamur.
821 3956 1088 4015 Memores
1113 3957 1276 4031 igitur
1304 3964 1359 4015 et
1378 3954 1582 4015 conscii
1602 3955 1693 4015 illa
1719 3955 1834 4027 ipsa
1859 3970 2088 4027 corpora

484 4060 672 4111 nostra
710 4051 953 4109 omnium
983 4051 1241 4113 vitiorum
1271 4064 1395 4108 esse
1436 4049 1757 4115 materiem,
1803 4063 1901 4120 per
1927 4062 2087 4120 quam

484 4144 675 4214 polluti
701 4152 758 4200 et
794 4144 1023 4210 sordidi,
1058 4145 1191 4201 nihil
1224 4145 1277 4199 in
1310 4143 1467 4199 nobis
1494 4141 1789 4210 mundum,
1838 4140 1970 4197 nihil
2003 4142 2089 4196 in-

486 4250 692 4292 nocens
719 4236 1063 4305 obtinemus;
1097 4236 1425 4313 gaudeamus
1445 4236 1601 4292 nobis
1627 4248 1751 4292 esse
1777 4233 2013 4303 hostem,
2033 4233 2091 4290 in

484 4328 641 4400 cujus
691 4333 1100 4391 concertatione
1140 4329 1379 4402 quodam
1425 4329 1851 4389 concertationis
1890 4339 2093 4389 nostra:

482 4422 632 4481 bello
658 4422 998 4481 dimicemus.

1156 4515 1292 4572 Item
1335 4516 1434 4591 (ὁ).

556 4632 623 4689 li.
665 4632 813 4703 Quas
856 4630 960 4688 Job
1004 4629 1216 4688 litteras
1243 4632 1481 4707 legerat,
1527 4639 1588 4688 ut
1610 4630 1911 4689 abstineret
1935 4647 1997 4690 se
2021 4633 2093 4690 ab

2152 1969 2819 2012 W

2105 2087 2157 2149 Β
2183 2081 2333 2141 omni
2361 2096 2422 2141 re
2450 2079 2721 2152 maligna,
2754 2076 2891 2151 quia
2922 2077 3092 2135 Deum
3137 2075 3250 2134 sola
3283 2087 3463 2134 mente
3501 2076 3651 2135 vitiis
3686 2091 3792 2139 non

2186 2175 2425 2232 admixta
2455 2172 2862 2230 venerabatur?
2894 2171 3062 2227 Deum
3106 2178 3285 2226 autem
3317 2168 3502 2227 colere
3524 2210 3540 2241 ,
3569 2168 3792 2242 iustitia

2188 2269 2467 2347 proprium
2493 2266 2731 2324 officium
2763 2274 2865 2322 est.

2367 2401 2455 2459 Ea:
2481 2402 2554 2479 (e)
2592 2400 2854 2457 Prommio
2882 2400 3222 2471 expositionis
3256 2398 3528 2472 Evangelii
3553 2398 3608 2455 in

2554 2496 2575 2515 ⁸
2825 2492 3152 2549 Matthwum.

2262 2614 2350 2671 ill.
2399 2612 2531 2669 Erat
2569 2625 2804 2683 namque
2833 2610 3068 2684 primum
3098 2608 3467 2666 necessarium
3513 2607 3703 2675 nobis,
3734 2616 3794 2665 ut

2188 2709 2501 2781 unigenitus
2521 2706 2668 2763 Deus
2696 2703 2867 2765 nostri
2893 2717 3058 2763 causa
3077 2702 3263 2771 homo,
3293 2701 3344 2761 id
3370 2700 3517 2774 quod
3542 2712 3657 2759 tum
3684 2716 3791 2759 non

2190 2808 2328 2871 erat,
2360 2800 2694 2872 gigneretur.

2761 2890 2898 2946 Item
2923 2906 2990 2946 es
3016 2889 3212 2948 eodem.

2264 3007 2357 3065 iV.
2388 3007 2633 3065 Tertium
2659 3005 2917 3081 deinceps
2944 3003 3077 3062 illud
3102 3019 3401 3077 congruum
3432 3001 3554 3074 fuit,
3580 3010 3642 3063 ut
3669 3004 3790 3077 quia

2192 3101 2337 3158 Deus
2366 3100 2530 3157 homo
2549 3099 2763 3171 genitus
2784 3098 2838 3153 in
2865 3098 3090 3165 mundo,
3120 3107 3218 3153 etc.

2359 3236 2439 3294 De
2463 3237 2542 3311 (ά)
2574 3236 2895 3307 expositione
2916 3233 3150 3305 episton
3177 3233 3246 3289 ed
3266 3230 3622 3289 Timotheum.

2262 3355 2331 3411 V.
2374 3352 2507 3411 Nam
2550 3361 2756 3410 etcum
2785 3350 2916 3405 dicit
2967 3348 3283 3421 Scriptura,
3333 3348 3485 3404 homo
3529 3344 3791 3413 Christus,

2195 3448 2254 3523 (ι
2284 3446 2417 3505 Tim.
2466 3461 2527 3515 ιι,
2578 3443 2664 3518 5),
2707 3451 2761 3500 et
2800 3457 2922 3500 cum
2972 3442 3126 3508 dicit,
3157 3440 3392 3498 Christus
3439 3450 3675 3496 mortuus
3721 3449 3795 3493 est

2188 3540 2370 3610 (item.
2404 3552 2521 3605 Vili,
2552 3536 2671 3607 34),
2703 3546 2758 3593 ct
2783 3550 2907 3592 cum
2954 3535 3116 3601 dicit,
3173 3532 3394 3591 Verbum
3433 3548 3557 3593 caro
3601 3536 3796 3598 factum

2186 3644 2262 3693 est
2292 3633 2470 3706 (Joan.
2518 3648 2568 3697 ι,
2603 3632 2730 3702 il);
2761 3646 2867 3686 non
2898 3639 2982 3686 est
3007 3628 3323 3699 spoliandus
3350 3641 3448 3697 per
3475 3626 3795 3681 fraudulen-

2185 3729 2317 3786 tiam
2361 3728 2589 3798 legentis
2639 3723 3072 3801 expositionibus
3118 3723 3232 3778 suis
3275 3735 3479 3777 scrmo.
3533 3718 3667 3776 Nam
3700 3719 3791 3777 ubi

2190 3823 2343 3879 homo
2366 3819 2600 3878 Christus
2620 3830 2718 3887 est,
2745 3813 3024 3890 praecedit,
3050 3815 3307 3874 Hediator
3327 3811 3425 3869 Dei
3449 3823 3606 3886 atque
3626 3812 3798 3869 homi-

2192 3931 2315 3970 num
2341 3931 2360 3969 :
2390 3922 2449 3969 ut
2471 3927 2535 3969 ex
2568 3921 2815 3981 utroque,
2843 3909 2957 3964 Deo
2981 3916 3040 3963 et
3063 3908 3304 3971 homine,
3329 3921 3470 3962 unus
3498 3903 3796 3969 subsistat;

2193 4009 2370 4080 sitque
2394 4007 2535 4067 inter
2580 4004 2858 4062 hominem
2889 4013 2942 4059 et
2967 4003 3138 4061 Deum
3175 3999 3420 4067 medius,
3449 3995 3800 4055 confessione

2193 4104 2250 4161 in
2292 4119 2352 4161 se
2379 4103 2664 4173 utriusque
2695 4109 2922 4157 naturae.
2972 4098 3073 4157 Ubi
3100 4112 3234 4153 vero
3286 4094 3523 4154 Christus
3566 4104 3801 4150 mortuus

2194 4205 2288 4265 est,
2322 4197 2631 4269 subjicitur,
2670 4194 2773 4265 Qui
2796 4193 3104 4259 resurrexit,
3129 4192 3220 4264 qui
3253 4199 3330 4248 est
3351 4191 3408 4245 in
3433 4190 3645 4245 dextera
3673 4184 3799 4243 Dei.

2196 4292 2257 4353 in
2280 4301 2454 4349 morte
2483 4291 2600 4364 ejus
2620 4290 2800 4347 carnis
2830 4296 3033 4347 nostra:
3060 4285 3348 4343 infirmitas
3383 4290 3489 4349 est,
3524 4283 3577 4339 in
3605 4295 3799 4337 resur-

2195 4384 2439 4443 rectione
2466 4382 2638 4439 virtus
2659 4381 2802 4454 ejus,
2829 4383 2883 4438 in
2912 4394 3175 4439 consessu
3199 4377 3294 4437 Dei
3320 4375 3574 4451 dignitas.

2266 4520 2429 4594 713
2459 4516 2545 4576 Ea:
2572 4519 2701 4577 libro
2732 4515 2805 4591 (e)
2832 4517 2899 4573 ad
2935 4515 3289 4574 Constantium
3322 4513 3703 4584 imperatorem.

2265 4633 2357 4691 Vl.
2404 4634 2573 4693 Filius
2612 4634 2707 4692 Dei
2763 4634 2936 4691 tactus
2978 4634 3143 4693 homo
3187 4630 3333 4687 Deus
3378 4637 3604 4685 est......
3646 4625 3800 4683 Deus

485 4796 524 4874 ’χ
560 4792 642 4868 (a)
682 4791 1067 4874 Fragmentum
1110 4787 1427 4874 hoe_iaudat
1468 4788 1817 4874 Augustinus,
1859 4797 1917 4874 et
1957 4803 2091 4860 qua-
2113 4789 2168 4851 D
2194 4790 2623 4874 debemus,.quae
2650 4788 2994 4874 quidemiib.
3023 4805 3098 4848 vn
3121 4786 3333 4847 inearn.
3365 4803 3417 4845 c.
3461 4786 3534 4843 24
3563 4785 3799 4863 (utinam

491 4860 960 4935 dam'praetatione
1002 4861 1342 4935 sic_explicat
1373 4861 1463 4935 lib.
1494 4875 1540 4935 it
1556 4872 1771 4935 contra
1781 4860 2084 4935 ,lulianum.

489 4953 542 4992 c.
566 4938 619 5000 8,
646 4931 705 4989 ᾖ.
733 4935 805 4990 27
834 4951 848 4989 :
887 4934 950 4988 In
970 4931 1195 5002 quatiant
1233 4948 1351 4988 vero
1401 4933 1621 4988 homilia
1654 4931 1718 4987 de
1756 4932 1887 4986 libro
1924 4934 2089 4987 sancti

488 5006 611 5075 Job,
654 5006 858 5061 attende
898 5004 1021 5077 quid
1038 5004 1196 5071 dicat,
1223 5003 1659 5077 quemadmodum
1688 5004 1851 5077 ipsius
1894 5003 2088 5058 diaboli

491 5079 738 5133 adversus
758 5075 1164 5131 nosiudesiueus
1215 5075 1405 5130 bellum
1460 5091 1524 5130 ea:
1565 5076 1662 5128 hoc
1709 5075 1824 5145 ﬁeri
1869 5083 2084 5143 asserat,

494 5166 613 5205 cum
642 5166 701 5204 ea
728 5148 867 5202 mala
894 5162 1011 5218 quia
1037 5150 1089 5201 iu
1122 5147 1267 5201 nobis
1309 5156 1448 5213 sunt,
1493 5148 1678 5218 excitat
1723 5156 1902 5200 contra
1945 5160 2038 5200 nos
2069 5164 2088 5203 :

492 5221 632 5295 quod
657 5216 978 5295 iuncturam
1017 5218 1442 5295 ﬁeriutilitateus
1482 5217 1605 5295 uult
1629 5216 1834 5295 docere,
1877 5232 2090 5295 convert

494 5257 629 5348 ἔρξ’ὦέ
653 5257 1441 5348 ’ἕὲἔίηὲἱ”ιὶέξε’ἐὲὶὲἑῗῐίέ
1482 5257 1971 5344 ἷνὶᾜηῖἰιῖῗᾶἒυὶἇὶὲ
1980 5257 2083 5342 "id

495 5363 855 5438 purgationem
874 5370 1121 5438 nostram.
1155 5358 1327 5438 lauta
1349 5361 1503 5438 enim,
1526 5369 1631 5415 etc.

569 5429 646 5506 (Ii)
693 5433 771 5489 Ex
801 5433 995 5488 iisdem
1029 5432 1265 5506 ltomiliis
1316 5434 1371 5486 in
1407 5430 1512 5486 Joh
1537 5438 1851 5506 arcer-ptum
1876 5443 1998 5506 esse
2024 5429 2091 5484 li-

496 5501 749 5586 quet'hoc
768 5506 995 5586 alterum
1038 5501 1420 5586 fragmentum,
1454 5501 1817 5586 qt‘iq‘dililarii
1847 5502 2090 5586 nomine,

495 5572 662 5632 tacito
674 5576 858 5645 operis
874 5576 1046 5639 titulo,
1066 5572 1520 5645 primusiaudavit
1538 5572 1808 5644 Pelagius,
1820 5589 1881 5629 ac
1895 5572 2093 5645 deinde

496 5643 949 5772 etimmfmorgit
976 5658 1027 5702 et
1049 5643 1299 5717 exposuit
1320 5643 1685 5718 Augustinus,
1722 5645 1817 5701 lib.
1846 5645 1915 5701 de
1964 5643 2089 5701 Nat.

498 5735 531 5772 e
584 5733 675 5772 ara
707 5757 719 5771 .
751 5734 802 5772 c.
903 5757 916 5771 .

465 5740 471 5748 ‘
498 5726 555 5775 et
584 5727 719 5775 urat.
751 5734 802 5772 C.
825 5726 916 5772 62.

572 5733 806 5861 ὣωὴἓὲ
825 5733 1201 5861 tgagmentutn
1243 5802 1367 5848 cum
1418 5788 1783 5865 subsequente
1836 5786 2096 5849 Cassiano

2192 4862 2355 4937 paulo
2386 4861 2641 4937 lltsiogt'a),
2666 4861 2915 4937 inseruit.

2266 4933 2347 5009 (ιι)
2392 4931 2602 5009 Titulus
2629 4933 2714 4991 hic
2738 4934 2852 5009 etsi
2871 4934 3165 5009 inauditum
3197 4932 3386 5009 Hilarii
3422 4931 3571 5003 Opus
3600 4939 3799 5009 _notat,

2191 5002 2453 5063 subtt'exis
2483 5014 2661 5062 tamen
2709 5005 2886 5063 verbis
2942 5006 3174 5062 donatur
3214 5002 3267 5061 in
3321 5005 3462 5059 hunc
3488 5002 3714 5059 modum
3761 5019 3793 5057 a

2191 5077 2425 5132 concilio
2453 5076 2698 5147 Spalensi
2721 5091 2771 5131 c.
2807 5074 2912 5147 ηε
2948 5079 3176 5134 Sanctus
3204 5092 3323 5147 ergo
3356 5074 3685 5147 Hilarius}:
3707 5090 3799 5129 ex-

2192 5148 2443 5219 positione
2471 5143 2699 5214 epistolw
2720 5147 2788 5200 ad
2808 5146 3131 5219 Trimalheum
3166 5148 3241 5201 sic
3259 5143 3491 5216 loquitur
3520 5163 3540 5202 :
3570 5143 3715 5201 Nam
3745 5155 3795 5200 et

2194 5218 2330 5290 am,
2355 5229 2461 5275 etc.
2495 5219 2621 5275 llrcc
2650 5233 2813 5290 porro
2843 5218 3027 5274 Hilarii
3069 5220 3237 5273 nostri
3280 5232 3422 5285 esse,
3479 5225 3629 5288 poto,
3672 5232 3795 5290 non

2190 5289 2446 5359 ambiget,
2479 5291 2571 5360 qui
2604 5289 2660 5346 in
2705 5291 2875 5361 ipsius
2916 5291 3146 5346 lectione
3190 5303 3422 5361 prorsus
3474 5289 3795 5361 peregrinus

2194 5374 2301 5433 non
2328 5361 2452 5429 erit,
2487 5359 2579 5416 aut
2627 5359 2789 5433 etiam
2828 5361 2922 5433 qui
2975 5376 3098 5418 cum
3145 5359 3377 5433 bisalia
3425 5359 3597 5429 ipsius
3624 5360 3797 5433 verba

2192 5431 2287 5504 lib.
2318 5447 2351 5486 χ
2380 5433 2448 5487 de
2468 5433 2617 5489 Trin.
2637 5449 2694 5488 n.
2723 5432 2815 5499 66,
2845 5430 3194 5504 compararit.
3239 5431 3322 5504 An
3358 5445 3499 5504 _vcro
3528 5438 3699 5485 totum
3720 5430 3794 5486 ad

2193 5503 2540 5628 gémotheum
2564 5504 2877 5577 exposuerit
2930 5501 3235 5578 epistolam,
3281 5501 3528 5559 dubitare
3558 5516 3655 5574 per
3691 5517 3797 5559 nos

2217 5584 2339 5630 lcet.

2267 5645 2500 5729 (e)_il:e_e
2527 5646 2717 5703 Hilarii
2748 5648 2910 5729 verba
2932 5662 2961 5701 a
2988 5647 3285 5729 Caelestino
3483 5647 3527 5713 l,
3560 5649 3613 5729 in
3650 5667 3799 5729 eon-

2196 5717 2327 5773 eilio’
2355 5718 2568 5774 laudata
2597 5733 2718 5774 esse
2750 5720 2903 5776 testis
2931 5729 3013 5776 est
3043 5719 3335 5787 Arnobius,
3368 5718 3458 5775 lib.
3491 5735 3529 5775 Ii
3557 5722 3797 5782 deCon-

2198 5789 2347 5853 ﬂictu
2385 5805 2508 5853 eum
2539 5790 2872 5868 Serapione,
2907 5791 3000 5849 ubi
3042 5790 3318 5854 eteadem
3343 5792 3423 5851 sic
3452 5792 3742 5871 adscripsit
3775 5814 3793 5858 :
