4100 6196
326 268 434 325 725

1341 265 1437 322 EX
1480 264 1707 325 VARUS
1744 264 2087 327 OPERIBUS
2126 265 2574 326 FRAGMENTA.

3525 278 3632 334 726

323 385 409 461 (α)
446 386 587 444 filius
616 384 851 446 hominis
897 386 1072 446 factus
1110 396 1196 446 est
1241 387 1434 463 (homo
1458 388 1604 445 enim
1632 389 1801 446 lactus
1844 396 1930 447 est
1956 390 2010 452 Α
2034 388 2151 446 huit
2194 397 2250 446 et
2306 398 2608 460 peccatum.
2638 388 2749 447 Sed
2774 389 2897 463 quia
2929 403 2995 448 ex
3044 399 3268 463 peccato
3294 392 3471 449 omnis
3512 407 3636 451 caro

323 477 495 549 Deus,
525 494 633 537 non
666 478 806 537 Deus
833 480 1007 539 factus
1036 490 1121 539 est
1167 480 1378 557 homo),
1414 490 1473 540 et
1522 481 1589 557 (f.
1621 480 1742 556 sed)
1784 482 1932 541 ﬁlius

323 572 566 630 hominis
589 571 765 630 laetus
792 584 876 631 est
896 573 1044 630 ﬁlius
1074 574 1189 632 Dei.
1216 575 1509 647 Superavit
1542 574 1688 632 enim
1720 575 1931 647 magni-

322 666 459 724 tudo
519 666 732 725 Domini
784 668 1108 741 parvitatem
1158 670 1378 727 servilis
1443 669 1673 739 formae;
1736 671 1810 727 ita
1875 679 1936 727 ut

326 761 448 833 ipsa
489 761 707 820 servilis
727 761 902 820 forma
928 805 944 831 ,
973 779 1137 836 quam
1175 766 1507 837 assumpsit,
1565 774 1809 824 cessaret
1851 780 1936 823 es-

321 870 387 913 se
413 856 630 913 servilis
658 872 755 929 per
796 872 922 914 eum
967 857 1273 927 Dominum,
1332 859 1425 932 qui
1452 876 1571 917 eam
1622 860 1931 932 assumpsit.

321 949 384 1007 Si
431 950 576 1006 enim
604 951 697 1024 qui
748 961 939 1009 natura
988 970 1096 1010 nou
1127 954 1220 1010 lilii
1269 955 1405 1025 Dei,
1449 972 1546 1028 per
1601 958 1777 1028 ipsum
1814 955 1939 1013 elli-

319 1044 538 1100 ciuntur
564 1044 660 1101 lilii
689 1046 814 1115 Dei;
841 1057 1043 1119 quanto
1072 1048 1244 1120 magis
1270 1050 1384 1122 ipse
1404 1093 1419 1118 ,
1451 1057 1543 1123 qui
1575 1061 1762 1106 natura
1792 1051 1930 1107 illius

319 1138 422 1195 Dei
449 1148 531 1195 est
558 1181 575 1208 ,
627 1138 773 1196 hunc
800 1155 922 1197 cum
951 1157 1061 1213 quo
1093 1143 1368 1199 voluntate
1391 1158 1490 1199 sua
1532 1143 1655 1200 alvo
1681 1143 1934 1215 virginali

319 1241 621 1304 conceptus
646 1240 702 1289 et
721 1241 879 1289 natus
907 1242 1013 1302 est,
1045 1234 1117 1291 ita
1149 1235 1463 1291 sublimavit
1493 1236 1544 1291 in
1575 1236 1764 1302 Deum,
1793 1247 1853 1293 ut
1875 1238 1931 1293 in

318 1327 444 1400 ejus
466 1328 689 1385 nomine
717 1344 880 1386 omne
905 1345 1047 1402 genu
1072 1330 1340 1400 ﬂectatur,
1362 1332 1668 1388 ctelestium
1686 1344 1741 1389 et
1760 1342 1933 1390 terro-

316 1418 518 1479 strium
543 1430 600 1477 et
646 1420 1005 1488 iulernorum,
1034 1433 1089 1479 et
1133 1424 1311 1483 omnis
1343 1424 1522 1495 lingua
1561 1424 1887 1483 conﬁteatur
1912 1467 1929 1493 ,

324 1510 453 1585 quia
485 1515 752 1577 Dominus
787 1514 949 1574 Jesus
994 1513 1243 1589 Christus
1274 1516 1328 1574 in
1381 1516 1557 1589 gloria
1589 1526 1674 1577 est
1704 1518 1798 1575 Dei
1841 1530 1933 1589 pa-

326 1608 449 1665 tris.

817 1720 905 1778 Ea:
932 1721 1015 1793 (ὁ)
1037 1721 1234 1779 incerto
1263 1723 1467 1797 Opere.‘

2036 490 2141 549 est,
2168 496 2199 538 a
2253 490 2476 555 peccato
2516 480 2725 540 scilicet
2775 482 2947 540 Adam
2998 492 3225 557 parente
3273 484 3537 553 deducta;
3583 489 3639 545 in

2035 574 2385 633 similitudine
2436 575 2644 647 peccati
2696 576 2875 633 carnis
2911 587 3011 645 est,
3049 578 3249 635 missus
3275 620 3291 647 ,
3344 578 3640 636 exsistentc

2036 668 2090 725 in
2135 683 2202 728 eo
2225 711 2240 737 ,
2289 685 2396 726 non
2450 677 2693 741 peccato,
2752 669 2851 727 sed
2903 670 3111 742 peccati
3154 670 3336 730 carnis
3384 672 3638 731 similitu-

2035 762 2182 821 diue.

2472 877 2850 951 Fragmentum
2874 878 2954 951 (ά)
2973 880 3203 935 dubium.

2109 993 2206 1051 IX.
2237 993 2297 1050 in
2322 1006 2431 1065 quo
2460 1008 2650 1049 omnes
2681 1002 3062 1065 peccaverunt.
3092 994 3150 1048 ln
3176 1008 3308 1064 quo,
3339 993 3389 1050 id
3418 1002 3501 1051 cst
3522 1037 3538 1063 ,
3584 996 3636 1050 in

2039 1090 2212 1146 Adam
2256 1102 2448 1144 omnes
2503 1095 2993 1158 peccaverunt.....
3069 1086 3415 1143 Manifestum
3463 1096 3549 1143 est
3588 1089 3639 1144 in

2038 1182 2209 1239 Adam
2244 1196 2519 1254 peccasse,
2546 1182 2704 1253 quasi
2733 1181 2785 1235 in
2832 1196 3033 1237 massa.
3064 1181 3186 1252 Ipse
3224 1182 3367 1237 enim
3391 1197 3488 1251 per
3516 1198 3642 1252 pec-

2038 1286 2218 1333 catum
2249 1284 2536 1346 corruptus
2565 1317 2580 1344 ,
2609 1289 2805 1333 omnes
2826 1289 2961 1347 quos
2984 1274 3195 1349 genuit,
3221 1275 3340 1331 nati
3384 1283 3509 1331 sunt
3539 1275 3641 1331 sub

2040 1376 2286 1440 peccato.

2042 1503 2413 1561 Testimonium
2435 1501 2499 1558 de
2538 1501 2737 1559 Hilarii
2763 1502 3001 1559 doctrina
3030 1503 3171 1559 circa
3214 1501 3451 1573 Spiritus
3476 1504 3645 1561 sancti

2643 1597 3039 1665 processionem.

2110 1712 2282 1787 Ἀγιος
2303 1712 2515 1789 Ἱλάριος
2542 1714 2593 1770 ἓν
2612 1721 2721 1775 τοῖς
2760 1716 2833 1773 εἰς
2861 1713 2950 1769 τὸν
2977 1711 3289 1769 ’Δπὸστολον
3333 1715 3639 1788 ἐξησγηματι..

397 1834 516 1894 VII.
549 1835 750 1894 Panem
803 1849 1035 1895 nostrum
1063 1842 1418 1912 quotidianum
1457 1841 1526 1898 da
1566 1842 1712 1897 nobis
1758 1840 1924 1917 71&I

2029 1815 2162 1876 κοῖς,
2191 1810 2313 1884 περὶ
2336 1808 2535 1883 Πατρός
2575 1809 2661 1861 καὶ
2683 1805 2803 1862 Tim”:
2831 1805 3091 1877 θεολογῶν,
3123 1808 3268 1877 φησι,
3312 1804 3562 1879 μηδεμίαν
3592 1809 3643 1863 ἐν

323 1930 479 1987 hodie
501 1928 687 2005 (Lacte
702 1946 777 1999 ιι,
798 1931 878 2005 5).
899 1932 1038 2002 Quid
1055 1936 1201 1990 enim
1228 1946 1333 1991 tam
1352 1935 1469 1991 vult
1492 1936 1654 2003 Deus,
1677 1952 1836 2007 quam
1864 1945 1924 1993 ut

325 2023 571 2095 quotidie
584 2024 830 2080 Christus
850 2024 1059 2082 habitet
1083 2025 1137 2081 in
1166 2026 1345 2093 nobis,
1376 2028 1467 2098 qui
1486 2038 1571 2085 est
1594 2030 1746 2100 panis
1774 2029 1921 2096 vitae,

328 2124 385 2172 et
409 2116 564 2186 panis
591 2130 625 2172 e
653 2116 793 2173 cmlo
822 2134 837 2174 :
870 2126 927 2173 et
964 2119 1090 2190 quia
1119 2118 1432 2189 quotidiana
1457 2123 1632 2180 oratio
1661 2130 1766 2189 est,
1791 2137 1928 2195 quo-

333 2208 463 2266 tidie
486 2224 704 2282 quoque
718 2219 775 2268 ut
795 2210 976 2282 detur,
1003 2221 1212 2269 oratur.

911 2348 988 2419 (c)
1015 2347 1149 2404 Item
1174 2349 1342 2405 aliud.

406 2454 541 2513 VIII.
574 2454 719 2529 Ergo
756 2471 881 2515 cum
910 2459 1109 2516 missus
1136 2469 1222 2517 est
1247 2458 1529 2535 (Christus)
1551 2461 1630 2520 .in
1677 2461 1932 2521 similitu-

332 2546 458 2606 dine
484 2548 663 2605 carnis
690 2552 923 2623 peccati,
956 2565 1064 2608 non
1089 2551 1229 2609 sicut
1260 2568 1479 2610 carnem
1501 2553 1708 2622 habuit,
1740 2557 1812 2611 ita
1836 2556 1932 2613 ha-

332 2719 579 2800 Iiilarius
597 2736 796 2793 quoque
822 2723 1057 2800 vir‘acris
1086 2722 1275 2800 ingenii
1321 2726 1551 2800 scribens
1581 2726 1651 2781 ad
1677 2725 1930 2800 Constan-

331 2794 463 2847 tium
484 2793 846 2865 imperatorem
873 2794 937 2849 de
963 2793 1319 2853 incarnatione
1342 2798 1550 2853 Domini
1575 2800 1650 2854 sic
1685 2801 1758 2853 ait
1786 2798 1929 2855 εγε-

329 2865 459 2930 lius,
480 2864 666 2939 inquit,
699 2864 800 2939 Dei
824 2870 993 2939 factus
1021 2869 1173 2923 homo
1196 2868 1338 2925 Deus
1356 2880 1430 2924 est
1447 2887 1467 2936 ;
1484 2878 1532 2924 et
1554 2880 1931 2939 prtepesterans

328 2934 709 3013 repetit,
730 2934 886 3013 ﬁlius
913 2938 1134 3013 [taurinis
1154 2982 1172 3008 ,
1201 2950 1307 2995 etc.
1330 3012 1333 3013 ν
1355 2941 1414 2996 ln
1445 2934 1674 3013 vulgatis
1702 2943 1930 2999 Arnobii

326 3008 697 3085 inscri_pt_io_in
721 3008 1079 3085 Constantium
1102 3009 1129 3064 1
1140 3028 1242 3085 mp.
1267 3012 1490 3085 minime
1511 3008 1785 3084 probanda
1808 3024 1927 3071 est:

329 3088 446 3134 tum
477 3078 674 3154 deinde
698 3091 990 3154 occurruth
1015 3078 1201 3152 aliqua
1227 3084 1419 3139 menda
1439 3127 1454 3148 ,
1487 3078 1607 3154 quae
1637 3101 1706 3141 ex
1762 3087 1929 3142 veteri

2028 1910 2103 1973 τῷ
2278 1907 2533 1971 Πνεῦματι
2559 1898 2766 1959 διπλόην
2786 1900 3009 1955 νοεῖσθαι
3035 1896 3119 1955 διὰ
3139 1899 3197 1953 τὸ
3218 1899 3304 1955 τὸν
3331 1901 3533 1977 Πατέρα
3554 1904 3639 1956 mi

2030 1998 2118 2052 τὸν
2139 1996 2250 2052 Υἰὸν
2274 1996 2334 2051 τὸ
2360 1989 2489 2049 εἶναι
2516 1993 2772 2072 παρέχειν
3010 1988 3118 2049 ὅθεν
3161 1990 3311 2067 ἄμφω
3356 1996 3449 2065 μία
3488 1997 3637 2069 ἁρχὴ

2032 2094 2127 2146 τοῦ
2156 2087 2306 2161 ἁγίου
2331 2084 2622 2160 [iuniperus
2651 2089 3071 2160 χρηματίζουσιν
3118 2101 3132 2138 :
3171 2082 3413 2141 Hilarius
3442 2087 3498 2141 in
3551 2101 3643 2141 ex-

2033 2179 2420 2253 planationibus
2446 2178 2516 2234 ad
2545 2180 2871 2250 Apostolum,
2902 2178 2967 2235 tle
3006 2176 3166 2235 Patre
3193 2175 3445 2250 Filioque
3487 2179 3637 2235 theo-

2041 2275 2204 2345 logica
2233 2272 2467 2343 loquens,
2493 2270 2569 2325 ait
2592 2269 2795 2325 nullam
2823 2270 2878 2325 in
2923 2269 3134 2339 Spiritu
3161 2280 3342 2326 sancto
3363 2272 3640 2342 duplicite-

2038 2379 2139 2424 tem
2161 2365 2405 2438 intelligi,
2437 2374 2707 2438 propterea
2745 2363 2884 2435 quod
2913 2361 3075 2419 Pater
3098 2370 3147 2425 et
3187 2360 3361 2419 Filius
3389 2365 3643 2421 exsisteu-

2040 2460 2166 2515 tiam
2210 2456 2292 2511 illi
2337 2455 2701 2528 suppeditent;
2744 2454 2883 2509 unde
2920 2455 3070 2509 ambo
3118 2471 3281 2510 unum
3326 2456 3641 2528 principium

2040 2551 2270 2624 Spiritus
2314 2549 2479 2606 sancti
2520 2556 2664 2603 sunt.
2712 2545 2795 2603 Eu
2842 2546 3037 2602 miram
3084 2555 3248 2619 atque
3295 2549 3636 2621 perspicuam

2038 2741 2203 2785 carne
2232 2720 2471 2787 mortali,
2499 2726 2844 2796 postremum
2860 2716 2953 2787 qui
2980 2722 3433 2796 resurrectionem
3465 2725 3635 2796 ipsius

2039 2800 2283 2867 excepit;
2314 2796 2384 2849 ita
2414 2789 2540 2867 eum
2564 2795 2619 2847 in
2645 2789 2887 2867 secundo
2910 2798 3055 2867 statu
3081 2791 3248 2867 Deum
3278 2802 3333 2849 et
3358 2789 3635 2855 hominem
3715 2794 3726 2803 ’

2041 2861 2243 2943 passim
2271 2861 2276 2863 ⁷
2307 2864 2607 2936 proﬁtetur,
2648 2874 2717 2943 ut.
2739 2861 2793 2918 in
2825 2862 2988 2943 tertio
3034 2861 3409 2943 hominem__in
3465 2869 3636 2943 Deum

2037 2933 2318 2998 iransiisse
2356 2952 2519 2992 sensu
2543 2950 2573 2989 a
2595 2933 2749 2989 nobis
2777 2933 2974 3003 saepius
2999 2936 3267 3002 explicato
3291 2935 3454 2993 dicat.
3483 2940 3638 2999 Unde

2039 3014 2237 3070 allatus
2283 3012 2431 3064 locus
2462 3015 2605 3062 totus
2633 3019 2755 3061 esse
2798 3004 3009 3077 videtur
3034 3005 3103 3060 de
3153 3007 3393 3077 glorioso
3432 3009 3636 3069 Christi

2038 3095 2202 3151 statu,
2243 3082 2311 3136 ad
2340 3094 2498 3151 quem
2524 3078 2761 3151 pertinet
2781 3076 3080 3151 subjectum
3104 3076 3350 3147 Apostoli
3383 3085 3638 3140 testimo-

327 3165 438 3206 ηις.
475 3150 795 3225 Corbeimtsi
845 3144 1249 3225 castigavimus.
1303 3158 1382 3213 Ex
1423 3144 1667 3225 plu-rimis
1707 3165 1887 3212 autem
1915 3199 1930 3223 ,
1958 3144 2004 3206 C
2040 3144 2208 3212 nium'.
2246 3155 2309 3208 Et
2338 3144 2555 3222 quidem
2584 3149 2677 3225 qui
2722 3148 2776 3201 in
2805 3144 3247 3225 Psal._c}utt."n.
3270 3156 3330 3225 ιι,
3363 3151 3419 3207 in
3452 3154 3632 3212 Verbo

325 3237 455 3293 qua:
481 3223 535 3278 in
560 3221 711 3279 dicto
725 3224 954 3279 Arnobii
980 3221 1145 3295 opere
1167 3243 1232 3281 ex
1257 3221 1448 3283 eodem
1469 3228 1657 3284 codice
1677 3221 1926 3294 castigari

326 3305 560 3367 queunt,
594 3296 695 3367 hoc
719 3311 882 3367 unum
909 3295 997 3351 hic
1017 3308 1286 3364 notamus,
1314 3299 1407 3352 lib.
1432 3314 1491 3366 ll,
1516 3299 1605 3354 ubi
1632 3301 1923 3367 Arnobius,

326 3363 563 3441 laudatis
590 3366 912 3441 quibusdam
943 3369 1209 3441 Atnbrosli
1238 3363 1507 3436 versibus,
1541 3372 1594 3424 in
1627 3385 1727 3424 ms.
1762 3363 1927 3441 subii;

324 3437 423 3509 cit,
461 3435 735 3508 Numquid
762 3438 909 3503 dicit,
940 3439 1059 3494 talis
1079 3441 1219 3495 decet
1249 3450 1428 3509 partus
1458 3435 1715 3496 heminem
1737 3442 1763 3495 2
1793 3435 1925 3498 νεὶ-

327 3508 459 3583 hum
481 3519 665 3583 autem
696 3510 992 3583 dicitideest
1018 3512 1068 3566 in
1097 3508 1322 3583 vulgatis
1339 3553 1354 3576 ,
1380 3520 1624 3583 quamvis
1649 3514 1717 3569 ad
1763 3514 1925 3569 intel-

326 3580 609 3653 ligentiam
628 3581 797 3653 hujus
824 3582 926 3636 loci
956 3597 1175 3651 prorsus
1196 3580 1593 3640 necessarium.
1627 3585 1926 3641 Conferen-

326 3651 458 3724 dum
494 3652 596 3724 hoc
618 3651 974 3724 fragmentum
1004 3670 1124 3708 cum
1151 3654 1330 3711 Tract.
1357 3655 1498 3711 Psal.
1530 3671 1713 3720 cxutt,
1742 3673 1794 3711 n.
1830 3657 1882 3710 7.

402 3722 485 3795 (tt)
508 3723 674 3797 Magis
700 3722 954 3793 placeret,
986 3724 1106 3779 Non
1132 3725 1227 3780 Dei
1251 3728 1388 3795 ﬁlius
1405 3728 1625 3782 hominis
1650 3729 1790 3797 ﬁlius
1806 3728 1918 3795 fac-

327 3805 414 3869 tus
434 3805 506 3869 est
531 3796 708 3866 (homo
732 3798 868 3850 enim
888 3799 1063 3869 factus
1085 3808 1159 3853 est
1176 3800 1333 3869 Deus,
1366 3816 1469 3853 non
1487 3797 1630 3869 Deus
1651 3796 1817 3868 factus
1839 3810 1916 3855 est

326 3867 518 3942 homo)
546 3884 561 3922 :
589 3869 681 3922 sed
705 3868 846 3942 ﬁlius
872 3867 1094 3942 hominis
1114 3873 1285 3942 factus
1312 3867 1384 3926 est
1419 3872 1559 3939 ﬁlius
1587 3867 1702 3925 Dei.
1729 3870 1925 3940 Hujus.-

328 3936 479 3993 modi
500 3936 827 4011 sententiam
871 3936 1199 4011 Augustinus
1225 3985 1239 4009 ,
1272 3936 1449 3997 Serm.
1490 3956 1748 4008 cuxxvr,
1777 3936 1830 3996 ιιῖ
1865 3942 1920 4008 2,

329 4019 486 4085 limat
513 4009 599 4063 his
622 4010 831 4085 verbis:
858 4009 982 4085 Non
999 4027 1140 4084 ergo,
1164 4013 1356 4083 inquit,
1384 4012 1522 4067 vobis
1545 4012 1922 4085 subrepatquo-

324 4083 567 4155 tantum
588 4083 837 4137 sententia
860 4083 1030 4138 minus
1058 4083 1368 4139 attentorum
1394 4087 1450 4138 in
1474 4083 1706 4155 regulam
1736 4083 1855 4153 ﬁdei
1877 4094 1926 4141 et

325 4154 380 4224 in
407 4151 802 4224 Scripturarum
824 4154 1036 4209 oracula
1058 4156 1367 4211 diuinarum.
1399 4151 1593 4211 Dicunt
1632 4151 1786 4220 enim,
1818 4156 1923 4224 Qui

326 4223 471 4298 ﬁlius
500 4234 574 4298 est
598 4224 841 4298 hominis,
888 4226 1055 4294 {actus
1084 4238 1155 4282 est
1180 4228 1323 4298 ﬁlius
1350 4227 1479 4294 Dei;
1529 4226 1614 4295 qui
1638 4244 1752 4282 vero
1781 4223 1922 4298 ﬁlius

325 4290 400 4350 est
428 4290 551 4360 Dei,
581 4313 685 4350 non
712 4306 784 4349 est
804 4290 972 4365 [actus
994 4298 1136 4368 ﬁlius
1175 4290 1416 4354 hominis.
1446 4290 1560 4353 Hoc
1590 4308 1642 4351 ut
1672 4290 1916 4367 dicerent,

324 4369 653 4440 quodverttm
683 4376 756 4422 est
779 4371 1128 4434 attenderunt,
1166 4372 1256 4424 sed
1286 4386 1465 4425 verum
1494 4371 1664 4440 eloqui
1692 4388 1793 4424 non
1833 4386 1922 4425 va-

326 4439 555 4494 luerunt.
589 4438 729 4513 Quid
755 4442 890 4513 enim
916 4441 1264 4508 attenderunt,
1297 4444 1395 4497 nisi
1428 4443 1547 4513 quia
1576 4438 1800 4497 humana
1822 4460 1917 4498 na-

327 4519 447 4565 tura
469 4514 639 4582 potuit
658 4511 908 4582 inmelius
926 4515 1250 4579 commutari,
1268 4513 1318 4567 in
1336 4511 1554 4570 deterius
1568 4527 1735 4569 autem
1750 4513 1921 4568 divina

327 4597 429 4635 non
461 4580 672 4650 potuit?
702 4580 813 4636 Hoc
842 4599 1015 4638 verum
1044 4593 1137 4637 est.
1170 4585 1277 4640 Sed
1299 4587 1450 4640 etiam
1479 4586 1584 4651 sic,
1615 4586 1669 4638 id
1707 4595 1797 4647 est,
1829 4602 1920 4641 ne-

325 4668 586 4722 quaquam
611 4654 665 4707 in
696 4654 915 4709 deterius
941 4656 1202 4710 divinitate
1230 4666 1449 4717 mutata.
1504 4654 1723 4710 Verbum
1753 4666 1922 4712 tamen

330 4727 675 4799 rarefactum
700 4734 889 4799 est.....
908 4743 969 4781 at:
995 4744 1084 4798 per
1106 4729 1203 4782 hoc
1221 4730 1307 4799 qui
1324 4740 1430 4784 erat
1447 4727 1543 4782 Dei
1567 4729 1729 4797 ﬁlius,
1750 4730 1918 4796 {actus

325 4805 401 4871 est
425 4795 567 4867 ﬁlius
592 4795 839 4871 (lautitiis,
869 4795 1214 4871 assumptione
1233 4795 1514 4871 inferioris
1533 4841 1548 4864 ,
1568 4795 1682 4854 non
1712 4795 1919 4855 conver-

322 4868 473 4940 sione
494 4868 730 4940 potioris.
771 4870 1027 4940 Apprime
1042 4868 1266 4940 quidem
1289 4868 1424 4927 solet
1455 4870 1688 4926 Hilarius
1709 4872 1776 4927 ad
1798 4885 1917 4927 ora-

326 4939 877 5014 ettlaScripturarum
891 4939 1304 5014 ,suum’exigere
1326 4958 1656 5014 sermonem.
1669 4942 1834 5014 dum,
1861 4959 1913 4998 ν.

325 5024 383 5084 g.
415 5009 515 5069 lih.
548 5027 605 5069 ιχ
626 5011 696 5068 de
720 5009 915 5086 Irinit'.
945 5028 1002 5068 η.
1045 5015 1098 5078 5.
1140 5009 1209 5071 de
1232 5015 1449 5070 Christo
1478 5016 1551 5068 ait
1583 5031 1595 5068 :
1634 5013 1786 5069 Hunc
1824 5032 1916 5086 per

327 5086 506 5157 omnia
532 5084 812 5157 euangelici
855 5086 1102 5141 sermonis
1130 5088 1339 5141 modum
1368 5088 1544 5150 tenuit,
1577 5095 1632 5140 ut
1657 5104 1709 5141 se
1750 5084 1918 5157 ﬁlium

330 5153 429 5207 Dei
454 5154 597 5210 credi
618 5153 838 5222 doceret,
872 5165 921 5211 et
947 5158 1164 5229 It_ominis
1187 5159 1352 5229 ﬁlium
1378 5158 1650 5228 praedicari
1675 5153 1921 5214 admone-

327 5234 429 5293 ret,
448 5236 554 5281 etc.
579 5244 595 5292 ;
620 5235 677 5282 et
694 5242 841 5283 num.
867 5228 932 5283 ὅτ
958 5225 1083 5299 Ipse
1100 5244 1164 5283 ea:
1187 5225 1351 5284 'unitis
1378 5225 1430 5283 in
1459 5230 1533 5282 idi
1538 5245 1685 5298 psum
1718 5232 1918 5285 naturis

330 5308 536 5353 natura!
567 5300 831 5367 utriusque
868 5316 950 5354 res
974 5300 1152 5355 eadem
1187 5310 1291 5367 est;
1313 5303 1384 5355 ita
1419 5310 1617 5365 tamen,
1660 5309 1716 5354 ul
1744 5310 1922 5355 neutro

332 5378 530 5443 careret
560 5370 612 5422 in
656 5380 891 5440 utroque,
920 5387 983 5425 ne
1004 5374 1134 5443 forte
1181 5372 1316 5427 Deus
1342 5389 1449 5428 esse
1489 5373 1639 5427 homo
1668 5373 1922 5427 nascendo

333 5441 605 5502 desineret,
637 5450 684 5497 et
726 5443 877 5496 homo
906 5441 1112 5497 rursum
1140 5443 1282 5498 Deus
1330 5443 1581 5499 manendo
1630 5460 1730 5497 non
1773 5451 1920 5500 esset.

335 5512 591 5598 .Plura‘
625 5525 906 5598 promptu
930 5526 1055 5598 sunt
1078 5532 1091 5569 :
1115 5518 1230 5598 osed
1254 5516 1497 5598 pluribus
1515 5515 1921 5598 _non._eget.,_.cui

329 5586 442 5658 jam
470 5583 660 5640 Hilarii
689 5583 851 5658 lectio
881 5584 1159 5643 familiaris
1187 5583 1289 5642 est.
1322 5586 1485 5658 igitur
1514 5588 1565 5639 in
1591 5583 1751 5641 allaio
1783 5586 1925 5641 illius

338 5657 644 5740 fragmento
695 5657 837 5740 alius
881 5658 1129 5740 .quidanr
1175 5660 1304 5740 latet
1354 5657 1654 5740 abstrusior
1688 5672 1923 5740 sensus.

338 5727 552 5798 Quippe
581 5743 704 5783 cum
731 5727 962 5787 Hilarius
992 5731 1253 5801 triplicem
1285 5729 1338 5785 in
1364 5729 1580 5785 Christo
1596 5737 1792 5786 statum
1821 5732 1932 5786 (lis-

341 5802 570 5872 tinguat,
604 5802 837 5874 primum
863 5807 988 5856 ante
1009 5812 1316 5873 susceptam
1341 5815 1594 5875 carnem,
1626 5803 1853 5860 alterum
1879 5803 1933 5859 in

2029 3235 2342 3284 assumente
2357 3218 2582 3277 carnem
2603 3218 2844 3297 formam
2880 3218 2971 3275 Dei
2998 3218 3071 3297 ita
3096 3220 3428 3297 exinanitam
3473 3225 3627 3297 dicit,

1990 3297 2001 3307 ’
2029 3312 2087 3356 ιιι
2115 3310 2254 3355 totus
2291 3297 2345 3350 in
2378 3297 2544 3365 {arma
2568 3292 2700 3347 servi
2742 3290 2807 3344 sit
2829 3331 2843 3357 ,
2868 3290 3061 3365 procul
3087 3293 3241 3365 abest
3272 3302 3331 3347 ut.
3370 3290 3627 3354 servilem

2028 3370 2258 3427 formam
2301 3360 2397 3437 per
2416 3360 3041 3437 susceptionetherbi
3066 3363 3319 3419 servilem
3357 3382 3481 3424 esse
3507 3384 3626 3427 ces-

2029 3458 2181 3498 sasse
2209 3432 2486 3510 prdidicet.
2508 3432 2610 3503 Qui
2633 3435 2795 3510 igitur
2820 3432 2970 3510 illum
2990 3433 3077 3510 hic
3101 3437 3369 3510 rationem
3393 3441 3625 3497 reddere

2027 3502 2339 3570 existimant
2366 3524 2462 3563 cur
2490 3502 2598 3562 una
2639 3502 2693 3581 i'u
2733 3502 2953 3581 Christo
2979 3506 3334 3581 subsistentia
3374 3513 3467 3581 sit,
3505 3526 3626 3570 sen-

2030 3586 2252 3645 tentiam
2278 3582 2423 3638 illius
2444 3594 2551 3635 non
2577 3579 2708 3635 satis
2738 3576 2990 3634 videnlur
3015 3579 3272 3636 assecuti.

2100 3678 2175 3751 (b)
2207 3679 2299 3734 Vel
2326 3694 2393 3751 ex
2420 3675 2657 3733 homiliis
2686 3677 2739 3731 in
2770 3674 2893 3743 Job,
2923 3676 3008 3733 vel
3032 3691 3098 3733 ex
3124 3677 3349 3751 perditis
3381 3678 3625 3751 tractati-

2028 3748 2128 3806 bus
2155 3748 2218 3805 in
2249 3750 2491 3806 Psalmos
2536 3760 2853 3820 excerptum
2883 3757 2995 3811 est,
3026 3748 3171 3818 quod
3199 3764 3235 3820 a7
3248 3749 3492 3820 concilio
3521 3749 3629 3805 To-

2026 3822 2206 3877 letano
2228 3838 2298 3887 Iv,
2316 3822 2462 3885 (ΜΟ,
2487 3821 2565 3875 sic
2578 3818 2909 3875 memoratur
2927 3836 2942 3873 :
2959 3820 3188 3875 Sanctus
3213 3818 3447 3875 Hilarius
3459 3820 3582 3875 dicit
3604 3839 3627 3877 .-

2028 3892 2225 3949 Panem
2237 3903 2492 3960 nostrum,
2514 3890 2692 3948 etc.V.
2714 3892 2967 3947 Ambros.
2991 3891 3087 3946 lib.
3119 3906 3153 3946 v
3174 3891 3243 3947 de
3270 3892 3423 3949 Sacr.
3450 3908 3503 3947 η.
3528 3892 3622 3949 25.

2099 3985 2176 4059 (c)
2211 3986 2334 4041 llaec
2364 3987 2526 4059 verba
2556 3999 2665 4040 non
2702 3983 2821 4059 sine
2849 3982 3038 4059 liilarii
3068 3984 3246 4059 elogio
3274 3985 3356 4059 sic
3381 3988 3621 4059 celebrat

2026 4054 2381 4123 Augustinus,
2401 4057 2493 4112 lib.
2546 4072 2564 4113 ι
2606 4065 2753 4112 cont.
2779 4054 2977 4111 Julian.
3008 4069 3058 4109 c.
3087 4056 3142 4119 5,
3170 4054 3227 4110 n.
3264 4057 3336 4113 9:
3370 4056 3617 4115 Ecclesia:

2027 4127 2295 4184 catholica:
2335 4131 2579 4200 aduersus
2629 4127 2891 4200 licerelicos
2951 4127 3263 4200 acerrimum
3301 4129 3623 4200 defensorem

2062 4203 2359 4271 uisignorat
2390 4198 2656 4253 Hilarium
2688 4198 2983 4271 episcopum
2996 4195 3206 4271 Gallum
3231 4200 3257 4253 1'
3296 4195 3395 4271 Qui
3416 4216 3531 4254 cum
3560 4202 3625 4257 de

2062 4218 2359 4271 utstgnorat
2390 4218 2656 4253 mtanum
2688 4218 2983 4268 episcopum
2996 4218 3206 4252 uastum
3231 4218 3255 4253 ι
3296 4218 3395 4264 Qui
3416 4218 3531 4254 cum
3560 4218 3624 4257 tte

2025 4218 2216 4327 adisti
2247 4287 2402 4326 carne
2428 4281 2617 4343 ageret.
2671 4270 3023 4343 attentlequt'd
3051 4270 3279 4343 dixerit:
3313 4269 3455 4343 Ergo
3506 4288 3624 4328 cunt

2024 4347 2234 4413 missus,
2262 4352 2367 4398 etc.
2394 4341 2600 4398 Eadem
2623 4357 2838 4396 rursum
2881 4341 3085 4413 indicat
3104 4342 3244 4397 libro
3270 4341 3626 4413 subsequenti

2025 4431 2145 4485 cap.
2174 4418 2209 4472 ll
2243 4433 2256 4470 :
2301 4413 2372 4471 Et
2395 4417 2511 4470 ideo
2540 4415 2859 4469 uenerandus
2883 4412 3139 4476 Hilarius.
3162 4428 3229 4468 ex
3255 4412 3475 4484 peccato
3501 4431 3624 4473 esse

2025 4502 2241 4542 omnem
2274 4501 2491 4543 carnem
2516 4528 2531 4551 ,
2565 4502 2666 4539 non
2710 4493 2977 4541 cunctatus
3003 4496 3075 4540 est
3108 4486 3276 4541 dicere
3304 4500 3323 4540 :
3350 4486 3441 4540 sed
3468 4502 3621 4540 num-

1951 4543 2000 4602 D
2029 4560 2155 4643 quid
2174 4543 2747 4643 ideo_ne‘gavit:e:c‘Deo
2767 4558 2793 4611 ἵ
2819 4572 3007 4640 verum
3045 4572 3115 4643 ea
3142 4556 3287 4639 unde
3308 4570 3619 4643 “excerpse-

2030 4627 2122 4695 rit,
2147 4648 2252 4686 non
2277 4627 2589 4686 declaravit.
2620 4628 2739 4683 Non
2765 4628 2909 4683 enim
2934 4627 3279 4694 crediderim,
3308 4628 3501 4683 librum
3530 4628 3619 4685 hic

2027 4702 2274 4766 indicari,
2301 4703 2387 4755 cui
2420 4700 2606 4755 titulus
2635 4700 2699 4752 de
2727 4715 2882 4752 carne
2914 4696 3102 4753 Christi
3132 4697 3327 4763 fuerit;
3371 4697 3464 4752 sed
3507 4708 3617 4753 tan-

2029 4785 2139 4829 tum
2179 4776 2433 4829 lcetorem
2463 4770 2766 4835 admoneri,
2790 4770 2990 4824 Hilario
3017 4771 3069 4823 in
3098 4782 3165 4823 eo
3193 4769 3315 4824 loco
3340 4768 3409 4823 de
3437 4772 3618 4827 carnis

2022 4844 2223 4901 Christi
2256 4843 2738 4915 prerogativa_es_se
2765 4839 3322 4915 sermonem._S_imilis
3349 4842 3618 4898 sententia

2019 4910 2277 4983 occurrit,
2309 4915 2401 4970 lib.
2422 4910 2467 4968 ’χ
2496 4912 2565 4967 de
2595 4911 2880 4979 Triuitate,
2912 4926 3061 4965 num.
3092 4910 3185 4967 25.

2094 5007 2172 5081 (ιι)
2199 5007 2449 5081 Subiecta
2468 5006 2637 5081 verba
2666 5014 2958 5081 occurrunt
2985 5003 3039 5081 in
3066 5003 3617 5081 commentgriisAm-

2021 5074 2202 5139 brdsio
2226 5074 2510 5147 adscriptis
2534 5079 2584 5132 in
2608 5076 2866 5146 epistolas
2893 5074 3042 5147 Pauli
3066 5074 3224 5131 Rom.
3246 5090 3302 5130 v.
3334 5078 3404 5131 Ea
3420 5084 3614 5147 tamen

2023 5169 2144 5211 cum
2181 5146 2533 5224 Augustinus,
2559 5148 2653 5224 lib.
2682 5163 2733 5201 tv
2778 5157 2967 5201 contra
2972 5146 3305 5224 _d_uas_epist.
3337 5146 3614 5224 Pelagium

2023 5242 2073 5281 c.
2105 5226 2161 5291 4,
2196 5216 2293 5279 ἰιει⁷
2308 5221 2507 5292 profert
2531 5265 2545 5288 ,
2582 5220 2671 5274 Sic
2700 5226 2910 5274 sanctus
2954 5216 3199 5292 Aﬂilorius
3242 5216 3531 5292 intellexit,
3562 5221 3618 5275 in

2024 5314 2125 5370 quo
2150 5289 2322 5350 omnes
2348 5301 2709 5370 peccaverunt,
2760 5298 2864 5370 etc.
2883 5289 3260 5370 ,__h_:ereti_cam
3291 5291 3615 5370 setttetttiam

2027 5361 2277 5425 refellere
2305 5361 2542 5420 veluisse
2586 5362 2795 5417 videtur
2822 5361 2881 5417 S.
2914 5361 3102 5418 Hilarii
3132 5361 3462 5419 Pictavensis
3488 5378 3618 5420 auc-

2030 5441 2267 5495 toritate.
2289 5436 2355 5492 Et
2378 5437 2569 5490 merito
2596 5435 2811 5503 quidem
2835 5435 3175 5489 existimetur
3197 5436 3618 5491 commentarios

2030 5513 2154 5567 illos
2183 5523 2472 5579 muuquam
2502 5506 2731 5577 legisse;
2759 5520 2880 5559 cum
2910 5507 3043 5559 alias
3077 5506 3245 5579 etiam
3267 5504 3423 5574 plura
3450 5506 3519 5579 ing
3549 5506 3617 5579 iis

2034 5589 2248 5639 exstent
2278 5575 2492 5649 l‘élagio
2518 5575 2740 5632 adversa
2761 5618 2776 5641 ,
2827 5590 2926 5630 nec
2942 5587 3130 5649 tamen
3157 5576 3446 5645 quidquam
3473 5575 3620 5649 aliud

2034 5671 2101 5709 ex
2134 5646 2632 5708 iisndversusillum
2655 5649 2907 5703 adducat.
2941 5646 3123 5717 itaque
3146 5662 3267 5703 cum
3289 5649 3337 5701 iu
3365 5649 3467 5703 hoc
3481 5648 3623 5718 frag-

2039 5735 2222 5781 mento
2254 5720 2864 5794 phrasimllilarianant
2881 5733 2987 5773 non
3017 5721 3148 5775 satis
3170 5720 3624 5790 internoscamus,

2041 5797 2170 5854 illud
2197 5790 2361 5853 veluti
2390 5791 2614 5850 dubium
2638 5790 3008 5863 proponimus.
