4100 6196
483 256 588 312 727

486 374 621 431 tanti
664 373 840 431 Patris
865 380 1053 431 contra
1099 373 1475 430 schismaticos
1503 373 1725 431 Graecos
1778 371 2083 428 doctrinam

1961 247 2330 308 APPENDIX.

3694 246 3792 303 7‘28

2188 370 2506 441 Hispalcuse
2536 369 2821 424 concilium
2851 367 2919 431 ll,
2959 381 3082 421 can.
3131 367 3219 433 15,
3259 364 3400 437 apud
3440 365 3791 437 Aquirrinm,

486 466 556 522 de
587 464 820 537 Spiritus
850 466 1020 521 sancti
1048 464 1397 537 processione
1424 479 1490 520 ac
1514 464 1673 520 Patre
1702 463 1947 534 Filioque
1969 472 2085 518 tau-
2110 506 2162 566 Λ
2190 472 2324 519 tom.
2355 478 2433 528 tu,
2471 480 2521 533 p.
2552 460 2657 517 555
2684 479 2697 516 :
2751 475 2893 515 nunc
2932 474 3059 515 cccc
3101 473 3168 514 ex
3200 472 3268 514 eo
3312 456 3599 531 deperdito
3628 472 3791 528 opere

486 575 649 631 quam
692 558 850 615 unico
873 558 1170 630 principio!
1198 557 1319 613 Jam
1353 574 1481 614 vero
1521 566 1767 613 sanctum
1818 556 2083 612 Hilarium

486 651 905 709 commentarios
930 649 1215 722 scripsisse
1241 652 1293 706 in
1318 650 1471 706 Pauli
1487 650 1760 721 Epistolas
1781 649 2087 707 aitirmabat

2190 554 2417 610 frustum
2445 553 2790 624 splendidum
2838 570 2867 607 a
2900 552 3106 608 Graecis
3151 559 3453 608 servatum.
3484 551 3589 623 (Ex
3617 549 3787 624 Spiri-

2189 648 2292 720 leg.
2321 648 2476 703 Rom.
2508 656 2641 702 tom.
2679 662 2750 713 rt,
2778 661 2833 717 p.
2861 646 2977 718 75.)

494 800 3748 844 Μ

1661 976 2337 1083 APPEND
2364 977 2617 1082 IX.

1052 1300 1545 1386 JOANNIS
1590 1299 2469 1388 'CHRYSOSTOMI
2542 1293 3226 1381 TROMBELLI

497 1406 672 1600 IN
765 1479 1876 1643 SEQUENTEM
1981 1473 2686 1607 HILARII
2773 1471 3793 1672 EPIS’I‘OLAM

1835 1684 2467 1761 PREFATIO.

1949 1820 2330 1880 antecapto

1008 1953 1239 2014 CAPUT
1277 1953 1563 2012 PRIMUM.

488 2089 555 2145 In
577 2106 801 2162 quonam
835 2092 1010 2147 codice
1038 2102 1240 2165 reperta
1260 2135 1274 2159 ,
1307 2103 1357 2149 et
1396 2094 1604 2149 cuinam
1641 2091 1848 2169 (nostra
1886 2093 2091 2162 quidem

558 2183 830 2256 sententia)
867 2184 1136 2239 tribuenda
1161 2187 1228 2239 sit
1252 2201 1339 2255 ea,
1372 2202 1525 2256 quam
1566 2202 1703 2241 nunc
1746 2185 2043 2257 evulgamus
2073 2228 2087 2251 ,

561 2274 800 2345 epistola.
1368 2302 1371 2305 λ

549 2412 576 2465 1
588 2451 603 2465 .
619 2411 677 2468 Si
690 2427 754 2468 ex
768 2411 1067 2484 diligentia,
1082 2428 1241 2485 quam
1258 2414 1309 2469 in
1330 2414 1722 2485 perlustraudis
1738 2413 2091 2470 Bibliotheca:

488 2512 689 2559 nostrae
715 2504 996 2561 codicibus
1025 2505 1268 2575 adhibui,
1302 2506 1537 2563 fructum
1567 2525 1672 2562 non
1697 2507 1870 2563 levem
1903 2508 2088 2573 retuli,

484 2612 651 2666 quum
687 2597 1024 2667 superiorem
1072 2597 1312 2654 libellum
1345 2600 1549 2670 reperi,
1582 2600 1755 2654 multo
1784 2600 2090 2656 uberiorem

484 2706 619 2746 sane
645 2707 764 2746 sum
791 2700 1095 2757 assecutus,
1128 2693 1254 2747 dum
1292 2693 1529 2748 nobilem
1569 2694 1880 2764 epistolam,
1926 2708 2089 2763 quam

488 2782 607 2847 tibi,
625 2782 1015 2839 humanissime
1034 2783 1249 2852 Lector,
1279 2784 1531 2853 exhibeo,
1559 2785 1612 2840 in
1627 2787 1977 2841 membraneo
1997 2800 2091 2841 co—

485 2873 608 2931 dice
638 2875 951 2948 Hieronymi
990 2878 1286 2949 epistolas,
1319 2886 1375 2933 et
1404 2878 1659 2948 opuscula
1692 2879 2089 2949 complectente

486 2965 671 3022 inveni
704 2968 801 3039 (a).
834 2967 1008 3024 Nolim
1057 2980 1232 3025 tamen
1287 2970 1433 3025 illam
1480 2970 1814 3042 Hieronymo
1852 2970 2085 3036 tribuas;

485 3059 663 3133 styltts
710 3061 855 3116 enim
897 3075 1016 3116 eam
1052 3060 1383 3134 Hieronymo
1420 3062 1723 3132 abjudicat,
1757 3071 1923 3133 atque
1954 3062 2089 3118 adeo

488 3152 796 3219 Ambrosio,
826 3164 879 3208 et
896 3152 1220 3222 Augustino,
1240 3169 1377 3224 quos
1405 3167 1602 3223 nempe
1631 3153 1790 3224 longe
1817 3154 2086 3208 diversam

487 3246 757 3303 scribendi
787 3248 1055 3305 rationem
1085 3248 1251 3305 fuisse
1280 3258 1642 3317 consectatos,
1680 3246 1970 3303 manifesta
2000 3261 2115 3325 res,

2122 1951 2172 2012 ’Β
2200 1961 2265 2002 ea
2295 1945 2497 2011 versio,
2532 1961 2653 2017 quae
2675 1944 2729 2000 iu
2752 1945 2978 2017 epistola
3002 1943 3104 1999 hac
3142 1943 3425 2014 allegatur.
3474 1941 3634 1996 Prteit
3669 1956 3805 2012 ergo

2195 2038 2458 2094 sa‘culum
2480 2040 2794 2109 septimum,
2820 2053 2929 2109 quo
2953 2037 3162 2094 scilicet
3187 2046 3434 2107 tempore
3456 2038 3507 2092 iu
3539 2035 3806 2092 Ecclesiis

2194 2132 2637 2190 Occidentalibus
2684 2113 2799 2189 fere
2841 2132 3094 2187 omnibus
3139 2132 3368 2203 Vulgata
3423 2132 3674 2187 invaluit.
3732 2132 3805 2187 At

2193 2229 2369 2299 quarti
2401 2228 2586 2284 saeculi
2631 2226 2957 2297 scriptorem
3005 2227 3139 2282 satis
3180 2225 3386 2282 indicat
3432 2240 3647 2283 summa
3676 2224 3805 2279 dili-

2194 2319 2398 2390 gentia,
2427 2329 2484 2375 et
2512 2319 2733 2373 enixum
2766 2317 3003 2373 studium
3026 2360 3041 2385 ,
3074 2333 3181 2388 quo
3228 2315 3391 2373 Verbi
3440 2316 3614 2373 divini
3665 2330 3804 2371 cou-

2194 2413 2707 2470 substantialitatem
2739 2421 2902 2486 atque
2945 2412 3309 2470 mternitatem
3332 2410 3581 2466 stabilire
3595 2409 3802 2475 studet,

2194 2517 2250 2563 et
2273 2506 2567 2573 inculcare,
2602 2506 2836 2576 ideoque
2864 2506 3121 2573 Arianos,
3156 2515 3208 2560 ct
3229 2502 3603 2560 Semiarianos
3632 2503 3805 2559 relel-

2194 2602 2309 2657 lere
2340 2620 2355 2656 :
2386 2601 2632 2671 praeterit
2662 2615 2791 2657 vero
2811 2600 3048 2657 hmreses
3080 2601 3339 2668 deinceps
3365 2610 3607 2663 exortas,
3638 2606 3808 2669 atque

2193 2694 2331 2751 adeo
2368 2694 2808 2751 Macedoniaitam
2843 2695 3013 2764 ipsam
3059 2693 3520 2751 Semiariauorum
3554 2703 3807 2762 tempore

2193 2789 2501 2854 celebrem;
2534 2788 2647 2844 imo
2696 2788 2765 2845 de
2818 2787 3027 2858 Spiritu
3074 2789 3274 2844 Sancto
3321 2787 3550 2865 loquens
3599 2786 3666 2839 iis
3696 2782 3809 2839 uti-

2195 2892 2286 2938 tur
2310 2882 2698 2948 locutionibus,
2724 2897 2845 2953 qua:
2879 2892 3165 2952 postquam
3202 2880 3509 2935 hmresisea
3542 2879 3741 2949 viguit,
3772 2893 3806 2932 a

2193 2976 2311 3031 viro
2338 2974 2645 3040 Catholica,
2680 2975 2859 3045 qualis
2892 2973 3079 3045 procul
3109 2973 3275 3030 dubio
3298 2982 3388 3033 est
3408 2972 3645 3042 scriptor
3672 2986 3809 3025 nos-

2194 3076 2297 3131 ter,
2335 3066 2581 3122 adhiberi
2613 3081 2718 3121 non
2769 3066 3092 3136 potuissent.
3121 3064 3334 3135 Scripta
3361 3065 3546 3133 itaque
3570 3071 3655 3118 est
3680 3063 3809 3133 epi-

2194 3158 2332 3214 stola
2379 3159 2515 3218 basc.
2570 3168 2860 3229 antequam
2906 3157 3256 3214 Macedonius
3297 3171 3493 3212 novam
3543 3155 3803 3211 haeresim

2193 3250 2472 3305 conderet.
2496 3249 2643 3305 Inter
2670 3265 2765 3305 eos
2792 3265 2976 3321 porro,
3006 3265 3143 3321 quos
3171 3265 3264 3321 per
3294 3264 3357 3306 ea
3387 3258 3631 3321 tempora
3678 3249 3807 3319 epi-

487 3349 591 3398 est.
620 3339 812 3395 Latine
831 3341 1080 3410 primitus
1107 3342 1388 3411 scriptam,
1416 3355 1522 3396 non
1546 3354 1614 3396 ex
1644 3355 1824 3411 graeco
1854 3356 2090 3397 conver-
2118 3358 2163 3421 ρ
2194 3342 2360 3397 stolas
2388 3343 2673 3412 scripsisse
2697 3342 2964 3407 novimus,
2993 3352 3050 3399 et
3071 3341 3230 3396 Verbi
3254 3339 3594 3396 divinitatem
3635 3349 3806 3411 atque

487 3447 604 3488 sam
636 3433 922 3504 epistolam
954 3432 1120 3497 hanc,
1145 3432 1386 3489 ostendit
1417 3434 1622 3489 locutio
1652 3433 1767 3503 ipsa
1797 3432 1929 3489 nihil
1961 3450 2093 3499 prm-

486 3526 668 3582 citatis
689 3526 894 3582 habens
926 3545 937 3579 :
973 3527 1194 3583 latinum
1222 3541 1438 3599 quoque
1466 3526 1789 3598 scriptorem
1817 3527 1988 3581 innuit
2026 3542 2089 3581 ea

489 3618 784 3690 Scriptura:
808 3622 1009 3687 rersio,
1042 3635 1201 3691 quam
1214 3620 1473 3707 ‘sequitur
1502 3636 1515 3672 :
1548 3620 1748 3690 quippe
1774 3628 1867 3673 aut
1897 3618 1926 3672 1
1934 3619 2091 3674 (alica

486 3716 601 3788 ipsa
630 3725 714 3772 est
735 3731 764 3769 a
796 3714 1068 3770 veteribus
1100 3730 1244 3787 sa‘pe
1272 3712 1509 3777 laudata,
1533 3722 1623 3767 aut
1654 3714 1758 3767 alia
1782 3712 1986 3766 Italica?
2010 3713 2091 3767 al-

486 3811 633 3876 ﬁnis,
667 3812 783 3882 ipsa
809 3824 1027 3881 quoque
1068 3824 1098 3864 a
1126 3808 1405 3865 veteribus
1448 3808 1625 3863 latinis
1656 3806 1910 3875 Patribus
1941 3822 2089 3878 srcpe

483 3904 755 3960 adhibita.
783 3906 852 3959 At
880 3919 1003 3959 cum
1040 3911 1239 3973 prazter
1261 3900 1674 3973 Hieronymum,
1711 3899 2086 3967 Ambrosium,

483 4006 541 4052 et
566 3997 927 4068 Augustinum
950 3995 1110 4067 (quos
1133 3993 1353 4065 quidem
1382 3993 1605 4063 hujusce
1627 3994 1870 4064 epistola:
1898 4000 2085 4046 aucto-

484 4103 574 4144 res
606 4087 764 4144 fateri
786 4096 953 4153 vetat,
979 4087 1056 4141 uti
1082 4085 1341 4150 diximus,
1365 4084 1587 4155 scriptio
1613 4085 1778 4155 ipsa),
1799 4085 1950 4138 multi
1968 4083 2087 4140 fue-

484 4182 595 4236 rint
621 4181 771 4236 latiui
797 4181 1009 4247 Patres,
1042 4179 1134 4250 qui
1165 4180 1375 4234 litteras
1405 4177 1764 4248 scripserint,
1804 4178 2085 4249 inquireuo

484 4273 612 4329 dum
640 4284 723 4329 est
749 4272 938 4339 nobis,
967 4272 1054 4327 cui
1080 4271 1369 4342 epistolam
1405 4270 1546 4325 hanc
1577 4271 1901 4327 tribuamus.

554 4452 610 4508 2.
634 4452 942 4522 Antequam
975 4449 1201 4520 Vulgata
1255 4448 1551 4503 Bibliorum
1595 4450 1976 4520 interpretatio
2018 4452 2088 4507 ab

484 4545 748 4603 Ecclesiis
780 4542 1133 4613 reciperetur,
1163 4555 1283 4595 eam
1315 4538 1483 4594 fuisse
1508 4542 1868 4610 compositam
1893 4584 1908 4608 ,
1935 4557 2086 4598 com-

480 4639 852 4711 pertissimum
883 4642 1015 4707 puto
1047 4649 1062 4688 :
1093 4630 1277 4689 diﬂ‘ert
1300 4632 1444 4687 enim
1477 4630 1768 4701 plurimum
1799 4648 1829 4688 a
1855 4633 2083 4707 Vulgata

2194 3438 2552 3490 :cternitatem
2585 3435 2917 3501 vindicasse,
2943 3437 3188 3491 eminent
3233 3434 3469 3490 Hilarius
3491 3434 3810 3492 Pictavien-

2194 3526 2271 3581 sis
2292 3526 2392 3600 (ὁ),
2426 3536 2481 3583 et
2503 3527 2773 3584 Eusebius
2808 3528 3167 3584 Vercellensis
3190 3528 3287 3600 (c).
3326 3530 3397 3584 At
3424 3529 3470 3583 si
3524 3528 3650 3597 quis
3677 3528 3805 3598 epi~

2194 3621 2389 3675 stolam
2418 3620 2559 3675 hanc
2593 3627 2716 3675 eum
2748 3620 2817 3675 iis
2848 3620 3249 3692 comparaverit
3281 3618 3498 3675 Eusebii
3526 3619 3805 3690 epistolis,

2193 3725 2329 3781 quas
2357 3711 2623 3768 Baronius
2651 3710 2949 3782 evulgavit,
2988 3711 3277 3767 manifesto
3311 3710 3548 3780 videbit,
3581 3727 3702 3766 eam
3730 3712 3809 3768 ab

2196 3804 2415 3861 Eusebii
2444 3806 2587 3877 stylo
2631 3804 2823 3861 abesse
2852 3805 3181 3872 plurimum,
3216 3804 3476 3860 accedere
3519 3815 3704 3861 autem
3731 3805 3810 3861 ad

2195 3911 2314 3953 eam
2341 3898 2599 3969 loquendi
2626 3900 2930 3966 rationem,
2965 3914 3125 3968 quant
3153 3898 3392 3953 Hilarius
3423 3899 3476 3953 in
3500 3898 3657 3954 libris
3686 3899 3809 3955 suis

2194 4000 2538 4047 consectatus
2563 4001 2648 4047 est
2681 4011 2693 4046 :
2726 4003 2887 4062 atque
2911 3992 3050 4048 adeo
3078 3993 3129 4048 in
3152 4008 3218 4048 eo
3244 3994 3618 4050 tantummodo
3634 3994 3704 4049 ab
3735 3994 3810 4050 iis

2194 4082 2436 4148 dilferre,
2466 4085 2608 4155 quod
2641 4083 2675 4139 ii
2704 4093 2891 4155 utpote
2912 4085 3154 4141 oratorio
3176 4087 3316 4159 stylo
3344 4087 3656 4156 compositi,
3681 4086 3807 4142 ela-

2196 4177 2361 4231 tiores
2385 4177 2517 4244 sint,
2554 4192 2618 4233 ac
2646 4178 3025 4244 sublimiores;
3056 4179 3281 4250 epistola
3309 4195 3442 4237 vero
3474 4183 3589 4236 haec
3618 4182 3810 4237 humi-

2194 4266 2253 4335 li,
2289 4269 2498 4324 tametsi
2523 4278 2738 4336 ornato,
2762 4284 2825 4324 ac
2854 4270 3081 4325 multum
3103 4272 3322 4327 exculto
3342 4274 3650 4343 conscripta
3677 4275 3749 4328 sit
3788 4293 3802 4327 :

2191 4358 2335 4430 quod
2365 4361 2558 4415 mirum
2592 4377 2700 4417 non
2732 4370 2848 4428 est;
2880 4361 3041 4434 hujus
3069 4363 3212 4420 modi
3244 4365 3387 4419 enim
3418 4364 3676 4435 loquendi
3701 4380 3807 4436 ge-

2193 4468 2293 4506 nus
2320 4454 2566 4522 epistolae
2592 4454 2671 4510 illi
2698 4459 2974 4528 congruit,
3016 4474 3137 4528 qua:
3168 4458 3221 4514 iu
3254 4457 3636 4515 Ecclesiastico
3661 4476 3807 4516 con-

2190 4553 2353 4599 ventu
2382 4544 2447 4599 ad
2482 4546 2835 4615 plurimorum
2864 4549 3229 4605 eruditionem
3262 4551 3484 4624 legenda
3516 4551 3656 4608 foret
3682 4554 3799 4623 (ιι).

2189 4637 2375 4711 Neque
2400 4657 2531 4697 sane
2553 4654 2775 4700 auctore
2804 4645 2893 4700 illo
2915 4646 3134 4719 indigna
3159 4658 3262 4717 est,
3291 4649 3359 4705 de
3386 4665 3493 4721 quo
3519 4648 3635 4706 haec
3659 4649 3801 4708 Hie-

558 4822 645 4899 (o)_
664 4820 852 4877 Codex
883 4820 984 4873 iste
1006 4817 1066 4899 in
1098 4824 1311 4899 vetusto
1337 4814 1639 4899 iuve‘ntario
1667 4822 1748 4897 est
1779 4814 1986 4899 positus
2015 4831 2070 4869 n.
2103 4825 2157 4885 Ι)
2183 4834 2236 4871 ιι.
2271 4818 2415 4899 92_e_t_
2436 4833 2772 4899 sequentuel
2802 4824 3172 4899 prmfatiouem
3204 4826 3270 4882 ad
3291 4826 3586 4886 editionem
3609 4826 3800 4887 Vero-

481 4887 578 4953 21ἶ
602 4887 754 4950 Nunc
785 4906 912 4946 vero
937 4897 1021 4945 est
1048 4887 1100 4942 in
1124 4888 1309 4958 pluteo
1333 4903 1384 4941 tv
1404 4887 1470 4941 ad
1500 4888 1685 4942 laevam
1715 4887 1765 4939 in
1798 4898 1948 4954 parte
1981 4902 2068 4940 su-

482 4969 697 5040 periore
715 4963 905 5040 plutei.
929 4960 1123 5040 incipit
1140 4973 1268 5040 vero
1288 4973 1332 5039 ει.
1348 4958 1505 5040 libro,
1529 4973 1687 5029 quem
1715 4958 2077 5040 Hieronymus

482 5029 729 5094 adversus
765 5032 1102 5087 Iovinianum
1146 5030 1380 5098 scripsit.
1414 5030 1563 5084 llanc
1586 5071 1599 5095 ,
1639 5043 1798 5099 quam
1829 5029 2073 5097 eduttus,

483 5108 765 5182 epistolam
794 5104 983 5169 habes,
1015 5117 1135 5173 pag.
1168 5101 1291 5156 118.
2032 5132 2037 5139 .

552 5202 630 5269 (b)
644 5195 939 5254 Nonnullas
954 5194 1212 5269 epistolas
1233 5193 1397 5269 fuisse
1414 5192 1480 5269 ab
1500 5192 1699 5269 Hilario
1716 5194 2075 5269 conscriptas,

477 5263 640 5330 docet
661 5270 1038 5336 Hieronymus,
1060 5265 1151 5318 lib.
1171 5264 1234 5317 de
1260 5263 1400 5318 Viris
1416 5263 1854 5336 illustribus,cap.
1884 5266 1969 5331 10,
1991 5265 2077 5320 his

481 5344 681 5407 verbis,
711 5334 1058 5394 nonnulle
1080 5334 1599 5407 diuersosepistolw;
1640 5335 1823 5407 llilar‘ti
1849 5337 1993 5391 enim
2021 5345 2078 5391 et

481 5405 703 5472 Eusebii
736 5408 1093 5465 Vercellensis
1129 5405 1395 5476 Epistolas
1442 5406 1509 5460 de
1550 5406 1905 5474 scriptoribus
1952 5407 2076 5462 illo-

480 5504 600 5543 rum
634 5479 1254 5553 temporuutdissereus
1282 5519 1306 5553 ,_
1356 5478 1730 5553 tatttummudo
1768 5487 2073 5553 memorat:

481 5560 576 5611 sed
591 5547 845 5622 expresse
869 5551 917 5606 id
932 5551 1091 5622 docet
1108 5550 1376 5622 Sulpicius
1399 5547 1655 5622 Severus,
1673 5550 1812 5622 libro
1836 5564 1872 5603 tt
1889 5550 2075 5622 Iusto,

481 5643 601 5697 cap.
627 5619 692 5681 57
725 5644 737 5679 :
773 5623 966 5697 Hosius
989 5619 1203 5697 (inquit)
1225 5621 1520 5697 centenario
1542 5624 1707 5693 major
1730 5620 1807 5694 (ut
1831 5621 1892 5677 S.
1916 5619 2074 5676 Hila-

481 5691 590 5759 rius
610 5695 916 5769 Vitg‘epiist‘olis
948 5691 1407 5769 refcrt)_delirorit.

551 5756 626 5839 (ἦ)
652 5756 785 5823 Vide
802 5756 922 5836 qua:
944 5756 1389 5819 do’cet'Baronius
1412 5761 1478 5819 ad
1501 5770 1704 5819 annum
1721 5760 1925 5821 Christi
1942 5762 2071 5830 55G,

2183 4907 2307 4945 uen.
2336 4891 2523 4947 Hilarii
2548 4909 2665 4964 pag.
2690 4896 2745 4962 8,
2772 4891 2825 4950 η’.
2854 4895 2944 4953 24.

2251 4985 2332 5067 _(d)
2364 4986 2574 5043 Humile
2620 4990 2888 5067 scribendi
2916 5006 3105 5067 genus
3138 4993 3406 5049 interdum
3460 4994 3512 5049 in
3539 4997 3800 5067 epistolis

2180 5059 2295 5129 suis
2338 5068 2683 5125 persecutum
2732 5061 2895 5115 fuisse
2924 5059 3237 5129 Hilarium,
3287 5067 3449 5121 tradit
3488 5059 3796 5127 his-verbis

2183 5127 2813 5208 Har-unius,de_e_p_istola
2843 5133 3028 5208 Hilarii
3060 5135 3124 5190 ad
3150 5127 3310 5190 liliam
3344 5136 3571 5208 loquens
3587 5139 3654 5193 ad
3683 5156 3783 5195 an.

2183 5199 2307 5265 555,
2335 5217 2393 5278 ιι.
2424 5202 2485 5255 7i
2510 5200 2750 5278 :_Videns
2785 5206 2838 5257 in
2861 5221 2919 5278 eo
2943 5205 3111 5259 virum
3132 5199 3530 5275 sanctissimum,
3566 5212 3795 5278 pariter-

2184 5288 2280 5345 que
2298 5271 2787 5341 eloquentissimum,
2812 5276 3004 5345 atyhtm
3025 5294 3174 5331 suum
3197 5290 3382 5335 natura
3410 5271 3676 5336 sublinitur
3697 5285 3788 5339 in-

2183 5344 2379 5424 clinare
2408 5344 2612 5424 puellm,
2646 5356 2693 5399 et
2722 5344 3066 5424 deiridustria
3095 5352 3336 5424 humilem
3368 5352 3598 5424 reddere,
3625 5365 3791 5424 atque

2181 5413 2251 5492 ad
2271 5416 2678 5492 persmrdendum
2704 5418 2932 5492 facilem,
2961 5420 3382 5489 simplicibusque
3417 5413 3643 5492 Virginis
3677 5413 3786 5480 ἁιι-

2181 5485 2323 5563 rjbus
2365 5485 2773 5563 accommodare.
2807 5489 2932 5563 Illas
2964 5485 3093 5547 vero
3122 5485 3384 5563 epistolas
3412 5485 3533 5563 qua?
3557 5495 3624 5548 ad
3652 5514 3785 5552 cum

2182 5555 2342 5610 ﬁnem
2372 5558 2746 5615 scribebantur
2770 5602 2785 5623 ,
2821 5572 2877 5614 ut
2920 5561 2970 5615 iu
3002 5555 3387 5619 ecclesiasticis
3417 5555 3784 5624 conventibus

2182 5627 2391 5705 publice
2419 5630 2747 5705 legerentur,
2774 5641 2996 5687 ornatas
3028 5635 3210 5702 luisse,
3243 5647 3406 5705 atque
3432 5639 3701 5701 excultas,
3736 5641 3787 5694 is

2182 5697 2339 5782 [uile
2362 5700 2630 5782 fatebitur,
2661 5703 2750 5772 qui
2779 5706 2843 5782 ad
2884 5697 3206 5782 ltujusntodi
3227 5697 3433 5763 litteras
3464 5708 3555 5782 (de
3579 5697 3782 5782 quibus

2180 5770 2359 5839 aliqua
2387 5788 2510 5829 mox
2538 5770 2804 5843 dicemus)
2832 5770 3071 5834 animum
3091 5775 3362 5836 advertet.
