  <div class='ocr_page' id='page_1' title='image "/cluster/home/n/w/nwhite01/storage/ocr_20150623/10/hvd.32044096580394/370.png"; bbox 0 0 4100 6196; ppageno 0'>
   <div class='ocr_carea' id='block_1_1' title="bbox 286 287 394 344">
    <p class='ocr_par' dir='ltr' id='par_1_1' title="bbox 286 287 394 344">
     <span class='ocr_line' id='line_1_1' title="bbox 286 287 394 344; baseline 0.009 -1"><span class='ocrx_word' id='word_1_1' title='bbox 286 287 394 344; x_wconf 73' lang='lat'><strong>799</strong></span> 
     </span>
    </p>
   </div>
   <div class='ocr_carea' id='block_1_2' title="bbox 1043 286 2839 349">
    <p class='ocr_par' dir='ltr' id='par_1_2' title="bbox 1043 286 2839 349">
     <span class='ocr_line' id='line_1_2' title="bbox 1043 286 2839 349; baseline 0.002 -4"><span class='ocrx_word' id='word_1_2' title='bbox 1043 286 1110 345; x_wconf 75' lang='grc' dir='ltr'><strong>ΙΝ</strong></span> <span class='ocrx_word' id='word_1_3' title='bbox 1167 286 1423 346; x_wconf 72' lang='grc' dir='ltr'><strong><em>ιιιιΑιιιι</em></strong></span> <span class='ocrx_word' id='word_1_4' title='bbox 1464 287 1846 346; x_wconf 78' lang='lat' dir='ltr'><strong>EPISTOLAM</strong></span> <span class='ocrx_word' id='word_1_5' title='bbox 1888 289 2019 347; x_wconf 80' lang='lat' dir='ltr'><strong>SEU</strong></span> <span class='ocrx_word' id='word_1_6' title='bbox 2060 291 2402 348; x_wconf 70' lang='lat' dir='ltr'><strong>“BELLUM</strong></span> <span class='ocrx_word' id='word_1_7' title='bbox 2447 290 2839 349; x_wconf 72' lang='grc' dir='ltr'><strong>ΡΒΑΞΡΑἸΊΟ.</strong></span> 
     </span>
    </p>
   </div>
   <div class='ocr_carea' id='block_1_3' title="bbox 3490 292 3596 351">
    <p class='ocr_par' dir='ltr' id='par_1_3' title="bbox 3490 292 3596 351">
     <span class='ocr_line' id='line_1_3' title="bbox 3490 292 3596 351; baseline -0.019 0"><span class='ocrx_word' id='word_1_8' title='bbox 3490 292 3596 351; x_wconf 71' lang='lat'><strong>7&#39;50</strong></span> 
     </span>
    </p>
   </div>
   <div class='ocr_carea' id='block_1_4' title="bbox 284 406 3591 482">
    <p class='ocr_par' dir='ltr' id='par_1_4' title="bbox 284 406 3591 482">
     <span class='ocr_line' id='line_1_4' title="bbox 284 406 3591 482; baseline 0.001 -18"><span class='ocrx_word' id='word_1_9' title='bbox 284 422 554 481; x_wconf 82' lang='lat' dir='ltr'><strong>ronymus</strong></span> <span class='ocrx_word' id='word_1_10' title='bbox 579 406 743 464; x_wconf 88' lang='lat' dir='ltr'><strong>tradit</strong></span> <span class='ocrx_word' id='word_1_11' title='bbox 770 408 881 482; x_wconf 85' lang='lat' dir='ltr'><strong>(a):</strong></span> <span class='ocrx_word' id='word_1_12' title='bbox 916 428 933 462; x_wconf 81' lang='grc' dir='ltr'><strong>ι</strong></span> <span class='ocrx_word' id='word_1_13' title='bbox 966 408 1025 466; x_wconf 85' lang='lat' dir='ltr'><strong>S.</strong></span> <span class='ocrx_word' id='word_1_14' title='bbox 1056 408 1292 465; x_wconf 78' lang='lat' dir='ltr'><strong>Hilarius</strong></span> <span class='ocrx_word' id='word_1_15' title='bbox 1309 410 1595 467; x_wconf 84' lang='lat' dir='ltr'><strong>Gallicano</strong></span> <span class='ocrx_word' id='word_1_16' title='bbox 1622 410 1892 468; x_wconf 89' lang='lat' dir='ltr'><strong>cothurno</strong></span> <span class='ocrx_word' id='word_1_17' title='bbox 1917 414 1973 477; x_wconf 73' lang='grc' dir='ltr'>Α</span> <span class='ocrx_word' id='word_1_18' title='bbox 2067 412 2291 469; x_wconf 81' lang='lat' dir='ltr'><strong>Accedit</strong></span> <span class='ocrx_word' id='word_1_19' title='bbox 2317 412 2384 468; x_wconf 90' lang='lat' dir='ltr'><strong>ad</strong></span> <span class='ocrx_word' id='word_1_20' title='bbox 2408 412 2522 469; x_wconf 69' lang='lat' dir='ltr'><strong>htcc</strong></span> <span class='ocrx_word' id='word_1_21' title='bbox 2543 411 2781 467; x_wconf 89' lang='lat' dir='ltr'><strong>afﬁnitas</strong></span> <span class='ocrx_word' id='word_1_22' title='bbox 2804 409 3062 468; x_wconf 88' lang='lat' dir='ltr'><strong>nonnulla</strong></span> <span class='ocrx_word' id='word_1_23' title='bbox 3081 410 3359 468; x_wconf 83' lang='lat' dir='ltr'><strong>nominum</strong></span> <span class='ocrx_word' id='word_1_24' title='bbox 3384 411 3591 481; x_wconf 88' lang='lat' dir='ltr'><strong>llilarii,</strong></span> 
     </span>
    </p>
   </div>
   <div class='ocr_carea' id='block_1_5' title="bbox 280 501 1897 576">
    <p class='ocr_par' dir='ltr' id='par_1_5' title="bbox 280 501 1897 576">
     <span class='ocr_line' id='line_1_5' title="bbox 280 501 1897 576; baseline 0.001 -18"><span class='ocrx_word' id='word_1_25' title='bbox 280 501 581 567; x_wconf 74' lang='lat' dir='ltr'><strong>attollitur,</strong></span> <span class='ocrx_word' id='word_1_26' title='bbox 615 512 669 558; x_wconf 92' lang='lat' dir='ltr'><strong>et</strong></span> <span class='ocrx_word' id='word_1_27' title='bbox 690 518 854 574; x_wconf 91' lang='lat' dir='ltr'><strong>quum</strong></span> <span class='ocrx_word' id='word_1_28' title='bbox 884 501 1109 559; x_wconf 67' lang='lat' dir='ltr'><strong>Graecize</strong></span> <span class='ocrx_word' id='word_1_29' title='bbox 1140 501 1363 560; x_wconf 86' lang='lat' dir='ltr'><strong>ﬁoribus</strong></span> <span class='ocrx_word' id='word_1_30' title='bbox 1382 503 1700 573; x_wconf 80' lang='lat' dir='ltr'><strong>adorttetur,</strong></span> <span class='ocrx_word' id='word_1_31' title='bbox 1722 505 1897 576; x_wconf 85' lang='lat' dir='ltr'><strong>longis</strong></span> 
     </span>
    </p>
   </div>
   <div class='ocr_carea' id='block_1_6' title="bbox 278 596 1899 667">
    <p class='ocr_par' dir='ltr' id='par_1_6' title="bbox 278 596 1899 667">
     <span class='ocr_line' id='line_1_6' title="bbox 278 596 1899 667; baseline -0.001 -12"><span class='ocrx_word' id='word_1_32' title='bbox 278 598 566 655; x_wconf 84' lang='lat' dir='ltr'><strong>interdum</strong></span> <span class='ocrx_word' id='word_1_33' title='bbox 594 596 835 667; x_wconf 81' lang='lat' dir='ltr'><strong>periodis</strong></span> <span class='ocrx_word' id='word_1_34' title='bbox 856 597 1177 666; x_wconf 79' lang='lat' dir='ltr'><strong>involvitur,</strong></span> <span class='ocrx_word' id='word_1_35' title='bbox 1211 606 1265 653; x_wconf 90' lang='lat' dir='ltr'><strong>et</strong></span> <span class='ocrx_word' id='word_1_36' title='bbox 1293 614 1324 654; x_wconf 93' lang='lat' dir='ltr'><strong>a</strong></span> <span class='ocrx_word' id='word_1_37' title='bbox 1347 598 1581 655; x_wconf 88' lang='lat' dir='ltr'><strong>lectione</strong></span> <span class='ocrx_word' id='word_1_38' title='bbox 1601 599 1899 667; x_wconf 87' lang='lat' dir='ltr'><strong>simplicio-</strong></span> 
     </span>
    </p>
   </div>
   <div class='ocr_carea' id='block_1_7' title="bbox 282 691 1897 762">
    <p class='ocr_par' dir='ltr' id='par_1_7' title="bbox 282 691 1897 762">
     <span class='ocr_line' id='line_1_7' title="bbox 282 691 1897 762; baseline -0.002 -11"><span class='ocrx_word' id='word_1_39' title='bbox 282 709 418 751; x_wconf 86' lang='lat' dir='ltr'><strong>rum</strong></span> <span class='ocrx_word' id='word_1_40' title='bbox 452 693 680 749; x_wconf 88' lang='lat' dir='ltr'><strong>fratrum</strong></span> <span class='ocrx_word' id='word_1_41' title='bbox 706 693 896 762; x_wconf 89' lang='lat' dir='ltr'><strong>procul</strong></span> <span class='ocrx_word' id='word_1_42' title='bbox 922 700 1025 747; x_wconf 90' lang='lat' dir='ltr'><strong>est.</strong></span> <span class='ocrx_word' id='word_1_43' title='bbox 1066 711 1085 745; x_wconf 83' lang='grc' dir='ltr'><strong>ι</strong></span> <span class='ocrx_word' id='word_1_44' title='bbox 1120 691 1307 760; x_wconf 85' lang='lat' dir='ltr'><strong>Neque</strong></span> <span class='ocrx_word' id='word_1_45' title='bbox 1348 692 1398 747; x_wconf 92' lang='lat' dir='ltr'><strong>in</strong></span> <span class='ocrx_word' id='word_1_46' title='bbox 1429 706 1492 748; x_wconf 91' lang='lat' dir='ltr'><strong>ea</strong></span> <span class='ocrx_word' id='word_1_47' title='bbox 1523 692 1897 749; x_wconf 79' lang='lat' dir='ltr'><strong>desideramus</strong></span> 
     </span>
    </p>
   </div>
   <div class='ocr_carea' id='block_1_8' title="bbox 276 768 1896 858">
    <p class='ocr_par' dir='ltr' id='par_1_8' title="bbox 276 768 1896 858">
     <span class='ocr_line' id='line_1_8' title="bbox 276 768 1896 858; baseline -0.004 -13"><span class='ocrx_word' id='word_1_48' title='bbox 276 789 620 850; x_wconf 85' lang='lat' dir='ltr'><strong>ubertatem,</strong></span> <span class='ocrx_word' id='word_1_49' title='bbox 669 768 735 841; x_wconf 82' lang='lat' dir='ltr'><strong>ac</strong></span> <span class='ocrx_word' id='word_1_50' title='bbox 772 786 1027 853; x_wconf 87' lang='lat' dir='ltr'><strong>nitorem,</strong></span> <span class='ocrx_word' id='word_1_51' title='bbox 1065 800 1224 856; x_wconf 88' lang='lat' dir='ltr'><strong>quem</strong></span> <span class='ocrx_word' id='word_1_52' title='bbox 1253 786 1305 840; x_wconf 94' lang='lat' dir='ltr'><strong>in</strong></span> <span class='ocrx_word' id='word_1_53' title='bbox 1335 784 1614 858; x_wconf 78' lang='lat' dir='ltr'><strong>Gallorum</strong></span> <span class='ocrx_word' id='word_1_54' title='bbox 1647 784 1896 855; x_wconf 87' lang='lat' dir='ltr'><strong>Scripto-</strong></span> 
     </span>
    </p>
   </div>
   <div class='ocr_carea' id='block_1_9' title="bbox 275 875 1895 938">
    <p class='ocr_par' dir='ltr' id='par_1_9' title="bbox 275 875 1895 938">
     <span class='ocr_line' id='line_1_9' title="bbox 275 875 1895 938; baseline -0.004 0"><span class='ocrx_word' id='word_1_55' title='bbox 275 896 411 938; x_wconf 85' lang='lat' dir='ltr'><strong>rum</strong></span> <span class='ocrx_word' id='word_1_56' title='bbox 466 877 972 935; x_wconf 88' lang='lat' dir='ltr'><strong>elucubrationibus</strong></span> <span class='ocrx_word' id='word_1_57' title='bbox 1027 876 1239 932; x_wconf 88' lang='lat' dir='ltr'><strong>enitere</strong></span> <span class='ocrx_word' id='word_1_58' title='bbox 1283 875 1414 933; x_wconf 88' lang='lat' dir='ltr'><strong>alibi</strong></span> <span class='ocrx_word' id='word_1_59' title='bbox 1461 885 1694 933; x_wconf 85' lang='lat' dir='ltr'><strong>testatur</strong></span> <span class='ocrx_word' id='word_1_60' title='bbox 1751 877 1895 932; x_wconf 89' lang='lat' dir='ltr'><strong>idem</strong></span> 
     </span>
    </p>
   </div>
   <div class='ocr_carea' id='block_1_10' title="bbox 274 966 1898 1045">
    <p class='ocr_par' dir='ltr' id='par_1_10' title="bbox 274 966 1898 1045">
     <span class='ocr_line' id='line_1_10' title="bbox 274 966 1898 1045; baseline -0.002 -17"><span class='ocrx_word' id='word_1_61' title='bbox 274 970 662 1045; x_wconf 79' lang='lat' dir='ltr'><strong>Hieronymus</strong></span> <span class='ocrx_word' id='word_1_62' title='bbox 688 970 791 1041; x_wconf 75' lang='grc' dir='ltr'><strong>(ὁ).</strong></span> <span class='ocrx_word' id='word_1_63' title='bbox 822 968 1085 1040; x_wconf 89' lang='lat' dir='ltr'><strong>Denique,</strong></span> <span class='ocrx_word' id='word_1_64' title='bbox 1113 982 1182 1024; x_wconf 93' lang='lat' dir='ltr'><strong>ne</strong></span> <span class='ocrx_word' id='word_1_65' title='bbox 1204 967 1372 1023; x_wconf 87' lang='lat' dir='ltr'><strong>multa</strong></span> <span class='ocrx_word' id='word_1_66' title='bbox 1399 966 1691 1039; x_wconf 90' lang='lat' dir='ltr'><strong>proferam,</strong></span> <span class='ocrx_word' id='word_1_67' title='bbox 1720 969 1771 1023; x_wconf 94' lang='lat' dir='ltr'><strong>in</strong></span> <span class='ocrx_word' id='word_1_68' title='bbox 1796 967 1898 1024; x_wconf 85' lang='lat' dir='ltr'><strong>hac</strong></span> 
     </span>
    </p>
   </div>
   <div class='ocr_carea' id='block_1_11' title="bbox 279 1059 1898 1135">
    <p class='ocr_par' dir='ltr' id='par_1_11' title="bbox 279 1059 1898 1135">
     <span class='ocr_line' id='line_1_11' title="bbox 279 1059 1898 1135; baseline -0.002 -15"><span class='ocrx_word' id='word_1_69' title='bbox 279 1078 427 1123; x_wconf 84' lang='lat' dir='ltr'><strong>sane</strong></span> <span class='ocrx_word' id='word_1_70' title='bbox 453 1064 685 1135; x_wconf 89' lang='lat' dir='ltr'><strong>epistola</strong></span> <span class='ocrx_word' id='word_1_71' title='bbox 711 1077 773 1119; x_wconf 90' lang='lat' dir='ltr'><strong>se</strong></span> <span class='ocrx_word' id='word_1_72' title='bbox 800 1061 979 1133; x_wconf 86' lang='lat' dir='ltr'><strong>prodit</strong></span> <span class='ocrx_word' id='word_1_73' title='bbox 1002 1060 1069 1128; x_wconf 88' lang='lat' dir='ltr'><strong>is,</strong></span> <span class='ocrx_word' id='word_1_74' title='bbox 1102 1075 1263 1134; x_wconf 88' lang='lat' dir='ltr'><strong>quem</strong></span> <span class='ocrx_word' id='word_1_75' title='bbox 1285 1060 1706 1117; x_wconf 88' lang='lat' dir='ltr'><strong>disertissimum</strong></span> <span class='ocrx_word' id='word_1_76' title='bbox 1730 1059 1898 1116; x_wconf 90' lang='lat' dir='ltr'><strong>fuisse</strong></span> 
     </span>
    </p>
   </div>
   <div class='ocr_carea' id='block_1_12' title="bbox 279 1152 1893 1228">
    <p class='ocr_par' dir='ltr' id='par_1_12' title="bbox 279 1152 1893 1228">
     <span class='ocr_line' id='line_1_12' title="bbox 279 1152 1893 1228; baseline -0.002 -14"><span class='ocrx_word' id='word_1_77' title='bbox 279 1158 552 1216; x_wconf 84' lang='lat' dir='ltr'><strong>evincunt</strong></span> <span class='ocrx_word' id='word_1_78' title='bbox 601 1156 691 1212; x_wconf 89' lang='lat' dir='ltr'><strong>illa</strong></span> <span class='ocrx_word' id='word_1_79' title='bbox 722 1154 966 1227; x_wconf 85' lang='lat' dir='ltr'><strong>ejusdem</strong></span> <span class='ocrx_word' id='word_1_80' title='bbox 998 1155 1205 1227; x_wconf 90' lang='lat' dir='ltr'><strong>pariter</strong></span> <span class='ocrx_word' id='word_1_81' title='bbox 1246 1155 1558 1228; x_wconf 88' lang='lat' dir='ltr'><strong>Hieronymi</strong></span> <span class='ocrx_word' id='word_1_82' title='bbox 1587 1155 1748 1211; x_wconf 84' lang='lat' dir='ltr'><strong>verba</strong></span> <span class='ocrx_word' id='word_1_83' title='bbox 1777 1152 1848 1228; x_wconf 81' lang='grc' dir='ltr'><strong>(ο)</strong></span> <span class='ocrx_word' id='word_1_84' title='bbox 1879 1173 1893 1210; x_wconf 90' lang='lat'><strong>:</strong></span> 
     </span>
    </p>
   </div>
   <div class='ocr_carea' id='block_1_13' title="bbox 282 1248 1898 1321">
    <p class='ocr_par' dir='ltr' id='par_1_13' title="bbox 282 1248 1898 1321">
     <span class='ocr_line' id='line_1_13' title="bbox 282 1248 1898 1321; baseline -0.002 -14"><span class='ocrx_word' id='word_1_85' title='bbox 282 1250 404 1307; x_wconf 85' lang='lat' dir='ltr'><strong>Nec</strong></span> <span class='ocrx_word' id='word_1_86' title='bbox 432 1251 729 1306; x_wconf 74' lang='lat' dir='ltr'><strong>disertiores</strong></span> <span class='ocrx_word' id='word_1_87' title='bbox 757 1265 933 1304; x_wconf 81' lang='lat' dir='ltr'><strong>sumus</strong></span> <span class='ocrx_word' id='word_1_88' title='bbox 963 1248 1172 1304; x_wconf 80' lang='lat' dir='ltr'><strong>Hilario</strong></span> <span class='ocrx_word' id='word_1_89' title='bbox 1203 1266 1223 1305; x_wconf 87' lang='lat'><strong><em>:</em></strong></span> <span class='ocrx_word' id='word_1_90' title='bbox 1251 1249 1454 1321; x_wconf 91' lang='lat' dir='ltr'><strong>quippe</strong></span> <span class='ocrx_word' id='word_1_91' title='bbox 1497 1248 1615 1320; x_wconf 87' lang='lat' dir='ltr'><strong>qui,</strong></span> <span class='ocrx_word' id='word_1_92' title='bbox 1652 1257 1788 1305; x_wconf 89' lang='lat' dir='ltr'><strong>teste</strong></span> <span class='ocrx_word' id='word_1_93' title='bbox 1811 1249 1898 1305; x_wconf 88' lang='lat' dir='ltr'><strong>hic</strong></span> 
     </span>
    </p>
   </div>
   <div class='ocr_carea' id='block_1_14' title="bbox 280 1341 1898 1417">
    <p class='ocr_par' dir='ltr' id='par_1_14' title="bbox 280 1341 1898 1417">
     <span class='ocr_line' id='line_1_14' title="bbox 280 1341 1898 1417; baseline -0.003 -16"><span class='ocrx_word' id='word_1_94' title='bbox 280 1360 511 1416; x_wconf 86' lang='lat' dir='ltr'><strong>quoque</strong></span> <span class='ocrx_word' id='word_1_95' title='bbox 535 1343 864 1417; x_wconf 79' lang='lat' dir='ltr'><strong>Hieronymo</strong></span> <span class='ocrx_word' id='word_1_96' title='bbox 891 1341 992 1416; x_wconf 76' lang='grc' dir='ltr'><strong>(ά),</strong></span> <span class='ocrx_word' id='word_1_97' title='bbox 1028 1360 1047 1395; x_wconf 80' lang='grc' dir='ltr'><strong>ι</strong></span> <span class='ocrx_word' id='word_1_98' title='bbox 1081 1341 1372 1400; x_wconf 82' lang='lat' dir='ltr'><strong>Duodecim</strong></span> <span class='ocrx_word' id='word_1_99' title='bbox 1395 1342 1710 1409; x_wconf 73' lang='lat' dir='ltr'><strong>Quintiliani</strong></span> <span class='ocrx_word' id='word_1_100' title='bbox 1732 1342 1898 1397; x_wconf 91' lang='lat' dir='ltr'><strong>libros</strong></span> 
     </span>
    </p>
   </div>
   <div class='ocr_carea' id='block_1_15' title="bbox 287 1434 1898 1511">
    <p class='ocr_par' dir='ltr' id='par_1_15' title="bbox 287 1434 1898 1511">
     <span class='ocr_line' id='line_1_15' title="bbox 287 1434 1898 1511; baseline -0.005 -14"><span class='ocrx_word' id='word_1_101' title='bbox 287 1449 350 1497; x_wconf 90' lang='lat' dir='ltr'><strong>et</strong></span> <span class='ocrx_word' id='word_1_102' title='bbox 380 1438 529 1511; x_wconf 87' lang='lat' dir='ltr'><strong>stylo</strong></span> <span class='ocrx_word' id='word_1_103' title='bbox 551 1439 791 1493; x_wconf 76' lang='lat' dir='ltr'><strong>imitatus</strong></span> <span class='ocrx_word' id='word_1_104' title='bbox 822 1446 926 1497; x_wconf 90' lang='lat' dir='ltr'><strong>est.</strong></span> <span class='ocrx_word' id='word_1_105' title='bbox 960 1446 1016 1491; x_wconf 90' lang='lat' dir='ltr'><strong>et</strong></span> <span class='ocrx_word' id='word_1_106' title='bbox 1060 1450 1287 1492; x_wconf 89' lang='lat' dir='ltr'><strong>numero</strong></span> <span class='ocrx_word' id='word_1_107' title='bbox 1316 1434 1390 1505; x_wconf 89' lang='lat' dir='ltr'><strong>(e)</strong></span> <span class='ocrx_word' id='word_1_108' title='bbox 1410 1476 1424 1500; x_wconf 92' lang='lat'><strong>,</strong></span> <span class='ocrx_word' id='word_1_109' title='bbox 1452 1434 1717 1504; x_wconf 86' lang='lat' dir='ltr'><strong>brevique</strong></span> <span class='ocrx_word' id='word_1_110' title='bbox 1746 1436 1898 1491; x_wconf 90' lang='lat' dir='ltr'><strong>libel-</strong></span> 
     </span>
    </p>
   </div>
   <div class='ocr_carea' id='block_1_16' title="bbox 292 1528 1896 1603">
    <p class='ocr_par' dir='ltr' id='par_1_16' title="bbox 292 1528 1896 1603">
     <span class='ocr_line' id='line_1_16' title="bbox 292 1528 1896 1603; baseline -0.003 -14"><span class='ocrx_word' id='word_1_111' title='bbox 292 1533 374 1597; x_wconf 91' lang='lat' dir='ltr'><strong>lo,</strong></span> <span class='ocrx_word' id='word_1_112' title='bbox 403 1547 567 1603; x_wconf 86' lang='lat' dir='ltr'><strong>quem</strong></span> <span class='ocrx_word' id='word_1_113' title='bbox 596 1528 814 1600; x_wconf 80' lang='lat' dir='ltr'><strong>scripsit</strong></span> <span class='ocrx_word' id='word_1_114' title='bbox 857 1540 1048 1585; x_wconf 87' lang='lat' dir='ltr'><strong>contra</strong></span> <span class='ocrx_word' id='word_1_115' title='bbox 1082 1529 1401 1585; x_wconf 87' lang='lat' dir='ltr'><strong>Dioscorum</strong></span> <span class='ocrx_word' id='word_1_116' title='bbox 1449 1528 1738 1594; x_wconf 89' lang='lat' dir='ltr'><strong>medicum,</strong></span> <span class='ocrx_word' id='word_1_117' title='bbox 1770 1528 1896 1600; x_wconf 94' lang='lat' dir='ltr'><strong>quid</strong></span> 
     </span>
    </p>
   </div>
   <div class='ocr_carea' id='block_1_17' title="bbox 290 1619 1899 1695">
    <p class='ocr_par' dir='ltr' id='par_1_17' title="bbox 290 1619 1899 1695">
     <span class='ocr_line' id='line_1_17' title="bbox 290 1619 1899 1695; baseline -0.004 -13"><span class='ocrx_word' id='word_1_118' title='bbox 290 1626 348 1682; x_wconf 88' lang='lat' dir='ltr'><strong>in</strong></span> <span class='ocrx_word' id='word_1_119' title='bbox 382 1623 583 1680; x_wconf 85' lang='lat' dir='ltr'><strong>litteris</strong></span> <span class='ocrx_word' id='word_1_120' title='bbox 614 1623 809 1695; x_wconf 83' lang='lat' dir='ltr'><strong>possit,</strong></span> <span class='ocrx_word' id='word_1_121' title='bbox 840 1619 1097 1678; x_wconf 85' lang='lat' dir='ltr'><strong>ostendit.</strong></span> <span class='ocrx_word' id='word_1_122' title='bbox 1136 1639 1156 1674; x_wconf 81' lang='grc' dir='ltr'><strong>ι</strong></span> <span class='ocrx_word' id='word_1_123' title='bbox 1188 1620 1404 1677; x_wconf 87' lang='lat' dir='ltr'><strong>Initium</strong></span> <span class='ocrx_word' id='word_1_124' title='bbox 1448 1620 1690 1691; x_wconf 87' lang='lat' dir='ltr'><strong>profecto</strong></span> <span class='ocrx_word' id='word_1_125' title='bbox 1740 1621 1899 1689; x_wconf 85' lang='lat' dir='ltr'><strong>hujus</strong></span> 
     </span>
    </p>
   </div>
   <div class='ocr_carea' id='block_1_18' title="bbox 286 1715 1897 1791">
    <p class='ocr_par' dir='ltr' id='par_1_18' title="bbox 286 1715 1897 1791">
     <span class='ocr_line' id='line_1_18' title="bbox 286 1715 1897 1791; baseline -0.004 -15"><span class='ocrx_word' id='word_1_126' title='bbox 286 1719 544 1790; x_wconf 66' lang='lat' dir='ltr'><strong>epistola:</strong></span> <span class='ocrx_word' id='word_1_127' title='bbox 565 1717 726 1774; x_wconf 86' lang='lat' dir='ltr'><strong>valde</strong></span> <span class='ocrx_word' id='word_1_128' title='bbox 742 1715 925 1774; x_wconf 88' lang='lat' dir='ltr'><strong>nobile</strong></span> <span class='ocrx_word' id='word_1_129' title='bbox 952 1724 1058 1782; x_wconf 89' lang='lat' dir='ltr'><strong>est,</strong></span> <span class='ocrx_word' id='word_1_130' title='bbox 1092 1730 1192 1772; x_wconf 88' lang='lat' dir='ltr'><strong>nec</strong></span> <span class='ocrx_word' id='word_1_131' title='bbox 1221 1715 1405 1771; x_wconf 90' lang='lat' dir='ltr'><strong>minus</strong></span> <span class='ocrx_word' id='word_1_132' title='bbox 1431 1717 1742 1791; x_wconf 59' lang='lat' dir='ltr'><strong>praestantia</strong></span> <span class='ocrx_word' id='word_1_133' title='bbox 1776 1730 1897 1785; x_wconf 77' lang='lat' dir='ltr'><strong>qua:</strong></span> 
     </span>
    </p>
   </div>
   <div class='ocr_carea' id='block_1_19' title="bbox 1996 504 3594 580">
    <p class='ocr_par' dir='ltr' id='par_1_19' title="bbox 1996 504 3594 580">
     <span class='ocr_line' id='line_1_19' title="bbox 1996 504 3594 580; baseline -0.002 -17"><span class='ocrx_word' id='word_1_134' title='bbox 1996 514 2050 563; x_wconf 87' lang='lat' dir='ltr'><strong>et</strong></span> <span class='ocrx_word' id='word_1_135' title='bbox 2081 506 2431 580; x_wconf 81' lang='lat' dir='ltr'><strong>Hieronymi;</strong></span> <span class='ocrx_word' id='word_1_136' title='bbox 2466 506 2655 562; x_wconf 89' lang='lat' dir='ltr'><strong>iisdem</strong></span> <span class='ocrx_word' id='word_1_137' title='bbox 2679 505 2822 575; x_wconf 90' lang='lat' dir='ltr'><strong>enim</strong></span> <span class='ocrx_word' id='word_1_138' title='bbox 2854 504 3049 561; x_wconf 87' lang='lat' dir='ltr'><strong>litteris</strong></span> <span class='ocrx_word' id='word_1_139' title='bbox 3079 515 3372 577; x_wconf 85' lang='lat' dir='ltr'><strong>utrumque</strong></span> <span class='ocrx_word' id='word_1_140' title='bbox 3399 520 3594 562; x_wconf 88' lang='lat' dir='ltr'><strong>nomen</strong></span> 
     </span>
    </p>
   </div>
   <div class='ocr_carea' id='block_1_20' title="bbox 1996 598 3594 671">
    <p class='ocr_par' dir='ltr' id='par_1_20' title="bbox 1996 598 3594 671">
     <span class='ocr_line' id='line_1_20' title="bbox 1996 598 3594 671; baseline -0.001 -16"><span class='ocrx_word' id='word_1_141' title='bbox 1996 600 2204 669; x_wconf 88' lang='lat' dir='ltr'><strong>incipit.</strong></span> <span class='ocrx_word' id='word_1_142' title='bbox 2235 598 2373 655; x_wconf 90' lang='lat' dir='ltr'><strong>Hinc</strong></span> <span class='ocrx_word' id='word_1_143' title='bbox 2414 599 2661 671; x_wconf 86' lang='lat' dir='ltr'><strong>suspicor</strong></span> <span class='ocrx_word' id='word_1_144' title='bbox 2686 598 2877 654; x_wconf 78' lang='lat' dir='ltr'><strong>Hilarii</strong></span> <span class='ocrx_word' id='word_1_145' title='bbox 2922 614 3119 654; x_wconf 90' lang='lat' dir='ltr'><strong>nomen</strong></span> <span class='ocrx_word' id='word_1_146' title='bbox 3147 599 3356 655; x_wconf 89' lang='lat' dir='ltr'><strong>duabus</strong></span> <span class='ocrx_word' id='word_1_147' title='bbox 3387 608 3594 654; x_wconf 89' lang='lat' dir='ltr'><strong>tantum</strong></span> 
     </span>
    </p>
   </div>
   <div class='ocr_carea' id='block_1_21' title="bbox 1998 689 3597 764">
    <p class='ocr_par' dir='ltr' id='par_1_21' title="bbox 1998 689 3597 764">
     <span class='ocr_line' id='line_1_21' title="bbox 1998 689 3597 764; baseline 0.001 -17"><span class='ocrx_word' id='word_1_148' title='bbox 1998 692 2266 764; x_wconf 87' lang='lat' dir='ltr'><strong>prioribus</strong></span> <span class='ocrx_word' id='word_1_149' title='bbox 2292 691 2487 747; x_wconf 88' lang='lat' dir='ltr'><strong>litteris</strong></span> <span class='ocrx_word' id='word_1_150' title='bbox 2518 691 2811 747; x_wconf 86' lang='lat' dir='ltr'><strong>indicatum</strong></span> <span class='ocrx_word' id='word_1_151' title='bbox 2844 690 2961 763; x_wconf 87' lang='lat' dir='ltr'><strong>(Hi</strong></span> <span class='ocrx_word' id='word_1_152' title='bbox 2986 689 3007 762; x_wconf 92' lang='lat'><strong>)</strong></span> <span class='ocrx_word' id='word_1_153' title='bbox 3033 709 3048 745; x_wconf 87' lang='lat'><strong>:</strong></span> <span class='ocrx_word' id='word_1_154' title='bbox 3079 702 3135 747; x_wconf 91' lang='lat' dir='ltr'><strong>et</strong></span> <span class='ocrx_word' id='word_1_155' title='bbox 3184 692 3307 746; x_wconf 84' lang='lat' dir='ltr'><strong>huic</strong></span> <span class='ocrx_word' id='word_1_156' title='bbox 3350 691 3597 761; x_wconf 79' lang='lat' dir='ltr'><strong>epistolae</strong></span> 
     </span>
    </p>
   </div>
   <div class='ocr_carea' id='block_1_22' title="bbox 1997 784 3594 858">
    <p class='ocr_par' dir='ltr' id='par_1_22' title="bbox 1997 784 3594 858">
     <span class='ocr_line' id='line_1_22' title="bbox 1997 784 3594 858; baseline 0 -17"><span class='ocrx_word' id='word_1_157' title='bbox 1997 786 2345 858; x_wconf 67' lang='lat' dir='ltr'><strong>prtepositum</strong></span> <span class='ocrx_word' id='word_1_158' title='bbox 2398 785 2656 841; x_wconf 90' lang='lat' dir='ltr'><strong>inducere</strong></span> <span class='ocrx_word' id='word_1_159' title='bbox 2702 784 2859 842; x_wconf 78' lang='lat' dir='ltr'><strong>facile</strong></span> <span class='ocrx_word' id='word_1_160' title='bbox 2909 785 3151 855; x_wconf 89' lang='lat' dir='ltr'><strong>potuisse</strong></span> <span class='ocrx_word' id='word_1_161' title='bbox 3207 799 3594 841; x_wconf 83' lang='lat' dir='ltr'><strong>amanuensem</strong></span> 
     </span>
    </p>
   </div>
   <div class='ocr_carea' id='block_1_23' title="bbox 1998 876 3596 949">
    <p class='ocr_par' dir='ltr' id='par_1_23' title="bbox 1998 876 3596 949">
     <span class='ocr_line' id='line_1_23' title="bbox 1998 876 3596 949; baseline 0.001 -14"><span class='ocrx_word' id='word_1_162' title='bbox 1998 887 2241 935; x_wconf 91' lang='lat' dir='ltr'><strong>nostrum</strong></span> <span class='ocrx_word' id='word_1_163' title='bbox 2272 893 2380 935; x_wconf 90' lang='lat' dir='ltr'><strong>non</strong></span> <span class='ocrx_word' id='word_1_164' title='bbox 2401 877 2693 934; x_wconf 85' lang='lat' dir='ltr'><strong>admodum</strong></span> <span class='ocrx_word' id='word_1_165' title='bbox 2720 876 2952 934; x_wconf 81' lang='lat' dir='ltr'><strong>fortasse</strong></span> <span class='ocrx_word' id='word_1_166' title='bbox 2983 878 3211 949; x_wconf 89' lang='lat' dir='ltr'><strong>peritum</strong></span> <span class='ocrx_word' id='word_1_167' title='bbox 3240 919 3257 945; x_wconf 96' lang='lat'><strong>,</strong></span> <span class='ocrx_word' id='word_1_168' title='bbox 3301 887 3360 934; x_wconf 90' lang='lat' dir='ltr'><strong>ut</strong></span> <span class='ocrx_word' id='word_1_169' title='bbox 3400 877 3596 936; x_wconf 86' lang='lat' dir='ltr'><strong>Hiero-</strong></span> 
     </span>
    </p>
   </div>
   <div class='ocr_carea' id='block_1_24' title="bbox 1997 968 3597 1044">
    <p class='ocr_par' dir='ltr' id='par_1_24' title="bbox 1997 968 3597 1044">
     <span class='ocr_line' id='line_1_24' title="bbox 1997 968 3597 1044; baseline -0.001 -17"><span class='ocrx_word' id='word_1_170' title='bbox 1997 987 2164 1044; x_wconf 86' lang='lat' dir='ltr'><strong>nymo</strong></span> <span class='ocrx_word' id='word_1_171' title='bbox 2191 971 2458 1027; x_wconf 87' lang='lat' dir='ltr'><strong>tribueret</strong></span> <span class='ocrx_word' id='word_1_172' title='bbox 2510 969 2756 1027; x_wconf 86' lang='lat' dir='ltr'><strong>libellum</strong></span> <span class='ocrx_word' id='word_1_173' title='bbox 2796 971 2996 1037; x_wconf 85' lang='lat' dir='ltr'><strong>istum,</strong></span> <span class='ocrx_word' id='word_1_174' title='bbox 3039 970 3128 1041; x_wconf 86' lang='lat' dir='ltr'><strong>qui</strong></span> <span class='ocrx_word' id='word_1_175' title='bbox 3167 968 3370 1025; x_wconf 79' lang='lat' dir='ltr'><strong>Hilario</strong></span> <span class='ocrx_word' id='word_1_176' title='bbox 3414 970 3597 1041; x_wconf 90' lang='lat' dir='ltr'><strong>utique</strong></span> 
     </span>
    </p>
   </div>
   <div class='ocr_carea' id='block_1_25' title="bbox 1998 1065 2544 1123">
    <p class='ocr_par' dir='ltr' id='par_1_25' title="bbox 1998 1065 2544 1123">
     <span class='ocr_line' id='line_1_25' title="bbox 1998 1065 2544 1123; baseline -0.004 -2"><span class='ocrx_word' id='word_1_177' title='bbox 1998 1065 2175 1123; x_wconf 84' lang='lat' dir='ltr'><strong>fuerat</strong></span> <span class='ocrx_word' id='word_1_178' title='bbox 2203 1065 2544 1122; x_wconf 87' lang='lat' dir='ltr'><strong>tribuendus.</strong></span> 
     </span>
    </p>
   </div>
   <div class='ocr_carea' id='block_1_26' title="bbox 2070 1157 3597 1231">
    <p class='ocr_par' dir='ltr' id='par_1_26' title="bbox 2070 1157 3597 1231">
     <span class='ocr_line' id='line_1_26' title="bbox 2070 1157 3597 1231; baseline -0.001 -16"><span class='ocrx_word' id='word_1_179' title='bbox 2070 1159 2125 1216; x_wconf 70' lang='grc'><strong>4.</strong></span> <span class='ocrx_word' id='word_1_180' title='bbox 2159 1158 2335 1231; x_wconf 84' lang='lat' dir='ltr'><strong>Atque</strong></span> <span class='ocrx_word' id='word_1_181' title='bbox 2364 1158 2449 1214; x_wconf 90' lang='lat' dir='ltr'><strong>his</strong></span> <span class='ocrx_word' id='word_1_182' title='bbox 2474 1157 2692 1231; x_wconf 86' lang='lat' dir='ltr'><strong>quidem</strong></span> <span class='ocrx_word' id='word_1_183' title='bbox 2723 1157 3052 1229; x_wconf 88' lang='lat' dir='ltr'><strong>conjecturis</strong></span> <span class='ocrx_word' id='word_1_184' title='bbox 3081 1157 3271 1225; x_wconf 88' lang='lat' dir='ltr'><strong>ducor,</strong></span> <span class='ocrx_word' id='word_1_185' title='bbox 3308 1167 3367 1213; x_wconf 90' lang='lat' dir='ltr'><strong>ut</strong></span> <span class='ocrx_word' id='word_1_186' title='bbox 3392 1157 3597 1214; x_wconf 88' lang='lat' dir='ltr'><strong>Hilario</strong></span> 
     </span>
    </p>
   </div>
   <div class='ocr_carea' id='block_1_27' title="bbox 1998 1251 3591 1323">
    <p class='ocr_par' dir='ltr' id='par_1_27' title="bbox 1998 1251 3591 1323">
     <span class='ocr_line' id='line_1_27' title="bbox 1998 1251 3591 1323; baseline -0.001 -13"><span class='ocrx_word' id='word_1_187' title='bbox 1998 1253 2348 1319; x_wconf 87' lang='lat' dir='ltr'><strong>Pietaviensi,</strong></span> <span class='ocrx_word' id='word_1_188' title='bbox 2381 1253 2607 1323; x_wconf 83' lang='lat' dir='ltr'><strong>ideoque</strong></span> <span class='ocrx_word' id='word_1_189' title='bbox 2637 1252 3081 1323; x_wconf 64' lang='lat' dir='ltr'><strong>praeclarissimo,</strong></span> <span class='ocrx_word' id='word_1_190' title='bbox 3109 1261 3165 1307; x_wconf 90' lang='lat' dir='ltr'><strong>et</strong></span> <span class='ocrx_word' id='word_1_191' title='bbox 3188 1251 3346 1307; x_wconf 85' lang='lat' dir='ltr'><strong>valde</strong></span> <span class='ocrx_word' id='word_1_192' title='bbox 3370 1261 3591 1308; x_wconf 85' lang='lat' dir='ltr'><strong>vetusto</strong></span> 
     </span>
    </p>
   </div>
   <div class='ocr_carea' id='block_1_28' title="bbox 1997 1328 3591 1415">
    <p class='ocr_par' dir='ltr' id='par_1_28' title="bbox 1997 1328 3591 1415">
     <span class='ocr_line' id='line_1_28' title="bbox 1997 1328 3591 1415; baseline -0.003 -12"><span class='ocrx_word' id='word_1_193' title='bbox 1997 1346 2250 1415; x_wconf 88' lang='lat' dir='ltr'><strong>scriptori</strong></span> <span class='ocrx_word' id='word_1_194' title='bbox 2273 1328 2554 1415; x_wconf 78' lang='lat' dir='ltr'><strong>epistolam</strong></span> <span class='ocrx_word' id='word_1_195' title='bbox 2584 1344 2723 1400; x_wconf 89' lang='lat' dir='ltr'><strong>hanc</strong></span> <span class='ocrx_word' id='word_1_196' title='bbox 2745 1343 3071 1399; x_wconf 77' lang='lat' dir='ltr'><strong>adscribam.</strong></span> <span class='ocrx_word' id='word_1_197' title='bbox 3098 1344 3234 1400; x_wconf 83' lang='lat' dir='ltr'><strong>Nolo</strong></span> <span class='ocrx_word' id='word_1_198' title='bbox 3267 1354 3446 1399; x_wconf 88' lang='lat' dir='ltr'><strong>tamen</strong></span> <span class='ocrx_word' id='word_1_199' title='bbox 3477 1343 3591 1399; x_wconf 89' lang='lat' dir='ltr'><strong>dis-</strong></span> 
     </span>
    </p>
   </div>
   <div class='ocr_carea' id='block_1_29' title="bbox 2000 1435 3597 1509">
    <p class='ocr_par' dir='ltr' id='par_1_29' title="bbox 2000 1435 3597 1509">
     <span class='ocr_line' id='line_1_29' title="bbox 2000 1435 3597 1509; baseline -0.004 -14"><span class='ocrx_word' id='word_1_200' title='bbox 2000 1439 2263 1495; x_wconf 88' lang='lat' dir='ltr'><strong>simulare</strong></span> <span class='ocrx_word' id='word_1_201' title='bbox 2288 1453 2403 1505; x_wconf 88' lang='lat' dir='ltr'><strong>eas,</strong></span> <span class='ocrx_word' id='word_1_202' title='bbox 2429 1453 2564 1509; x_wconf 90' lang='lat' dir='ltr'><strong>quas</strong></span> <span class='ocrx_word' id='word_1_203' title='bbox 2591 1438 2725 1493; x_wconf 91' lang='lat' dir='ltr'><strong>mihi</strong></span> <span class='ocrx_word' id='word_1_204' title='bbox 2753 1438 2833 1491; x_wconf 90' lang='lat' dir='ltr'><strong>vir</strong></span> <span class='ocrx_word' id='word_1_205' title='bbox 2864 1435 3223 1502; x_wconf 87' lang='lat' dir='ltr'><strong>clarissimus,</strong></span> <span class='ocrx_word' id='word_1_206' title='bbox 3257 1436 3458 1507; x_wconf 87' lang='lat' dir='ltr'><strong>quique</strong></span> <span class='ocrx_word' id='word_1_207' title='bbox 3487 1437 3597 1507; x_wconf 82' lang='lat' dir='ltr'><strong>pri-</strong></span> 
     </span>
    </p>
   </div>
   <div class='ocr_carea' id='block_1_30' title="bbox 2002 1529 3598 1602">
    <p class='ocr_par' dir='ltr' id='par_1_30' title="bbox 2002 1529 3598 1602">
     <span class='ocr_line' id='line_1_30' title="bbox 2002 1529 3598 1602; baseline -0.003 -15"><span class='ocrx_word' id='word_1_208' title='bbox 2002 1544 2119 1587; x_wconf 86' lang='lat' dir='ltr'><strong>mas</strong></span> <span class='ocrx_word' id='word_1_209' title='bbox 2148 1532 2200 1586; x_wconf 93' lang='lat' dir='ltr'><strong>in</strong></span> <span class='ocrx_word' id='word_1_210' title='bbox 2223 1530 2487 1585; x_wconf 90' lang='lat' dir='ltr'><strong>litteraria</strong></span> <span class='ocrx_word' id='word_1_211' title='bbox 2528 1530 2806 1600; x_wconf 84' lang='lat' dir='ltr'><strong>republica</strong></span> <span class='ocrx_word' id='word_1_212' title='bbox 2839 1539 3028 1585; x_wconf 91' lang='lat' dir='ltr'><strong>tenere</strong></span> <span class='ocrx_word' id='word_1_213' title='bbox 3046 1530 3191 1585; x_wconf 88' lang='lat' dir='ltr'><strong>visus</strong></span> <span class='ocrx_word' id='word_1_214' title='bbox 3218 1538 3304 1585; x_wconf 90' lang='lat' dir='ltr'><strong>est</strong></span> <span class='ocrx_word' id='word_1_215' title='bbox 3333 1530 3436 1602; x_wconf 70' lang='grc' dir='ltr'><strong>(ῃ),</strong></span> <span class='ocrx_word' id='word_1_216' title='bbox 3470 1529 3598 1584; x_wconf 89' lang='lat' dir='ltr'><strong>mihi</strong></span> 
     </span>
    </p>
   </div>
   <div class='ocr_carea' id='block_1_31' title="bbox 2000 1620 3598 1693">
    <p class='ocr_par' dir='ltr' id='par_1_31' title="bbox 2000 1620 3598 1693">
     <span class='ocr_line' id='line_1_31' title="bbox 2000 1620 3598 1693; baseline -0.004 -13"><span class='ocrx_word' id='word_1_217' title='bbox 2000 1623 2199 1693; x_wconf 90' lang='lat' dir='ltr'><strong>objecit</strong></span> <span class='ocrx_word' id='word_1_218' title='bbox 2228 1622 2597 1679; x_wconf 88' lang='lat' dir='ltr'><strong>difﬁcultates.</strong></span> <span class='ocrx_word' id='word_1_219' title='bbox 2647 1620 2910 1679; x_wconf 87' lang='lat' dir='ltr'><strong>Nimirum</strong></span> <span class='ocrx_word' id='word_1_220' title='bbox 2958 1621 3012 1675; x_wconf 73' lang='grc' dir='ltr'><strong>1ο</strong></span> <span class='ocrx_word' id='word_1_221' title='bbox 3034 1620 3100 1675; x_wconf 91' lang='lat' dir='ltr'><strong>ad</strong></span> <span class='ocrx_word' id='word_1_222' title='bbox 3131 1620 3449 1693; x_wconf 88' lang='lat' dir='ltr'><strong>martyrium</strong></span> <span class='ocrx_word' id='word_1_223' title='bbox 3478 1620 3598 1675; x_wconf 90' lang='lat' dir='ltr'><strong>vult</strong></span> 
     </span>
    </p>
   </div>
   <div class='ocr_carea' id='block_1_32' title="bbox 2000 1714 3598 1787">
    <p class='ocr_par' dir='ltr' id='par_1_32' title="bbox 2000 1714 3598 1787">
     <span class='ocr_line' id='line_1_32' title="bbox 2000 1714 3598 1787; baseline -0.001 -16"><span class='ocrx_word' id='word_1_224' title='bbox 2000 1718 2234 1787; x_wconf 86' lang='lat' dir='ltr'><strong>scriptor</strong></span> <span class='ocrx_word' id='word_1_225' title='bbox 2261 1717 2361 1773; x_wconf 88' lang='lat' dir='ltr'><strong>iste</strong></span> <span class='ocrx_word' id='word_1_226' title='bbox 2384 1725 2603 1787; x_wconf 88' lang='lat' dir='ltr'><strong>paratos</strong></span> <span class='ocrx_word' id='word_1_227' title='bbox 2627 1731 2744 1782; x_wconf 90' lang='lat' dir='ltr'><strong>eos,</strong></span> <span class='ocrx_word' id='word_1_228' title='bbox 2769 1715 2965 1784; x_wconf 85' lang='lat' dir='ltr'><strong>quibus</strong></span> <span class='ocrx_word' id='word_1_229' title='bbox 2984 1715 3214 1785; x_wconf 90' lang='lat' dir='ltr'><strong>epistola</strong></span> <span class='ocrx_word' id='word_1_230' title='bbox 3230 1714 3346 1770; x_wconf 61' lang='lat' dir='ltr'><strong>haec</strong></span> <span class='ocrx_word' id='word_1_231' title='bbox 3372 1714 3598 1787; x_wconf 87' lang='lat' dir='ltr'><strong>legenda</strong></span> 
     </span>
    </p>
   </div>
   <div class='ocr_carea' id='block_1_33' title="bbox 280 1795 3602 1883">
    <p class='ocr_par' dir='ltr' id='par_1_33' title="bbox 280 1795 3602 1883">
     <span class='ocr_line' id='line_1_33' title="bbox 280 1795 3602 1883; baseline -0.002 -17"><span class='ocrx_word' id='word_1_232' title='bbox 280 1821 616 1883; x_wconf 82' lang='lat' dir='ltr'><strong>sequuntur,</strong></span> <span class='ocrx_word' id='word_1_233' title='bbox 637 1810 715 1866; x_wconf 88' lang='lat' dir='ltr'><strong>sic</strong></span> <span class='ocrx_word' id='word_1_234' title='bbox 738 1795 1199 1877; x_wconf 51' lang='lat' dir='ltr'><strong>uts&#39;ublimitatem</strong></span> <span class='ocrx_word' id='word_1_235' title='bbox 1225 1808 1395 1876; x_wconf 88' lang='lat' dir='ltr'><strong>illam,</strong></span> <span class='ocrx_word' id='word_1_236' title='bbox 1423 1818 1479 1864; x_wconf 86' lang='lat' dir='ltr'><strong>et</strong></span> <span class='ocrx_word' id='word_1_237' title='bbox 1502 1807 1895 1879; x_wconf 87' lang='lat' dir='ltr'><strong>eloquentiam,</strong></span> <span class='ocrx_word' id='word_1_238' title='bbox 1927 1806 1974 1866; x_wconf 90' lang='lat' dir='ltr'><strong>B</strong></span> <span class='ocrx_word' id='word_1_239' title='bbox 2000 1820 2139 1865; x_wconf 88' lang='lat' dir='ltr'><strong>erat.</strong></span> <span class='ocrx_word' id='word_1_240' title='bbox 2162 1808 2455 1879; x_wconf 84' lang='lat' dir='ltr'><strong>Antiquior</strong></span> <span class='ocrx_word' id='word_1_241' title='bbox 2484 1823 2614 1880; x_wconf 83' lang='lat' dir='ltr'><strong>ergo</strong></span> <span class='ocrx_word' id='word_1_242' title='bbox 2637 1806 2839 1863; x_wconf 83' lang='lat' dir='ltr'><strong>Hilario</strong></span> <span class='ocrx_word' id='word_1_243' title='bbox 2861 1816 3054 1863; x_wconf 89' lang='lat' dir='ltr'><strong>auctor</strong></span> <span class='ocrx_word' id='word_1_244' title='bbox 3085 1806 3230 1862; x_wconf 91' lang='lat' dir='ltr'><strong>illius</strong></span> <span class='ocrx_word' id='word_1_245' title='bbox 3255 1817 3372 1871; x_wconf 90' lang='lat' dir='ltr'><strong>est;</strong></span> <span class='ocrx_word' id='word_1_246' title='bbox 3402 1808 3602 1878; x_wconf 89' lang='lat' dir='ltr'><strong>quippe</strong></span> 
     </span>
    </p>
   </div>
   <div class='ocr_carea' id='block_1_34' title="bbox 283 1900 1899 1975">
    <p class='ocr_par' dir='ltr' id='par_1_34' title="bbox 283 1900 1899 1975">
     <span class='ocr_line' id='line_1_34' title="bbox 283 1900 1899 1975; baseline -0.001 -16"><span class='ocrx_word' id='word_1_247' title='bbox 283 1919 453 1975; x_wconf 86' lang='lat' dir='ltr'><strong>quam</strong></span> <span class='ocrx_word' id='word_1_248' title='bbox 488 1904 541 1959; x_wconf 92' lang='lat' dir='ltr'><strong>in</strong></span> <span class='ocrx_word' id='word_1_249' title='bbox 572 1903 780 1960; x_wconf 83' lang='lat' dir='ltr'><strong>Hilario</strong></span> <span class='ocrx_word' id='word_1_250' title='bbox 807 1900 1191 1958; x_wconf 89' lang='lat' dir='ltr'><strong>commendant</strong></span> <span class='ocrx_word' id='word_1_251' title='bbox 1222 1912 1456 1970; x_wconf 89' lang='lat' dir='ltr'><strong>veteres,</strong></span> <span class='ocrx_word' id='word_1_252' title='bbox 1500 1900 1552 1956; x_wconf 92' lang='lat' dir='ltr'><strong>in</strong></span> <span class='ocrx_word' id='word_1_253' title='bbox 1590 1915 1653 1957; x_wconf 89' lang='lat' dir='ltr'><strong>ea</strong></span> <span class='ocrx_word' id='word_1_254' title='bbox 1683 1915 1899 1971; x_wconf 91' lang='lat' dir='ltr'><strong>quoque</strong></span> 
     </span>
    </p>
   </div>
   <div class='ocr_carea' id='block_1_35' title="bbox 286 1994 731 2066">
    <p class='ocr_par' dir='ltr' id='par_1_35' title="bbox 286 1994 731 2066">
     <span class='ocr_line' id='line_1_35' title="bbox 286 1994 731 2066; baseline -0.004 -14"><span class='ocrx_word' id='word_1_255' title='bbox 286 1995 455 2052; x_wconf 83' lang='lat' dir='ltr'><strong>facile</strong></span> <span class='ocrx_word' id='word_1_256' title='bbox 482 1994 731 2066; x_wconf 82' lang='lat' dir='ltr'><strong>detegas.</strong></span> 
     </span>
    </p>
   </div>
   <div class='ocr_carea' id='block_1_36' title="bbox 366 2088 1900 2161">
    <p class='ocr_par' dir='ltr' id='par_1_36' title="bbox 366 2088 1900 2161">
     <span class='ocr_line' id='line_1_36' title="bbox 366 2088 1900 2161; baseline -0.002 -14"><span class='ocrx_word' id='word_1_257' title='bbox 366 2090 593 2147; x_wconf 77' lang='lat' dir='ltr'><strong>5.1llud</strong></span> <span class='ocrx_word' id='word_1_258' title='bbox 635 2091 799 2146; x_wconf 88' lang='lat' dir='ltr'><strong>etiam</strong></span> <span class='ocrx_word' id='word_1_259' title='bbox 844 2090 899 2146; x_wconf 95' lang='lat' dir='ltr'><strong>in</strong></span> <span class='ocrx_word' id='word_1_260' title='bbox 947 2089 1150 2146; x_wconf 90' lang='lat' dir='ltr'><strong>Hilario</strong></span> <span class='ocrx_word' id='word_1_261' title='bbox 1199 2098 1457 2148; x_wconf 89' lang='lat' dir='ltr'><strong>notarunt</strong></span> <span class='ocrx_word' id='word_1_262' title='bbox 1500 2088 1724 2155; x_wconf 88' lang='lat' dir='ltr'><strong>Critici,</strong></span> <span class='ocrx_word' id='word_1_263' title='bbox 1756 2088 1900 2161; x_wconf 90' lang='lat' dir='ltr'><strong>quod</strong></span> 
     </span>
    </p>
   </div>
   <div class='ocr_carea' id='block_1_37' title="bbox 286 2182 1900 2255">
    <p class='ocr_par' dir='ltr' id='par_1_37' title="bbox 286 2182 1900 2255">
     <span class='ocr_line' id='line_1_37' title="bbox 286 2182 1900 2255; baseline -0.002 -14"><span class='ocrx_word' id='word_1_264' title='bbox 286 2198 460 2241; x_wconf 76' lang='lat' dir='ltr'><strong>voces</strong></span> <span class='ocrx_word' id='word_1_265' title='bbox 486 2183 778 2240; x_wconf 88' lang='lat' dir='ltr'><strong>admodum</strong></span> <span class='ocrx_word' id='word_1_266' title='bbox 800 2182 1171 2254; x_wconf 77' lang='lat' dir='ltr'><strong>infrequentes</strong></span> <span class='ocrx_word' id='word_1_267' title='bbox 1189 2183 1407 2255; x_wconf 89' lang='lat' dir='ltr'><strong>scriptis</strong></span> <span class='ocrx_word' id='word_1_268' title='bbox 1424 2185 1535 2239; x_wconf 87' lang='lat' dir='ltr'><strong>suis</strong></span> <span class='ocrx_word' id='word_1_269' title='bbox 1558 2185 1762 2239; x_wconf 87' lang='lat' dir='ltr'><strong>inserat</strong></span> <span class='ocrx_word' id='word_1_270' title='bbox 1789 2182 1860 2255; x_wconf 76' lang='grc' dir='ltr'><strong>(Ῑ)</strong></span> <span class='ocrx_word' id='word_1_271' title='bbox 1887 2201 1900 2237; x_wconf 89' lang='lat'>:</span> 
     </span>
    </p>
   </div>
   <div class='ocr_carea' id='block_1_38' title="bbox 288 2274 1904 2348">
    <p class='ocr_par' dir='ltr' id='par_1_38' title="bbox 288 2274 1904 2348">
     <span class='ocr_line' id='line_1_38' title="bbox 288 2274 1904 2348; baseline 0.001 -19"><span class='ocrx_word' id='word_1_272' title='bbox 288 2285 461 2347; x_wconf 84' lang='lat' dir='ltr'><strong>atque</strong></span> <span class='ocrx_word' id='word_1_273' title='bbox 493 2275 546 2330; x_wconf 90' lang='lat' dir='ltr'><strong>id</strong></span> <span class='ocrx_word' id='word_1_274' title='bbox 576 2274 795 2348; x_wconf 89' lang='lat' dir='ltr'><strong>quidem</strong></span> <span class='ocrx_word' id='word_1_275' title='bbox 827 2276 880 2329; x_wconf 92' lang='lat' dir='ltr'><strong>in</strong></span> <span class='ocrx_word' id='word_1_276' title='bbox 914 2274 1012 2330; x_wconf 88' lang='lat' dir='ltr'><strong>hac</strong></span> <span class='ocrx_word' id='word_1_277' title='bbox 1051 2275 1166 2345; x_wconf 89' lang='lat' dir='ltr'><strong>ipsa</strong></span> <span class='ocrx_word' id='word_1_278' title='bbox 1217 2275 1446 2345; x_wconf 62' lang='lat' dir='ltr'><strong>epistola</strong></span> <span class='ocrx_word' id='word_1_279' title='bbox 1481 2276 1738 2332; x_wconf 90' lang='lat' dir='ltr'><strong>occurrit.</strong></span> <span class='ocrx_word' id='word_1_280' title='bbox 1772 2275 1904 2343; x_wconf 86' lang='lat' dir='ltr'><strong>Quis</strong></span> 
     </span>
    </p>
   </div>
   <div class='ocr_carea' id='block_1_39' title="bbox 292 2369 1899 2440">
    <p class='ocr_par' dir='ltr' id='par_1_39' title="bbox 292 2369 1899 2440">
     <span class='ocr_line' id='line_1_39' title="bbox 292 2369 1899 2440; baseline -0.002 -14"><span class='ocrx_word' id='word_1_281' title='bbox 292 2371 445 2426; x_wconf 81' lang='lat' dir='ltr'><strong>enim</strong></span> <span class='ocrx_word' id='word_1_282' title='bbox 504 2384 666 2426; x_wconf 81' lang='lat' dir='ltr'><strong>voces</strong></span> <span class='ocrx_word' id='word_1_283' title='bbox 715 2370 835 2436; x_wconf 89' lang='lat' dir='ltr'><strong>has,</strong></span> <span class='ocrx_word' id='word_1_284' title='bbox 885 2369 1074 2436; x_wconf 82' lang='lat' dir='ltr'><strong>initiat,</strong></span> <span class='ocrx_word' id='word_1_285' title='bbox 1107 2369 1507 2440; x_wconf 78' lang='lat' dir='ltr'><strong>splendiﬁcare,</strong></span> <span class='ocrx_word' id='word_1_286' title='bbox 1557 2369 1899 2435; x_wconf 64' lang='lat' dir='ltr'><strong>sacvrdotare,</strong></span> 
     </span>
    </p>
   </div>
   <div class='ocr_carea' id='block_1_40' title="bbox 295 2461 1907 2535">
    <p class='ocr_par' dir='ltr' id='par_1_40' title="bbox 295 2461 1907 2535">
     <span class='ocr_line' id='line_1_40' title="bbox 295 2461 1907 2535; baseline 0.001 -17"><span class='ocrx_word' id='word_1_287' title='bbox 295 2462 590 2534; x_wconf 72' lang='lat' dir='ltr'><strong>confuerit,</strong></span> <span class='ocrx_word' id='word_1_288' title='bbox 643 2477 778 2535; x_wconf 87' lang='lat' dir='ltr'><strong>quas</strong></span> <span class='ocrx_word' id='word_1_289' title='bbox 827 2461 913 2517; x_wconf 91' lang='lat' dir='ltr'><strong>hic</strong></span> <span class='ocrx_word' id='word_1_290' title='bbox 943 2462 1223 2529; x_wconf 86' lang='lat' dir='ltr'><strong>invenies,</strong></span> <span class='ocrx_word' id='word_1_291' title='bbox 1276 2463 1343 2517; x_wconf 87' lang='lat' dir='ltr'><strong>iis</strong></span> <span class='ocrx_word' id='word_1_292' title='bbox 1393 2464 1616 2520; x_wconf 88' lang='lat' dir='ltr'><strong>vocibus</strong></span> <span class='ocrx_word' id='word_1_293' title='bbox 1645 2478 1907 2520; x_wconf 87' lang='lat' dir='ltr'><strong>annume-</strong></span> 
     </span>
    </p>
   </div>
   <div class='ocr_carea' id='block_1_41' title="bbox 299 2553 1903 2626">
    <p class='ocr_par' dir='ltr' id='par_1_41' title="bbox 299 2553 1903 2626">
     <span class='ocr_line' id='line_1_41' title="bbox 299 2553 1903 2626; baseline 0 -17"><span class='ocrx_word' id='word_1_294' title='bbox 299 2555 468 2621; x_wconf 81' lang='lat' dir='ltr'><strong>rabit,</strong></span> <span class='ocrx_word' id='word_1_295' title='bbox 501 2569 636 2625; x_wconf 89' lang='lat' dir='ltr'><strong>quas</strong></span> <span class='ocrx_word' id='word_1_296' title='bbox 660 2554 855 2610; x_wconf 82' lang='lat' dir='ltr'><strong>crebro</strong></span> <span class='ocrx_word' id='word_1_297' title='bbox 882 2553 1236 2611; x_wconf 86' lang='lat' dir='ltr'><strong>adhibemus?</strong></span> <span class='ocrx_word' id='word_1_298' title='bbox 1256 2554 1410 2623; x_wconf 87' lang='lat' dir='ltr'><strong>Quod</strong></span> <span class='ocrx_word' id='word_1_299' title='bbox 1435 2555 1479 2609; x_wconf 90' lang='lat' dir='ltr'><strong>si</strong></span> <span class='ocrx_word' id='word_1_300' title='bbox 1502 2555 1903 2626; x_wconf 85' lang='lat' dir='ltr'><strong>explicationis,</strong></span> 
     </span>
    </p>
   </div>
   <div class='ocr_carea' id='block_1_42' title="bbox 302 2648 1907 2721">
    <p class='ocr_par' dir='ltr' id='par_1_42' title="bbox 302 2648 1907 2721">
     <span class='ocr_line' id='line_1_42' title="bbox 302 2648 1907 2721; baseline -0.001 -16"><span class='ocrx_word' id='word_1_301' title='bbox 302 2650 494 2721; x_wconf 84' lang='lat' dir='ltr'><strong>reique</strong></span> <span class='ocrx_word' id='word_1_302' title='bbox 525 2648 723 2704; x_wconf 87' lang='lat' dir='ltr'><strong>clarius</strong></span> <span class='ocrx_word' id='word_1_303' title='bbox 755 2648 1092 2704; x_wconf 61' lang='lat' dir='ltr'><strong>illustrandae</strong></span> <span class='ocrx_word' id='word_1_304' title='bbox 1121 2662 1282 2704; x_wconf 89' lang='lat' dir='ltr'><strong>causa</strong></span> <span class='ocrx_word' id='word_1_305' title='bbox 1314 2663 1518 2718; x_wconf 78' lang='lat' dir='ltr'><strong>graecas</strong></span> <span class='ocrx_word' id='word_1_306' title='bbox 1546 2663 1707 2704; x_wconf 90' lang='lat' dir='ltr'><strong>voces</strong></span> <span class='ocrx_word' id='word_1_307' title='bbox 1751 2662 1907 2703; x_wconf 89' lang='lat' dir='ltr'><strong>usur-</strong></span> 
     </span>
    </p>
   </div>
   <div class='ocr_carea' id='block_1_43' title="bbox 299 2738 1905 2813">
    <p class='ocr_par' dir='ltr' id='par_1_43' title="bbox 299 2738 1905 2813">
     <span class='ocr_line' id='line_1_43' title="bbox 299 2738 1905 2813; baseline -0.002 -16"><span class='ocrx_word' id='word_1_308' title='bbox 299 2751 397 2813; x_wconf 86' lang='lat' dir='ltr'><strong>pat</strong></span> <span class='ocrx_word' id='word_1_309' title='bbox 446 2741 498 2796; x_wconf 93' lang='lat' dir='ltr'><strong>in</strong></span> <span class='ocrx_word' id='word_1_310' title='bbox 532 2741 648 2796; x_wconf 90' lang='lat' dir='ltr'><strong>suis</strong></span> <span class='ocrx_word' id='word_1_311' title='bbox 696 2740 850 2797; x_wconf 89' lang='lat' dir='ltr'><strong>libris</strong></span> <span class='ocrx_word' id='word_1_312' title='bbox 900 2740 1178 2795; x_wconf 89' lang='lat' dir='ltr'><strong>Hilarius:</strong></span> <span class='ocrx_word' id='word_1_313' title='bbox 1208 2757 1287 2796; x_wconf 71' lang='lat' dir='ltr'><strong>ea:</strong></span> <span class='ocrx_word' id='word_1_314' title='bbox 1314 2754 1531 2810; x_wconf 86' lang='lat' dir='ltr'><strong>quoque</strong></span> <span class='ocrx_word' id='word_1_315' title='bbox 1577 2740 1630 2794; x_wconf 94' lang='lat' dir='ltr'><strong>in</strong></span> <span class='ocrx_word' id='word_1_316' title='bbox 1662 2738 1905 2810; x_wconf 89' lang='lat' dir='ltr'><strong>Epistola</strong></span> 
     </span>
    </p>
   </div>
   <div class='ocr_carea' id='block_1_44' title="bbox 300 2833 1904 2892">
    <p class='ocr_par' dir='ltr' id='par_1_44' title="bbox 300 2833 1904 2892">
     <span class='ocr_line' id='line_1_44' title="bbox 300 2833 1904 2892; baseline -0.002 -2"><span class='ocrx_word' id='word_1_317' title='bbox 300 2835 407 2890; x_wconf 87' lang='lat' dir='ltr'><strong>hac</strong></span> <span class='ocrx_word' id='word_1_318' title='bbox 426 2843 737 2892; x_wconf 88' lang='lat' dir='ltr'><strong>occurrunt.</strong></span> <span class='ocrx_word' id='word_1_319' title='bbox 771 2835 830 2890; x_wconf 90' lang='lat' dir='ltr'><strong>Si</strong></span> <span class='ocrx_word' id='word_1_320' title='bbox 877 2850 907 2889; x_wconf 92' lang='lat' dir='ltr'><strong>a</strong></span> <span class='ocrx_word' id='word_1_321' title='bbox 938 2848 1070 2890; x_wconf 86' lang='lat' dir='ltr'><strong>voce</strong></span> <span class='ocrx_word' id='word_1_322' title='bbox 1102 2833 1407 2888; x_wconf 75' lang='lat' dir='ltr'><strong>Itomousion</strong></span> <span class='ocrx_word' id='word_1_323' title='bbox 1437 2834 1502 2888; x_wconf 90' lang='lat' dir='ltr'><strong>ad</strong></span> <span class='ocrx_word' id='word_1_324' title='bbox 1535 2833 1904 2888; x_wconf 82' lang='lat' dir='ltr'><strong>consubstan-</strong></span> 
     </span>
    </p>
   </div>
   <div class='ocr_carea' id='block_1_45' title="bbox 300 2910 1909 2994">
    <p class='ocr_par' dir='ltr' id='par_1_45' title="bbox 300 2910 1909 2994">
     <span class='ocr_line' id='line_1_45' title="bbox 300 2910 1909 2994; baseline -0.003 -12"><span class='ocrx_word' id='word_1_325' title='bbox 300 2926 595 2982; x_wconf 84' lang='lat' dir='ltr'><strong>tialitatem</strong></span> <span class='ocrx_word' id='word_1_326' title='bbox 644 2924 807 2980; x_wconf 82' lang='lat' dir='ltr'><strong>Verbi</strong></span> <span class='ocrx_word' id='word_1_327' title='bbox 839 2924 1216 2994; x_wconf 81' lang='lat' dir='ltr'><strong>explicandam</strong></span> <span class='ocrx_word' id='word_1_328' title='bbox 1267 2922 1445 2994; x_wconf 87' lang='lat' dir='ltr'><strong>quoad</strong></span> <span class='ocrx_word' id='word_1_329' title='bbox 1499 2932 1707 2992; x_wconf 85' lang='lat' dir='ltr'><strong>potest,</strong></span> <span class='ocrx_word' id='word_1_330' title='bbox 1754 2910 1909 2978; x_wconf 86' lang='lat' dir='ltr'><strong>cavet</strong></span> 
     </span>
    </p>
   </div>
   <div class='ocr_carea' id='block_1_46' title="bbox 296 3017 1907 3089">
    <p class='ocr_par' dir='ltr' id='par_1_46' title="bbox 296 3017 1907 3089">
     <span class='ocr_line' id='line_1_46' title="bbox 296 3017 1907 3089; baseline -0.002 -14"><span class='ocrx_word' id='word_1_331' title='bbox 296 3018 545 3075; x_wconf 79' lang='lat' dir='ltr'><strong>Hilarius</strong></span> <span class='ocrx_word' id='word_1_332' title='bbox 565 3061 580 3084; x_wconf 95' lang='lat'><strong>,</strong></span> <span class='ocrx_word' id='word_1_333' title='bbox 637 3018 889 3089; x_wconf 87' lang='lat' dir='ltr'><strong>illiusque</strong></span> <span class='ocrx_word' id='word_1_334' title='bbox 921 3019 1041 3074; x_wconf 92' lang='lat' dir='ltr'><strong>loco</strong></span> <span class='ocrx_word' id='word_1_335' title='bbox 1089 3017 1480 3089; x_wconf 80' lang='lat' dir='ltr'><strong>explicationes</strong></span> <span class='ocrx_word' id='word_1_336' title='bbox 1509 3017 1644 3073; x_wconf 90' lang='lat' dir='ltr'><strong>alias</strong></span> <span class='ocrx_word' id='word_1_337' title='bbox 1672 3020 1724 3071; x_wconf 91' lang='lat' dir='ltr'><strong>in</strong></span> <span class='ocrx_word' id='word_1_338' title='bbox 1756 3017 1907 3073; x_wconf 90' lang='lat' dir='ltr'><strong>libris</strong></span> 
     </span>
    </p>
   </div>
   <div class='ocr_carea' id='block_1_47' title="bbox 297 3108 1903 3179">
    <p class='ocr_par' dir='ltr' id='par_1_47' title="bbox 297 3108 1903 3179">
     <span class='ocr_line' id='line_1_47' title="bbox 297 3108 1903 3179; baseline -0.003 -11"><span class='ocrx_word' id='word_1_339' title='bbox 297 3114 420 3168; x_wconf 86' lang='lat' dir='ltr'><strong>suis</strong></span> <span class='ocrx_word' id='word_1_340' title='bbox 448 3112 752 3176; x_wconf 72' lang='lat' dir='ltr'><strong>substituit,</strong></span> <span class='ocrx_word' id='word_1_341' title='bbox 781 3127 848 3167; x_wconf 84' lang='lat' dir='ltr'><strong>ne</strong></span> <span class='ocrx_word' id='word_1_342' title='bbox 893 3112 1099 3167; x_wconf 85' lang='lat' dir='ltr'><strong>scilicet</strong></span> <span class='ocrx_word' id='word_1_343' title='bbox 1140 3112 1209 3167; x_wconf 87' lang='lat' dir='ltr'><strong>de</strong></span> <span class='ocrx_word' id='word_1_344' title='bbox 1246 3112 1451 3165; x_wconf 82' lang='lat' dir='ltr'><strong>nomine</strong></span> <span class='ocrx_word' id='word_1_345' title='bbox 1477 3152 1490 3177; x_wconf 89' lang='lat'><strong>,</strong></span> <span class='ocrx_word' id='word_1_346' title='bbox 1527 3124 1632 3165; x_wconf 90' lang='grc' dir='ltr'><strong><em>ιιοιι</em></strong></span> <span class='ocrx_word' id='word_1_347' title='bbox 1679 3108 1748 3165; x_wconf 88' lang='lat' dir='ltr'><strong>de</strong></span> <span class='ocrx_word' id='word_1_348' title='bbox 1791 3110 1903 3179; x_wconf 87' lang='lat' dir='ltr'><strong>ipsa</strong></span> 
     </span>
    </p>
   </div>
   <div class='ocr_carea' id='block_1_48' title="bbox 2002 1899 3602 1975">
    <p class='ocr_par' dir='ltr' id='par_1_48' title="bbox 2002 1899 3602 1975">
     <span class='ocr_line' id='line_1_48' title="bbox 2002 1899 3602 1975; baseline 0 -21"><span class='ocrx_word' id='word_1_349' title='bbox 2002 1899 2093 1970; x_wconf 88' lang='lat' dir='ltr'><strong>qui</strong></span> <span class='ocrx_word' id='word_1_350' title='bbox 2145 1899 2530 1968; x_wconf 90' lang='lat' dir='ltr'><strong>imperatorum</strong></span> <span class='ocrx_word' id='word_1_351' title='bbox 2593 1899 2891 1956; x_wconf 88' lang='lat' dir='ltr'><strong>Ecclesiam</strong></span> <span class='ocrx_word' id='word_1_352' title='bbox 2949 1899 3390 1975; x_wconf 69' lang='lat' dir='ltr'><strong>persequentium</strong></span> <span class='ocrx_word' id='word_1_353' title='bbox 3442 1907 3602 1954; x_wconf 86' lang='lat' dir='ltr'><strong>aetate</strong></span> 
     </span>
    </p>
   </div>
   <div class='ocr_carea' id='block_1_49' title="bbox 2003 1991 3600 2064">
    <p class='ocr_par' dir='ltr' id='par_1_49' title="bbox 2003 1991 3600 2064">
     <span class='ocr_line' id='line_1_49' title="bbox 2003 1991 3600 2064; baseline -0.002 -16"><span class='ocrx_word' id='word_1_354' title='bbox 2003 1993 2157 2048; x_wconf 76' lang='lat' dir='ltr'><strong>vixit.</strong></span> <span class='ocrx_word' id='word_1_355' title='bbox 2179 1993 2237 2047; x_wconf 67' lang='lat'><strong>2°</strong></span> <span class='ocrx_word' id='word_1_356' title='bbox 2257 1992 2477 2048; x_wconf 77' lang='lat' dir='ltr'><strong>Fatetur</strong></span> <span class='ocrx_word' id='word_1_357' title='bbox 2503 1992 2749 2063; x_wconf 63' lang='lat' dir='ltr'><strong>epistolae</strong></span> <span class='ocrx_word' id='word_1_358' title='bbox 2779 1992 2940 2064; x_wconf 83' lang='lat' dir='ltr'><strong>hujus</strong></span> <span class='ocrx_word' id='word_1_359' title='bbox 2967 1993 3223 2064; x_wconf 87' lang='lat' dir='ltr'><strong>scriptor,</strong></span> <span class='ocrx_word' id='word_1_360' title='bbox 3252 1991 3414 2048; x_wconf 89' lang='lat' dir='ltr'><strong>ﬁdem</strong></span> <span class='ocrx_word' id='word_1_361' title='bbox 3446 2005 3600 2046; x_wconf 91' lang='lat' dir='ltr'><strong>suam</strong></span> 
     </span>
    </p>
   </div>
   <div class='ocr_carea' id='block_1_50' title="bbox 2004 2083 3602 2142">
    <p class='ocr_par' dir='ltr' id='par_1_50' title="bbox 2004 2083 3602 2142">
     <span class='ocr_line' id='line_1_50' title="bbox 2004 2083 3602 2142; baseline -0.001 -3"><span class='ocrx_word' id='word_1_362' title='bbox 2004 2086 2170 2141; x_wconf 88' lang='lat' dir='ltr'><strong>fuisse</strong></span> <span class='ocrx_word' id='word_1_363' title='bbox 2200 2085 2251 2140; x_wconf 91' lang='lat' dir='ltr'><strong>in</strong></span> <span class='ocrx_word' id='word_1_364' title='bbox 2283 2085 2505 2141; x_wconf 89' lang='lat' dir='ltr'><strong>dubium</strong></span> <span class='ocrx_word' id='word_1_365' title='bbox 2535 2094 2862 2142; x_wconf 89' lang='lat' dir='ltr'><strong>revocatam.</strong></span> <span class='ocrx_word' id='word_1_366' title='bbox 2899 2103 2917 2139; x_wconf 81' lang='grc' dir='ltr'><strong>ι</strong></span> <span class='ocrx_word' id='word_1_367' title='bbox 2954 2084 3023 2140; x_wconf 89' lang='lat' dir='ltr'><strong>Et</strong></span> <span class='ocrx_word' id='word_1_368' title='bbox 3062 2085 3237 2141; x_wconf 87' lang='lat' dir='ltr'><strong>sciant</strong></span> <span class='ocrx_word' id='word_1_369' title='bbox 3268 2084 3451 2140; x_wconf 67' lang='lat' dir='ltr'><strong>tumuli</strong></span> <span class='ocrx_word' id='word_1_370' title='bbox 3478 2083 3602 2139; x_wconf 84' lang='lat' dir='ltr'><strong>fidei</strong></span> 
     </span>
    </p>
   </div>
   <div class='ocr_carea' id='block_1_51' title="bbox 2005 2179 3602 2249">
    <p class='ocr_par' dir='ltr' id='par_1_51' title="bbox 2005 2179 3602 2249">
     <span class='ocr_line' id='line_1_51' title="bbox 2005 2179 3602 2249; baseline -0.001 -15"><span class='ocrx_word' id='word_1_371' title='bbox 2005 2194 2141 2234; x_wconf 71' lang='lat' dir='ltr'><strong>mete</strong></span> <span class='ocrx_word' id='word_1_372' title='bbox 2169 2179 2462 2249; x_wconf 64' lang='lat' dir='ltr'><strong>praestitum</strong></span> <span class='ocrx_word' id='word_1_373' title='bbox 2488 2182 2775 2247; x_wconf 89' lang='lat' dir='ltr'><strong>rationem,</strong></span> <span class='ocrx_word' id='word_1_374' title='bbox 2806 2189 2860 2236; x_wconf 88' lang='lat' dir='ltr'><strong>et</strong></span> <span class='ocrx_word' id='word_1_375' title='bbox 2885 2181 3181 2237; x_wconf 87' lang='lat' dir='ltr'><strong>convenire</strong></span> <span class='ocrx_word' id='word_1_376' title='bbox 3209 2194 3330 2237; x_wconf 88' lang='lat' dir='ltr'><strong>cum</strong></span> <span class='ocrx_word' id='word_1_377' title='bbox 3361 2179 3602 2235; x_wconf 85' lang='lat' dir='ltr'><strong>Ecclesia</strong></span> 
     </span>
    </p>
   </div>
   <div class='ocr_carea' id='block_1_52' title="bbox 2007 2268 3604 2345">
    <p class='ocr_par' dir='ltr' id='par_1_52' title="bbox 2007 2268 3604 2345">
     <span class='ocr_line' id='line_1_52' title="bbox 2007 2268 3604 2345; baseline -0.001 -17"><span class='ocrx_word' id='word_1_378' title='bbox 2007 2281 2416 2343; x_wconf 80' lang='lat' dir='ltr'><strong>recognoscant.</strong></span> <span class='ocrx_word' id='word_1_379' title='bbox 2462 2292 2482 2327; x_wconf 78' lang='grc' dir='ltr'><strong>ι</strong></span> <span class='ocrx_word' id='word_1_380' title='bbox 2522 2276 2588 2328; x_wconf 84' lang='lat' dir='ltr'><strong>At</strong></span> <span class='ocrx_word' id='word_1_381' title='bbox 2612 2274 2733 2345; x_wconf 93' lang='lat' dir='ltr'><strong>quis</strong></span> <span class='ocrx_word' id='word_1_382' title='bbox 2766 2268 2818 2328; x_wconf 89' lang='lat' dir='ltr'><strong>id</strong></span> <span class='ocrx_word' id='word_1_383' title='bbox 2848 2273 2915 2329; x_wconf 88' lang='lat' dir='ltr'><strong>de</strong></span> <span class='ocrx_word' id='word_1_384' title='bbox 2947 2272 3150 2328; x_wconf 91' lang='lat' dir='ltr'><strong>llilario</strong></span> <span class='ocrx_word' id='word_1_385' title='bbox 3171 2273 3369 2329; x_wconf 90' lang='lat' dir='ltr'><strong>audeat</strong></span> <span class='ocrx_word' id='word_1_386' title='bbox 3388 2272 3604 2328; x_wconf 89' lang='lat' dir='ltr'><strong>dicere?</strong></span> 
     </span>
    </p>
   </div>
   <div class='ocr_carea' id='block_1_53' title="bbox 2006 2364 3605 2437">
    <p class='ocr_par' dir='ltr' id='par_1_53' title="bbox 2006 2364 3605 2437">
     <span class='ocr_line' id='line_1_53' title="bbox 2006 2364 3605 2437; baseline 0.001 -20"><span class='ocrx_word' id='word_1_387' title='bbox 2006 2365 2119 2434; x_wconf 89' lang='lat' dir='ltr'><strong>qui,</strong></span> <span class='ocrx_word' id='word_1_388' title='bbox 2151 2373 2208 2419; x_wconf 91' lang='lat' dir='ltr'><strong>ut</strong></span> <span class='ocrx_word' id='word_1_389' title='bbox 2234 2364 2519 2435; x_wconf 84' lang='lat' dir='ltr'><strong>Augustini</strong></span> <span class='ocrx_word' id='word_1_390' title='bbox 2550 2365 2731 2421; x_wconf 88' lang='lat' dir='ltr'><strong>verbis</strong></span> <span class='ocrx_word' id='word_1_391' title='bbox 2762 2373 2882 2421; x_wconf 88' lang='lat' dir='ltr'><strong>utar</strong></span> <span class='ocrx_word' id='word_1_392' title='bbox 2919 2364 3025 2437; x_wconf 78' lang='lat' dir='ltr'><strong>(li),</strong></span> <span class='ocrx_word' id='word_1_393' title='bbox 3064 2385 3084 2419; x_wconf 77' lang='grc' dir='ltr'><strong>ι</strong></span> <span class='ocrx_word' id='word_1_394' title='bbox 3112 2365 3370 2421; x_wconf 67' lang='lat' dir='ltr'><strong>Ecclesiae</strong></span> <span class='ocrx_word' id='word_1_395' title='bbox 3412 2364 3605 2420; x_wconf 86' lang='lat' dir='ltr'><strong>catho-</strong></span> 
     </span>
    </p>
   </div>
   <div class='ocr_carea' id='block_1_54' title="bbox 2006 2456 3605 2522">
    <p class='ocr_par' dir='ltr' id='par_1_54' title="bbox 2006 2456 3605 2522">
     <span class='ocr_line' id='line_1_54' title="bbox 2006 2456 3605 2522; baseline 0.002 -12"><span class='ocrx_word' id='word_1_396' title='bbox 2006 2456 2123 2513; x_wconf 62' lang='lat' dir='ltr'><strong>licae</strong></span> <span class='ocrx_word' id='word_1_397' title='bbox 2149 2456 2409 2512; x_wconf 88' lang='lat' dir='ltr'><strong>adversus</strong></span> <span class='ocrx_word' id='word_1_398' title='bbox 2439 2456 2723 2513; x_wconf 62' lang='lat' dir='ltr'><strong>haereticos</strong></span> <span class='ocrx_word' id='word_1_399' title='bbox 2743 2459 3044 2513; x_wconf 88' lang='lat' dir='ltr'><strong>acerrimus</strong></span> <span class='ocrx_word' id='word_1_400' title='bbox 3069 2456 3346 2522; x_wconf 83' lang='lat' dir='ltr'><strong>defensor;</strong></span> <span class='ocrx_word' id='word_1_401' title='bbox 3375 2456 3605 2516; x_wconf 87' lang='lat' dir='ltr'><strong>catholi-</strong></span> 
     </span>
    </p>
   </div>
   <div class='ocr_carea' id='block_1_55' title="bbox 2005 2548 3603 2617">
    <p class='ocr_par' dir='ltr' id='par_1_55' title="bbox 2005 2548 3603 2617">
     <span class='ocr_line' id='line_1_55' title="bbox 2005 2548 3603 2617; baseline 0.001 -14"><span class='ocrx_word' id='word_1_402' title='bbox 2005 2564 2101 2603; x_wconf 89' lang='lat' dir='ltr'><strong>cus</strong></span> <span class='ocrx_word' id='word_1_403' title='bbox 2123 2557 2177 2605; x_wconf 91' lang='lat' dir='ltr'><strong>et</strong></span> <span class='ocrx_word' id='word_1_404' title='bbox 2203 2549 2427 2617; x_wconf 79' lang='lat' dir='ltr'><strong>insignis</strong></span> <span class='ocrx_word' id='word_1_405' title='bbox 2445 2548 2703 2604; x_wconf 68' lang='lat' dir='ltr'><strong>Ecclesia:</strong></span> <span class='ocrx_word' id='word_1_406' title='bbox 2732 2548 3012 2604; x_wconf 76' lang='lat' dir='ltr'><strong>catholica:</strong></span> <span class='ocrx_word' id='word_1_407' title='bbox 3035 2548 3257 2616; x_wconf 89' lang='lat' dir='ltr'><strong>doctor;</strong></span> <span class='ocrx_word' id='word_1_408' title='bbox 3286 2560 3340 2605; x_wconf 93' lang='lat' dir='ltr'><strong>et</strong></span> <span class='ocrx_word' id='word_1_409' title='bbox 3361 2565 3466 2605; x_wconf 89' lang='lat' dir='ltr'><strong>non</strong></span> <span class='ocrx_word' id='word_1_410' title='bbox 3489 2563 3603 2605; x_wconf 89' lang='lat' dir='ltr'><strong>me-</strong></span> 
     </span>
    </p>
   </div>
   <div class='ocr_carea' id='block_1_56' title="bbox 2007 2642 3604 2712">
    <p class='ocr_par' dir='ltr' id='par_1_56' title="bbox 2007 2642 3604 2712">
     <span class='ocr_line' id='line_1_56' title="bbox 2007 2642 3604 2712; baseline -0.001 -14"><span class='ocrx_word' id='word_1_411' title='bbox 2007 2642 2207 2699; x_wconf 91' lang='lat' dir='ltr'><strong>diocris</strong></span> <span class='ocrx_word' id='word_1_412' title='bbox 2232 2643 2568 2697; x_wconf 89' lang='lat' dir='ltr'><strong>auctoritatis</strong></span> <span class='ocrx_word' id='word_1_413' title='bbox 2589 2642 2642 2696; x_wconf 91' lang='lat' dir='ltr'><strong>in</strong></span> <span class='ocrx_word' id='word_1_414' title='bbox 2674 2644 2995 2698; x_wconf 84' lang='lat' dir='ltr'><strong>tractatione</strong></span> <span class='ocrx_word' id='word_1_415' title='bbox 3028 2642 3450 2712; x_wconf 90' lang='lat' dir='ltr'><strong>Scripturarum,</strong></span> <span class='ocrx_word' id='word_1_416' title='bbox 3470 2652 3525 2699; x_wconf 89' lang='lat' dir='ltr'><strong>et</strong></span> <span class='ocrx_word' id='word_1_417' title='bbox 3553 2644 3604 2698; x_wconf 93' lang='lat' dir='ltr'><strong>in</strong></span> 
     </span>
    </p>
   </div>
   <div class='ocr_carea' id='block_1_57' title="bbox 2005 2733 3603 2805">
    <p class='ocr_par' dir='ltr' id='par_1_57' title="bbox 2005 2733 3603 2805">
     <span class='ocr_line' id='line_1_57' title="bbox 2005 2733 3603 2805; baseline 0.002 -17"><span class='ocrx_word' id='word_1_418' title='bbox 2005 2735 2311 2790; x_wconf 90' lang='lat' dir='ltr'><strong>assertione</strong></span> <span class='ocrx_word' id='word_1_419' title='bbox 2338 2733 2461 2789; x_wconf 90' lang='lat' dir='ltr'><strong>ﬁdei</strong></span> <span class='ocrx_word' id='word_1_420' title='bbox 2507 2734 2589 2789; x_wconf 88' lang='lat' dir='ltr'><strong>vir</strong></span> <span class='ocrx_word' id='word_1_421' title='bbox 2615 2735 2919 2805; x_wconf 86' lang='lat' dir='ltr'><strong>appellatus</strong></span> <span class='ocrx_word' id='word_1_422' title='bbox 2964 2745 3069 2790; x_wconf 82' lang='lat' dir='ltr'><strong>est.</strong></span> <span class='ocrx_word' id='word_1_423' title='bbox 3104 2754 3125 2788; x_wconf 77' lang='grc' dir='ltr'><strong>ι</strong></span> <span class='ocrx_word' id='word_1_424' title='bbox 3161 2734 3255 2790; x_wconf 88' lang='lat' dir='ltr'><strong>His</strong></span> <span class='ocrx_word' id='word_1_425' title='bbox 3286 2736 3497 2792; x_wconf 86' lang='lat' dir='ltr'><strong>scilicet</strong></span> <span class='ocrx_word' id='word_1_426' title='bbox 3536 2735 3603 2791; x_wconf 89' lang='lat' dir='ltr'><strong>ad</strong></span> 
     </span>
    </p>
   </div>
   <div class='ocr_carea' id='block_1_58' title="bbox 2006 2828 3605 2901">
    <p class='ocr_par' dir='ltr' id='par_1_58' title="bbox 2006 2828 3605 2901">
     <span class='ocr_line' id='line_1_58' title="bbox 2006 2828 3605 2901; baseline 0.004 -18"><span class='ocrx_word' id='word_1_427' title='bbox 2006 2828 2149 2884; x_wconf 89' lang='lat' dir='ltr'><strong>hunc</strong></span> <span class='ocrx_word' id='word_1_428' title='bbox 2182 2829 2402 2885; x_wconf 89' lang='lat' dir='ltr'><strong>modum</strong></span> <span class='ocrx_word' id='word_1_429' title='bbox 2446 2843 2699 2885; x_wconf 90' lang='lat' dir='ltr'><strong>occurro.</strong></span> <span class='ocrx_word' id='word_1_430' title='bbox 2724 2828 3028 2885; x_wconf 86' lang='lat' dir='ltr'><strong>Constantii</strong></span> <span class='ocrx_word' id='word_1_431' title='bbox 3061 2840 3302 2901; x_wconf 89' lang='lat' dir='ltr'><strong>tempore</strong></span> <span class='ocrx_word' id='word_1_432' title='bbox 3328 2831 3605 2889; x_wconf 73' lang='lat' dir='ltr'><strong>exstitisse</strong></span> 
     </span>
    </p>
   </div>
   <div class='ocr_carea' id='block_1_59' title="bbox 2006 2923 3604 2996">
    <p class='ocr_par' dir='ltr' id='par_1_59' title="bbox 2006 2923 3604 2996">
     <span class='ocr_line' id='line_1_59' title="bbox 2006 2923 3604 2996; baseline 0.001 -16"><span class='ocrx_word' id='word_1_433' title='bbox 2006 2923 2210 2980; x_wconf 88' lang='lat' dir='ltr'><strong>multos</strong></span> <span class='ocrx_word' id='word_1_434' title='bbox 2234 2965 2250 2991; x_wconf 94' lang='lat'><strong>,</strong></span> <span class='ocrx_word' id='word_1_435' title='bbox 2303 2924 2395 2996; x_wconf 91' lang='lat' dir='ltr'><strong>qui</strong></span> <span class='ocrx_word' id='word_1_436' title='bbox 2444 2934 2668 2994; x_wconf 88' lang='lat' dir='ltr'><strong>propter</strong></span> <span class='ocrx_word' id='word_1_437' title='bbox 2715 2924 3045 2980; x_wconf 71' lang='lat' dir='ltr'><strong>Ortbodoxm</strong></span> <span class='ocrx_word' id='word_1_438' title='bbox 3076 2924 3200 2980; x_wconf 93' lang='lat' dir='ltr'><strong>ﬁdei</strong></span> <span class='ocrx_word' id='word_1_439' title='bbox 3230 2924 3604 2983; x_wconf 87' lang='lat' dir='ltr'><strong>defensionem</strong></span> 
     </span>
    </p>
   </div>
   <div class='ocr_carea' id='block_1_60' title="bbox 2007 3017 3601 3093">
    <p class='ocr_par' dir='ltr' id='par_1_60' title="bbox 2007 3017 3601 3093">
     <span class='ocr_line' id='line_1_60' title="bbox 2007 3017 3601 3093; baseline 0.001 -20"><span class='ocrx_word' id='word_1_440' title='bbox 2007 3034 2117 3075; x_wconf 88' lang='lat' dir='ltr'><strong>non</strong></span> <span class='ocrx_word' id='word_1_441' title='bbox 2150 3018 2311 3073; x_wconf 87' lang='lat' dir='ltr'><strong>modo</strong></span> <span class='ocrx_word' id='word_1_442' title='bbox 2342 3017 2394 3074; x_wconf 90' lang='lat' dir='ltr'><strong>in</strong></span> <span class='ocrx_word' id='word_1_443' title='bbox 2425 3017 2677 3073; x_wconf 81' lang='lat' dir='ltr'><strong>exsilium</strong></span> <span class='ocrx_word' id='word_1_444' title='bbox 2707 3018 2878 3083; x_wconf 86' lang='lat' dir='ltr'><strong>missi,</strong></span> <span class='ocrx_word' id='word_1_445' title='bbox 2910 3034 3096 3074; x_wconf 83' lang='lat' dir='ltr'><strong>verum</strong></span> <span class='ocrx_word' id='word_1_446' title='bbox 3124 3020 3287 3074; x_wconf 87' lang='lat' dir='ltr'><strong>etiam</strong></span> <span class='ocrx_word' id='word_1_447' title='bbox 3337 3022 3601 3093; x_wconf 86' lang='lat' dir='ltr'><strong>martyrio</strong></span> 
     </span>
    </p>
   </div>
   <div class='ocr_carea' id='block_1_61' title="bbox 2011 3110 3607 3184">
    <p class='ocr_par' dir='ltr' id='par_1_61' title="bbox 2011 3110 3607 3184">
     <span class='ocr_line' id='line_1_61' title="bbox 2011 3110 3607 3184; baseline 0.004 -19"><span class='ocrx_word' id='word_1_448' title='bbox 2011 3110 2177 3166; x_wconf 90' lang='lat' dir='ltr'><strong>functi</strong></span> <span class='ocrx_word' id='word_1_449' title='bbox 2207 3110 2336 3177; x_wconf 90' lang='lat' dir='ltr'><strong>sint,</strong></span> <span class='ocrx_word' id='word_1_450' title='bbox 2367 3110 2682 3166; x_wconf 88' lang='lat' dir='ltr'><strong>indubitatis</strong></span> <span class='ocrx_word' id='word_1_451' title='bbox 2710 3113 3075 3167; x_wconf 88' lang='lat' dir='ltr'><strong>monumentis</strong></span> <span class='ocrx_word' id='word_1_452' title='bbox 3100 3115 3463 3184; x_wconf 87' lang='lat' dir='ltr'><strong>assequimur.</strong></span> <span class='ocrx_word' id='word_1_453' title='bbox 3495 3114 3607 3170; x_wconf 73' lang='lat' dir='ltr'><strong>hle-</strong></span> 
     </span>
    </p>
   </div>
   <div class='ocr_carea' id='block_1_62' title="bbox 300 3189 3604 3275">
    <p class='ocr_par' dir='ltr' id='par_1_62' title="bbox 300 3189 3604 3275">
     <span class='ocr_line' id='line_1_62' title="bbox 300 3189 3604 3275; baseline 0 -15"><span class='ocrx_word' id='word_1_454' title='bbox 300 3205 469 3261; x_wconf 76' lang='lat' dir='ltr'><strong>Verbi</strong></span> <span class='ocrx_word' id='word_1_455' title='bbox 498 3189 1078 3269; x_wconf 83' lang='lat' dir='ltr'><strong>consubstantialitate,</strong></span> <span class='ocrx_word' id='word_1_456' title='bbox 1102 3212 1265 3274; x_wconf 89' lang='lat' dir='ltr'><strong>atque</strong></span> <span class='ocrx_word' id='word_1_457' title='bbox 1290 3203 1615 3270; x_wconf 65' lang='lat' dir='ltr'><strong>aeternitate,</strong></span> <span class='ocrx_word' id='word_1_458' title='bbox 1667 3218 1730 3257; x_wconf 91' lang='lat' dir='ltr'><strong>ac</strong></span> <span class='ocrx_word' id='word_1_459' title='bbox 1768 3218 1906 3271; x_wconf 64' lang='grc' dir='ltr'><strong><em>ιιι-ιιι·</em></strong></span> <span class='ocrx_word' id='word_1_460' title='bbox 1933 3191 1979 3255; x_wconf 89' lang='lat' dir='ltr'>C</span> <span class='ocrx_word' id='word_1_461' title='bbox 2011 3203 2117 3259; x_wconf 90' lang='lat' dir='ltr'><strong>rito</strong></span> <span class='ocrx_word' id='word_1_462' title='bbox 2141 3203 2321 3275; x_wconf 87' lang='lat' dir='ltr'><strong>itaque</strong></span> <span class='ocrx_word' id='word_1_463' title='bbox 2351 3201 2417 3258; x_wconf 92' lang='lat' dir='ltr'><strong>ad</strong></span> <span class='ocrx_word' id='word_1_464' title='bbox 2447 3202 2765 3275; x_wconf 87' lang='lat' dir='ltr'><strong>martyrium</strong></span> <span class='ocrx_word' id='word_1_465' title='bbox 2790 3214 3005 3275; x_wconf 82' lang='lat' dir='ltr'><strong>paratos</strong></span> <span class='ocrx_word' id='word_1_466' title='bbox 3044 3219 3165 3260; x_wconf 88' lang='lat' dir='ltr'><strong>esse</strong></span> <span class='ocrx_word' id='word_1_467' title='bbox 3192 3204 3442 3274; x_wconf 87' lang='lat' dir='ltr'><strong>cupiebat</strong></span> <span class='ocrx_word' id='word_1_468' title='bbox 3469 3206 3604 3262; x_wconf 88' lang='lat' dir='ltr'><strong>lide-</strong></span> 
     </span>
    </p>
   </div>
   <div class='ocr_carea' id='block_1_63' title="bbox 300 3294 1903 3366">
    <p class='ocr_par' dir='ltr' id='par_1_63' title="bbox 300 3294 1903 3366">
     <span class='ocr_line' id='line_1_63' title="bbox 300 3294 1903 3366; baseline -0.001 -15"><span class='ocrx_word' id='word_1_469' title='bbox 300 3296 503 3351; x_wconf 77' lang='lat' dir='ltr'><strong>stantia</strong></span> <span class='ocrx_word' id='word_1_470' title='bbox 524 3296 804 3351; x_wconf 85' lang='lat' dir='ltr'><strong>decertare</strong></span> <span class='ocrx_word' id='word_1_471' title='bbox 833 3296 1112 3361; x_wconf 83' lang='lat' dir='ltr'><strong>videatur;</strong></span> <span class='ocrx_word' id='word_1_472' title='bbox 1142 3294 1193 3349; x_wconf 91' lang='lat' dir='ltr'><strong>id</strong></span> <span class='ocrx_word' id='word_1_473' title='bbox 1226 3310 1443 3366; x_wconf 87' lang='lat' dir='ltr'><strong>quoque</strong></span> <span class='ocrx_word' id='word_1_474' title='bbox 1472 3295 1560 3350; x_wconf 92' lang='lat' dir='ltr'><strong>hic</strong></span> <span class='ocrx_word' id='word_1_475' title='bbox 1590 3295 1817 3365; x_wconf 76' lang='lat' dir='ltr'><strong>peragit.</strong></span> <span class='ocrx_word' id='word_1_476' title='bbox 1848 3294 1903 3349; x_wconf 93' lang='lat' dir='ltr'><strong>ld</strong></span> 
     </span>
    </p>
   </div>
   <div class='ocr_carea' id='block_1_64' title="bbox 303 3387 1907 3459">
    <p class='ocr_par' dir='ltr' id='par_1_64' title="bbox 303 3387 1907 3459">
     <span class='ocr_line' id='line_1_64' title="bbox 303 3387 1907 3459; baseline 0.001 -17"><span class='ocrx_word' id='word_1_477' title='bbox 303 3388 513 3459; x_wconf 86' lang='lat' dir='ltr'><strong>pariter</strong></span> <span class='ocrx_word' id='word_1_478' title='bbox 539 3389 591 3442; x_wconf 92' lang='lat' dir='ltr'><strong>in</strong></span> <span class='ocrx_word' id='word_1_479' title='bbox 613 3388 840 3458; x_wconf 78' lang='lat' dir='ltr'><strong>epistola</strong></span> <span class='ocrx_word' id='word_1_480' title='bbox 866 3388 965 3441; x_wconf 90' lang='lat' dir='ltr'><strong>hac</strong></span> <span class='ocrx_word' id='word_1_481' title='bbox 986 3390 1308 3452; x_wconf 85' lang='lat' dir='ltr'><strong>observans,</strong></span> <span class='ocrx_word' id='word_1_482' title='bbox 1337 3387 1480 3458; x_wconf 88' lang='lat' dir='ltr'><strong>qttod</strong></span> <span class='ocrx_word' id='word_1_483' title='bbox 1504 3388 1558 3444; x_wconf 93' lang='lat' dir='ltr'><strong>in</strong></span> <span class='ocrx_word' id='word_1_484' title='bbox 1584 3387 1810 3458; x_wconf 84' lang='lat' dir='ltr'><strong>reliquis</strong></span> <span class='ocrx_word' id='word_1_485' title='bbox 1839 3387 1907 3443; x_wconf 85' lang='lat' dir='ltr'><strong>li-</strong></span> 
     </span>
    </p>
   </div>
   <div class='ocr_carea' id='block_1_65' title="bbox 302 3479 1908 3552">
    <p class='ocr_par' dir='ltr' id='par_1_65' title="bbox 302 3479 1908 3552">
     <span class='ocr_line' id='line_1_65' title="bbox 302 3479 1908 3552; baseline -0.001 -15"><span class='ocrx_word' id='word_1_486' title='bbox 302 3482 419 3537; x_wconf 89' lang='lat' dir='ltr'><strong>bris</strong></span> <span class='ocrx_word' id='word_1_487' title='bbox 440 3481 556 3536; x_wconf 90' lang='lat' dir='ltr'><strong>suis</strong></span> <span class='ocrx_word' id='word_1_488' title='bbox 577 3481 840 3536; x_wconf 88' lang='lat' dir='ltr'><strong>adversus</strong></span> <span class='ocrx_word' id='word_1_489' title='bbox 869 3481 1098 3534; x_wconf 85' lang='lat' dir='ltr'><strong>Arianos</strong></span> <span class='ocrx_word' id='word_1_490' title='bbox 1133 3479 1413 3549; x_wconf 89' lang='lat' dir='ltr'><strong>disputans</strong></span> <span class='ocrx_word' id='word_1_491' title='bbox 1439 3481 1693 3552; x_wconf 80' lang='lat' dir='ltr'><strong>religiose</strong></span> <span class='ocrx_word' id='word_1_492' title='bbox 1717 3480 1908 3535; x_wconf 89' lang='lat' dir='ltr'><strong>obser-</strong></span> 
     </span>
    </p>
   </div>
   <div class='ocr_carea' id='block_1_66' title="bbox 305 3572 1907 3644">
    <p class='ocr_par' dir='ltr' id='par_1_66' title="bbox 305 3572 1907 3644">
     <span class='ocr_line' id='line_1_66' title="bbox 305 3572 1907 3644; baseline 0.001 -15"><span class='ocrx_word' id='word_1_493' title='bbox 305 3583 493 3631; x_wconf 83' lang='lat' dir='ltr'><strong>varat:</strong></span> <span class='ocrx_word' id='word_1_494' title='bbox 529 3582 589 3629; x_wconf 89' lang='lat' dir='ltr'><strong>ut</strong></span> <span class='ocrx_word' id='word_1_495' title='bbox 612 3574 818 3631; x_wconf 89' lang='lat' dir='ltr'><strong>scilicet</strong></span> <span class='ocrx_word' id='word_1_496' title='bbox 846 3589 1033 3629; x_wconf 90' lang='lat' dir='ltr'><strong>eorum</strong></span> <span class='ocrx_word' id='word_1_497' title='bbox 1064 3572 1279 3644; x_wconf 85' lang='lat' dir='ltr'><strong>quidem</strong></span> <span class='ocrx_word' id='word_1_498' title='bbox 1304 3588 1525 3629; x_wconf 88' lang='lat' dir='ltr'><strong>errores</strong></span> <span class='ocrx_word' id='word_1_499' title='bbox 1553 3574 1907 3630; x_wconf 85' lang='lat' dir='ltr'><strong>vehementer</strong></span> 
     </span>
    </p>
   </div>
   <div class='ocr_carea' id='block_1_67' title="bbox 304 3667 1906 3739">
    <p class='ocr_par' dir='ltr' id='par_1_67' title="bbox 304 3667 1906 3739">
     <span class='ocr_line' id='line_1_67' title="bbox 304 3667 1906 3739; baseline -0.001 -14"><span class='ocrx_word' id='word_1_500' title='bbox 304 3669 620 3738; x_wconf 79' lang='lat' dir='ltr'><strong>redarguat,</strong></span> <span class='ocrx_word' id='word_1_501' title='bbox 661 3676 718 3722; x_wconf 87' lang='lat' dir='ltr'><strong>at</strong></span> <span class='ocrx_word' id='word_1_502' title='bbox 746 3668 1019 3724; x_wconf 90' lang='lat' dir='ltr'><strong>neminem</strong></span> <span class='ocrx_word' id='word_1_503' title='bbox 1063 3669 1282 3723; x_wconf 87' lang='lat' dir='ltr'><strong>nomine</strong></span> <span class='ocrx_word' id='word_1_504' title='bbox 1327 3667 1563 3738; x_wconf 88' lang='lat' dir='ltr'><strong>appellet</strong></span> <span class='ocrx_word' id='word_1_505' title='bbox 1591 3684 1605 3726; x_wconf 86' lang='lat'><strong>:</strong></span> <span class='ocrx_word' id='word_1_506' title='bbox 1637 3677 1798 3739; x_wconf 80' lang='lat' dir='ltr'><strong>atque</strong></span> <span class='ocrx_word' id='word_1_507' title='bbox 1837 3669 1906 3724; x_wconf 89' lang='lat' dir='ltr'><strong>ab</strong></span> 
     </span>
    </p>
   </div>
   <div class='ocr_carea' id='block_1_68' title="bbox 304 3762 1907 3833">
    <p class='ocr_par' dir='ltr' id='par_1_68' title="bbox 304 3762 1907 3833">
     <span class='ocr_line' id='line_1_68' title="bbox 304 3762 1907 3833; baseline 0.001 -16"><span class='ocrx_word' id='word_1_508' title='bbox 304 3762 497 3819; x_wconf 86' lang='lat' dir='ltr'><strong>odioso</strong></span> <span class='ocrx_word' id='word_1_509' title='bbox 523 3763 835 3817; x_wconf 77' lang='lat' dir='ltr'><strong>Arianorum</strong></span> <span class='ocrx_word' id='word_1_510' title='bbox 871 3773 924 3818; x_wconf 91' lang='lat' dir='ltr'><strong>et</strong></span> <span class='ocrx_word' id='word_1_511' title='bbox 956 3762 1403 3818; x_wconf 83' lang='lat' dir='ltr'><strong>Semiarianorum</strong></span> <span class='ocrx_word' id='word_1_512' title='bbox 1449 3762 1712 3819; x_wconf 86' lang='lat' dir='ltr'><strong>vocabulo</strong></span> <span class='ocrx_word' id='word_1_513' title='bbox 1751 3777 1907 3833; x_wconf 83' lang='lat' dir='ltr'><strong>pror-</strong></span> 
     </span>
    </p>
   </div>
   <div class='ocr_carea' id='block_1_69' title="bbox 300 3854 1905 3929">
    <p class='ocr_par' dir='ltr' id='par_1_69' title="bbox 300 3854 1905 3929">
     <span class='ocr_line' id='line_1_69' title="bbox 300 3854 1905 3929; baseline -0.004 -13"><span class='ocrx_word' id='word_1_514' title='bbox 300 3875 400 3915; x_wconf 87' lang='lat' dir='ltr'><strong>sus</strong></span> <span class='ocrx_word' id='word_1_515' title='bbox 416 3859 688 3914; x_wconf 86' lang='lat' dir='ltr'><strong>abstineat</strong></span> <span class='ocrx_word' id='word_1_516' title='bbox 715 3875 728 3912; x_wconf 88' lang='lat'><strong>:</strong></span> <span class='ocrx_word' id='word_1_517' title='bbox 752 3872 910 3929; x_wconf 86' lang='lat' dir='ltr'><strong>quam</strong></span> <span class='ocrx_word' id='word_1_518' title='bbox 938 3857 1153 3927; x_wconf 88' lang='lat' dir='ltr'><strong>quidem</strong></span> <span class='ocrx_word' id='word_1_519' title='bbox 1184 3854 1254 3911; x_wconf 90' lang='lat' dir='ltr'><strong>ob</strong></span> <span class='ocrx_word' id='word_1_520' title='bbox 1281 3871 1395 3910; x_wconf 89' lang='lat' dir='ltr'><strong>rem</strong></span> <span class='ocrx_word' id='word_1_521' title='bbox 1423 3854 1675 3910; x_wconf 89' lang='lat' dir='ltr'><strong>Lucifero</strong></span> <span class='ocrx_word' id='word_1_522' title='bbox 1696 3855 1905 3911; x_wconf 85' lang='lat' dir='ltr'><strong>Calat‘i-</strong></span> 
     </span>
    </p>
   </div>
   <div class='ocr_carea' id='block_1_70' title="bbox 304 3947 1907 4021">
    <p class='ocr_par' dir='ltr' id='par_1_70' title="bbox 304 3947 1907 4021">
     <span class='ocr_line' id='line_1_70' title="bbox 304 3947 1907 4021; baseline -0.004 -12"><span class='ocrx_word' id='word_1_523' title='bbox 304 3962 435 4009; x_wconf 88' lang='lat' dir='ltr'><strong>tano</strong></span> <span class='ocrx_word' id='word_1_524' title='bbox 474 3952 791 4021; x_wconf 87' lang='lat' dir='ltr'><strong>displicuit,</strong></span> <span class='ocrx_word' id='word_1_525' title='bbox 822 3962 875 4005; x_wconf 90' lang='lat' dir='ltr'><strong>et</strong></span> <span class='ocrx_word' id='word_1_526' title='bbox 894 3950 1017 4020; x_wconf 91' lang='lat' dir='ltr'><strong>plus</strong></span> <span class='ocrx_word' id='word_1_527' title='bbox 1052 3963 1210 4020; x_wconf 63' lang='lat' dir='ltr'><strong>aequo</strong></span> <span class='ocrx_word' id='word_1_528' title='bbox 1252 3948 1400 4002; x_wconf 91' lang='lat' dir='ltr'><strong>mitis</strong></span> <span class='ocrx_word' id='word_1_529' title='bbox 1430 3949 1698 4018; x_wconf 86' lang='lat' dir='ltr'><strong>apparuit.</strong></span> <span class='ocrx_word' id='word_1_530' title='bbox 1729 3947 1907 4015; x_wconf 85' lang='lat' dir='ltr'><strong>Quid?</strong></span> 
     </span>
    </p>
   </div>
   <div class='ocr_carea' id='block_1_71' title="bbox 300 4042 1905 4120">
    <p class='ocr_par' dir='ltr' id='par_1_71' title="bbox 300 4042 1905 4120">
     <span class='ocr_line' id='line_1_71' title="bbox 300 4042 1905 4120; baseline -0.006 -15"><span class='ocrx_word' id='word_1_531' title='bbox 300 4048 447 4120; x_wconf 85' lang='lat' dir='ltr'><strong>quod</strong></span> <span class='ocrx_word' id='word_1_532' title='bbox 466 4045 674 4103; x_wconf 70' lang='lat' dir='ltr'><strong>eaedem</strong></span> <span class='ocrx_word' id='word_1_533' title='bbox 693 4044 853 4116; x_wconf 91' lang='lat' dir='ltr'><strong>paulo</strong></span> <span class='ocrx_word' id='word_1_534' title='bbox 882 4043 1167 4099; x_wconf 85' lang='lat' dir='ltr'><strong>liberiores</strong></span> <span class='ocrx_word' id='word_1_535' title='bbox 1183 4042 1428 4113; x_wconf 89' lang='lat' dir='ltr'><strong>phrases,</strong></span> <span class='ocrx_word' id='word_1_536' title='bbox 1457 4042 1757 4110; x_wconf 63' lang='lat' dir='ltr'><strong>praesertim</strong></span> <span class='ocrx_word' id='word_1_537' title='bbox 1783 4056 1905 4096; x_wconf 90' lang='lat' dir='ltr'><strong>cum</strong></span> 
     </span>
    </p>
   </div>
   <div class='ocr_carea' id='block_1_72' title="bbox 301 4134 1910 4212">
    <p class='ocr_par' dir='ltr' id='par_1_72' title="bbox 301 4134 1910 4212">
     <span class='ocr_line' id='line_1_72' title="bbox 301 4134 1910 4212; baseline -0.005 -13"><span class='ocrx_word' id='word_1_538' title='bbox 301 4144 374 4199; x_wconf 91' lang='lat' dir='ltr'><strong>de</strong></span> <span class='ocrx_word' id='word_1_539' title='bbox 400 4141 611 4212; x_wconf 88' lang='lat' dir='ltr'><strong>Spiritu</strong></span> <span class='ocrx_word' id='word_1_540' title='bbox 640 4139 862 4204; x_wconf 90' lang='lat' dir='ltr'><strong>Sancto,</strong></span> <span class='ocrx_word' id='word_1_541' title='bbox 897 4137 964 4192; x_wconf 90' lang='lat' dir='ltr'><strong>de</strong></span> <span class='ocrx_word' id='word_1_542' title='bbox 994 4134 1387 4192; x_wconf 90' lang='lat' dir='ltr'><strong>lncarnationis</strong></span> <span class='ocrx_word' id='word_1_543' title='bbox 1433 4134 1690 4205; x_wconf 85' lang='lat' dir='ltr'><strong>mysterio</strong></span> <span class='ocrx_word' id='word_1_544' title='bbox 1714 4175 1729 4201; x_wconf 87' lang='lat'><strong>,</strong></span> <span class='ocrx_word' id='word_1_545' title='bbox 1759 4143 1815 4190; x_wconf 92' lang='lat' dir='ltr'><strong>et</strong></span> <span class='ocrx_word' id='word_1_546' title='bbox 1841 4134 1910 4191; x_wconf 91' lang='lat' dir='ltr'><strong>de</strong></span> 
     </span>
    </p>
   </div>
   <div class='ocr_carea' id='block_1_73' title="bbox 302 4224 1910 4297">
    <p class='ocr_par' dir='ltr' id='par_1_73' title="bbox 302 4224 1910 4297">
     <span class='ocr_line' id='line_1_73' title="bbox 302 4224 1910 4297; baseline -0.008 -5"><span class='ocrx_word' id='word_1_547' title='bbox 302 4249 488 4292; x_wconf 89' lang='lat' dir='ltr'><strong>rerum</strong></span> <span class='ocrx_word' id='word_1_548' title='bbox 519 4233 795 4288; x_wconf 88' lang='lat' dir='ltr'><strong>creatione</strong></span> <span class='ocrx_word' id='word_1_549' title='bbox 824 4229 1065 4294; x_wconf 87' lang='lat' dir='ltr'><strong>disserit,</strong></span> <span class='ocrx_word' id='word_1_550' title='bbox 1089 4242 1209 4297; x_wconf 63' lang='lat' dir='ltr'><strong>quae</strong></span> <span class='ocrx_word' id='word_1_551' title='bbox 1234 4228 1284 4280; x_wconf 91' lang='lat' dir='ltr'><strong>in</strong></span> <span class='ocrx_word' id='word_1_552' title='bbox 1318 4225 1470 4281; x_wconf 90' lang='lat' dir='ltr'><strong>libris</strong></span> <span class='ocrx_word' id='word_1_553' title='bbox 1487 4225 1672 4281; x_wconf 76' lang='lat' dir='ltr'><strong>Hilarii</strong></span> <span class='ocrx_word' id='word_1_554' title='bbox 1703 4228 1765 4280; x_wconf 86' lang='lat' dir='ltr'><strong>de</strong></span> <span class='ocrx_word' id='word_1_555' title='bbox 1790 4224 1910 4280; x_wconf 89' lang='lat' dir='ltr'><strong>Tri-</strong></span> 
     </span>
    </p>
   </div>
   <div class='ocr_carea' id='block_1_74' title="bbox 303 4321 1909 4390">
    <p class='ocr_par' dir='ltr' id='par_1_74' title="bbox 303 4321 1909 4390">
     <span class='ocr_line' id='line_1_74' title="bbox 303 4321 1909 4390; baseline -0.006 -5"><span class='ocrx_word' id='word_1_556' title='bbox 303 4331 469 4384; x_wconf 82' lang='lat' dir='ltr'><strong>nitate</strong></span> <span class='ocrx_word' id='word_1_557' title='bbox 514 4335 853 4387; x_wconf 89' lang='lat' dir='ltr'><strong>occurrunt,</strong></span> <span class='ocrx_word' id='word_1_558' title='bbox 901 4330 1194 4378; x_wconf 91' lang='lat' dir='ltr'><strong>occurrunt</strong></span> <span class='ocrx_word' id='word_1_559' title='bbox 1245 4321 1446 4389; x_wconf 88' lang='lat' dir='ltr'><strong>pariter</strong></span> <span class='ocrx_word' id='word_1_560' title='bbox 1491 4321 1543 4374; x_wconf 92' lang='lat' dir='ltr'><strong>in</strong></span> <span class='ocrx_word' id='word_1_561' title='bbox 1601 4335 1696 4383; x_wconf 87' lang='lat' dir='ltr'><strong>ea,</strong></span> <span class='ocrx_word' id='word_1_562' title='bbox 1749 4336 1909 4390; x_wconf 83' lang='lat' dir='ltr'><strong>quam</strong></span> 
     </span>
    </p>
   </div>
   <div class='ocr_carea' id='block_1_75' title="bbox 303 4411 1909 4491">
    <p class='ocr_par' dir='ltr' id='par_1_75' title="bbox 303 4411 1909 4491">
     <span class='ocr_line' id='line_1_75' title="bbox 303 4411 1909 4491; baseline -0.009 -11"><span class='ocrx_word' id='word_1_563' title='bbox 303 4422 654 4491; x_wconf 84' lang='lat' dir='ltr'><strong>evulgamus,</strong></span> <span class='ocrx_word' id='word_1_564' title='bbox 668 4415 919 4488; x_wconf 85' lang='lat' dir='ltr'><strong>epistola;</strong></span> <span class='ocrx_word' id='word_1_565' title='bbox 934 4413 1216 4471; x_wconf 72' lang='lat' dir='ltr'><strong>sententia:</strong></span> <span class='ocrx_word' id='word_1_566' title='bbox 1230 4430 1441 4485; x_wconf 88' lang='lat' dir='ltr'><strong>quoque</strong></span> <span class='ocrx_word' id='word_1_567' title='bbox 1455 4411 1659 4469; x_wconf 77' lang='lat' dir='ltr'><strong>eadem</strong></span> <span class='ocrx_word' id='word_1_568' title='bbox 1676 4420 1909 4479; x_wconf 78' lang='lat' dir='ltr'><strong>exstant;</strong></span> 
     </span>
    </p>
   </div>
   <div class='ocr_carea' id='block_1_76' title="bbox 306 4507 1911 4579">
    <p class='ocr_par' dir='ltr' id='par_1_76' title="bbox 306 4507 1911 4579">
     <span class='ocr_line' id='line_1_76' title="bbox 306 4507 1911 4579; baseline -0.006 -6"><span class='ocrx_word' id='word_1_569' title='bbox 306 4532 410 4574; x_wconf 90' lang='lat' dir='ltr'><strong>nec</strong></span> <span class='ocrx_word' id='word_1_570' title='bbox 436 4513 741 4576; x_wconf 86' lang='lat' dir='ltr'><strong>dissimilis,</strong></span> <span class='ocrx_word' id='word_1_571' title='bbox 763 4512 840 4566; x_wconf 92' lang='lat' dir='ltr'><strong>uti</strong></span> <span class='ocrx_word' id='word_1_572' title='bbox 866 4509 1122 4575; x_wconf 83' lang='lat' dir='ltr'><strong>diximus,</strong></span> <span class='ocrx_word' id='word_1_573' title='bbox 1149 4522 1330 4564; x_wconf 90' lang='lat' dir='ltr'><strong>sermo</strong></span> <span class='ocrx_word' id='word_1_574' title='bbox 1357 4517 1442 4563; x_wconf 88' lang='lat' dir='ltr'><strong>est</strong></span> <span class='ocrx_word' id='word_1_575' title='bbox 1472 4526 1484 4562; x_wconf 92' lang='lat'><strong>:</strong></span> <span class='ocrx_word' id='word_1_576' title='bbox 1513 4517 1674 4579; x_wconf 87' lang='lat' dir='ltr'><strong>atque</strong></span> <span class='ocrx_word' id='word_1_577' title='bbox 1703 4507 1754 4561; x_wconf 82' lang='lat' dir='ltr'><strong>id</strong></span> <span class='ocrx_word' id='word_1_578' title='bbox 1780 4522 1911 4563; x_wconf 88' lang='lat' dir='ltr'><strong>sane</strong></span> 
     </span>
    </p>
   </div>
   <div class='ocr_carea' id='block_1_77' title="bbox 2010 3297 3609 3369">
    <p class='ocr_par' dir='ltr' id='par_1_77' title="bbox 2010 3297 3609 3369">
     <span class='ocr_line' id='line_1_77' title="bbox 2010 3297 3609 3369; baseline 0.001 -16"><span class='ocrx_word' id='word_1_579' title='bbox 2010 3297 2089 3353; x_wconf 90' lang='lat' dir='ltr'><strong>les</strong></span> <span class='ocrx_word' id='word_1_580' title='bbox 2116 3305 2304 3354; x_wconf 91' lang='lat' dir='ltr'><strong>noster</strong></span> <span class='ocrx_word' id='word_1_581' title='bbox 2322 3298 2569 3369; x_wconf 86' lang='lat' dir='ltr'><strong>egregius</strong></span> <span class='ocrx_word' id='word_1_582' title='bbox 2596 3297 2858 3368; x_wconf 88' lang='lat' dir='ltr'><strong>Scriptor,</strong></span> <span class='ocrx_word' id='word_1_583' title='bbox 2888 3299 2953 3353; x_wconf 89' lang='lat' dir='ltr'><strong>ad</strong></span> <span class='ocrx_word' id='word_1_584' title='bbox 2986 3298 3374 3354; x_wconf 83' lang='lat' dir='ltr'><strong>tcstilicandam</strong></span> <span class='ocrx_word' id='word_1_585' title='bbox 3397 3299 3609 3356; x_wconf 87' lang='lat' dir='ltr'><strong>scilicet</strong></span> 
     </span>
    </p>
   </div>
   <div class='ocr_carea' id='block_1_78' title="bbox 2010 3390 3605 3463">
    <p class='ocr_par' dir='ltr' id='par_1_78' title="bbox 2010 3390 3605 3463">
     <span class='ocr_line' id='line_1_78' title="bbox 2010 3390 3605 3463; baseline 0.001 -16"><span class='ocrx_word' id='word_1_586' title='bbox 2010 3393 2272 3463; x_wconf 82' lang='lat' dir='ltr'><strong>sanguine</strong></span> <span class='ocrx_word' id='word_1_587' title='bbox 2300 3407 2400 3447; x_wconf 90' lang='lat' dir='ltr'><strong>suo</strong></span> <span class='ocrx_word' id='word_1_588' title='bbox 2427 3390 2757 3449; x_wconf 75' lang='lat' dir='ltr'><strong>Orthodoxa:</strong></span> <span class='ocrx_word' id='word_1_589' title='bbox 2786 3394 3144 3450; x_wconf 85' lang='lat' dir='ltr'><strong>confessionis</strong></span> <span class='ocrx_word' id='word_1_590' title='bbox 3174 3403 3481 3450; x_wconf 82' lang='lat' dir='ltr'><strong>veritatem.</strong></span> <span class='ocrx_word' id='word_1_591' title='bbox 3523 3397 3605 3449; x_wconf 83' lang='lat' dir='ltr'><strong>An</strong></span> 
     </span>
    </p>
   </div>
   <div class='ocr_carea' id='block_1_79' title="bbox 2011 3482 3609 3554">
    <p class='ocr_par' dir='ltr' id='par_1_79' title="bbox 2011 3482 3609 3554">
     <span class='ocr_line' id='line_1_79' title="bbox 2011 3482 3609 3554; baseline -0.001 -14"><span class='ocrx_word' id='word_1_592' title='bbox 2011 3499 2120 3540; x_wconf 90' lang='lat' dir='ltr'><strong>non</strong></span> <span class='ocrx_word' id='word_1_593' title='bbox 2151 3484 2312 3539; x_wconf 91' lang='lat' dir='ltr'><strong>etiam</strong></span> <span class='ocrx_word' id='word_1_594' title='bbox 2345 3482 2578 3539; x_wconf 89' lang='lat' dir='ltr'><strong>dubitari</strong></span> <span class='ocrx_word' id='word_1_595' title='bbox 2622 3485 2817 3539; x_wconf 89' lang='lat' dir='ltr'><strong>merito</strong></span> <span class='ocrx_word' id='word_1_596' title='bbox 2847 3496 3080 3554; x_wconf 87' lang='lat' dir='ltr'><strong>poterat,</strong></span> <span class='ocrx_word' id='word_1_597' title='bbox 3123 3503 3190 3540; x_wconf 88' lang='lat' dir='ltr'><strong>ne</strong></span> <span class='ocrx_word' id='word_1_598' title='bbox 3226 3496 3441 3539; x_wconf 88' lang='lat' dir='ltr'><strong>mortuo</strong></span> <span class='ocrx_word' id='word_1_599' title='bbox 3465 3484 3609 3540; x_wconf 85' lang='lat' dir='ltr'><strong>Cou-</strong></span> 
     </span>
    </p>
   </div>
   <div class='ocr_carea' id='block_1_80' title="bbox 2010 3575 3605 3648">
    <p class='ocr_par' dir='ltr' id='par_1_80' title="bbox 2010 3575 3605 3648">
     <span class='ocr_line' id='line_1_80' title="bbox 2010 3575 3605 3648; baseline 0 -17"><span class='ocrx_word' id='word_1_600' title='bbox 2010 3577 2212 3632; x_wconf 84' lang='lat' dir='ltr'><strong>stantio</strong></span> <span class='ocrx_word' id='word_1_601' title='bbox 2238 3576 2307 3631; x_wconf 89' lang='lat' dir='ltr'><strong>ad</strong></span> <span class='ocrx_word' id='word_1_602' title='bbox 2339 3575 2614 3631; x_wconf 88' lang='lat' dir='ltr'><strong>hominem</strong></span> <span class='ocrx_word' id='word_1_603' title='bbox 2648 3586 2877 3633; x_wconf 75' lang='lat' dir='ltr'><strong>vetusta:</strong></span> <span class='ocrx_word' id='word_1_604' title='bbox 2914 3578 3286 3648; x_wconf 85' lang='lat' dir='ltr'><strong>superstitioni</strong></span> <span class='ocrx_word' id='word_1_605' title='bbox 3332 3577 3605 3632; x_wconf 88' lang='lat' dir='ltr'><strong>addictum</strong></span> 
     </span>
    </p>
   </div>
   <div class='ocr_carea' id='block_1_81' title="bbox 2013 3668 3609 3739">
    <p class='ocr_par' dir='ltr' id='par_1_81' title="bbox 2013 3668 3609 3739">
     <span class='ocr_line' id='line_1_81' title="bbox 2013 3668 3609 3739; baseline -0.001 -14"><span class='ocrx_word' id='word_1_606' title='bbox 2013 3668 2399 3725; x_wconf 86' lang='lat' dir='ltr'><strong>transferretur</strong></span> <span class='ocrx_word' id='word_1_607' title='bbox 2422 3670 2732 3739; x_wconf 90' lang='lat' dir='ltr'><strong>imperium.</strong></span> <span class='ocrx_word' id='word_1_608' title='bbox 2772 3686 2948 3738; x_wconf 87' lang='lat' dir='ltr'><strong>ecqne</strong></span> <span class='ocrx_word' id='word_1_609' title='bbox 2973 3681 3233 3739; x_wconf 76' lang='lat' dir='ltr'><strong>regnante</strong></span> <span class='ocrx_word' id='word_1_610' title='bbox 3258 3671 3453 3724; x_wconf 89' lang='lat' dir='ltr'><strong>iterum</strong></span> <span class='ocrx_word' id='word_1_611' title='bbox 3482 3684 3609 3724; x_wconf 79' lang='lat' dir='ltr'><strong>exa-</strong></span> 
     </span>
    </p>
   </div>
   <div class='ocr_carea' id='block_1_82' title="bbox 2010 3763 3608 3835">
    <p class='ocr_par' dir='ltr' id='par_1_82' title="bbox 2010 3763 3608 3835">
     <span class='ocr_line' id='line_1_82' title="bbox 2010 3763 3608 3835; baseline -0.001 -17"><span class='ocrx_word' id='word_1_612' title='bbox 2010 3766 2274 3835; x_wconf 87' lang='lat' dir='ltr'><strong>gitaretur</strong></span> <span class='ocrx_word' id='word_1_613' title='bbox 2299 3764 2578 3821; x_wconf 87' lang='lat' dir='ltr'><strong>Ecclesia?</strong></span> <span class='ocrx_word' id='word_1_614' title='bbox 2601 3765 2755 3833; x_wconf 90' lang='lat' dir='ltr'><strong>Quod</strong></span> <span class='ocrx_word' id='word_1_615' title='bbox 2779 3766 2822 3819; x_wconf 92' lang='lat' dir='ltr'><strong>si</strong></span> <span class='ocrx_word' id='word_1_616' title='bbox 2848 3774 3106 3835; x_wconf 80' lang='lat' dir='ltr'><strong>regnante</strong></span> <span class='ocrx_word' id='word_1_617' title='bbox 3123 3763 3340 3819; x_wconf 87' lang='lat' dir='ltr'><strong>Juliano</strong></span> <span class='ocrx_word' id='word_1_618' title='bbox 3366 3763 3448 3820; x_wconf 85' lang='lat' dir='ltr'><strong>vis</strong></span> <span class='ocrx_word' id='word_1_619' title='bbox 3492 3764 3608 3834; x_wconf 93' lang='lat' dir='ltr'><strong>epi-</strong></span> 
     </span>
    </p>
   </div>
   <div class='ocr_carea' id='block_1_83' title="bbox 2012 3856 3604 3929">
    <p class='ocr_par' dir='ltr' id='par_1_83' title="bbox 2012 3856 3604 3929">
     <span class='ocr_line' id='line_1_83' title="bbox 2012 3856 3604 3929; baseline -0.003 -16"><span class='ocrx_word' id='word_1_620' title='bbox 2012 3859 2204 3914; x_wconf 79' lang='lat' dir='ltr'><strong>smlam</strong></span> <span class='ocrx_word' id='word_1_621' title='bbox 2233 3859 2371 3913; x_wconf 88' lang='lat' dir='ltr'><strong>hanc</strong></span> <span class='ocrx_word' id='word_1_622' title='bbox 2395 3862 2781 3929; x_wconf 86' lang='lat' dir='ltr'><strong>conscriptam,</strong></span> <span class='ocrx_word' id='word_1_623' title='bbox 2805 3873 2964 3929; x_wconf 91' lang='lat' dir='ltr'><strong>quam</strong></span> <span class='ocrx_word' id='word_1_624' title='bbox 2993 3867 3139 3913; x_wconf 85' lang='lat' dir='ltr'><strong>recte</strong></span> <span class='ocrx_word' id='word_1_625' title='bbox 3165 3858 3231 3913; x_wconf 91' lang='lat' dir='ltr'><strong>ad</strong></span> <span class='ocrx_word' id='word_1_626' title='bbox 3263 3856 3604 3913; x_wconf 88' lang='lat' dir='ltr'><strong>subeundum</strong></span> 
     </span>
    </p>
   </div>
   <div class='ocr_carea' id='block_1_84' title="bbox 2015 3948 3609 4023">
    <p class='ocr_par' dir='ltr' id='par_1_84' title="bbox 2015 3948 3609 4023">
     <span class='ocr_line' id='line_1_84' title="bbox 2015 3948 3609 4023; baseline -0.003 -17"><span class='ocrx_word' id='word_1_627' title='bbox 2015 3951 2329 4023; x_wconf 81' lang='lat' dir='ltr'><strong>martyrium</strong></span> <span class='ocrx_word' id='word_1_628' title='bbox 2363 3958 2582 4020; x_wconf 88' lang='lat' dir='ltr'><strong>paratos</strong></span> <span class='ocrx_word' id='word_1_629' title='bbox 2640 3949 2827 4006; x_wconf 90' lang='lat' dir='ltr'><strong>lidcles</strong></span> <span class='ocrx_word' id='word_1_630' title='bbox 2868 3949 3122 4019; x_wconf 90' lang='lat' dir='ltr'><strong>cupiebat</strong></span> <span class='ocrx_word' id='word_1_631' title='bbox 3172 3948 3441 4011; x_wconf 87' lang='lat' dir='ltr'><strong>Hilarius,</strong></span> <span class='ocrx_word' id='word_1_632' title='bbox 3471 3963 3609 4019; x_wconf 91' lang='lat' dir='ltr'><strong>quos</strong></span> 
     </span>
    </p>
   </div>
   <div class='ocr_carea' id='block_1_85' title="bbox 2012 4039 3608 4112">
    <p class='ocr_par' dir='ltr' id='par_1_85' title="bbox 2012 4039 3608 4112">
     <span class='ocr_line' id='line_1_85' title="bbox 2012 4039 3608 4112; baseline -0.004 -12"><span class='ocrx_word' id='word_1_633' title='bbox 2012 4060 2282 4100; x_wconf 87' lang='lat' dir='ltr'><strong>summum</strong></span> <span class='ocrx_word' id='word_1_634' title='bbox 2314 4044 2367 4098; x_wconf 92' lang='lat' dir='ltr'><strong>in</strong></span> <span class='ocrx_word' id='word_1_635' title='bbox 2399 4043 2618 4098; x_wconf 88' lang='lat' dir='ltr'><strong>modum</strong></span> <span class='ocrx_word' id='word_1_636' title='bbox 2662 4059 2691 4097; x_wconf 89' lang='lat' dir='ltr'><strong>a</strong></span> <span class='ocrx_word' id='word_1_637' title='bbox 2722 4042 3045 4108; x_wconf 89' lang='lat' dir='ltr'><strong>Gentilibus,</strong></span> <span class='ocrx_word' id='word_1_638' title='bbox 3077 4042 3272 4111; x_wconf 90' lang='lat' dir='ltr'><strong>quibus</strong></span> <span class='ocrx_word' id='word_1_639' title='bbox 3300 4040 3473 4112; x_wconf 86' lang='lat' dir='ltr'><strong>palam</strong></span> <span class='ocrx_word' id='word_1_640' title='bbox 3503 4039 3608 4095; x_wconf 83' lang='lat' dir='ltr'><strong>im-</strong></span> 
     </span>
    </p>
   </div>
   <div class='ocr_carea' id='block_1_86' title="bbox 2016 4122 3659 4210">
    <p class='ocr_par' dir='ltr' id='par_1_86' title="bbox 2016 4122 3659 4210">
     <span class='ocr_line' id='line_1_86' title="bbox 2016 4122 3659 4210; baseline -0.009 -15"><span class='ocrx_word' id='word_1_641' title='bbox 2016 4150 2232 4210; x_wconf 88' lang='lat' dir='ltr'><strong>perator</strong></span> <span class='ocrx_word' id='word_1_642' title='bbox 2261 4138 2377 4208; x_wconf 90' lang='lat' dir='ltr'><strong>ipse</strong></span> <span class='ocrx_word' id='word_1_643' title='bbox 2416 4136 2654 4199; x_wconf 85' lang='lat' dir='ltr'><strong>favebat.</strong></span> <span class='ocrx_word' id='word_1_644' title='bbox 2680 4145 2902 4191; x_wconf 83' lang='lat' dir='ltr'><strong>vexatos</strong></span> <span class='ocrx_word' id='word_1_645' title='bbox 2932 4135 3217 4192; x_wconf 84' lang='lat' dir='ltr'><strong>novimus?</strong></span> <span class='ocrx_word' id='word_1_646' title='bbox 3648 4122 3659 4125; x_wconf 72' lang='grc'><strong>’</strong></span> 
     </span>
    </p>
   </div>
   <div class='ocr_carea' id='block_1_87' title="bbox 2085 4224 3610 4300">
    <p class='ocr_par' dir='ltr' id='par_1_87' title="bbox 2085 4224 3610 4300">
     <span class='ocr_line' id='line_1_87' title="bbox 2085 4224 3610 4300; baseline -0.003 -16"><span class='ocrx_word' id='word_1_647' title='bbox 2085 4230 2138 4284; x_wconf 86' lang='grc'><strong>5.</strong></span> <span class='ocrx_word' id='word_1_648' title='bbox 2168 4229 2503 4300; x_wconf 87' lang='lat' dir='ltr'><strong>Quamquam</strong></span> <span class='ocrx_word' id='word_1_649' title='bbox 2538 4244 2699 4296; x_wconf 87' lang='lat' dir='ltr'><strong>porro</strong></span> <span class='ocrx_word' id='word_1_650' title='bbox 2727 4244 2818 4285; x_wconf 88' lang='lat' dir='ltr'><strong>eas</strong></span> <span class='ocrx_word' id='word_1_651' title='bbox 2842 4229 3024 4283; x_wconf 71' lang='lat' dir='ltr'><strong>laudes</strong></span> <span class='ocrx_word' id='word_1_652' title='bbox 3055 4225 3313 4283; x_wconf 88' lang='lat' dir='ltr'><strong>meruerit</strong></span> <span class='ocrx_word' id='word_1_653' title='bbox 3340 4224 3610 4293; x_wconf 87' lang='lat' dir='ltr'><strong>Hilarius,</strong></span> 
     </span>
    </p>
   </div>
   <div class='ocr_carea' id='block_1_88' title="bbox 2014 4322 3614 4399">
    <p class='ocr_par' dir='ltr' id='par_1_88' title="bbox 2014 4322 3614 4399">
     <span class='ocr_line' id='line_1_88' title="bbox 2014 4322 3614 4399; baseline -0.005 -16"><span class='ocrx_word' id='word_1_654' title='bbox 2014 4328 2212 4399; x_wconf 89' lang='lat' dir='ltr'><strong>quibus</strong></span> <span class='ocrx_word' id='word_1_655' title='bbox 2238 4328 2305 4382; x_wconf 89' lang='lat' dir='ltr'><strong>ab</strong></span> <span class='ocrx_word' id='word_1_656' title='bbox 2333 4326 2649 4397; x_wconf 84' lang='lat' dir='ltr'><strong>Augustino,</strong></span> <span class='ocrx_word' id='word_1_657' title='bbox 2675 4326 3028 4396; x_wconf 87' lang='lat' dir='ltr'><strong>Hieronymo,</strong></span> <span class='ocrx_word' id='word_1_658' title='bbox 3061 4324 3340 4390; x_wconf 87' lang='lat' dir='ltr'><strong>Cassiano,</strong></span> <span class='ocrx_word' id='word_1_659' title='bbox 3386 4322 3614 4393; x_wconf 89' lang='lat' dir='ltr'><strong>aliisque</strong></span> 
     </span>
    </p>
   </div>
   <div class='ocr_carea' id='block_1_89' title="bbox 2017 4416 3615 4483">
    <p class='ocr_par' dir='ltr' id='par_1_89' title="bbox 2017 4416 3615 4483">
     <span class='ocr_line' id='line_1_89' title="bbox 2017 4416 3615 4483; baseline -0.005 -7"><span class='ocrx_word' id='word_1_660' title='bbox 2017 4418 2458 4476; x_wconf 89' lang='lat' dir='ltr'><strong>celebratissimis</strong></span> <span class='ocrx_word' id='word_1_661' title='bbox 2489 4420 2619 4474; x_wconf 89' lang='lat' dir='ltr'><strong>viris</strong></span> <span class='ocrx_word' id='word_1_662' title='bbox 2645 4430 2868 4474; x_wconf 85' lang='lat' dir='ltr'><strong>ornatus</strong></span> <span class='ocrx_word' id='word_1_663' title='bbox 2896 4430 2976 4472; x_wconf 89' lang='lat' dir='ltr'><strong>est</strong></span> <span class='ocrx_word' id='word_1_664' title='bbox 3000 4459 3014 4483; x_wconf 91' lang='lat'><strong>,</strong></span> <span class='ocrx_word' id='word_1_665' title='bbox 3049 4416 3402 4472; x_wconf 87' lang='lat' dir='ltr'><strong>indubitatum</strong></span> <span class='ocrx_word' id='word_1_666' title='bbox 3431 4425 3514 4470; x_wconf 89' lang='lat' dir='ltr'><strong>est</strong></span> <span class='ocrx_word' id='word_1_667' title='bbox 3537 4425 3615 4469; x_wconf 87' lang='lat' dir='ltr'><strong>ta-</strong></span> 
     </span>
    </p>
   </div>
   <div class='ocr_carea' id='block_1_90' title="bbox 2018 4509 3615 4582">
    <p class='ocr_par' dir='ltr' id='par_1_90' title="bbox 2018 4509 3615 4582">
     <span class='ocr_line' id='line_1_90' title="bbox 2018 4509 3615 4582; baseline -0.005 -13"><span class='ocrx_word' id='word_1_668' title='bbox 2018 4530 2165 4581; x_wconf 90' lang='lat' dir='ltr'><strong>men,</strong></span> <span class='ocrx_word' id='word_1_669' title='bbox 2193 4513 2263 4570; x_wconf 92' lang='lat' dir='ltr'><strong>de</strong></span> <span class='ocrx_word' id='word_1_670' title='bbox 2288 4514 2431 4570; x_wconf 89' lang='lat' dir='ltr'><strong>illius</strong></span> <span class='ocrx_word' id='word_1_671' title='bbox 2460 4511 2565 4568; x_wconf 85' lang='lat' dir='ltr'><strong>ﬁde</strong></span> <span class='ocrx_word' id='word_1_672' title='bbox 2590 4513 2754 4568; x_wconf 89' lang='lat' dir='ltr'><strong>fuisse</strong></span> <span class='ocrx_word' id='word_1_673' title='bbox 2784 4513 2852 4569; x_wconf 89' lang='lat' dir='ltr'><strong>ab</strong></span> <span class='ocrx_word' id='word_1_674' title='bbox 2878 4512 3145 4582; x_wconf 89' lang='lat' dir='ltr'><strong>aliquibus</strong></span> <span class='ocrx_word' id='word_1_675' title='bbox 3180 4510 3347 4565; x_wconf 90' lang='lat' dir='ltr'><strong>nimio</strong></span> <span class='ocrx_word' id='word_1_676' title='bbox 3382 4509 3504 4580; x_wconf 89' lang='lat' dir='ltr'><strong>plus</strong></span> <span class='ocrx_word' id='word_1_677' title='bbox 3531 4521 3615 4562; x_wconf 90' lang='lat' dir='ltr'><strong>se-</strong></span> 
     </span>
    </p>
   </div>
   <div class='ocr_carea' id='block_1_91' title="bbox 306 4589 3613 4677">
    <p class='ocr_par' dir='ltr' id='par_1_91' title="bbox 306 4589 3613 4677">
     <span class='ocr_line' id='line_1_91' title="bbox 306 4589 3613 4677; baseline -0.003 -15"><span class='ocrx_word' id='word_1_678' title='bbox 306 4611 592 4675; x_wconf 78' lang='lat' dir='ltr'><strong>fatebitur,</strong></span> <span class='ocrx_word' id='word_1_679' title='bbox 612 4606 1122 4677; x_wconf 85' lang='lat' dir='ltr'><strong>quiannotationes,</strong></span> <span class='ocrx_word' id='word_1_680' title='bbox 1153 4619 1284 4673; x_wconf 88' lang='lat' dir='ltr'><strong>quas</strong></span> <span class='ocrx_word' id='word_1_681' title='bbox 1306 4606 1482 4658; x_wconf 88' lang='lat' dir='ltr'><strong>eidem</strong></span> <span class='ocrx_word' id='word_1_682' title='bbox 1506 4603 1748 4672; x_wconf 78' lang='lat' dir='ltr'><strong>epiStol:e</strong></span> <span class='ocrx_word' id='word_1_683' title='bbox 1777 4603 1913 4674; x_wconf 89' lang='lat' dir='ltr'><strong>adji-</strong></span> <span class='ocrx_word' id='word_1_684' title='bbox 1937 4589 1992 4650; x_wconf 84' lang='lat' dir='ltr'><strong>D</strong></span> <span class='ocrx_word' id='word_1_685' title='bbox 2018 4607 2158 4663; x_wconf 86' lang='lat' dir='ltr'><strong>veris</strong></span> <span class='ocrx_word' id='word_1_686' title='bbox 2210 4609 2549 4676; x_wconf 90' lang='lat' dir='ltr'><strong>austerisque</strong></span> <span class='ocrx_word' id='word_1_687' title='bbox 2577 4605 2901 4662; x_wconf 89' lang='lat' dir='ltr'><strong>dubitatum.</strong></span> <span class='ocrx_word' id='word_1_688' title='bbox 2940 4603 2993 4659; x_wconf 92' lang='lat' dir='ltr'><strong>ld</strong></span> <span class='ocrx_word' id='word_1_689' title='bbox 3027 4603 3180 4657; x_wconf 89' lang='lat' dir='ltr'><strong>facile</strong></span> <span class='ocrx_word' id='word_1_690' title='bbox 3206 4601 3482 4663; x_wconf 84' lang='lat' dir='ltr'><strong>fatebitur,</strong></span> <span class='ocrx_word' id='word_1_691' title='bbox 3524 4596 3613 4666; x_wconf 86' lang='lat' dir='ltr'><strong>qui</strong></span> 
     </span>
    </p>
   </div>
   <div class='ocr_carea' id='block_1_92' title="bbox 306 4695 1910 4769">
    <p class='ocr_par' dir='ltr' id='par_1_92' title="bbox 306 4695 1910 4769">
     <span class='ocr_line' id='line_1_92' title="bbox 306 4695 1910 4769; baseline -0.006 -8"><span class='ocrx_word' id='word_1_692' title='bbox 306 4707 542 4765; x_wconf 86' lang='lat' dir='ltr'><strong>ciemus,</strong></span> <span class='ocrx_word' id='word_1_693' title='bbox 567 4698 839 4769; x_wconf 76' lang='lat' dir='ltr'><strong>eXpendet</strong></span> <span class='ocrx_word' id='word_1_694' title='bbox 870 4715 883 4751; x_wconf 88' lang='lat'><strong>:</strong></span> <span class='ocrx_word' id='word_1_695' title='bbox 913 4713 978 4753; x_wconf 92' lang='lat' dir='ltr'><strong>eo</strong></span> <span class='ocrx_word' id='word_1_696' title='bbox 996 4702 1139 4752; x_wconf 88' lang='lat' dir='ltr'><strong>enim</strong></span> <span class='ocrx_word' id='word_1_697' title='bbox 1168 4712 1272 4750; x_wconf 88' lang='lat' dir='ltr'><strong>non</strong></span> <span class='ocrx_word' id='word_1_698' title='bbox 1308 4695 1517 4750; x_wconf 87' lang='lat' dir='ltr'><strong>modica</strong></span> <span class='ocrx_word' id='word_1_699' title='bbox 1548 4695 1758 4750; x_wconf 88' lang='lat' dir='ltr'><strong>illarum</strong></span> <span class='ocrx_word' id='word_1_700' title='bbox 1787 4712 1910 4767; x_wconf 89' lang='lat' dir='ltr'><strong>pars</strong></span> 
     </span>
    </p>
   </div>
   <div class='ocr_carea' id='block_1_93' title="bbox 307 4788 1908 4867">
    <p class='ocr_par' dir='ltr' id='par_1_93' title="bbox 307 4788 1908 4867">
     <span class='ocr_line' id='line_1_93' title="bbox 307 4788 1908 4867; baseline -0.006 -14"><span class='ocrx_word' id='word_1_701' title='bbox 307 4797 586 4867; x_wconf 88' lang='lat' dir='ltr'><strong>respiciet,</strong></span> <span class='ocrx_word' id='word_1_702' title='bbox 623 4801 682 4848; x_wconf 93' lang='lat' dir='ltr'><strong>ut</strong></span> <span class='ocrx_word' id='word_1_703' title='bbox 709 4791 955 4848; x_wconf 91' lang='lat' dir='ltr'><strong>adductis</strong></span> <span class='ocrx_word' id='word_1_704' title='bbox 989 4789 1177 4845; x_wconf 90' lang='lat' dir='ltr'><strong>llilarii</strong></span> <span class='ocrx_word' id='word_1_705' title='bbox 1212 4788 1390 4843; x_wconf 88' lang='lat' dir='ltr'><strong>verbis</strong></span> <span class='ocrx_word' id='word_1_706' title='bbox 1419 4788 1756 4851; x_wconf 75' lang='lat' dir='ltr'><strong>ostendatur,</strong></span> <span class='ocrx_word' id='word_1_707' title='bbox 1786 4803 1908 4843; x_wconf 90' lang='lat' dir='ltr'><strong>cum</strong></span> 
     </span>
    </p>
   </div>
   <div class='ocr_carea' id='block_1_94' title="bbox 305 4878 1911 4960">
    <p class='ocr_par' dir='ltr' id='par_1_94' title="bbox 305 4878 1911 4960">
     <span class='ocr_line' id='line_1_94' title="bbox 305 4878 1911 4960; baseline -0.009 -12"><span class='ocrx_word' id='word_1_708' title='bbox 305 4891 539 4960; x_wconf 86' lang='lat' dir='ltr'><strong>reliquis</strong></span> <span class='ocrx_word' id='word_1_709' title='bbox 565 4888 710 4943; x_wconf 87' lang='lat' dir='ltr'><strong>illius</strong></span> <span class='ocrx_word' id='word_1_710' title='bbox 732 4885 883 4941; x_wconf 86' lang='lat' dir='ltr'><strong>libris</strong></span> <span class='ocrx_word' id='word_1_711' title='bbox 912 4881 1197 4954; x_wconf 86' lang='lat' dir='ltr'><strong>epistolam</strong></span> <span class='ocrx_word' id='word_1_712' title='bbox 1227 4880 1367 4935; x_wconf 89' lang='lat' dir='ltr'><strong>hanc</strong></span> <span class='ocrx_word' id='word_1_713' title='bbox 1391 4895 1499 4938; x_wconf 85' lang='lat' dir='ltr'><strong>non</strong></span> <span class='ocrx_word' id='word_1_714' title='bbox 1518 4879 1677 4935; x_wconf 90' lang='lat' dir='ltr'><strong>modo</strong></span> <span class='ocrx_word' id='word_1_715' title='bbox 1701 4880 1752 4932; x_wconf 89' lang='lat' dir='ltr'><strong>in</strong></span> <span class='ocrx_word' id='word_1_716' title='bbox 1782 4878 1911 4933; x_wconf 88' lang='lat' dir='ltr'><strong>doc-</strong></span> 
     </span>
    </p>
   </div>
   <div class='ocr_carea' id='block_1_95' title="bbox 308 4972 1915 5049">
    <p class='ocr_par' dir='ltr' id='par_1_95' title="bbox 308 4972 1915 5049">
     <span class='ocr_line' id='line_1_95' title="bbox 308 4972 1915 5049; baseline -0.007 -10"><span class='ocrx_word' id='word_1_717' title='bbox 308 4985 477 5049; x_wconf 89' lang='lat' dir='ltr'><strong>trina,</strong></span> <span class='ocrx_word' id='word_1_718' title='bbox 506 4996 692 5036; x_wconf 90' lang='lat' dir='ltr'><strong>vernm</strong></span> <span class='ocrx_word' id='word_1_719' title='bbox 722 4979 887 5035; x_wconf 84' lang='lat' dir='ltr'><strong>etiam</strong></span> <span class='ocrx_word' id='word_1_720' title='bbox 926 4974 1196 5031; x_wconf 90' lang='lat' dir='ltr'><strong>interdum</strong></span> <span class='ocrx_word' id='word_1_721' title='bbox 1231 4975 1282 5028; x_wconf 93' lang='lat' dir='ltr'><strong>in</strong></span> <span class='ocrx_word' id='word_1_722' title='bbox 1317 4972 1590 5028; x_wconf 90' lang='lat' dir='ltr'><strong>locutione</strong></span> <span class='ocrx_word' id='word_1_723' title='bbox 1622 4975 1761 5041; x_wconf 88' lang='lat' dir='ltr'><strong>ipsa,</strong></span> <span class='ocrx_word' id='word_1_724' title='bbox 1789 4988 1915 5027; x_wconf 88' lang='lat' dir='ltr'><strong>ver-</strong></span> 
     </span>
    </p>
   </div>
   <div class='ocr_carea' id='block_1_96' title="bbox 309 5065 1700 5146">
    <p class='ocr_par' dir='ltr' id='par_1_96' title="bbox 309 5065 1700 5146">
     <span class='ocr_line' id='line_1_96' title="bbox 309 5065 1700 5146; baseline -0.01 -12"><span class='ocrx_word' id='word_1_725' title='bbox 309 5078 617 5146; x_wconf 86' lang='lat' dir='ltr'><strong>borumque</strong></span> <span class='ocrx_word' id='word_1_726' title='bbox 643 5069 1017 5143; x_wconf 78' lang='lat' dir='ltr'><strong>diapositloue,</strong></span> <span class='ocrx_word' id='word_1_727' title='bbox 1044 5083 1108 5124; x_wconf 90' lang='lat' dir='ltr'><strong>ac</strong></span> <span class='ocrx_word' id='word_1_728' title='bbox 1139 5067 1364 5124; x_wconf 90' lang='lat' dir='ltr'><strong>circuitu</strong></span> <span class='ocrx_word' id='word_1_729' title='bbox 1388 5065 1700 5121; x_wconf 85' lang='lat' dir='ltr'><strong>convenire.</strong></span> 
     </span>
    </p>
   </div>
   <div class='ocr_carea' id='block_1_97' title="bbox 384 5204 1913 5287">
    <p class='ocr_par' dir='ltr' id='par_1_97' title="bbox 384 5204 1913 5287">
     <span class='ocr_line' id='line_1_97' title="bbox 384 5204 1913 5287; baseline -0.006 -15"><span class='ocrx_word' id='word_1_730' title='bbox 384 5217 465 5287; x_wconf 89' lang='lat' dir='ltr'><strong>(a)</strong></span> <span class='ocrx_word' id='word_1_731' title='bbox 503 5214 677 5287; x_wconf 85' lang='lat' dir='ltr'><strong>Epist.</strong></span> <span class='ocrx_word' id='word_1_732' title='bbox 738 5211 803 5268; x_wconf 91' lang='lat' dir='ltr'><strong>ad</strong></span> <span class='ocrx_word' id='word_1_733' title='bbox 847 5208 1134 5287; x_wconf 72' lang='lat' dir='ltr'><strong>Paulinum</strong></span> <span class='ocrx_word' id='word_1_734' title='bbox 1165 5206 1314 5262; x_wconf 92' lang='lat' dir='ltr'><strong>olim.</strong></span> <span class='ocrx_word' id='word_1_735' title='bbox 1370 5221 1490 5273; x_wconf 77' lang='lat' dir='ltr'><strong>xm,</strong></span> <span class='ocrx_word' id='word_1_736' title='bbox 1525 5206 1577 5260; x_wconf 92' lang='lat' dir='ltr'><strong>in</strong></span> <span class='ocrx_word' id='word_1_737' title='bbox 1609 5204 1913 5263; x_wconf 85' lang='lat' dir='ltr'><strong>Veroneusi</strong></span> 
     </span>
    </p>
   </div>
   <div class='ocr_carea' id='block_1_98' title="bbox 308 5284 925 5350">
    <p class='ocr_par' dir='ltr' id='par_1_98' title="bbox 308 5284 925 5350">
     <span class='ocr_line' id='line_1_98' title="bbox 308 5284 925 5350; baseline -0.018 -3"><span class='ocrx_word' id='word_1_738' title='bbox 308 5284 732 5350; x_wconf 61' lang='grc' dir='ltr'><strong><em>εάῐῑὲὸιιιέινιιι.</em></strong></span> <span class='ocrx_word' id='word_1_739' title='bbox 757 5302 808 5339; x_wconf 86' lang='grc' dir='ltr'><strong><em>ιι.</em></strong></span> <span class='ocrx_word' id='word_1_740' title='bbox 838 5284 925 5341; x_wconf 81' lang='grc'><strong>10.</strong></span> 
     </span>
    </p>
   </div>
   <div class='ocr_carea' id='block_1_99' title="bbox 386 5334 1912 5434">
    <p class='ocr_par' dir='ltr' id='par_1_99' title="bbox 386 5334 1912 5434">
     <span class='ocr_line' id='line_1_99' title="bbox 386 5334 1912 5434; baseline -0.009 -18"><span class='ocrx_word' id='word_1_741' title='bbox 578 5334 865 5434; x_wconf 43' lang='grc' dir='ltr'><strong><em>νείίῖέὶίιιιί</em></strong></span> <span class='ocrx_word' id='word_1_742' title='bbox 878 5334 1170 5434; x_wconf 55' lang='lat' dir='ltr'><strong>Hosticum</strong></span> <span class='ocrx_word' id='word_1_743' title='bbox 1196 5347 1329 5432; x_wconf 79' lang='lat' dir='ltr'><strong>olim_</strong></span> <span class='ocrx_word' id='word_1_744' title='bbox 1355 5364 1428 5415; x_wconf 81' lang='lat' dir='ltr'><strong>tv,</strong></span> <span class='ocrx_word' id='word_1_745' title='bbox 1550 5347 1752 5434; x_wconf 58' lang='lat' dir='ltr'><strong>Veron.</strong></span> <span class='ocrx_word' id='word_1_746' title='bbox 1792 5334 1912 5434; x_wconf 56' lang='lat' dir='ltr'><strong>edi&quot;-</strong></span> 
     </span>
    </p>
   </div>
   <div class='ocr_carea' id='block_1_100' title="bbox 310 5418 1914 5492">
    <p class='ocr_par' dir='ltr' id='par_1_100' title="bbox 310 5418 1914 5492">
     <span class='ocr_line' id='line_1_100' title="bbox 310 5418 1914 5492; baseline -0.009 -2"><span class='ocrx_word' id='word_1_747' title='bbox 310 5418 462 5491; x_wconf 71' lang='grc' dir='ltr'><strong>ιὶοἶιὲ</strong></span> <span class='ocrx_word' id='word_1_748' title='bbox 486 5418 651 5490; x_wconf 66' lang='grc' dir='ltr'><strong><em>(ιιινξ</em></strong></span> <span class='ocrx_word' id='word_1_749' title='bbox 703 5444 757 5484; x_wconf 90' lang='grc' dir='ltr'><strong><em>ιι.</em></strong></span> <span class='ocrx_word' id='word_1_750' title='bbox 790 5430 842 5483; x_wconf 86' lang='lat'><strong>6.</strong></span> <span class='ocrx_word' id='word_1_751' title='bbox 881 5424 948 5482; x_wconf 88' lang='lat' dir='ltr'><strong>Ut</strong></span> <span class='ocrx_word' id='word_1_752' title='bbox 975 5425 1271 5487; x_wconf 78' lang='lat' dir='ltr'><strong>ubertatem,</strong></span> <span class='ocrx_word' id='word_1_753' title='bbox 1319 5420 1511 5492; x_wconf 89' lang='lat' dir='ltr'><strong>inquit,</strong></span> <span class='ocrx_word' id='word_1_754' title='bbox 1558 5418 1753 5492; x_wconf 83' lang='lat' dir='ltr'><strong>gallici,</strong></span> <span class='ocrx_word' id='word_1_755' title='bbox 1779 5421 1914 5475; x_wconf 88' lang='lat' dir='ltr'><strong>nito-</strong></span> 
     </span>
    </p>
   </div>
   <div class='ocr_carea' id='block_1_101' title="bbox 313 5501 1872 5574">
    <p class='ocr_par' dir='ltr' id='par_1_101' title="bbox 313 5501 1872 5574">
     <span class='ocr_line' id='line_1_101' title="bbox 313 5501 1872 5574; baseline -0.006 -15"><span class='ocrx_word' id='word_1_756' title='bbox 313 5518 522 5574; x_wconf 73' lang='lat' dir='ltr'><strong>remque</strong></span> <span class='ocrx_word' id='word_1_757' title='bbox 537 5501 808 5574; x_wconf 76' lang='lat' dir='ltr'><strong>sermonis,</strong></span> <span class='ocrx_word' id='word_1_758' title='bbox 831 5508 944 5574; x_wconf 81' lang='lat' dir='ltr'><strong>_e_tc.</strong></span> <span class='ocrx_word' id='word_1_759' title='bbox 1116 5566 1128 5574; x_wconf 88' lang='lat'>_</span> <span class='ocrx_word' id='word_1_760' title='bbox 1153 5566 1166 5574; x_wconf 88' lang='lat'><em>_</em></span> <span class='ocrx_word' id='word_1_761' title='bbox 1262 5572 1268 5574; x_wconf 20' lang='grc' dir='ltr'><em>Α</em></span> <span class='ocrx_word' id='word_1_762' title='bbox 1305 5562 1341 5574; x_wconf 46' lang='grc' dir='ltr'><strong>λ</strong></span> <span class='ocrx_word' id='word_1_763' title='bbox 1576 5561 1610 5574; x_wconf 47' lang='grc' dir='ltr'><em>η</em></span> <span class='ocrx_word' id='word_1_764' title='bbox 1860 5562 1872 5574; x_wconf 46' lang='lat'><em>.</em></span> 
     </span>
    </p>
   </div>
   <div class='ocr_carea' id='block_1_102' title="bbox 386 5561 1913 5648">
    <p class='ocr_par' dir='ltr' id='par_1_102' title="bbox 386 5561 1913 5648">
     <span class='ocr_line' id='line_1_102' title="bbox 386 5561 1913 5648; baseline -0.007 -19"><span class='ocrx_word' id='word_1_765' title='bbox 386 5561 458 5648; x_wconf 62' lang='lat' dir='ltr'><strong>(c&#39;)</strong></span> <span class='ocrx_word' id='word_1_766' title='bbox 488 5572 544 5628; x_wconf 89' lang='lat' dir='ltr'><strong>lu</strong></span> <span class='ocrx_word' id='word_1_767' title='bbox 569 5572 725 5648; x_wconf 72' lang='lat' dir='ltr'><strong>epist.</strong></span> <span class='ocrx_word' id='word_1_768' title='bbox 778 5561 844 5624; x_wconf 84' lang='lat' dir='ltr'><strong>ad</strong></span> <span class='ocrx_word' id='word_1_769' title='bbox 861 5566 1190 5648; x_wconf 68' lang='lat' dir='ltr'><strong>Pantmaehi.</strong></span> <span class='ocrx_word' id='word_1_770' title='bbox 1222 5572 1277 5623; x_wconf 89' lang='lat' dir='ltr'><strong>et</strong></span> <span class='ocrx_word' id='word_1_771' title='bbox 1300 5562 1500 5622; x_wconf 87' lang='lat' dir='ltr'><strong>Ocean.</strong></span> <span class='ocrx_word' id='word_1_772' title='bbox 1540 5561 1669 5618; x_wconf 91' lang='lat' dir='ltr'><strong>olim</strong></span> <span class='ocrx_word' id='word_1_773' title='bbox 1703 5578 1830 5629; x_wconf 79' lang='lat' dir='ltr'><strong>va,</strong></span> <span class='ocrx_word' id='word_1_774' title='bbox 1860 5562 1913 5619; x_wconf 92' lang='lat' dir='ltr'><strong>in</strong></span> 
     </span>
    </p>
   </div>
   <div class='ocr_carea' id='block_1_103' title="bbox 315 5639 1129 5704">
    <p class='ocr_par' dir='ltr' id='par_1_103' title="bbox 315 5639 1129 5704">
     <span class='ocr_line' id='line_1_103' title="bbox 315 5639 1129 5704; baseline -0.007 -5"><span class='ocrx_word' id='word_1_775' title='bbox 315 5639 519 5701; x_wconf 69' lang='lat' dir='ltr'><strong>Veron.</strong></span> <span class='ocrx_word' id='word_1_776' title='bbox 554 5642 704 5697; x_wconf 87' lang='lat' dir='ltr'><strong>editi.</strong></span> <span class='ocrx_word' id='word_1_777' title='bbox 731 5656 954 5704; x_wconf 73' lang='lat' dir='ltr'><strong>Lxxxw,</strong></span> <span class='ocrx_word' id='word_1_778' title='bbox 986 5655 1041 5694; x_wconf 88' lang='grc' dir='ltr'><strong><em>ιι.</em></strong></span> <span class='ocrx_word' id='word_1_779' title='bbox 1075 5639 1129 5692; x_wconf 88' lang='grc'><strong>7.</strong></span> 
     </span>
    </p>
   </div>
   <div class='ocr_carea' id='block_1_104' title="bbox 348 5704 1905 5789">
    <p class='ocr_par' dir='ltr' id='par_1_104' title="bbox 348 5704 1905 5789">
     <span class='ocr_line' id='line_1_104' title="bbox 348 5704 1905 5789; baseline -0.01 -14"><span class='ocrx_word' id='word_1_780' title='bbox 348 5714 558 5789; x_wconf 34' lang='grc' dir='ltr'><strong>.λ(ά)η1λιι</strong></span> <span class='ocrx_word' id='word_1_781' title='bbox 602 5711 866 5789; x_wconf 29' lang='lat' dir='ltr'><strong>epistind</strong></span> <span class='ocrx_word' id='word_1_782' title='bbox 918 5708 1309 5782; x_wconf 83' lang='lat' dir='ltr'><strong>Maguumolim</strong></span> <span class='ocrx_word' id='word_1_783' title='bbox 1341 5720 1558 5776; x_wconf 75' lang='lat' dir='ltr'><strong>uxxrv,</strong></span> <span class='ocrx_word' id='word_1_784' title='bbox 1601 5706 1654 5763; x_wconf 94' lang='lat' dir='ltr'><strong>in</strong></span> <span class='ocrx_word' id='word_1_785' title='bbox 1704 5704 1905 5763; x_wconf 66' lang='lat' dir='ltr'><strong>Veron.</strong></span> 
     </span>
    </p>
   </div>
   <div class='ocr_carea' id='block_1_105' title="bbox 316 5778 789 5854">
    <p class='ocr_par' dir='ltr' id='par_1_105' title="bbox 316 5778 789 5854">
     <span class='ocr_line' id='line_1_105' title="bbox 316 5778 789 5854; baseline -0.015 -11"><span class='ocrx_word' id='word_1_786' title='bbox 316 5778 462 5845; x_wconf 64' lang='lat' dir='ltr'><strong>editi</strong></span> <span class='ocrx_word' id='word_1_787' title='bbox 487 5784 618 5854; x_wconf 61' lang='lat' dir='ltr'><strong>ira;</strong></span> <span class='ocrx_word' id='word_1_788' title='bbox 642 5778 707 5840; x_wconf 75' lang='grc' dir='ltr'><strong><em>ιι.</em></strong></span> <span class='ocrx_word' id='word_1_789' title='bbox 733 5778 789 5837; x_wconf 68' lang='lat'><strong>5‘.</strong></span> 
     </span>
    </p>
   </div>
   <div class='ocr_carea' id='block_1_106' title="bbox 2016 4689 3616 4756">
    <p class='ocr_par' dir='ltr' id='par_1_106' title="bbox 2016 4689 3616 4756">
     <span class='ocr_line' id='line_1_106' title="bbox 2016 4689 3616 4756; baseline -0.007 -1"><span class='ocrx_word' id='word_1_790' title='bbox 2016 4700 2084 4756; x_wconf 89' lang='lat' dir='ltr'><strong>ad</strong></span> <span class='ocrx_word' id='word_1_791' title='bbox 2114 4700 2311 4755; x_wconf 90' lang='lat' dir='ltr'><strong>librum</strong></span> <span class='ocrx_word' id='word_1_792' title='bbox 2334 4700 2402 4753; x_wconf 91' lang='lat' dir='ltr'><strong>ab</strong></span> <span class='ocrx_word' id='word_1_793' title='bbox 2432 4698 2635 4756; x_wconf 88' lang='lat' dir='ltr'><strong>Hilario</strong></span> <span class='ocrx_word' id='word_1_794' title='bbox 2655 4698 2721 4751; x_wconf 89' lang='lat' dir='ltr'><strong>ad</strong></span> <span class='ocrx_word' id='word_1_795' title='bbox 2739 4713 2850 4752; x_wconf 67' lang='lat' dir='ltr'><strong>sua:</strong></span> <span class='ocrx_word' id='word_1_796' title='bbox 2882 4696 3000 4749; x_wconf 89' lang='lat' dir='ltr'><strong>ﬁdei</strong></span> <span class='ocrx_word' id='word_1_797' title='bbox 3024 4694 3399 4750; x_wconf 86' lang='lat' dir='ltr'><strong>defensionem</strong></span> <span class='ocrx_word' id='word_1_798' title='bbox 3422 4689 3616 4744; x_wconf 86' lang='lat' dir='ltr'><strong>adver-</strong></span> 
     </span>
    </p>
   </div>
   <div class='ocr_carea' id='block_1_107' title="bbox 2018 4783 3611 4852">
    <p class='ocr_par' dir='ltr' id='par_1_107' title="bbox 2018 4783 3611 4852">
     <span class='ocr_line' id='line_1_107' title="bbox 2018 4783 3611 4852; baseline -0.007 -5"><span class='ocrx_word' id='word_1_799' title='bbox 2018 4807 2111 4847; x_wconf 91' lang='lat' dir='ltr'><strong>sus</strong></span> <span class='ocrx_word' id='word_1_800' title='bbox 2155 4790 2389 4846; x_wconf 86' lang='lat' dir='ltr'><strong>Luciferi</strong></span> <span class='ocrx_word' id='word_1_801' title='bbox 2441 4789 2733 4847; x_wconf 87' lang='lat' dir='ltr'><strong>Calaritani</strong></span> <span class='ocrx_word' id='word_1_802' title='bbox 2780 4787 3154 4842; x_wconf 88' lang='lat' dir='ltr'><strong>accusationes</strong></span> <span class='ocrx_word' id='word_1_803' title='bbox 3210 4783 3611 4852; x_wconf 88' lang='lat' dir='ltr'><strong>compositum,</strong></span> 
     </span>
    </p>
   </div>
   <div class='ocr_carea' id='block_1_108' title="bbox 2017 4875 3657 4951">
    <p class='ocr_par' dir='ltr' id='par_1_108' title="bbox 2017 4875 3657 4951">
     <span class='ocr_line' id='line_1_108' title="bbox 2017 4875 3657 4951; baseline -0.008 -11"><span class='ocrx_word' id='word_1_804' title='bbox 2017 4887 2255 4941; x_wconf 89' lang='lat' dir='ltr'><strong>animum</strong></span> <span class='ocrx_word' id='word_1_805' title='bbox 2286 4883 2601 4939; x_wconf 85' lang='lat' dir='ltr'><strong>adverterit.</strong></span> <span class='ocrx_word' id='word_1_806' title='bbox 2635 4881 2809 4950; x_wconf 75' lang='lat' dir='ltr'><strong>chas</strong></span> <span class='ocrx_word' id='word_1_807' title='bbox 2853 4881 3002 4934; x_wconf 89' lang='lat' dir='ltr'><strong>illum</strong></span> <span class='ocrx_word' id='word_1_808' title='bbox 3050 4878 3278 4933; x_wconf 90' lang='lat' dir='ltr'><strong>obsecro</strong></span> <span class='ocrx_word' id='word_1_809' title='bbox 3305 4918 3319 4942; x_wconf 92' lang='lat'><strong>,</strong></span> <span class='ocrx_word' id='word_1_810' title='bbox 3364 4885 3417 4931; x_wconf 91' lang='lat' dir='ltr'><strong>et</strong></span> <span class='ocrx_word' id='word_1_811' title='bbox 3446 4875 3617 4951; x_wconf 83' lang='lat' dir='ltr'><strong>maui-</strong></span> <span class='ocrx_word' id='word_1_812' title='bbox 3644 4916 3657 4939; x_wconf 79' lang='lat'><strong>_.</strong></span> 
     </span>
    </p>
   </div>
   <div class='ocr_carea' id='block_1_109' title="bbox 2018 4967 3613 5047">
    <p class='ocr_par' dir='ltr' id='par_1_109' title="bbox 2018 4967 3613 5047">
     <span class='ocr_line' id='line_1_109' title="bbox 2018 4967 3613 5047; baseline -0.008 -16"><span class='ocrx_word' id='word_1_813' title='bbox 2018 4978 2157 5034; x_wconf 90' lang='lat' dir='ltr'><strong>festo</strong></span> <span class='ocrx_word' id='word_1_814' title='bbox 2189 4975 2489 5047; x_wconf 90' lang='lat' dir='ltr'><strong>conspicies</strong></span> <span class='ocrx_word' id='word_1_815' title='bbox 2517 4984 2760 5029; x_wconf 90' lang='lat' dir='ltr'><strong>coactum</strong></span> <span class='ocrx_word' id='word_1_816' title='bbox 2799 4971 2965 5025; x_wconf 90' lang='lat' dir='ltr'><strong>fuisse</strong></span> <span class='ocrx_word' id='word_1_817' title='bbox 3015 4969 3309 5036; x_wconf 90' lang='lat' dir='ltr'><strong>Hilarium,</strong></span> <span class='ocrx_word' id='word_1_818' title='bbox 3366 4978 3424 5021; x_wconf 90' lang='lat' dir='ltr'><strong>nt</strong></span> <span class='ocrx_word' id='word_1_819' title='bbox 3455 4967 3613 5022; x_wconf 90' lang='lat' dir='ltr'><strong>tidem</strong></span> 
     </span>
    </p>
   </div>
   <div class='ocr_carea' id='block_1_110' title="bbox 2020 5055 3613 5135">
    <p class='ocr_par' dir='ltr' id='par_1_110' title="bbox 2020 5055 3613 5135">
     <span class='ocr_line' id='line_1_110' title="bbox 2020 5055 3613 5135; baseline -0.011 -8"><span class='ocrx_word' id='word_1_820' title='bbox 2020 5083 2170 5127; x_wconf 89' lang='lat' dir='ltr'><strong>suam</strong></span> <span class='ocrx_word' id='word_1_821' title='bbox 2194 5085 2222 5123; x_wconf 90' lang='lat' dir='ltr'><strong>a</strong></span> <span class='ocrx_word' id='word_1_822' title='bbox 2238 5065 2705 5123; x_wconf 85' lang='lat' dir='ltr'><strong>criminationibus</strong></span> <span class='ocrx_word' id='word_1_823' title='bbox 2719 5064 2943 5134; x_wconf 87' lang='lat' dir='ltr'><strong>hujusce</strong></span> <span class='ocrx_word' id='word_1_824' title='bbox 2957 5063 3194 5135; x_wconf 88' lang='lat' dir='ltr'><strong>episcopi</strong></span> <span class='ocrx_word' id='word_1_825' title='bbox 3212 5059 3508 5115; x_wconf 83' lang='lat' dir='ltr'><strong>vindicaret</strong></span> <span class='ocrx_word' id='word_1_826' title='bbox 3528 5055 3613 5127; x_wconf 86' lang='lat' dir='ltr'><strong>(i).</strong></span> 
     </span>
    </p>
   </div>
   <div class='ocr_carea' id='block_1_111' title="bbox 2091 5206 3611 5285">
    <p class='ocr_par' dir='ltr' id='par_1_111' title="bbox 2091 5206 3611 5285">
     <span class='ocr_line' id='line_1_111' title="bbox 2091 5206 3611 5285; baseline -0.004 -17"><span class='ocrx_word' id='word_1_827' title='bbox 2091 5212 2160 5285; x_wconf 84' lang='lat' dir='ltr'><strong>(e)</strong></span> <span class='ocrx_word' id='word_1_828' title='bbox 2193 5211 2479 5285; x_wconf 88' lang='lat' dir='ltr'><strong>Duodecim</strong></span> <span class='ocrx_word' id='word_1_829' title='bbox 2512 5210 2685 5285; x_wconf 52' lang='lat' dir='ltr'><strong>silici?!</strong></span> <span class='ocrx_word' id='word_1_830' title='bbox 2709 5224 2936 5265; x_wconf 88' lang='lat' dir='ltr'><strong>numero</strong></span> <span class='ocrx_word' id='word_1_831' title='bbox 2965 5218 3091 5263; x_wconf 89' lang='lat' dir='ltr'><strong>sunt</strong></span> <span class='ocrx_word' id='word_1_832' title='bbox 3111 5207 3233 5264; x_wconf 90' lang='lat' dir='ltr'><strong>libri</strong></span> <span class='ocrx_word' id='word_1_833' title='bbox 3259 5207 3322 5262; x_wconf 85' lang='lat' dir='ltr'><strong>de</strong></span> <span class='ocrx_word' id='word_1_834' title='bbox 3340 5206 3611 5273; x_wconf 82' lang='lat' dir='ltr'><strong>Trinitate,</strong></span> 
     </span>
    </p>
   </div>
   <div class='ocr_carea' id='block_1_112' title="bbox 2016 5282 2996 5355">
    <p class='ocr_par' dir='ltr' id='par_1_112' title="bbox 2016 5282 2996 5355">
     <span class='ocr_line' id='line_1_112' title="bbox 2016 5282 2996 5355; baseline 0 -19"><span class='ocrx_word' id='word_1_835' title='bbox 2016 5282 2084 5338; x_wconf 90' lang='lat' dir='ltr'><strong>ad</strong></span> <span class='ocrx_word' id='word_1_836' title='bbox 2103 5282 2245 5354; x_wconf 83' lang='lat' dir='ltr'><strong>quos</strong></span> <span class='ocrx_word' id='word_1_837' title='bbox 2268 5284 2490 5353; x_wconf 87' lang='lat' dir='ltr'><strong>respicit</strong></span> <span class='ocrx_word' id='word_1_838' title='bbox 2512 5282 2596 5338; x_wconf 91' lang='lat' dir='ltr'><strong>hic</strong></span> <span class='ocrx_word' id='word_1_839' title='bbox 2619 5282 2996 5355; x_wconf 87' lang='lat' dir='ltr'><strong>Hieronymus.</strong></span> 
     </span>
    </p>
   </div>
   <div class='ocr_carea' id='block_1_113' title="bbox 2088 5371 3609 5447">
    <p class='ocr_par' dir='ltr' id='par_1_113' title="bbox 2088 5371 3609 5447">
     <span class='ocr_line' id='line_1_113' title="bbox 2088 5371 3609 5447; baseline -0.003 -17"><span class='ocrx_word' id='word_1_840' title='bbox 2088 5372 2446 5447; x_wconf 76' lang='lat' dir='ltr'><strong>({)_Erasuius</strong></span> <span class='ocrx_word' id='word_1_841' title='bbox 2477 5376 2528 5429; x_wconf 91' lang='lat' dir='ltr'><strong>in</strong></span> <span class='ocrx_word' id='word_1_842' title='bbox 2554 5375 2870 5444; x_wconf 60' lang='lat' dir='ltr'><strong>praefatione</strong></span> <span class='ocrx_word' id='word_1_843' title='bbox 2903 5373 3188 5446; x_wconf 67' lang='lat' dir='ltr'><strong>praeposita</strong></span> <span class='ocrx_word' id='word_1_844' title='bbox 3216 5371 3442 5427; x_wconf 89' lang='lat' dir='ltr'><strong>editioni</strong></span> <span class='ocrx_word' id='word_1_845' title='bbox 3479 5387 3609 5441; x_wconf 84' lang='lat' dir='ltr'><strong>0pc-</strong></span> 
     </span>
    </p>
   </div>
   <div class='ocr_carea' id='block_1_114' title="bbox 2016 5445 2457 5504">
    <p class='ocr_par' dir='ltr' id='par_1_114' title="bbox 2016 5445 2457 5504">
     <span class='ocr_line' id='line_1_114' title="bbox 2016 5445 2457 5504; baseline -0.007 0"><span class='ocrx_word' id='word_1_846' title='bbox 2016 5445 2216 5504; x_wconf 57' lang='lat' dir='ltr'><strong>rum&#39;S.</strong></span> <span class='ocrx_word' id='word_1_847' title='bbox 2249 5446 2457 5503; x_wconf 83' lang='lat' dir='ltr'><strong>Hilarii.</strong></span> 
     </span>
    </p>
   </div>
   <div class='ocr_carea' id='block_1_115' title="bbox 2090 5538 3610 5615">
    <p class='ocr_par' dir='ltr' id='par_1_115' title="bbox 2090 5538 3610 5615">
     <span class='ocr_line' id='line_1_115' title="bbox 2090 5538 3610 5615; baseline -0.003 -18"><span class='ocrx_word' id='word_1_848' title='bbox 2090 5540 2168 5615; x_wconf 83' lang='lat' dir='ltr'><strong>(g)</strong></span> <span class='ocrx_word' id='word_1_849' title='bbox 2193 5541 2449 5597; x_wconf 87' lang='lat' dir='ltr'><strong>Ludovic.</strong></span> <span class='ocrx_word' id='word_1_850' title='bbox 2485 5540 2809 5596; x_wconf 86' lang='lat' dir='ltr'><strong>Mnratorius</strong></span> <span class='ocrx_word' id='word_1_851' title='bbox 2833 5541 2885 5595; x_wconf 92' lang='lat' dir='ltr'><strong>in</strong></span> <span class='ocrx_word' id='word_1_852' title='bbox 2914 5539 3146 5610; x_wconf 72' lang='lat' dir='ltr'><strong>epistola</strong></span> <span class='ocrx_word' id='word_1_853' title='bbox 3182 5538 3246 5592; x_wconf 88' lang='lat' dir='ltr'><strong>ad</strong></span> <span class='ocrx_word' id='word_1_854' title='bbox 3273 5554 3358 5593; x_wconf 91' lang='lat' dir='ltr'><strong>me</strong></span> <span class='ocrx_word' id='word_1_855' title='bbox 3386 5539 3610 5609; x_wconf 83' lang='lat' dir='ltr'><strong>scripta.</strong></span> 
     </span>
    </p>
   </div>
   <div class='ocr_carea' id='block_1_116' title="bbox 2086 5631 3615 5713">
    <p class='ocr_par' dir='ltr' id='par_1_116' title="bbox 2086 5631 3615 5713">
     <span class='ocr_line' id='line_1_116' title="bbox 2086 5631 3615 5713; baseline 0.001 -27"><span class='ocrx_word' id='word_1_856' title='bbox 2086 5632 2165 5703; x_wconf 84' lang='lat' dir='ltr'><strong>(h)</strong></span> <span class='ocrx_word' id='word_1_857' title='bbox 2195 5632 2573 5713; x_wconf 75' lang='lat' dir='ltr'><strong>Lib.__t_&#39;co_ntra</strong></span> <span class='ocrx_word' id='word_1_858' title='bbox 2610 5631 2836 5713; x_wconf 72' lang='lat' dir='ltr'><strong>Julian.,</strong></span> <span class='ocrx_word' id='word_1_859' title='bbox 2870 5648 2997 5713; x_wconf 54' lang='lat' dir='ltr'><strong>cap.</strong></span> <span class='ocrx_word' id='word_1_860' title='bbox 3024 5632 3079 5697; x_wconf 76' lang='lat'><strong>3;</strong></span> <span class='ocrx_word' id='word_1_861' title='bbox 3104 5631 3198 5688; x_wconf 88' lang='lat' dir='ltr'><strong>lib.</strong></span> <span class='ocrx_word' id='word_1_862' title='bbox 3229 5647 3298 5701; x_wconf 87' lang='grc' dir='ltr'><strong><em>ιι,</em></strong></span> <span class='ocrx_word' id='word_1_863' title='bbox 3333 5648 3453 5704; x_wconf 90' lang='lat' dir='ltr'><strong>cap.</strong></span> <span class='ocrx_word' id='word_1_864' title='bbox 3476 5633 3528 5699; x_wconf 73' lang='grc' dir='ltr'><strong>’ῖς</strong></span> <span class='ocrx_word' id='word_1_865' title='bbox 3560 5642 3615 5689; x_wconf 92' lang='lat' dir='ltr'><strong>et</strong></span> 
     </span>
    </p>
   </div>
   <div class='ocr_carea' id='block_1_117' title="bbox 2011 5702 2808 5775">
    <p class='ocr_par' dir='ltr' id='par_1_117' title="bbox 2011 5702 2808 5775">
     <span class='ocr_line' id='line_1_117' title="bbox 2011 5702 2808 5775; baseline -0.006 -14"><span class='ocrx_word' id='word_1_866' title='bbox 2011 5702 2290 5775; x_wconf 26' lang='lat' dir='ltr'><strong>lib.yl!de</strong></span> <span class='ocrx_word' id='word_1_867' title='bbox 2320 5702 2539 5775; x_wconf 82' lang='lat' dir='ltr'><strong>Trinit.,</strong></span> <span class='ocrx_word' id='word_1_868' title='bbox 2570 5717 2693 5775; x_wconf 87' lang='lat' dir='ltr'><strong>cap.</strong></span> <span class='ocrx_word' id='word_1_869' title='bbox 2720 5704 2808 5759; x_wconf 77' lang='grc'><strong>10.</strong></span> 
     </span>
    </p>
   </div>
   <div class='ocr_carea' id='block_1_118' title="bbox 2097 5771 3131 5848">
    <p class='ocr_par' dir='ltr' id='par_1_118' title="bbox 2097 5771 3131 5848">
     <span class='ocr_line' id='line_1_118' title="bbox 2097 5771 3131 5848; baseline -0.006 -13"><span class='ocrx_word' id='word_1_870' title='bbox 2097 5771 2161 5846; x_wconf 77' lang='grc' dir='ltr'><strong>(ἱ)</strong></span> <span class='ocrx_word' id='word_1_871' title='bbox 2189 5773 2369 5833; x_wconf 80' lang='lat' dir='ltr'><strong>Turno</strong></span> <span class='ocrx_word' id='word_1_872' title='bbox 2396 5786 2434 5833; x_wconf 92' lang='grc' dir='ltr'><strong>ιι</strong></span> <span class='ocrx_word' id='word_1_873' title='bbox 2463 5771 2825 5848; x_wconf 68' lang='grc' dir='ltr'><strong>ΟρεηἨίΙειι.</strong></span> <span class='ocrx_word' id='word_1_874' title='bbox 2856 5786 2976 5846; x_wconf 81' lang='lat' dir='ltr'><strong>pag.</strong></span> <span class='ocrx_word' id='word_1_875' title='bbox 3008 5772 3131 5831; x_wconf 62' lang='lat' dir='ltr'><strong>bal.</strong></span> 
     </span>
    </p>
   </div>
  </div>
