4100 6196
499 296 593 354 731

1122 403 1360 463 CAPUT.
1387 405 1452 462 ll.

460 626 464 631 ἱ
500 549 582 608 Ad
619 566 892 622 quemnam
933 548 1113 606 eadem
1162 548 1381 620 epistola
1420 547 1581 604 missa
1632 547 1744 604 sit:
1768 548 1923 621 quale
1957 546 2100 606 illius

536 650 932 718 argumentum;
971 649 1019 697 et
1053 657 1278 713 quonam
1314 650 1540 715 tempore
1567 642 1860 714 conscripta
1887 642 2060 716 fuerit.

573 780 626 835 l.
654 779 726 836 At
750 779 995 836 imminet
1035 779 1264 852 quaestio
1297 779 1470 836 altera
1502 797 1517 835 :
1552 779 1643 837 cui
1682 780 1892 838 scilicet
1934 783 2101 842 missa

504 872 577 929 sit
603 873 719 930 hate
744 873 997 945 cpistola.
1026 872 1198 931 Abest
1226 874 1369 931 enim
1398 873 1449 930 id
1467 890 1499 929 a
1528 883 1721 931 nostro
1737 876 1948 933 codice.
1981 876 2106 949 Epi-

505 982 734 1039 scopum
760 1008 776 1035 ,
817 969 909 1039 qui
948 968 1225 1040 populum
1249 968 1544 1039 regendum
1577 969 1740 1041 paulo
1768 979 1895 1027 ante
1913 986 2101 1028 susce-

504 1070 681 1134 perat,
706 1062 1067 1134 eumdemque
1082 1063 1433 1132 catholicum,
1461 1065 1549 1135 qui
1575 1065 1985 1123 instructionem
2007 1081 2103 1123 co-

504 1171 618 1213 ram
639 1156 839 1228 populo
856 1156 1140 1227 legendam
1157 1157 1227 1213 ab
1254 1157 1460 1214 Hilario
1484 1168 1832 1230 poposcerat,
1866 1159 2107 1217 indicant

502 1263 566 1306 ea
587 1248 773 1315 verba,
800 1263 922 1319 quae
944 1249 1045 1305 sub
1064 1248 1289 1319 hujusce
1304 1249 1549 1321 epistola:
1576 1251 1740 1307 finem
1773 1260 2103 1309 occurrunt:

511 1358 530 1392 ι
542 1338 767 1397 Veniam
780 1348 907 1398 ante
923 1355 1112 1397 omnes
1130 1342 1371 1412 (fortasse
1383 1321 1590 1415 omnia)
1602 1359 1632 1399 a
1649 1344 1720 1399 tui
1737 1344 1918 1415 populi
1932 1344 2110 1402 since-

506 1432 721 1488 rissima
745 1431 1035 1489 sanctitate
1061 1447 1250 1500 orans,
1270 1443 1327 1488 ut
1354 1443 1442 1489 tua
1464 1434 1759 1504 Sanctitas,
1775 1437 1863 1491 cui
1883 1438 2110 1509 peritior

510 1526 599 1580 via
628 1540 656 1579 a
693 1524 828 1592 Deo,
859 1532 915 1580 et
957 1525 1197 1581 sanctior
1222 1526 1571 1597 comprobata
1602 1538 1706 1595 est,
1738 1527 1790 1584 in
1820 1530 2107 1598 omnibus,

508 1619 563 1674 in
589 1618 784 1689 quibus
814 1616 1162 1673 mediocritas
1193 1632 1313 1674 mea
1344 1619 1430 1675 vel
1481 1621 1858 1689 praetermisit,
1908 1622 1995 1677 vel
2028 1622 2110 1678 in-

507 1720 669 1769 venta
696 1710 897 1768 melius
926 1711 1223 1782 explanare
1260 1726 1368 1769 non
1398 1715 1607 1784 potuit,
1640 1723 1885 1772 correcta
1934 1716 2110 1774 refor-

1261 291 1329 351 lN
1369 288 1623 350 HILARII
1663 288 2052 348 EPIS'I‘OLAM
2076 286 2207 349 SEU
2259 288 2605 349 “BELLUM
2647 287 3041 346 PREFATIO.

3698 290 3805 347 7.33

2122 406 2177 473 Α
2200 415 2253 462 te
2281 421 2498 478 semper
2516 406 2719 463 litteras
2757 415 3005 472 nostras;
3039 416 3221 465 tamen
3247 423 3390 464 nunc
3417 416 3473 464 ct
3502 407 3802 475 admoneo,

2200 508 2260 557 et
2287 509 2437 571 peto,
2467 496 2692 570 utquod
2715 498 2849 554 alias
2874 506 3092 570 sponte,
3118 508 3283 571 atque
3310 499 3709 558 humanissime
3730 502 3810 556 fa-

2200 593 2302 663 cis,
2329 594 2491 651 etiam
2522 603 2739 666 petente
2758 609 2845 650 me
2866 592 3055 661 facias,
3080 602 3140 650 ut
3160 593 3267 651 hac
3291 595 3524 666 epistola
3554 609 3674 651 mea
3701 595 3813 651 lec-

2203 697 2282 757 ta,
2325 689 2371 745 si
2413 689 2559 761 quod
2608 689 2720 745 illic
2764 693 3073 762 contagium
3125 692 3380 747 venenati
3425 691 3719 759 sermonis,
3760 700 3816 749 et

2205 781 2473 852 pestiferae
2489 782 2861 839 seminationis
2884 783 3197 854 irrepserat,
3223 783 3293 839 de
3318 783 3544 840 fratrum
3564 784 3816 851 auribus,

2204 882 2261 929 et
2281 874 2589 944 pectoribus
2619 882 2868 941 exuatur,
2900 882 2956 930 et
2981 874 3251 931 bonorum
3298 875 3505 948 integra
3531 918 3546 943 ,
3597 891 3663 933 ac
3697 878 3813 933 sin—

2206 984 2331 1025 cera
2360 968 2578 1050 dilectio
2604 969 2672 1024 ab
2695 969 2946 1026 omnibus
2972 968 3245 1026 haeretica:
3262 969 3673 1027 detrectatinnis
3694 985 3815 1027 scr-

2207 1063 2367 1119 dibus
2396 1072 2738 1135 repurgetur.
2783 1082 2804 1118 ι

2279 1157 2336 1210 ‘3.
2367 1157 2545 1225 Atque
2574 1153 2691 1210 hare
2718 1154 2934 1226 quidem
2957 1155 3185 1226 epistola
3207 1164 3500 1227 prepterea
3527 1158 3725 1230 maiori
3754 1158 3814 1215 in

2208 1248 2385 1321 pretio
2423 1246 2671 1304 habenda
2700 1257 2806 1315 est,
2839 1248 2981 1319 quod
3010 1256 3067 1305 et
3094 1263 3337 1321 perraras
3378 1250 3738 1307 inveniuntur
3761 1252 3819 1307 in

2210 1341 2342 1412 ipsis
2362 1351 2606 1398 veterum
2634 1342 2787 1397 libris
2829 1340 2991 1412 hujus
3014 1342 3231 1411 generis
3259 1342 3460 1399 litterae
3498 1342 3580 1416 (ά)
3607 1384 3622 1409 ,
3651 1355 3708 1400 et
3737 1359 3823 1400 ere

2211 1436 2328 1505 ipse
2355 1449 2475 1505 quas
2501 1434 2792 1501 habentur,
2822 1434 3171 1491 incitamenta
3195 1435 3414 1506 quidem
3439 1435 3509 1491 ad
3539 1436 3819 1505 pietatem,

2212 1530 2576 1600 virtutemque
2610 1528 2830 1595 habent,
2876 1537 2930 1583 at
2960 1529 3222 1600 mysteria
3251 1528 3375 1584 fidei
3406 1568 3421 1594 ,
3476 1537 3533 1586 et
3562 1528 3823 1601 dogmata

2213 1632 2305 1678 aut
2336 1636 2554 1693 prorsus
2592 1629 2956 1693 praetereunt,
3004 1627 3099 1676 aut
3151 1619 3472 1676 brevissime
3525 1621 3822 1693 attingunt.

2213 1713 2412 1772 Contra
2446 1713 2564 1769 haec
2592 1721 2882 1784 utrumque
2907 1711 3311 1782 complectitur,
3342 1709 3581 1783 fideique
3612 1721 3826 1785 myste-

507 1818 678 1871 mare,
702 1812 758 1859 et
781 1804 1036 1875 supplere
1059 1804 1316 1875 dignetur
1343 1823 1358 1860 :
1389 1816 1483 1862 aut
1502 1808 1549 1864 si
1574 1807 1912 1880 probaveris,
1936 1820 1995 1867 ut
2021 1819 2108 1868 est
2136 1812 2186 1874 B
2211 1810 2293 1866 ria
2321 1808 2605 1879 diligenter
2629 1806 2863 1879 explicat
2891 1822 2909 1863 :
2940 1806 3007 1862 ad
3031 1805 3260 1863 virtutes
3281 1821 3499 1878 quoque
3524 1821 3828 1879 assequen-

507 1911 539 1951 a
570 1894 724 1951 nobis
749 1897 1071 1975 opusculum
1103 1907 1363 1969 coeptum,
1386 1906 1441 1956 te
1470 1908 1708 1971 petente,
1737 1911 1793 1958 et
1819 1903 1929 1959 Deo
1952 1903 2109 1975 adju-

509 1995 671 2043 vante
699 1987 1022 2060 perfectum,
1053 2005 1159 2047 non
1189 1990 1392 2048 habere
1416 1993 1558 2064 quod
1585 1992 1746 2064 desit,
1780 1995 1833 2051 in
1855 1998 2110 2053 orationi-

508 2083 610 2139 bus
641 2090 748 2139 tam
774 2084 879 2139 tuis
900 2084 1132 2153 sanctis,
1162 2101 1324 2157 quam
1351 2088 1593 2142 omnium
1625 2087 1855 2145 fratrum
1900 2104 2108 2147 memo-

508 2177 643 2232 riam
680 2180 787 2233 mei
826 2176 1050 2234 habeas.
1088 2196 1108 2233 ι
1142 2179 1321 2249 Atque
1347 2195 1411 2236 ea
1433 2194 1565 2238 sane
1594 2182 1758 2239 verba
1792 2201 1806 2239 :
1841 2202 1861 2237 ι
1897 2185 1983 2241 cui
2014 2202 2109 2257 pe-

508 2270 663 2326 ritior
692 2271 782 2325 via
809 2285 842 2327 ιι
873 2270 1009 2340 Deo,
1051 2280 1107 2327 et
1130 2271 1373 2333 sanctior
1405 2275 1755 2345 comprobata
1782 2285 1890 2344 est,
1930 2296 1950 2331 ι
1984 2294 2110 2351 pro-

509 2362 636 2420 bum
657 2364 907 2431 innocui;
940 2364 1161 2422 doctum
1186 2380 1420 2437 quoque,
1452 2378 1545 2423 aut
1570 2377 1721 2426 certe
1755 2369 1809 2425 in
1836 2369 2105 2442 dicendo,

508 2457 906 2530 scribendoque
943 2459 1234 2530 aliquoties
1282 2462 1674 2531 exercitatum,
1723 2464 1814 2535 qui
1864 2464 1954 2521 vel
2004 2466 2107 2523 sibi

511 2552 688 2610 minus
712 2552 905 2620 lidens,
936 2553 1022 2611 vel
1043 2554 1111 2610 ad
1139 2556 1536 2612 conciliandam
1560 2555 1685 2613 fidei
1716 2574 1851 2627 suae,
1897 2559 2109 2634 sibique

510 2645 615 2714 ipsi
640 2645 1047 2714 auctoritatem,
1091 2646 1178 2702 vel
1208 2647 1371 2703 etiam
1402 2657 1463 2703 ut
1499 2648 1983 2706 cumulatissimam
2022 2654 2111 2708 ha-

510 2735 684 2803 beret,
713 2749 872 2807 quam
894 2738 1095 2810 populo
1115 2751 1215 2793 suo
1243 2738 1499 2809 traderet,
1532 2740 1965 2809 instructionem,
1988 2757 2108 2800 eam

510 2827 580 2882 ab
609 2828 816 2887 Hilario
862 2840 1186 2900 peposccrat
1209 2831 1517 2902 epistolam,
1549 2834 1600 2889 in
1620 2849 1723 2905 qua
1746 2843 1801 2889 et
1823 2833 1946 2891 fidei
1976 2834 2110 2907 dog-

509 2930 654 2976 mata
682 2923 993 2977 summatim
1026 2932 1459 2995 proponerentur
1482 2966 1497 2993 ,
1552 2933 1608 2982 et
1648 2925 2013 2998 dirigerentur
2042 2930 2109 2985 ad

509 3016 763 3086 pietatem
795 3030 998 3075 mores.
1017 3016 1171 3087 Quod
1190 3019 1407 3090 quidem
1431 3021 1627 3075 mirum
1646 3030 1889 3089 nonest;
1920 3023 1973 3078 in
1997 3038 2111 3077 ma-

509 3122 613 3182 gna
647 3111 792 3167 enim
813 3112 959 3182 apud
980 3126 1170 3169 omnes
1196 3113 1556 3170 :estimatioue
1592 3123 1710 3169 erat
1740 3115 1977 3171 Hilarius
2002 3115 2104 3189 (a),

2211 1904 2308 1959 dus
2341 1903 2642 1958 luculenter
2669 1900 2939 1968 hortatur,
2968 1906 3025 1957 et
3053 1900 3262 1957 incitat.

2283 1995 2336 2051 ὅ.
2378 1993 2531 2063 Quod
2562 2007 2725 2065 porro
2745 1991 3169 2048 absitaCodicc
3214 1981 3406 2048 nostro
3451 2006 3654 2047 nomen
3696 1991 3830 2062 Epi-

2209 2090 2362 2162 scopi
2393 2089 2458 2145 ad
2487 2104 2650 2160 quem
2666 2087 2855 2143 eadem
2877 2087 3103 2159 epistola
3127 2086 3294 2143 missa
3323 2095 3428 2155 est,
3446 2085 3660 2151 facit,ut
3688 2095 3831 2140 tem-

2211 2198 2312 2256 pus
2358 2183 2690 2254 ignoretnus,
2740 2195 2849 2252 quo
2879 2195 2943 2235 ea
2998 2180 3309 2251 conscripta
3356 2179 3428 2235 sit
3468 2179 3540 2235 ab
3566 2178 3774 2234 Hilario
3811 2197 3827 2234 :

2210 2275 2353 2347 quod
2397 2274 2617 2345 quidem
2659 2280 2874 2345 tempus
2901 2270 3063 2327 facile
3112 2270 3471 2334 innotuisset,
3526 2269 3572 2325 si
3624 2284 3831 2326 nomen

2211 2368 2461 2439 Episcopi
2492 2366 2637 2422 illius
2668 2365 3025 2432 haberemus;
3056 2365 3308 2420 novimus
3338 2364 3541 2435 quippe
3574 2378 3787 2420 annum
3807 2406 3828 2433 ,

2211 2479 2319 2534 quo
2368 2461 2779 2533 prtestantiores
2829 2459 3026 2516 saltem
3073 2474 3169 2530 per
3227 2473 3348 2515 eam
3400 2467 3614 2514 :ctatem
3669 2458 3831 2513 latini

2212 2555 2466 2627 EpiSCOpi
2499 2554 2588 2619 (ad
2620 2567 2847 2624 quorum
2888 2553 3122 2624 aliquem
3150 2548 3381 2622 epistola
3421 2550 3513 2605 illa
3549 2552 3715 2607 missa
3743 2551 3834 2606 vi—

2209 2648 2389 2721 detur)
2415 2648 2772 2705 Ecclesiarum
2798 2661 3017 2703 suarum
3045 2645 3288 2717 regimen
3312 2646 3679 2716 susceperint.

2282 2743 2338 2797 4.
2382 2740 2656 2796 Extremis
2686 2749 2899 2807 tamen,
2951 2737 3148 2809 quibus
3188 2736 3424 2793 Hilarius
3460 2738 3596 2793 vixit
3622 2738 3829 2807 annis,

2212 2833 2457 2889 eamdem
2485 2833 2768 2904 epistolam
2792 2831 3155 2903 conscriptam
3181 2830 3435 2885 arbitror.
3469 2830 3685 2886 Etenim
3707 2840 3834 2886 stu-

2211 2927 2358 2983 dium
2393 2925 2545 2992 illud,
2574 2940 2636 2981 ac
2662 2924 2934 2997 diligentia
2959 2963 2975 2990 ,
3009 2938 3171 2995 quam
3203 2923 3248 2979 is
3274 2922 3539 2994 impendit
3583 2925 3636 2978 in
3670 2923 3831 2980 illus-

2214 3019 2433 3086 trando,
2464 3027 2518 3074 et
2547 3018 2850 3075 luculenter
2884 3016 3204 3088 exponendo
3228 3014 3501 3072 catholico
3529 3015 3827 3087 dogmate,

2211 3129 2320 3184 quo
2346 3112 2464 3167 Filii
2492 3111 2746 3167 divinitas
2774 3110 2929 3166 nobis
2955 3108 3228 3165 credenda
3263 3108 3610 3179 proponitur,
3644 3123 3832 3178 eoque

508 3219 671 3275 quem
724 3204 922 3261 eximia
977 3204 1238 3276 probitas,
1297 3205 1557 3262 miracula
1619 3207 1765 3263 edita
1791 3250 1808 3275 ,
1858 3206 2105 3264 doctrina
2133 3209 2180 3275 C
2214 3204 2537 3262 vindicando
2565 3221 2593 3258 a
2620 3202 2865 3260 subdolis
2882 3202 3211 3259 Arianorum
3231 3242 3246 3268 ,
3269 3216 3332 3256 ac
3351 3200 3823 3257 Semiarianorurn

510 3313 617 3353 non
647 3298 885 3370 vulgaris
904 3340 917 3364 ,
949 3299 1197 3354 exsilium
1226 3299 1370 3369 quod
1414 3299 1731 3370 pertulerat,
1761 3301 2104 3374 laboresque,

509 3404 646 3458 quos
673 3404 772 3460 pro
790 3390 1054 3446 catholica
1081 3391 1189 3447 fide
1218 3390 1575 3458 toleraverat,
1608 3403 1663 3450 et
1691 3395 1826 3450 mira
1849 3396 2109 3452 adversus

509 3481 791 3537 catholicae
850 3482 1112 3539 Ecclesia
1174 3481 1360 3540 hostes
1402 3487 1704 3542 constantia
1763 3503 2110 3560 summopere

509 3572 982 3629 commendabant.
1033 3573 1266 3631 Aliunde
1311 3576 1474 3631 etiam
1505 3579 1755 3634 novimus
1779 3580 2110 3637 eelebriores

510 3664 794 3721 Antistites
828 3667 899 3723 ab
926 3665 1199 3738 episcopis
1226 3682 1402 3739 nuper
1441 3670 1633 3727 electis
1660 3681 1917 3730 exoratos
1965 3674 2111 3731 litte-

510 3773 601 3815 ras
630 3758 697 3815 ad
726 3774 822 3817 eos
849 3760 1086 3827 misisse,
1113 3761 1310 3833 quibus
1332 3763 1515 3835 populi
1541 3764 1941 3824 instruerentur
1970 3786 1983 3824 :
2017 3783 2112 3825 cu-

504 3853 594 3925 jus
622 3854 839 3925 quidem
886 3856 962 3911 rei
1017 3856 1323 3927 exemplum
1368 3857 1463 3913 tibi
1506 3858 1714 3929 praebet
1763 3861 1989 3931 epistola
2021 3877 2107 3931 ea,

508 3964 675 4021 quam
722 3949 1044 4007 Ambrosius
1094 3951 1514 4009 Mediolanensis
1576 3954 1862 4025 episcopus
1909 3954 2109 4027 Vigilio

509 4042 767 4115 episeopo
791 4059 964 4115 nuper
991 4044 1167 4101 electo
1187 4044 1337 4101 dedit
1365 4044 1442 4118 (ὁ)
1476 4064 1487 4100 :
1523 4045 1574 4102 in
1612 4063 1715 4117 qua
1736 4049 2112 4121 complectitur

511 4149 572 4190 ea
605 4135 718 4192 fere
738 4137 939 4201 omnia,
963 4150 1088 4208 quae
1115 4147 1208 4193 aut
1231 4140 1566 4211 perquirere.
1596 4150 1690 4195 aut
1722 4140 1962 4213 effugere
1996 4143 2112 4214 epi-

510 4241 710 4299 scopus
735 4227 918 4284 debet.
936 4228 1273 4286 Nobiliorum
1303 4246 1464 4302 porro
1492 4234 1868 4304 episcoporum
1899 4234 2110 4292 litteras

512 4318 566 4374 in
605 4320 777 4375 sacris
809 4320 1047 4376 fidelium
1070 4324 1430 4380 conventibus
1473 4323 1642 4381 fuisse
1691 4326 1960 4395 periectas
1984 4344 2108 4385 cum

511 4411 618 4466 alia
648 4413 813 4466 multa
855 4421 1141 4483 testentur,
1182 4425 1296 4472 tum
1336 4416 1387 4472 id
1416 4432 1547 4473 sane
1593 4417 1799 4490 liquido
1822 4421 2060 4477 ostendit
2092 4464 2109 4491 ,

511 4504 654 4574 quod
683 4503 987 4578 Cyprianus
1022 4506 1276 4565 Cornelio
1313 4523 1466 4580 papze
1513 4512 1758 4570 scribens
1800 4513 1888 4571 his
1930 4516 2111 4574 verbis

2211 3296 2680 3369 explicationibus,
2710 3310 2828 3350 eam
2859 3302 3073 3349 aetatem
3105 3294 3301 3361 innuit,
3329 3308 3451 3364 quae
3482 3307 3675 3349 omnes
3700 3292 3817 3348 Va-

2211 3392 2371 3447 lentis
2393 3433 2407 3457 ,
2441 3389 2668 3454 Ursaeii,
2701 3388 3042 3459 aliorumque
3065 3386 3148 3440 his
3178 3385 3423 3441 afﬁnium
3451 3385 3829 3442 machinatio-

2211 3501 2329 3548 nes.
2360 3496 2414 3541 et
2437 3484 2607 3538 malos
2631 3482 2786 3537 dolos
2809 3482 2919 3551 jam
2948 3480 3247 3536 detexerat.
3279 3480 3455 3550 Atque
3476 3479 3530 3534 in
3560 3478 3664 3534 hac
3692 3480 3821 3549 qui-

2210 3579 2334 3634 dem
2367 3577 2622 3647 opinione
2660 3573 2971 3635 conlirmor,
3018 3587 3184 3643 quum
3227 3572 3469 3626 animum
3500 3571 3727 3626 intendo
3754 3572 3830 3627 ad

2211 3688 2305 3728 cas
2348 3671 2647 3726 locutiones
2676 3710 2690 3735 ,
2742 3665 3240 3737 explicationesque
3262 3704 3277 3729 ,
3309 3679 3430 3734 quae
3476 3677 3543 3719 ex
3574 3662 3730 3718 libris
3759 3662 3831 3717 de

2211 3765 2464 3821 Trinitate
2485 3805 2498 3829 ,
2529 3772 2583 3818 et
2610 3777 2674 3818 ex
2711 3756 3131 3815 Commentariis
3162 3757 3214 3811 in
3246 3754 3491 3811 Psalmos
3520 3754 3830 3825 desumpta

2211 3856 2465 3912 videntur
2495 3873 2507 3908 :
2550 3852 2822 3925 conjicere
2861 3851 3060 3922 quippe
3086 3864 3150 3904 ex
3196 3862 3259 3904 ea
3288 3862 3351 3903 re
3376 3845 3671 3903 commode
3696 3859 3828 3917 pes-

2212 3965 2417 4014 sumus,
2467 3947 2788 4018 conscriptis
2822 3944 2934 4015 jam
2978 3943 3349 4013 evulgatisque
3380 3940 3468 4004 iis,
3515 3953 3653 4010 quos
3682 3938 3829 3994 dixi-

2212 4064 2354 4114 mus,
2389 4043 2559 4109 libris,
2588 4040 2875 4113 epistolam
2905 4037 3045 4093 hanc
3076 4034 3239 4091 fuisse
3271 4034 3342 4089 ab
3378 4032 3586 4089 Hilario
3604 4046 3832 4101 compo-

2212 4143 2392 4197 sitam.
2426 4141 2602 4209 Atque
2644 4137 2782 4191 hane
2827 4132 3192 4202 suspicionem
3242 4142 3416 4183 meam
3462 4126 3829 4197 comprobant

2211 4235 2375 4292 verba
2398 4233 2489 4288 illa
2516 4230 2618 4287 sub
2645 4228 2887 4300 epistola:
2910 4224 3074 4281 autem
3100 4224 3272 4294 posita
3299 4241 3313 4277 :
3347 4220 3418 4276 Et
3452 4223 3621 4276 sciant
3646 4219 3831 4274 muti

2215 4329 2335 4399 ﬁdei
2362 4340 2489 4380 mea:
2511 4323 2796 4397 prwstitam
2812 4320 3088 4386 rationem,
3113 4325 3161 4371 et
3187 4315 3459 4370 convenire
3489 4329 3607 4368 cunt
3632 4310 3829 4366 Eccle—

2212 4426 2291 4481 sia
2310 4427 2672 4493 recognoscant
2703 4434 2722 4474 :
2749 4418 2951 4473 etenim
2984 4414 3116 4470 satis
3143 4413 3388 4468 indicant
3406 4409 3693 4466 dissidium
3721 4423 3831 4462 sn-

2214 4529 2299 4576 tea
2344 4527 2592 4574 exortum
2636 4497 2899 4569 Hilarium
2943 4511 3106 4578 inter,
3135 4519 3189 4577 et
3218 4506 3529 4564 Luciferum
3554 4504 3838 4560 Calai-ita-

510 4597 671 4654 docet
699 4600 774 4672 (c)
807 4617 822 4655 :
859 4618 880 4654 ι
919 4600 986 4657 Et
1005 4616 1330 4674 quamquam
1360 4603 1559 4671 sciam,
1588 4606 1752 4664 frater
1780 4608 2063 4669 carissime
2089 4657 2102 4681 ,
2130 4611 2187 4672 D
2212 4627 2361 4674 num.
2393 4618 2745 4678 vocatamque
2770 4608 2841 4662 ab
2865 4617 2932 4660 eo
2960 4604 3017 4658 in
3047 4601 3271 4658 dubium
3307 4600 3496 4656 Hilarii
3535 4599 3833 4669 pietatem,

511 4704 612 4761 pro
659 4700 845 4751 mutua
871 4692 1159 4752 dilectione
1186 4710 1345 4767 quam
1380 4696 1644 4755 debemus
1665 4737 1681 4766 ,
1712 4708 1766 4756 et
1791 4702 2110 4761 exhibemus

513 4786 741 4843 invicem
768 4787 947 4855 nobis,
976 4788 1360 4846 ﬂorentissimo
1390 4791 1501 4847 illic
1529 4792 1679 4850 clero
1703 4802 1881 4851 tecum
1913 4799 2111 4869 przesi-

511 4882 684 4952 denti,
712 4894 768 4942 et
803 4886 1162 4943 sanctissimas
1187 4894 1350 4960 atque
1378 4888 1726 4961 amplissimae
1754 4891 1896 4963 plebi
1928 4892 2110 4963 legere

584 5026 664 5100 (a)
689 5026 896 5095 Quanta
927 5023 1070 5095 apud
1091 5032 1304 5081 veteres
1335 5025 1387 5079 in
1416 5026 1774 5083 aestimatione
1822 5025 1987 5085 fuerit
2020 5027 2114 5087 Hi-

506 5100 700 5165 larius,
726 5095 885 5153 facile
912 5096 1170 5168 discimus
1194 5112 1267 5168 ex
1298 5095 1362 5150 iis
1394 5096 1664 5165 laudibus,
1706 5098 1901 5168 quibus
1948 5099 2017 5154 ab
2050 5102 2113 5156 iis

512 5181 734 5229 ornatus
753 5177 858 5225 est.
892 5167 1390 5242 Consuleobsecro
1416 5184 1537 5242 qua:
1565 5169 1668 5224 hoc
1697 5167 1766 5225 de
1791 5182 2113 5242 argumento

513 5241 737 5299 exhibet
762 5237 1227 5315 postrema__editio
1258 5237 1378 5315 _(illa
1402 5237 1595 5315 scilicet
1617 5256 1770 5315 quam
1796 5237 2114 5315 reEudimut)

513 5328 740 5385 operum
765 5309 847 5386 VS}
881 5309 1105 5375 Hilarii,
1157 5309 1308 5365 liillit)
1341 5312 1669 5386 Aprmfntionis
1715 5315 2008 5386 general".-
2062 5309 2118 5370 et

514 5382 702 5443 rursus
749 5382 936 5439 selecto
982 5391 1206 5436 ueterum
1237 5384 1524 5436 testimonia
1550 5383 1688 5438 deS.
1716 5382 1954 5452 'ffilario,
1984 5402 2105 5453 qtuc

512 5456 848 5514 clarissimus
875 5453 1052 5510 editor
1076 5468 1144 5506 ex
1177 5454 1594 5523 congregatione
1638 5454 1696 5510 S.
1730 5454 1898 5511 Mauri
1934 5457 2103 5513 edidit

519 5530 633 5603 (γ,Δ
650 5539 803 5603 tortu
830 5524 945 5603 il.
973 5522 1399 5603 0112301305,;
1412 5537 1553 5603 post.
1576 5527 1746 5603 edit.)._

592 5599 670 5675 (b)
704 5598 766 5675 in
793 5594 1050 5675 editione.
1075 5594 1179 5675 PP_.
1224 5594 1717 5675 Benedictinorutn:
1740 5597 1859 5657 XIX
1899 5614 1963 5657 ea
1989 5608 2109 5657 est:

529 5667 834 5745 Poposgisti
854 5686 891 5745 ρ
915 5684 997 5745 me
1035 5667 1497 5745 institutionisluw
1521 5670 1768 5745 insignia,
1796 5681 1901 5745 etc.

524 5812 601 5870 Vc
605 5737 784 5870 $3.1“
803 5739 1038 5800 editione
1067 5737 1271 5807 Baluzii
1305 5741 1461 5817 epist.
1492 5757 1557 5803 tv
1593 5737 1760 5819 (ρης.
1805 5742 1932 5812 186,
1982 5741 2114 5801 edit,

571 5827 716 5870 θηει.

2218 4720 2282 4761 ac
2299 4702 2643 4775 religionem.
2684 4698 2822 4754 adeo
2853 4704 2910 4751 ut
2953 4705 3176 4751 coactus
3216 4694 3288 4750 sit
3319 4691 3554 4748 Hilarius
3578 4690 3837 4759 explica-

2218 4797 2421 4853 tionem
2453 4794 2715 4851 librorum
2749 4802 2970 4845 suorum
3022 4796 3242 4852 texere,
3293 4785 3546 4856 illiusque
3590 4796 3838 4855 prasen-

2219 4892 2338 4961 tim,
2368 4888 2459 4961 qui
2495 4886 2562 4941 de
2592 4882 2856 4956 Synodis,
2888 4896 2983 4937 seu
3011 4880 3075 4935 de
3101 4881 3205 4950 [ide
3256 4878 3600 4934 Orientalium
3628 4874 3841 4931 inscri-

2290 5024 2368 5100 (d)
2408 5023 2553 5080 Inter
2586 5019 2855 5100 Ambrosii
2878 5017 3158 5100 epistolas,
3182 5016 3319 5072 duas
3342 5013 3721 5100 tantummodo
3738 5016 3841 5074 in-

2218 5086 2424 5159 venies,
2451 5092 2659 5169 quaead
2682 5091 2786 5146 hoc
2804 5086 2974 5162 genus
2995 5098 3246 5160 spectent
3279 5103 3509 5169 :nem_pe
3526 5086 3837 5169 secundam

2219 5170 2285 5226 ad
2305 5158 2700 5229 Conatantium,
2737 5158 2956 5225 etcum,
2984 5158 3144 5232 quam
3177 5175 3349 5232 nuper
3376 5158 3623 5232 allegavi,
3640 5158 3705 5212 ad
3723 5158 3839 5214 Vi-

2220 5241 2403 5311 gilium
2434 5256 2447 5291 :
2481 5236 2680 5311 nullam
2710 5231 3013 5311 _vero_inter
3044 5231 3389 5311 Hieronymi,
3425 5231 3621 5311 nullam
3659 5232 3843 5311 inter:

2221 5300 2506 5386 Augusliui
2533 5306 2809 5386 epistolas.
2845 5304 2933 5386 Ea,
2965 5319 3148 5386 porro,
3177 5300 3296 5386 quin
3333 5302 3402 5386 ab
3429 5300 3727 5386 A‘lttbl‘PSiti-
3752 5303 3841 5359 ad

2215 5371 2591 5440 Constantium
2624 5377 2828 5434 directa
2857 5371 2979 5441 est,
2994 5376 3096 5446 piis
3125 5371 3341 5445 quidem
3376 5371 3842 5446 instructionibus

2218 5455 2412 5511 referta
2440 5459 2546 5515 est,
2594 5457 2649 5502 at
2689 5444 3007 5517 paucissima
3034 5445 3103 5502 de
3143 5444 3400 5517 Ecclesiae
3448 5444 3711 5517 ﬁrmitate,
3772 5455 3845 5501 et

2218 5526 2495 5603 Scriptura
2524 5514 2721 5603 habet}
2740 5519 2812 5603 de
2834 5519 3056 5603 reliquis
3078 5532 3210 5574 vero
3242 5515 3364 5571 fidei
3388 5514 3848 5603 uestrasdog'ura-

2220 5600 2287 5653 tis
2318 5584 2641 5652 mentionem
2664 5591 2754 5671 ‘vix
2789 5590 2931 5671 facit.
2955 5584 3059 5645 ῬΑ
3101 5603 3249 5671 vero,
3299 5602 3417 5656 qua:
3444 5585 3631 5671 Yigilio
3660 5584 3828 5671 data

2219 5678 2341 5738 est,
2399 5683 2608 5723 morum
2663 5664 3073 5738 instructionem
3138 5657 3839 5738 tatitutumodorespicit,

2220 5729 2473 5812 dogmata
2545 5751 2675 5796 vero
2721 5744 2778 5794 et
2831 5732 3090 5811 ntyStcria
3145 5731 3269 5789 ﬁdei
3318 5747 3387 5791 ne
3441 5729 3647 5802 attingit
3690 5729 3847 5805 qui-

2220 5813 2367 5871 dem.
