4100 6196
280 280 390 336 755

1147 281 1390 341 SANCTI
1434 279 1686 339 "ILARII
1729 278 2060 338 EPISTULA
2103 279 2236 338 SEU
2276 281 2632 340 LIBEI.LliS.

3476 282 3579 337 751

276 399 444 458 hitur.
481 395 614 458 Vitta
656 396 886 454 obsecro
927 400 1280 470 opusculum,
1319 400 1388 456 de
1435 415 1543 472 quo
1582 399 1876 469 loquimur,
1901 397 1956 461 Α
1981 413 2052 454 vn
2082 398 2146 454 de
2195 395 2406 454 Incarn.
2463 414 2579 470 cap.
2625 397 2720 469 24)
2763 405 3052 468 propterea
3103 411 3137 452 a
3165 396 3441 452 veteribus
3487 413 3582 466 ap-

277 492 532 564 quodque
553 491 886 563 Apologetica
913 492 983 550 ad
1011 496 1402 562 reprebmsores
1421 493 1538 550 libri
1559 493 1626 549 de
1649 492 1878 566 Synodis

278 601 532 659 responsa
577 583 904 656 inscripsere
946 585 1052 642 PP.
1085 587 1144 644 Β.
1194 586 1366 644 Mauri
1396 586 1540 660 (pag.
1583 585 1684 642 531
1744 594 1872 640 tam.

277 694 319 738 ιι
349 678 530 737 editio.
573 675 812 750 Veram).

349 771 404 826 li.
448 769 544 826 His
574 769 787 840 positis,
839 767 1128 826 manifesto
1169 769 1342 838 vides,
1399 785 1562 843 quam
1607 769 1877 828 excellens

274 863 350 920 sit
377 862 632 933 epistola,
679 879 838 935 quam
869 865 1209 937 evulgamus,
1234 867 1432 938 quippe
1460 879 1580 938 qua:
1620 865 1871 938 plurima,

273 971 449 1028 eaque
489 954 646 1014 valde
683 959 992 1028 prastantia
1039 960 1284 1016 continet
1330 960 1654 1016 documenta
1699 959 1768 1016 ab
1807 972 1872 1016 eo

273 1051 603 1122 conscripta,
629 1050 722 1122 qui
755 1052 1003 1126 Magister
1029 1053 1380 1110 Ecclesiarum
1408 1054 1570 1129 (Vide
1599 1053 1745 1112 Cass.
1777 1055 1866 1110 tib.

1981 494 2215 564 pellatus
2233 509 2356 551 esse
2389 494 2623 563 videtur,
2651 493 2798 566 quod
2829 507 2938 550 non
2959 491 3122 548 modo
3145 492 3416 563 exemplo,
3443 492 3583 552 mul-

1983 598 2264 660 torumque
2291 587 2558 644 librorum
2586 588 2882 658 scriptione
2904 585 3123 643 Arianis
3162 585 3458 654 obstiterit,
3487 601 3581 658 re-

1980 697 2100 738 rum
2123 682 2286 738 etiam
2313 681 2438 754 quia
2464 682 2760 752 Episcopus
2787 681 2956 752 ipsos,
2980 679 3217 750 ideoque
3243 679 3478 750 populos
3501 681 3582 734 eis

1980 775 2254 846 subjectos
2280 775 2522 846 epistolis
2551 775 2665 831 suis
2687 773 3036 840 instruxerit;
3066 786 3240 844 eaque
3261 773 3472 828 ratione
3492 789 3582 842 per

1983 873 2242 941 profectus
2281 868 2508 924 aliorum
2529 868 2742 923 creuerit
2771 866 2870 939 (a).
2901 869 2972 922 At
3001 866 3135 922 satis
3160 865 3440 937 praelocuti
3466 865 3577 937 jam

1981 977 2186 1020 sumus.
2217 963 2359 1020 Ecce
2382 964 2566 1036 itaque
2612 960 2908 1034 Epistolam
2928 960 3120 1035 ipsam.

281 1149 3526 1182 mm

1135 1235 1852 1390 SANCTI
1943 1235 2726 1384 HILARII

729 1463 1631 1600 EPISTULA
1746 1465 2062 1592 SEU
2173 1459 3116 1595 LIBELLUS.

1006 1656 1248 1732 (Numeri
1273 1657 1650 1715 annotationes
1676 1653 1746 1712 ad
1774 1655 1980 1712 calcem
2010 1654 2254 1728 epistola:
2275 1654 2552 1726 subjectus
2584 1651 2870 1724 indicant.)

1607 1760 2263 1794 ...ᾤ-ν

355 1835 399 1893 1.
448 1837 578 1894 Davi
601 1835 614 1888 l
643 1836 668 1892 1
695 1836 963 1910 gloriosus
986 1836 1024 1894 2
1049 1837 1103 1894 in
1131 1837 1351 1896 Psalmo
1376 1834 1496 1909 (Ps.
1526 1850 1682 1906 xvm,
1712 1833 1770 1906 5)
1798 1834 1877 1890 sic
1907 1838 1956 1900 B
1981 1833 2048 1890 de
2076 1847 2200 1890 esse
2225 1832 2485 1906 Spiritum
2515 1832 2795 1902 Sanctum,
2825 1833 2897 1889 25
2924 1833 3016 1906 qui
3052 1840 3269 1904 cuneta,
3291 1849 3414 1908 qua:
3441 1833 3583 1890 Dens

275 1927 410 1986 dicit
429 1929 465 1985 3
493 1948 506 1985 :
541 1927 609 1985 In
634 1929 927 1986 universam
957 1942 1149 1985 terram
1198 1929 1351 1986 exivit
1397 1945 1554 1985 sonus
1602 1943 1800 1992 eorum,
1831 1936 1878 1982 et

273 2024 344 2078 ad
365 2021 609 2078 terminos
630 2021 766 2076 orbis
795 2031 946 2078 teme
969 2024 1118 2078 verba
1147 2039 1342 2077 eorum.
1379 2021 1453 2077 Ex
1477 2021 1579 2076 hoc
1605 2019 1765 2090 igtur
1792 2017 1876 2073 in-

275 2114 451 2186 telligi
478 2113 658 2180 datur,
692 2127 828 2190 Sono
854 2124 980 2172 ante
1005 2124 1335 2189 prreparato,
1370 2114 1423 2170 id
1443 2124 1524 2170 est
1548 2111 1698 2170 Fidei
1728 2113 1876 2184 priu-

273 2208 456 2280 cipiis,
489 2223 648 2280 posse
675 2207 745 2264 ad
769 2208 954 2264 intima
987 2217 1040 2264 et
1064 2208 1384 2281 perfectiora
1409 2205 1536 2263 fidei
1567 2203 1874 2278 perveniri,

278 2317 350 2359 ne
388 2300 712 2358 rudimentis
768 2301 1148 2358 vacillantihus
1196 2301 1408 2356 dicatur
1459 2297 1616 2354 nobis
1663 2295 1877 2352 Domini

275 2410 417 2451 voce
441 2393 774 2464 increpantis
805 2392 956 2467 (Luc.
983 2409 1073 2450 xw
1091 2435 1110 2463 ,
1139 2393 1232 2464 10)
1259 2415 1273 2448 :
1303 2391 1364 2448 Si
1391 2393 1442 2446 in
1472 2389 1676 2445 modico
1697 2387 1878 2460 ﬁdeles

278 2504 382 2544 non
413 2487 620 2558 fuistis,
649 2486 786 2558 quod
831 2490 1004 2562 majus
1051 2496 1126 2542 est
1179 2501 1294 2559 quis
1339 2467 1482 2540 dabit
1537 2483 1720 2538 vobis?
1773 2484 1878 2538 Sed

275 2580 404 2654 quia
433 2579 594 2636 video
617 2587 819 2638 certam
846 2593 968 2636 esse
995 2577 1247 2646 formam,
1276 2593 1434 2650 quam
1461 2576 1645 2650 egredi
1677 2591 1784 2631 non
1815 2575 1882 2629 li-

277 2683 390 2743 cet,
422 2671 739 2729 ditferentia:
766 2673 908 2728 inter
929 2671 1168 2740 Judteos,
1198 2679 1253 2726 et
1274 2669 1518 2738 Graecos,
1548 2669 1600 2724 id
1625 2677 1709 2726 est
1733 2667 1880 2726 Gen-

281 2765 408 2823 tiles
459 2765 710 2840 4;prius
735 2764 1096 2822 differentiam
1134 2765 1502 2822 edisseramus
1542 2761 1737 2838 (Codex
1775 2779 1876 2817 ms.

278 2861 468 2918 habet:
498 2858 853 2935 disseramus)
879 2879 893 2916 :
915 2859 1120 2917 Judmis
1161 2860 1308 2916 enim
1349 2859 1484 2916 nihil
1513 2855 1659 2914 aliud
1695 2855 1761 2913 ad
1787 2873 1879 2913 ve.

274 2957 494 3014 ritatem
525 2951 652 3013 ﬁdei
677 2953 1008 3014 credendum
1043 2955 1317 3023 existimo,
1349 2955 1451 3010 nisi
1477 2952 1664 3010 Iesum
1692 2951 1882 3008 Chris-

275 3059 394 3108 tum
426 3049 596 3106 filium
623 3047 722 3106 Dei
757 3069 771 3105 :
802 3064 898 3121 per
926 3049 1101 3122 ipsum
1124 3047 1318 3104 salvari
1340 3057 1394 3104 et
1415 3062 1588 3118 genus
1616 3044 1802 3111 Israel,
1827 3053 1882 3102 et

275 3142 486 3200 Gentes
529 3143 686 3198 etiam
731 3141 995 3214 baptizari
1047 3142 1100 3197 in
1147 3141 1366 3197 nomine
1416 3141 1534 3211 ejus
1563 3139 1643 3195 5:
1676 3134 1879 3209 reliqua

1980 1941 2080 1998 per
2105 1927 2428 1984 Sermonem
2477 1925 2687 1994 fecerit,
2737 1927 3080 1995 animaverit,
3129 1937 3185 1984 et
3227 1929 3582 1984 confirmave-

1980 2021 2052 2075 rit
2076 2018 2168 2074 24.
2195 2018 2370 2076 Unum
2410 2034 2532 2075 esse
2561 2019 2882 2092 baptismum
2909 2019 2982 2075 25
3015 2037 3122 2092 quo
3152 2021 3398 2078 lautitines
3435 2036 3582 2096 rege-

1983 2125 2240 2174 nerantur
2271 2116 2326 2171 in
2352 2115 2466 2172 Deo
2513 2113 2602 2170 26.
2647 2113 2986 2171 Credendum
3028 2113 3194 2170 etiam
3239 2115 3585 2172 resurrectio-

1981 2224 2104 2265 nem
2132 2217 2468 2264 mortuorum
2499 2209 2552 2262 in
2593 2207 2784 2263 eadem
2813 2223 2977 2266 carne
2999 2207 3090 2263 27.
3125 2206 3394 2264 Judicium
3433 2205 3584 2263 futu-

1981 2319 2101 2360 rum
2123 2303 2238 2370 Dei,
2265 2319 2370 2375 quo
2397 2302 2692 2358 secundmn
2723 2300 2862 2358 facta
2894 2301 3128 2358 hominis
3157 2301 3243 2356 vel
3280 2301 3441 2358 malis
3467 2316 3584 2373 pa:-

1982 2415 2066 2456 na:
2121 2399 2485 2470 rependantur
2513 2397 2709 2472 (Codex
2763 2414 2860 2453 ms.
2893 2395 3040 2453 habet
3092 2394 3448 2467 repnentur),
3493 2395 3582 2453 vel

1981 2495 2246 2552 bonorum
2297 2509 2521 2568 operum
2571 2494 2840 2552 destinata
2889 2491 3106 2563 praemia
3137 2491 3441 2547 tribuantur
3484 2489 3579 2567 28.

1981 2587 2152 2644 Tanta
2197 2597 2278 2645 est
2306 2587 2606 2643 differentia
2659 2585 2970 2644 Judtcornm
3017 2585 3479 2652 convertentium,
3528 2591 3585 2640 et

1980 2679 2259 2752 gentilium
2287 2680 2624 2736 credentium
2647 2677 2756 2735 29:
2789 2677 2926 2748 Quid
2949 2675 3020 2733 sit
3047 2675 3118 2733 50
3144 2675 3306 2738 Deus,
3341 2684 3432 2730 aut
3457 2689 3582 2746 qua-

1981 2775 2072 2842 lis,
2103 2782 2158 2829 et
2187 2781 2458 2845 quantus;
2501 2773 2620 2844 quis
2655 2781 2842 2838 esset,
2871 2781 2926 2828 et
2973 2771 3148 2844 qualis
3195 2769 3338 2824 filius
3375 2767 3494 2840 Dei,
3527 2777 3584 2826 et

1981 2868 2101 2942 quis
2135 2867 2368 2937 Spiritus
2398 2867 2630 2924 Sanctus
2661 2885 2674 2921 :
2699 2865 2832 2924 Tres
2858 2865 3004 2921 enim
3032 2877 3198 2924 unum
3219 2872 3365 2922 sunt.

2055 2963 2117 3018 Il.
2149 2963 2292 3020 Sane
2320 2963 2448 3018 illud
2473 2963 2616 3020 scire
2643 2961 2900 3019 convenit
2929 2959 3450 3034 prudentimvestra:
3480 2975 3580 3018 nos

1981 3055 2050 3111 de
2079 3055 2191 3112 Deo
2222 3055 2336 3112 haec
2364 3054 2562 3129 (Codex
2585 3073 2683 3111 ms.
2715 3056 2864 3111 habet
2917 3055 3042 3126 hoc)
3076 3055 3222 3126 loqui
3269 3064 3326 3112 et
3370 3069 3531 3126 posse
3560 3100 3577 3127 ,

1984 3158 2038 3205 et
2077 3149 2238 3216 scire,
2271 3165 2391 3221 quae
2449 3158 2542 3202 aut
2571 3149 2686 3219 ipse
2725 3147 2792 3204 de
2839 3163 2898 3204 se
2939 3147 3080 3220 apud
3128 3147 3376 3203 homines
3415 3147 3584 3203 voluit

274 3241 426 3296 enim
466 3240 643 3296 sciunt
673 3255 769 3312 per
804 3240 978 3312 legem
999 3247 1056 3295 et
1082 3237 1403 3311 Prophetas.
1456 3239 1527 3294 At
1556 3251 1686 3293 vero
1710 3233 1882 3308 genti-
1909 3228 1955 3294 C
1985 3241 2132 3307 sciri,
2163 3251 2339 3297 antea
2365 3241 2432 3296 ad
2456 3257 2575 3312 quae
2601 3239 2830 3307 homini,
2855 3241 3120 3312 permissu
3145 3240 3282 3314 ejus,
3309 3239 3463 3296 licuit
3493 3254 3583 3294 ac-

275 3335 382 3400 les,
408 3333 602 3404 quibus
631 3347 814 3400 verus,
860 3341 917 3388 et
946 3329 1118 3404 major
1146 3341 1230 3386 est
1265 3326 1421 3386 labor
1449 3329 1505 3396 6,
1558 3331 1650 3385 tali
1681 3325 1878 3384 admit-

278 3423 451 3490 tendi,
479 3433 537 3481 et
558 3423 785 3481 docendi
821 3433 946 3479 sunt
969 3423 1160 3480 ordine
1189 3423 1240 3478 7.
1276 3419 1344 3477 Et
1368 3425 1549 3494 primo
1575 3421 1792 3492 quidem
1823 3431 1880 3476 ttt

275 3517 346 3574 ab
381 3516 568 3582 ldolis,
597 3517 743 3572 etab
765 3515 1018 3572 omnibus
1043 3515 1409 3588 voluptatibus
1436 3515 1713 3570 hominmn
1756 3513 1880 3570 totis

277 3609 598 3682 [lﬂBCOI'diiS
619 3608 874 3666 recedant
906 3627 920 3664 :
947 3619 1005 3664 ut
1032 3609 1324 3680 amputatis
1351 3620 1406 3664 et
1436 3608 1638 3664 evulsis
1679 3606 1876 3663 radici-

279 3711 365 3757 tus
392 3702 572 3771 malis,
605 3702 742 3757 bona
767 3701 974 3772 possint
1001 3710 1058 3758 et
1084 3699 1336 3772 religiosa
1373 3700 1681 3772 pectoribus
1718 3696 1882 3754 semi-

275 3797 396 3852 nari
428 3799 461 3851 8
490 3815 503 3851 :
540 3793 643 3851 hoc
673 3804 778 3862 est,
813 3811 976 3851 unum
999 3793 1172 3852 Deum
1201 3793 1457 3860 credere;
1485 3794 1659 3863 ipsum
1691 3793 1881 3848 timere

275 3890 331 3946 9.
365 3889 579 3946 Deinde
605 3891 768 3958 scire,
821 3891 966 3962 quod
1011 3897 1206 3945 cuncta
1248 3889 1364 3960 ipse
1415 3887 1761 3944 fabricaverit
1789 3903 1800 3939 :
1827 3894 1882 3942 et

273 3984 536 4040 universa
567 3983 751 4040 mundi
784 3981 869 4038 vel
891 3997 1013 4056 qua:
1033 3981 1178 4036 facta
1200 3991 1328 4037 sunt
1359 3979 1442 4036 vel
1471 3980 1590 4051 ipso
1611 3979 1836 4052 jubente
1859 4018 1876 4046 ,

273 4087 328 4133 et
350 4077 592 4144 volente,
619 4085 674 4134 et
713 4077 945 4133 faciente
989 4074 1333 4132 constiterint
1391 4073 1478 4130 10.
1503 4073 1640 4129 Esse
1681 4085 1880 4144 corpus

271 4169 575 4242 Scriptura:
605 4188 618 4224 :
670 4168 816 4242 quod
847 4177 1028 4226 autem
1059 4169 1144 4226 lex
1168 4177 1393 4224 vocetur
1429 4177 1592 4240 atque
1633 4166 1878 4238 Prophe-

275 4273 346 4320 ta:
381 4263 444 4319 11
477 4261 606 4335 quid
636 4262 740 4320 hoc
788 4262 992 4334 indiget
1013 4262 1118 4318 l2:
1147 4261 1292 4335 quod
1329 4260 1544 4334 quidem
1577 4275 1672 4332 per
1703 4261 1880 4317 homi-

1981 3333 2196 3390 cedere.
2238 3332 2356 3388 Non
2401 3333 2552 3389 illutn
2585 3335 2638 3388 in
2670 3336 2834 3389 terris
2859 3343 3064 3404 quaerat
3109 3332 3293 3397 homo,
3325 3342 3417 3388 aut
3443 3335 3584 3389 inter

1981 3425 2233 3497 ﬁgmenta
2262 3433 2572 3495 componat,
2605 3441 2672 3481 ne
2697 3424 2784 3480 cui
2809 3424 3041 3482 similem
3067 3423 3254 3482 credat
3281 3424 3343 3480 5|
3369 3441 3381 3479 :
3413 3425 3579 3482 Deum

1981 3519 2124 3574 enim
2165 3533 2292 3572 vera
2336 3517 2470 3572 fides
2520 3517 2591 3572 ita
2641 3533 2860 3589 semper
2887 3519 3136 3588 exposuit
3171 3536 3184 3572 :
3214 3515 3330 3572 Non
3373 3530 3580 3584 natum,

1982 3625 2090 3666 non
2133 3609 2329 3666 factum
2355 3610 2447 3677 52,
2479 3609 3084 3681 incomprehensibilcm
3112 3611 3204 3676 55,
3237 3610 3584 3668 inextimabi-

1981 3705 2086 3760 lem
2110 3703 2198 3772 54,
2233 3703 2561 3760 invisibilem
2592 3704 2682 3769 55,
2712 3711 2768 3760 et
2796 3704 3180 3776 impassibilem
3208 3705 3276 3762 56
3302 3724 3316 3760 :
3351 3706 3416 3761 Et
3459 3705 3582 3761 ideo

1981 3801 2156 3858 solum
2186 3816 2375 3858 verum
2416 3801 2582 3857 Deum
2615 3801 2706 3865 57,
2738 3801 2826 3873 qui
2852 3799 3098 3872 quiedam
3125 3801 3463 3873 generaverit
3487 3800 3576 3864 58,

1981 3892 2230 3964 qttzedam
2257 3892 2464 3962 fecerit,
2498 3892 2850 3964 disposuerit,
2878 3891 3210 3948 ordinaverit
3232 3890 3321 3960 59,
3353 3907 3582 3946 exorna-

1981 3985 2121 4040 vcrit
2143 3985 2232 4042 40.
2255 3984 2554 4056 Optimum,
2590 3985 2796 4056 justum
2826 3981 3084 4040 mandare
3109 3982 3350 4039 Judicetn
3381 3981 3472 4038 41.
3509 3981 3579 4042 Et

1981 4077 2104 4134 ideo
2157 4077 2500 4134 inexcusatus
2558 4088 2641 4133 est
2693 4077 2870 4132 ‘omnis
2929 4075 3124 4143 homo,
3180 4077 3270 4146 qui
3319 4073 3578 4130 factorem

1981 4185 2138 4228 suum
2165 4185 2272 4227 non
2299 4169 2578 4243 agnoverit
2601 4169 2674 4224 42
2702 4170 2754 4224 in
2781 4177 3028 4240 tempore
3053 4167 3343 4239 agnitionis
3367 4163 3459 4232 45,
3480 4165 3580 4221 ha-

1981 4264 2191 4320 biturus
2212 4273 2336 4337 post
2364 4267 2566 4320 exitum
2595 4261 2836 4318 Judicem
2880 4261 3088 4330 justum
3129 4276 3143 4314 :
3183 4259 3274 4332 qui
3323 4274 3430 4314 non
3482 4273 3584 4313 suo

275 4371 377 4414 nes
393 4357 654 4428 scriptum
683 4358 780 4426 sit,
813 4373 920 4414 non
943 4357 1011 4412 ab
1035 4355 1339 4412 hominibus
1359 4355 1710 4426 15?Spiritus
1731 4355 1875 4411 enim
1980 4367 2226 4428 tempore
2255 4357 2497 4415 converti,
2523 4371 2583 4412 se
2625 4354 2892 4427 putaverit
2925 4371 2938 4408 :
2969 4351 3064 4409 sed
3092 4367 3158 4410 ex
3191 4351 3466 4422 praeterito
3488 4347 3578 4407 M.

275 4448 399 4515 Dei,
444 4447 538 4524 qui
563 4449 743 4505 omnia
786 4449 889 4505 scit
915 4448 1006 4515 14,
1034 4447 1334 4519 inSpirabat
1361 4447 1612 4504 homines
1651 4457 1877 4516 sanctos
1983 4451 2109 4509 Htec
2136 4451 2216 4508 fas
2253 4460 2336 4508 est
2365 4451 2433 4508 de
2474 4453 2584 4508 Deo
2609 4447 2836 4508 credere
2863 4448 2956 4505 45.
2987 4447 3115 4504 Hzec
3143 4447 3233 4520 qui
3267 4445 3581 4510 crediderit,

275 4545 372 4616 qui
402 4544 755 4616 loquerentur
791 4543 880 4612 15,
908 4548 1003 4600 aut
1020 4543 1112 4615 qui
1145 4541 1489 4600 destruerent
1531 4544 1875 4614 pravitatem,
1983 4550 2218 4608 abstinet
2247 4565 2308 4607 se
2331 4547 2402 4606 ab
2433 4547 2582 4606 omni
2608 4546 2870 4618 iniustitia
2897 4545 2988 4602 46.
3020 4531 3168 4600 Bona
3205 4551 3260 4600 et
3283 4541 3426 4614 justa
3455 4553 3585 4610 ope-

273 4636 373 4692 aut
399 4636 490 4708 qui
512 4636 841 4694 :edificarent
865 4635 1050 4706 ﬁdem,
1072 4645 1166 4692 aut
1188 4651 1338 4708 spem
1369 4637 1658 4710 erigerent,
1685 4637 1879 4712 autju-
1906 4619 1960 4682 D
1985 4649 2134 4700 ratus
2161 4648 2420 4700 aiternam
2449 4640 2692 4710 requiem
2715 4637 2935 4694 habebit
2962 4637 3014 4691 in
3037 4637 3142 4690 vita
3172 4633 3263 4690 47.

273 4729 482 4786 dicium
509 4731 994 4798 comminarentur,
1044 4741 1136 4786 aut
1183 4731 1450 4803 promissa
1479 4739 1758 4786 servarent
1787 4731 1876 4788 l6.

275 4819 494 4877 Deinde
539 4819 868 4878 credendum
921 4821 1052 4890 illis,
1129 4821 1314 4878 Jesum
1391 4821 1664 4878 Christum
1709 4823 1878 4879 ﬁlium

275 4913 380 4971 Dei
408 4913 499 4980 17,
528 4930 624 4986 per
645 4929 804 4985 quem
832 4924 1023 4971 cuncta
1044 4915 1188 4972 Deus
1209 4914 1419 4983 fecerit,
1445 4925 1498 4970 et
1517 4916 1634 4972 sine
1661 4931 1768 4988 quo
1793 4917 1881 4972 ni-

275 5005 360 5062 hil
413 5015 498 5063 est
529 5006 726 5062 factum
779 5007 867 5073 18,
914 5023 1012 5080 per
1043 5022 1201 5079 quem
1258 5008 1310 5064 in
1367 5006 1634 5080 principio
1661 5007 1884 5065 Sermo-

272 5115 407 5157 nem
442 5100 530 5168 19,
556 5100 608 5156 id
635 5108 718 5156 est
739 5100 1001 5158 rationem
1040 5099 1112 5156 20
1136 5100 1500 5156 universitatis
1529 5101 1838 5172 accepimus
1861 5145 1876 5169 ,

273 5193 426 5265 apud
452 5192 620 5251 Deum
676 5193 859 5249 fuisse.
911 5192 1003 5248 Sic
1033 5196 1176 5248 enim
1218 5193 1488 5264 gloriosus
1543 5193 1882 5264 Evangelista

273 5289 522 5346 Joannes
573 5287 751 5344 initiat
785 5287 850 5344 2i
881 5287 1068 5344 dicens
1111 5286 1220 5358 (Jo.
1255 5289 1294 5362 ι)
1335 5306 1348 5344 :
1390 5287 1457 5344 Ιη
1485 5291 1742 5362 principio
1772 5301 1882 5348 erat

281 5383 536 5449 Verbum,
567 5393 616 5438 et
651 5381 869 5439 Verbum
919 5393 1024 5440 erat
1061 5381 1204 5453 apud
1233 5379 1419 5438 Deum.
1471 5381 1660 5440 Omnia
1683 5401 1776 5458 per
1801 5385 1882 5458 ip-

270 5493 393 5534 sum
421 5480 562 5552 facta
577 5486 696 5532 sunt
725 5497 745 5545 ;
781 5487 830 5532 et
858 5477 969 5532 sine
988 5477 1102 5549 ipso
1133 5477 1324 5550 [actum
1350 5485 1422 5530 est
1449 5475 1581 5530 nihil
1603 5475 1694 5530 22.
1723 5476 1886 5534 Dein-

350 5597 428 5669 (α)
475 5615 496 5652 ι
534 5595 767 5655 Hilarius
813 5595 896 5654 vir
934 5595 1482 5669 virtutumomnium,
1511 5605 1878 5669 atqueorna-

273 5667 628 5742 mentorum;
658 5678 712 5742 e_t
737 5669 878 5742 sicut
906 5669 1037 5735 vita,
1073 5669 1142 5734 ita
1171 5667 1480 5740 eloquentia
1510 5667 1766 5742 insignis;
1789 5671 1882 5741 qui

271 5751 338 5800 et
361 5740 621 5812 magister
665 5739 1050 5809 Ecclesiarum,
1099 5751 1154 5799 et
1175 5739 1450 5808 sacerdos,
1492 5739 1881 5812 non'per'sua

275 5821 500 5874 tantum
523 5812 740 5884 merita,
780 5815 878 5872 sed
902 5813 1066 5872 etiam
1097 5829 1193 5887 per
1217 5812 1490 5886 profectus
1531 5814 1704 5878 crevit
1744 5815 1879 5873 alio-

2055 4735 2144 4792 111.
2177 4736 2474 4792 Hahentem
2505 4732 2578 4790 48
2606 4732 2805 4788 Filium
2839 4750 2852 4785 :
2884 4745 2989 4786 non
3041 4729 3219 4784 statim
3249 4735 3306 4780 ut
3336 4723 3584 4780 homines

1985 4827 2250 4900 procreati
2274 4833 2418 4892 sunt,
2452 4826 2522 4882 ita
2555 4824 2740 4880 dicere
2766 4837 2854 4878 me
2873 4821 3110 4877 aestimes
3139 4823 3452 4890 generatum
3479 4813 3578 4883 49;

1983 4919 2078 4978 sed
2111 4927 2168 4976 ut
2187 4919 2347 4975 decet
2379 4917 2447 4973 de
2481 4917 2593 4973 Deo
2621 4913 2868 4980 credere,
2899 4921 2952 4968 et
2987 4911 3154 4967 Deum
3185 4909 3352 4964 filium
3383 4905 3584 4962 habere

1983 5030 2049 5072 ex
2091 5028 2150 5069 se
2195 5010 2412 5084 quidem
2437 5021 2619 5066 natum
2649 5009 2720 5065 50
2749 5023 2852 5063 non
2884 5005 3059 5062 divisa
3098 5004 3214 5076 ejus
3257 5001 3579 5067 substantia,

1983 5121 2082 5162 nec
2105 5105 2402 5176 majestatis
2423 5103 2541 5175 ejus
2563 5101 2734 5158 divisa
2759 5099 3094 5164 substantia;
3129 5111 3191 5152 ac
3220 5110 3314 5168 per
3334 5095 3436 5150 hoc
3459 5108 3582 5166 pas-

1981 5199 2154 5255 sibilis
2179 5197 2423 5254 videatur
2459 5197 2548 5252 51.
2585 5195 2696 5252 Nec
2735 5195 2804 5249 de
2849 5207 2944 5250 ore
2973 5204 3283 5247 sermonem
3313 5186 3483 5244 nostri
3511 5185 3584 5240 si-

1982 5291 2165 5348 milem
2193 5306 2316 5347 esse
2343 5290 2609 5362 prolatum
2641 5307 2654 5344 :
2681 5299 2738 5344 ut
2767 5287 2966 5343 litteris
2991 5293 3046 5341 et
3073 5281 3308 5358 Syllabis
3333 5289 3580 5336 constet:

1987 5399 2086 5441 nec
2107 5384 2250 5440 illius
2279 5383 2371 5440 Dei
2405 5383 2758 5452 compositus,
2793 5395 2856 5436 ac
2885 5395 2982 5448 per
3012 5377 3114 5432 hoc
3142 5371 3476 5430 dissolubilis
3504 5377 3585 5426 te-

1984 5487 2178 5536 neatur
2199 5477 2288 5532 52.
2319 5476 2428 5532 Nec
2453 5492 2520 5534 ex
2547 5475 2740 5541 nihilo,
2769 5473 2910 5528 sicut
2934 5468 3140 5540 reliqua
3171 5468 3309 5522 facta
3339 5473 3488 5531 sunt,
3518 5477 3588 5519 ne

1991 5613 2108 5654 rum
2141 5614 2156 5665 ;
2188 5605 2245 5652 et
2271 5598 2410 5652 inter
2436 5594 2704 5668 procellas
2726 5587 3160 5668 persecutionum
3198 5584 3270 5640 ita
3295 5580 3588 5668 immobilis

1992 5653 2246 5737 perstitit,
2277 5677 2334 5722 ut
2363 5653 2455 5738 pe?
2479 5667 2690 5722 invicta:
2719 5653 2860 5738 fidei
2877 5659 3244 5738 fortitudinem
3267 5655 3432 5738 etiam
3452 5653 3590 5708 Cun-

1988 5723 2211 5876 fessog:
2222 5723 2768 5818 copei'itdignitatem.
2783 5754 2805 5803 ι
2820 5732 3068 5804 Cassian.
3089 5729 3161 5786 lib
3199 5743 3270 5784 vn
3287 5727 3350 5800 de
3367 5723 3584 5806 locum.

1988 5829 2102 5876 cap.
2217 5852 2233 5870 .
2539 5829 2556 5842 ’

1983 5829 2102 5890 cap.
2139 5829 2233 5876 =4.
2539 5829 2556 5842 ’
