  <div class='ocr_page' id='page_1' title='image "/cluster/home/n/w/nwhite01/storage/ocr_20150623/10/hvd.32044096580394/373.png"; bbox 0 0 4100 6196; ppageno 0'>
   <div class='ocr_carea' id='block_1_1' title="bbox 605 286 711 344">
    <p class='ocr_par' dir='ltr' id='par_1_1' title="bbox 605 286 711 344">
     <span class='ocr_line' id='line_1_1' title="bbox 605 286 711 344; baseline -0.009 -1"><span class='ocrx_word' id='word_1_1' title='bbox 605 286 711 344; x_wconf 76' lang='lat'><strong>755</strong></span> 
     </span>
    </p>
   </div>
   <div class='ocr_carea' id='block_1_2' title="bbox 1821 265 3855 334">
    <p class='ocr_par' dir='ltr' id='par_1_2' title="bbox 1821 265 3855 334">
     <span class='ocr_line' id='line_1_2' title="bbox 1821 265 3855 334; baseline -0.002 0"><span class='ocrx_word' id='word_1_2' title='bbox 1821 271 2069 334; x_wconf 78' lang='lat' dir='ltr'><strong>SANCTI</strong></span> <span class='ocrx_word' id='word_1_3' title='bbox 2107 266 2369 327; x_wconf 57' lang='lat' dir='ltr'><strong>HIIABII</strong></span> <span class='ocrx_word' id='word_1_4' title='bbox 2410 265 2716 327; x_wconf 78' lang='lat' dir='ltr'><strong>EPISCOPI</strong></span> <span class='ocrx_word' id='word_1_5' title='bbox 3776 272 3855 332; x_wconf 69' lang='lat'><strong>736</strong></span> 
     </span>
    </p>
   </div>
   <div class='ocr_carea' id='block_1_3' title="bbox 562 386 3856 475">
    <p class='ocr_par' dir='ltr' id='par_1_3' title="bbox 562 386 3856 475">
     <span class='ocr_line' id='line_1_3' title="bbox 562 386 3856 475; baseline -0 -25"><span class='ocrx_word' id='word_1_6' title='bbox 562 413 577 427; x_wconf 82' lang='lat'><strong>-</strong></span> <span class='ocrx_word' id='word_1_7' title='bbox 601 404 797 463; x_wconf 72' lang='lat' dir='ltr'><strong>similis</strong></span> <span class='ocrx_word' id='word_1_8' title='bbox 826 413 882 463; x_wconf 78' lang='lat' dir='ltr'><strong>et,</strong></span> <span class='ocrx_word' id='word_1_9' title='bbox 912 401 1136 475; x_wconf 65' lang='lat' dir='ltr'><strong>requalis</strong></span> <span class='ocrx_word' id='word_1_10' title='bbox 1170 409 1227 459; x_wconf 90' lang='lat' dir='ltr'><strong>et</strong></span> <span class='ocrx_word' id='word_1_11' title='bbox 1266 396 1501 466; x_wconf 61' lang='lat' dir='ltr'><strong>caeteris,</strong></span> <span class='ocrx_word' id='word_1_12' title='bbox 1531 394 1623 469; x_wconf 86' lang='lat' dir='ltr'><strong>qui</strong></span> <span class='ocrx_word' id='word_1_13' title='bbox 1655 395 1781 453; x_wconf 86' lang='lat' dir='ltr'><strong>facti</strong></span> <span class='ocrx_word' id='word_1_14' title='bbox 1807 403 1935 452; x_wconf 87' lang='lat' dir='ltr'><strong>sunt</strong></span> <span class='ocrx_word' id='word_1_15' title='bbox 1965 394 2053 461; x_wconf 76' lang='lat'><strong>55,</strong></span> <span class='ocrx_word' id='word_1_16' title='bbox 2079 394 2204 463; x_wconf 79' lang='lat' dir='ltr'><strong>juu—</strong></span> <span class='ocrx_word' id='word_1_17' title='bbox 2231 388 2287 449; x_wconf 80' lang='grc' dir='ltr'>Α</span> <span class='ocrx_word' id='word_1_18' title='bbox 2312 393 2443 442; x_wconf 71' lang='lat' dir='ltr'><strong>tura:</strong></span> <span class='ocrx_word' id='word_1_19' title='bbox 2471 401 2585 443; x_wconf 75' lang='lat' dir='ltr'><strong>suae</strong></span> <span class='ocrx_word' id='word_1_20' title='bbox 2611 386 2752 443; x_wconf 87' lang='lat' dir='ltr'><strong>idem</strong></span> <span class='ocrx_word' id='word_1_21' title='bbox 2793 386 3089 443; x_wconf 71' lang='lat' dir='ltr'><strong>nativitatis</strong></span> <span class='ocrx_word' id='word_1_22' title='bbox 3118 387 3332 442; x_wconf 90' lang='lat' dir='ltr'><strong>initium</strong></span> <span class='ocrx_word' id='word_1_23' title='bbox 3376 387 3626 459; x_wconf 86' lang='lat' dir='ltr'><strong>sumpsit,</strong></span> <span class='ocrx_word' id='word_1_24' title='bbox 3654 399 3736 446; x_wconf 90' lang='lat' dir='ltr'><strong>aut</strong></span> <span class='ocrx_word' id='word_1_25' title='bbox 3759 406 3856 449; x_wconf 85' lang='lat' dir='ltr'><strong>ces-</strong></span> 
     </span>
    </p>
   </div>
   <div class='ocr_carea' id='block_1_4' title="bbox 601 486 2205 573">
    <p class='ocr_par' dir='ltr' id='par_1_4' title="bbox 601 486 2205 573">
     <span class='ocr_line' id='line_1_4' title="bbox 601 486 2205 573; baseline -0.01 -17"><span class='ocrx_word' id='word_1_26' title='bbox 601 509 822 573; x_wconf 86' lang='lat' dir='ltr'><strong>geretur</strong></span> <span class='ocrx_word' id='word_1_27' title='bbox 845 516 858 553; x_wconf 85' lang='lat'>;</span> <span class='ocrx_word' id='word_1_28' title='bbox 885 497 983 554; x_wconf 89' lang='lat' dir='ltr'><strong>sed</strong></span> <span class='ocrx_word' id='word_1_29' title='bbox 1005 495 1164 553; x_wconf 90' lang='lat' dir='ltr'><strong>sicuti</strong></span> <span class='ocrx_word' id='word_1_30' title='bbox 1191 494 1307 565; x_wconf 82' lang='lat' dir='ltr'><strong>ipse</strong></span> <span class='ocrx_word' id='word_1_31' title='bbox 1330 493 1433 548; x_wconf 91' lang='lat' dir='ltr'><strong>scit</strong></span> <span class='ocrx_word' id='word_1_32' title='bbox 1455 489 1549 563; x_wconf 88' lang='lat' dir='ltr'><strong>qui</strong></span> <span class='ocrx_word' id='word_1_33' title='bbox 1581 503 1871 562; x_wconf 87' lang='lat' dir='ltr'><strong>generans,</strong></span> <span class='ocrx_word' id='word_1_34' title='bbox 1897 496 1954 545; x_wconf 90' lang='lat' dir='ltr'><strong>et</strong></span> <span class='ocrx_word' id='word_1_35' title='bbox 1978 488 2096 557; x_wconf 87' lang='lat' dir='ltr'><strong>ipse</strong></span> <span class='ocrx_word' id='word_1_36' title='bbox 2114 486 2205 557; x_wconf 89' lang='lat' dir='ltr'><strong>qui</strong></span> 
     </span>
    </p>
   </div>
   <div class='ocr_carea' id='block_1_5' title="bbox 601 580 2205 665">
    <p class='ocr_par' dir='ltr' id='par_1_5' title="bbox 601 580 2205 665">
     <span class='ocr_line' id='line_1_5' title="bbox 601 580 2205 665; baseline -0.009 -17"><span class='ocrx_word' id='word_1_37' title='bbox 601 598 894 665; x_wconf 89' lang='lat' dir='ltr'><strong>generatus</strong></span> <span class='ocrx_word' id='word_1_38' title='bbox 933 598 1017 645; x_wconf 91' lang='lat' dir='ltr'><strong>est</strong></span> <span class='ocrx_word' id='word_1_39' title='bbox 1066 605 1080 642; x_wconf 87' lang='lat'><strong>:</strong></span> <span class='ocrx_word' id='word_1_40' title='bbox 1128 587 1246 656; x_wconf 87' lang='lat' dir='ltr'><strong>ipso</strong></span> <span class='ocrx_word' id='word_1_41' title='bbox 1292 585 1521 640; x_wconf 90' lang='lat' dir='ltr'><strong>Domino</strong></span> <span class='ocrx_word' id='word_1_42' title='bbox 1552 584 1604 638; x_wconf 91' lang='lat' dir='ltr'><strong>in</strong></span> <span class='ocrx_word' id='word_1_43' title='bbox 1627 580 1910 654; x_wconf 88' lang='lat' dir='ltr'><strong>evangelio</strong></span> <span class='ocrx_word' id='word_1_44' title='bbox 1952 580 2205 635; x_wconf 79' lang='lat' dir='ltr'><strong>dicente:</strong></span> 
     </span>
    </p>
   </div>
   <div class='ocr_carea' id='block_1_6' title="bbox 605 672 2211 747">
    <p class='ocr_par' dir='ltr' id='par_1_6' title="bbox 605 672 2211 747">
     <span class='ocr_line' id='line_1_6' title="bbox 605 672 2211 747; baseline -0.009 -8"><span class='ocrx_word' id='word_1_45' title='bbox 605 684 777 740; x_wconf 82' lang='lat' dir='ltr'><strong>Nemo</strong></span> <span class='ocrx_word' id='word_1_46' title='bbox 815 683 955 737; x_wconf 84' lang='lat' dir='ltr'><strong>novit</strong></span> <span class='ocrx_word' id='word_1_47' title='bbox 1004 680 1211 735; x_wconf 87' lang='lat' dir='ltr'><strong>Patrem</strong></span> <span class='ocrx_word' id='word_1_48' title='bbox 1259 679 1359 734; x_wconf 83' lang='lat' dir='ltr'><strong>nisi</strong></span> <span class='ocrx_word' id='word_1_49' title='bbox 1407 677 1577 732; x_wconf 79' lang='lat' dir='ltr'><strong>Filius</strong></span> <span class='ocrx_word' id='word_1_50' title='bbox 1606 690 1627 731; x_wconf 91' lang='lat'><strong><em>:</em></strong></span> <span class='ocrx_word' id='word_1_51' title='bbox 1652 691 1811 747; x_wconf 86' lang='lat' dir='ltr'><strong>neque</strong></span> <span class='ocrx_word' id='word_1_52' title='bbox 1855 672 2053 728; x_wconf 80' lang='lat' dir='ltr'><strong>Filium</strong></span> <span class='ocrx_word' id='word_1_53' title='bbox 2096 672 2211 744; x_wconf 85' lang='lat' dir='ltr'><strong>quis</strong></span> 
     </span>
    </p>
   </div>
   <div class='ocr_carea' id='block_1_7' title="bbox 600 765 2212 847">
    <p class='ocr_par' dir='ltr' id='par_1_7' title="bbox 600 765 2212 847">
     <span class='ocr_line' id='line_1_7' title="bbox 600 765 2212 847; baseline -0.007 -15"><span class='ocrx_word' id='word_1_54' title='bbox 600 774 866 833; x_wconf 80' lang='lat' dir='ltr'><strong>novitnisi</strong></span> <span class='ocrx_word' id='word_1_55' title='bbox 916 772 1076 829; x_wconf 88' lang='lat' dir='ltr'><strong>Pater</strong></span> <span class='ocrx_word' id='word_1_56' title='bbox 1098 771 1310 847; x_wconf 80' lang='lat' dir='ltr'><strong>(Matth.</strong></span> <span class='ocrx_word' id='word_1_57' title='bbox 1344 788 1419 837; x_wconf 74' lang='grc' dir='ltr'><strong>χι,</strong></span> <span class='ocrx_word' id='word_1_58' title='bbox 1444 770 1561 839; x_wconf 75' lang='lat'><strong>‘27).</strong></span> <span class='ocrx_word' id='word_1_59' title='bbox 1614 767 1747 824; x_wconf 87' lang='lat' dir='ltr'><strong>Item</strong></span> <span class='ocrx_word' id='word_1_60' title='bbox 1799 768 1852 822; x_wconf 92' lang='lat' dir='ltr'><strong>in</strong></span> <span class='ocrx_word' id='word_1_61' title='bbox 1915 765 2212 837; x_wconf 89' lang='lat' dir='ltr'><strong>Scripturis</strong></span> 
     </span>
    </p>
   </div>
   <div class='ocr_carea' id='block_1_8' title="bbox 603 860 2211 940">
    <p class='ocr_par' dir='ltr' id='par_1_8' title="bbox 603 860 2211 940">
     <span class='ocr_line' id='line_1_8' title="bbox 603 860 2211 940; baseline -0.009 -15"><span class='ocrx_word' id='word_1_62' title='bbox 603 869 835 940; x_wconf 75' lang='lat' dir='ltr'><strong>legimus</strong></span> <span class='ocrx_word' id='word_1_63' title='bbox 890 885 905 923; x_wconf 90' lang='lat'><strong>:</strong></span> <span class='ocrx_word' id='word_1_64' title='bbox 938 866 1246 938; x_wconf 76' lang='lat' dir='ltr'><strong>Mysterium</strong></span> <span class='ocrx_word' id='word_1_65' title='bbox 1273 881 1442 920; x_wconf 88' lang='lat' dir='ltr'><strong>meum</strong></span> <span class='ocrx_word' id='word_1_66' title='bbox 1481 863 1606 918; x_wconf 83' lang='lat' dir='ltr'><strong>mihi</strong></span> <span class='ocrx_word' id='word_1_67' title='bbox 1645 877 1664 917; x_wconf 90' lang='lat'><strong><em>:</em></strong></span> <span class='ocrx_word' id='word_1_68' title='bbox 1701 860 2002 933; x_wconf 74' lang='lat' dir='ltr'><strong>mysterium</strong></span> <span class='ocrx_word' id='word_1_69' title='bbox 2042 874 2211 913; x_wconf 88' lang='lat' dir='ltr'><strong>meum</strong></span> 
     </span>
    </p>
   </div>
   <div class='ocr_carea' id='block_1_9' title="bbox 601 950 2214 1034">
    <p class='ocr_par' dir='ltr' id='par_1_9' title="bbox 601 950 2214 1034">
     <span class='ocr_line' id='line_1_9' title="bbox 601 950 2214 1034; baseline -0.007 -18"><span class='ocrx_word' id='word_1_70' title='bbox 601 961 731 1016; x_wconf 83' lang='lat' dir='ltr'><strong>mihi</strong></span> <span class='ocrx_word' id='word_1_71' title='bbox 771 958 918 1034; x_wconf 85' lang='lat' dir='ltr'><strong>(Isa.</strong></span> <span class='ocrx_word' id='word_1_72' title='bbox 960 973 1110 1024; x_wconf 74' lang='lat' dir='ltr'><strong>xxrv,</strong></span> <span class='ocrx_word' id='word_1_73' title='bbox 1156 954 1263 1028; x_wconf 87' lang='grc'><strong>16)</strong></span> <span class='ocrx_word' id='word_1_74' title='bbox 1299 956 1390 1013; x_wconf 76' lang='grc'>51.</span> <span class='ocrx_word' id='word_1_75' title='bbox 1446 954 1514 1011; x_wconf 84' lang='lat' dir='ltr'><strong>Et</strong></span> <span class='ocrx_word' id='word_1_76' title='bbox 1552 969 1614 1011; x_wconf 89' lang='lat' dir='ltr'><strong>re</strong></span> <span class='ocrx_word' id='word_1_77' title='bbox 1658 967 1790 1009; x_wconf 89' lang='lat' dir='ltr'><strong>vera</strong></span> <span class='ocrx_word' id='word_1_78' title='bbox 1836 950 2214 1007; x_wconf 87' lang='lat' dir='ltr'><strong>absconditum</strong></span> 
     </span>
    </p>
   </div>
   <div class='ocr_carea' id='block_1_10' title="bbox 602 1044 2213 1121">
    <p class='ocr_par' dir='ltr' id='par_1_10' title="bbox 602 1044 2213 1121">
     <span class='ocr_line' id='line_1_10' title="bbox 602 1044 2213 1121; baseline -0.009 -10"><span class='ocrx_word' id='word_1_79' title='bbox 602 1068 728 1111; x_wconf 88' lang='lat' dir='ltr'><strong>esse</strong></span> <span class='ocrx_word' id='word_1_80' title='bbox 757 1053 915 1109; x_wconf 91' lang='lat' dir='ltr'><strong>decet</strong></span> <span class='ocrx_word' id='word_1_81' title='bbox 962 1050 1032 1107; x_wconf 92' lang='lat' dir='ltr'><strong>de</strong></span> <span class='ocrx_word' id='word_1_82' title='bbox 1080 1048 1431 1121; x_wconf 82' lang='lat' dir='ltr'><strong>generatione</strong></span> <span class='ocrx_word' id='word_1_83' title='bbox 1468 1047 1581 1113; x_wconf 90' lang='lat' dir='ltr'><strong>illa,</strong></span> <span class='ocrx_word' id='word_1_84' title='bbox 1615 1046 1669 1101; x_wconf 94' lang='lat' dir='ltr'><strong>in</strong></span> <span class='ocrx_word' id='word_1_85' title='bbox 1696 1061 1797 1118; x_wconf 89' lang='lat' dir='ltr'><strong>qua</strong></span> <span class='ocrx_word' id='word_1_86' title='bbox 1830 1044 2010 1100; x_wconf 90' lang='lat' dir='ltr'><strong>nullus</strong></span> <span class='ocrx_word' id='word_1_87' title='bbox 2040 1044 2213 1099; x_wconf 82' lang='lat' dir='ltr'><strong>inter-</strong></span> 
     </span>
    </p>
   </div>
   <div class='ocr_carea' id='block_1_11' title="bbox 602 1137 2216 1210">
    <p class='ocr_par' dir='ltr' id='par_1_11' title="bbox 602 1137 2216 1210">
     <span class='ocr_line' id='line_1_11' title="bbox 602 1137 2216 1210; baseline -0.005 -11"><span class='ocrx_word' id='word_1_88' title='bbox 602 1144 704 1202; x_wconf 90' lang='lat' dir='ltr'><strong>fuit</strong></span> <span class='ocrx_word' id='word_1_89' title='bbox 730 1165 743 1200; x_wconf 87' lang='lat'><strong>:</strong></span> <span class='ocrx_word' id='word_1_90' title='bbox 777 1158 877 1200; x_wconf 88' lang='lat' dir='ltr'><strong>nec</strong></span> <span class='ocrx_word' id='word_1_91' title='bbox 905 1150 1237 1198; x_wconf 79' lang='lat' dir='ltr'><strong>momentum</strong></span> <span class='ocrx_word' id='word_1_92' title='bbox 1264 1139 1480 1210; x_wconf 84' lang='lat' dir='ltr'><strong>quidem</strong></span> <span class='ocrx_word' id='word_1_93' title='bbox 1509 1140 1773 1210; x_wconf 88' lang='lat' dir='ltr'><strong>temporis</strong></span> <span class='ocrx_word' id='word_1_94' title='bbox 1802 1138 1894 1196; x_wconf 74' lang='lat'><strong>55.</strong></span> <span class='ocrx_word' id='word_1_95' title='bbox 1930 1137 2072 1194; x_wconf 83' lang='lat' dir='ltr'><strong>Ante</strong></span> <span class='ocrx_word' id='word_1_96' title='bbox 2111 1151 2216 1192; x_wconf 72' lang='lat' dir='ltr'><strong>sm-</strong></span> 
     </span>
    </p>
   </div>
   <div class='ocr_carea' id='block_1_12' title="bbox 603 1233 2212 1307">
    <p class='ocr_par' dir='ltr' id='par_1_12' title="bbox 603 1233 2212 1307">
     <span class='ocr_line' id='line_1_12' title="bbox 603 1233 2212 1307; baseline -0.005 -11"><span class='ocrx_word' id='word_1_97' title='bbox 603 1239 725 1296; x_wconf 86' lang='lat' dir='ltr'><strong>culu</strong></span> <span class='ocrx_word' id='word_1_98' title='bbox 749 1239 919 1301; x_wconf 88' lang='lat' dir='ltr'><strong>enim,</strong></span> <span class='ocrx_word' id='word_1_99' title='bbox 948 1245 1307 1307; x_wconf 88' lang='lat' dir='ltr'><strong>etantequam</strong></span> <span class='ocrx_word' id='word_1_100' title='bbox 1337 1236 1599 1307; x_wconf 69' lang='lat' dir='ltr'><strong>suspicari</strong></span> <span class='ocrx_word' id='word_1_101' title='bbox 1621 1235 1743 1306; x_wconf 89' lang='lat' dir='ltr'><strong>quis</strong></span> <span class='ocrx_word' id='word_1_102' title='bbox 1771 1233 2021 1300; x_wconf 85' lang='lat' dir='ltr'><strong>auderet,</strong></span> <span class='ocrx_word' id='word_1_103' title='bbox 2052 1240 2212 1288; x_wconf 89' lang='lat' dir='ltr'><strong>natus</strong></span> 
     </span>
    </p>
   </div>
   <div class='ocr_carea' id='block_1_13' title="bbox 604 1327 2211 1399">
    <p class='ocr_par' dir='ltr' id='par_1_13' title="bbox 604 1327 2211 1399">
     <span class='ocr_line' id='line_1_13' title="bbox 604 1327 2211 1399; baseline -0.004 -12"><span class='ocrx_word' id='word_1_104' title='bbox 604 1341 688 1387; x_wconf 91' lang='lat' dir='ltr'><strong>est</strong></span> <span class='ocrx_word' id='word_1_105' title='bbox 717 1330 859 1386; x_wconf 77' lang='lat' dir='ltr'><strong>filius</strong></span> <span class='ocrx_word' id='word_1_106' title='bbox 889 1331 983 1386; x_wconf 96' lang='lat' dir='ltr'><strong>Dei</strong></span> <span class='ocrx_word' id='word_1_107' title='bbox 1014 1330 1136 1386; x_wconf 90' lang='lat' dir='ltr'><strong>sine</strong></span> <span class='ocrx_word' id='word_1_108' title='bbox 1162 1328 1501 1399; x_wconf 83' lang='lat' dir='ltr'><strong>temporibus</strong></span> <span class='ocrx_word' id='word_1_109' title='bbox 1524 1328 1632 1384; x_wconf 86' lang='lat'><strong>56:</strong></span> <span class='ocrx_word' id='word_1_110' title='bbox 1658 1328 1798 1398; x_wconf 90' lang='lat' dir='ltr'><strong>quod</strong></span> <span class='ocrx_word' id='word_1_111' title='bbox 1828 1342 2003 1399; x_wconf 67' lang='lat' dir='ltr'><strong>graeca</strong></span> <span class='ocrx_word' id='word_1_112' title='bbox 2033 1327 2211 1397; x_wconf 90' lang='lat' dir='ltr'><strong>lingua</strong></span> 
     </span>
    </p>
   </div>
   <div class='ocr_carea' id='block_1_14' title="bbox 605 1419 2215 1491">
    <p class='ocr_par' dir='ltr' id='par_1_14' title="bbox 605 1419 2215 1491">
     <span class='ocr_line' id='line_1_14' title="bbox 605 1419 2215 1491; baseline -0.001 -15"><span class='ocrx_word' id='word_1_113' title='bbox 605 1422 872 1477; x_wconf 84' lang='lat' dir='ltr'><strong>Achrouos</strong></span> <span class='ocrx_word' id='word_1_114' title='bbox 894 1423 1083 1478; x_wconf 85' lang='lat' dir='ltr'><strong>dicunt</strong></span> <span class='ocrx_word' id='word_1_115' title='bbox 1109 1421 1211 1485; x_wconf 87' lang='lat'><strong>57;</strong></span> <span class='ocrx_word' id='word_1_116' title='bbox 1238 1436 1453 1491; x_wconf 88' lang='lat' dir='ltr'><strong>semper</strong></span> <span class='ocrx_word' id='word_1_117' title='bbox 1483 1421 1625 1476; x_wconf 90' lang='lat' dir='ltr'><strong>enim</strong></span> <span class='ocrx_word' id='word_1_118' title='bbox 1653 1420 1815 1487; x_wconf 83' lang='lat' dir='ltr'><strong>filius,</strong></span> <span class='ocrx_word' id='word_1_119' title='bbox 1844 1419 1967 1491; x_wconf 90' lang='lat' dir='ltr'><strong>quia</strong></span> <span class='ocrx_word' id='word_1_120' title='bbox 1995 1433 2215 1489; x_wconf 82' lang='lat' dir='ltr'><strong>semper</strong></span> 
     </span>
    </p>
   </div>
   <div class='ocr_carea' id='block_1_15' title="bbox 607 1516 2211 1588">
    <p class='ocr_par' dir='ltr' id='par_1_15' title="bbox 607 1516 2211 1588">
     <span class='ocr_line' id='line_1_15' title="bbox 607 1516 2211 1588; baseline 0.001 -18"><span class='ocrx_word' id='word_1_121' title='bbox 607 1527 760 1588; x_wconf 88' lang='lat' dir='ltr'><strong>pater</strong></span> <span class='ocrx_word' id='word_1_122' title='bbox 778 1517 848 1574; x_wconf 87' lang='lat'><strong>58</strong></span> <span class='ocrx_word' id='word_1_123' title='bbox 877 1535 890 1572; x_wconf 91' lang='lat'>:</span> <span class='ocrx_word' id='word_1_124' title='bbox 916 1516 1070 1574; x_wconf 82' lang='lat' dir='ltr'><strong>nefas</strong></span> <span class='ocrx_word' id='word_1_125' title='bbox 1092 1524 1178 1572; x_wconf 89' lang='lat' dir='ltr'><strong>est</strong></span> <span class='ocrx_word' id='word_1_126' title='bbox 1197 1516 1341 1571; x_wconf 89' lang='lat' dir='ltr'><strong>enim</strong></span> <span class='ocrx_word' id='word_1_127' title='bbox 1385 1516 1494 1572; x_wconf 90' lang='lat' dir='ltr'><strong>Deo</strong></span> <span class='ocrx_word' id='word_1_128' title='bbox 1516 1516 1718 1587; x_wconf 88' lang='lat' dir='ltr'><strong>aliquid</strong></span> <span class='ocrx_word' id='word_1_129' title='bbox 1749 1517 2028 1587; x_wconf 87' lang='lat' dir='ltr'><strong>assignare</strong></span> <span class='ocrx_word' id='word_1_130' title='bbox 2056 1525 2211 1587; x_wconf 90' lang='lat' dir='ltr'><strong>post-</strong></span> 
     </span>
    </p>
   </div>
   <div class='ocr_carea' id='block_1_16' title="bbox 607 1607 2214 1684">
    <p class='ocr_par' dir='ltr' id='par_1_16' title="bbox 607 1607 2214 1684">
     <span class='ocr_line' id='line_1_16' title="bbox 607 1607 2214 1684; baseline 0.001 -21"><span class='ocrx_word' id='word_1_131' title='bbox 607 1608 851 1684; x_wconf 80' lang='lat' dir='ltr'><strong>modum,</strong></span> <span class='ocrx_word' id='word_1_132' title='bbox 883 1607 1026 1679; x_wconf 91' lang='lat' dir='ltr'><strong>quod</strong></span> <span class='ocrx_word' id='word_1_133' title='bbox 1051 1615 1176 1663; x_wconf 86' lang='lat' dir='ltr'><strong>ante</strong></span> <span class='ocrx_word' id='word_1_134' title='bbox 1207 1622 1313 1664; x_wconf 93' lang='lat' dir='ltr'><strong>non</strong></span> <span class='ocrx_word' id='word_1_135' title='bbox 1339 1608 1587 1665; x_wconf 86' lang='lat' dir='ltr'><strong>habuerit</strong></span> <span class='ocrx_word' id='word_1_136' title='bbox 1621 1625 1634 1662; x_wconf 91' lang='lat'><strong>:</strong></span> <span class='ocrx_word' id='word_1_137' title='bbox 1674 1623 1797 1664; x_wconf 91' lang='lat' dir='ltr'><strong>cum</strong></span> <span class='ocrx_word' id='word_1_138' title='bbox 1826 1609 1968 1664; x_wconf 88' lang='lat' dir='ltr'><strong>Deus</strong></span> <span class='ocrx_word' id='word_1_139' title='bbox 1996 1623 2214 1678; x_wconf 86' lang='lat' dir='ltr'><strong>semper</strong></span> 
     </span>
    </p>
   </div>
   <div class='ocr_carea' id='block_1_17' title="bbox 607 1699 2209 1772">
    <p class='ocr_par' dir='ltr' id='par_1_17' title="bbox 607 1699 2209 1772">
     <span class='ocr_line' id='line_1_17' title="bbox 607 1699 2209 1772; baseline 0.002 -16"><span class='ocrx_word' id='word_1_140' title='bbox 607 1699 883 1770; x_wconf 88' lang='lat' dir='ltr'><strong>perfectus</strong></span> <span class='ocrx_word' id='word_1_141' title='bbox 909 1701 979 1756; x_wconf 89' lang='lat' dir='ltr'><strong>sit</strong></span> <span class='ocrx_word' id='word_1_142' title='bbox 1008 1700 1098 1756; x_wconf 91' lang='lat'><strong>59.</strong></span> <span class='ocrx_word' id='word_1_143' title='bbox 1133 1699 1201 1757; x_wconf 88' lang='lat' dir='ltr'><strong>Ut</strong></span> <span class='ocrx_word' id='word_1_144' title='bbox 1221 1700 1385 1756; x_wconf 82' lang='lat' dir='ltr'><strong>etiam</strong></span> <span class='ocrx_word' id='word_1_145' title='bbox 1416 1701 1559 1765; x_wconf 87' lang='lat' dir='ltr'><strong>quod</strong></span> <span class='ocrx_word' id='word_1_146' title='bbox 1589 1708 1810 1772; x_wconf 85' lang='lat' dir='ltr'><strong>propter</strong></span> <span class='ocrx_word' id='word_1_147' title='bbox 1838 1717 1939 1757; x_wconf 89' lang='lat' dir='ltr'><strong>nos</strong></span> <span class='ocrx_word' id='word_1_148' title='bbox 1967 1711 2209 1772; x_wconf 85' lang='lat' dir='ltr'><strong>postmo-</strong></span> 
     </span>
    </p>
   </div>
   <div class='ocr_carea' id='block_1_18' title="bbox 2312 479 3856 551">
    <p class='ocr_par' dir='ltr' id='par_1_18' title="bbox 2312 479 3856 551">
     <span class='ocr_line' id='line_1_18' title="bbox 2312 479 3856 551; baseline 0.004 -15"><span class='ocrx_word' id='word_1_149' title='bbox 2312 494 2463 536; x_wconf 87' lang='lat' dir='ltr'><strong>sasse</strong></span> <span class='ocrx_word' id='word_1_150' title='bbox 2489 489 2545 537; x_wconf 93' lang='lat' dir='ltr'><strong>et</strong></span> <span class='ocrx_word' id='word_1_151' title='bbox 2563 480 2791 537; x_wconf 87' lang='lat' dir='ltr'><strong>desiisse</strong></span> <span class='ocrx_word' id='word_1_152' title='bbox 2810 479 3138 537; x_wconf 89' lang='lat' dir='ltr'><strong>credendum</strong></span> <span class='ocrx_word' id='word_1_153' title='bbox 3154 488 3238 537; x_wconf 88' lang='lat' dir='ltr'><strong>est</strong></span> <span class='ocrx_word' id='word_1_154' title='bbox 3252 487 3371 551; x_wconf 91' lang='lat' dir='ltr'><strong>post</strong></span> <span class='ocrx_word' id='word_1_155' title='bbox 3397 480 3575 537; x_wconf 89' lang='lat' dir='ltr'><strong>mundi</strong></span> <span class='ocrx_word' id='word_1_156' title='bbox 3602 481 3820 541; x_wconf 77' lang='lat' dir='ltr'><strong>fabricam</strong></span> <span class='ocrx_word' id='word_1_157' title='bbox 3844 503 3856 542; x_wconf 87' lang='lat'><strong>:</strong></span> 
     </span>
    </p>
   </div>
   <div class='ocr_carea' id='block_1_19' title="bbox 2311 571 3860 647">
    <p class='ocr_par' dir='ltr' id='par_1_19' title="bbox 2311 571 3860 647">
     <span class='ocr_line' id='line_1_19' title="bbox 2311 571 3860 647; baseline 0.003 -18"><span class='ocrx_word' id='word_1_158' title='bbox 2311 587 2435 629; x_wconf 90' lang='lat' dir='ltr'><strong>cum</strong></span> <span class='ocrx_word' id='word_1_159' title='bbox 2466 571 2729 628; x_wconf 86' lang='lat' dir='ltr'><strong>Dominus</strong></span> <span class='ocrx_word' id='word_1_160' title='bbox 2749 573 3001 643; x_wconf 86' lang='lat' dir='ltr'><strong>loquatur</strong></span> <span class='ocrx_word' id='word_1_161' title='bbox 3025 582 3079 628; x_wconf 90' lang='lat' dir='ltr'><strong>et</strong></span> <span class='ocrx_word' id='word_1_162' title='bbox 3108 571 3251 627; x_wconf 90' lang='lat' dir='ltr'><strong>dicat</strong></span> <span class='ocrx_word' id='word_1_163' title='bbox 3280 589 3294 624; x_wconf 93' lang='lat'>:</span> <span class='ocrx_word' id='word_1_164' title='bbox 3324 589 3343 623; x_wconf 77' lang='grc' dir='ltr'><strong>ι</strong></span> <span class='ocrx_word' id='word_1_165' title='bbox 3380 571 3537 627; x_wconf 89' lang='lat' dir='ltr'><strong>Pater</strong></span> <span class='ocrx_word' id='word_1_166' title='bbox 3562 588 3700 629; x_wconf 88' lang='lat' dir='ltr'><strong>meus</strong></span> <span class='ocrx_word' id='word_1_167' title='bbox 3723 590 3860 647; x_wconf 87' lang='lat' dir='ltr'><strong>usque</strong></span> 
     </span>
    </p>
   </div>
   <div class='ocr_carea' id='block_1_20' title="bbox 2312 662 3857 736">
    <p class='ocr_par' dir='ltr' id='par_1_20' title="bbox 2312 662 3857 736">
     <span class='ocr_line' id='line_1_20' title="bbox 2312 662 3857 736; baseline 0 -15"><span class='ocrx_word' id='word_1_168' title='bbox 2312 681 2456 721; x_wconf 85' lang='lat' dir='ltr'><strong>nunc</strong></span> <span class='ocrx_word' id='word_1_169' title='bbox 2483 672 2739 735; x_wconf 83' lang='lat' dir='ltr'><strong>operatur</strong></span> <span class='ocrx_word' id='word_1_170' title='bbox 2768 663 2948 736; x_wconf 81' lang='lat' dir='ltr'><strong>(Joan.</strong></span> <span class='ocrx_word' id='word_1_171' title='bbox 2978 681 3032 731; x_wconf 91' lang='lat' dir='ltr'><strong>v,</strong></span> <span class='ocrx_word' id='word_1_172' title='bbox 3077 662 3168 735; x_wconf 87' lang='grc'><strong>17)</strong></span> <span class='ocrx_word' id='word_1_173' title='bbox 3200 663 3285 718; x_wconf 87' lang='lat'><strong>76.</strong></span> <span class='ocrx_word' id='word_1_174' title='bbox 3318 662 3495 718; x_wconf 89' lang='lat' dir='ltr'><strong>Otium</strong></span> <span class='ocrx_word' id='word_1_175' title='bbox 3521 663 3591 718; x_wconf 90' lang='lat' dir='ltr'><strong>illi</strong></span> <span class='ocrx_word' id='word_1_176' title='bbox 3612 665 3691 719; x_wconf 89' lang='lat' dir='ltr'><strong>vel</strong></span> <span class='ocrx_word' id='word_1_177' title='bbox 3709 676 3857 734; x_wconf 86' lang='lat' dir='ltr'><strong>antea,</strong></span> 
     </span>
    </p>
   </div>
   <div class='ocr_carea' id='block_1_21' title="bbox 2313 754 3860 828">
    <p class='ocr_par' dir='ltr' id='par_1_21' title="bbox 2313 754 3860 828">
     <span class='ocr_line' id='line_1_21' title="bbox 2313 754 3860 828; baseline 0 -15"><span class='ocrx_word' id='word_1_178' title='bbox 2313 761 2398 813; x_wconf 88' lang='lat' dir='ltr'><strong>vel</strong></span> <span class='ocrx_word' id='word_1_179' title='bbox 2435 757 2777 828; x_wconf 87' lang='lat' dir='ltr'><strong>postmodum</strong></span> <span class='ocrx_word' id='word_1_180' title='bbox 2810 756 3048 827; x_wconf 89' lang='lat' dir='ltr'><strong>requiem</strong></span> <span class='ocrx_word' id='word_1_181' title='bbox 3097 754 3175 809; x_wconf 88' lang='lat' dir='ltr'><strong>illi</strong></span> <span class='ocrx_word' id='word_1_182' title='bbox 3219 755 3459 825; x_wconf 88' lang='lat' dir='ltr'><strong>assignat</strong></span> <span class='ocrx_word' id='word_1_183' title='bbox 3483 755 3708 825; x_wconf 84' lang='lat' dir='ltr'><strong>quisquis</strong></span> <span class='ocrx_word' id='word_1_184' title='bbox 3738 756 3860 814; x_wconf 88' lang='lat' dir='ltr'><strong>illum</strong></span> 
     </span>
    </p>
   </div>
   <div class='ocr_carea' id='block_1_22' title="bbox 2316 847 3862 921">
    <p class='ocr_par' dir='ltr' id='par_1_22' title="bbox 2316 847 3862 921">
     <span class='ocr_line' id='line_1_22' title="bbox 2316 847 3862 921; baseline 0.001 -15"><span class='ocrx_word' id='word_1_185' title='bbox 2316 849 2701 921; x_wconf 81' lang='lat' dir='ltr'><strong>infatigabilem</strong></span> <span class='ocrx_word' id='word_1_186' title='bbox 2726 849 2899 905; x_wconf 88' lang='lat' dir='ltr'><strong>nescit</strong></span> <span class='ocrx_word' id='word_1_187' title='bbox 2927 866 2940 901; x_wconf 91' lang='lat'>:</span> <span class='ocrx_word' id='word_1_188' title='bbox 2966 858 3020 904; x_wconf 91' lang='lat' dir='ltr'><strong>et</strong></span> <span class='ocrx_word' id='word_1_189' title='bbox 3044 848 3258 919; x_wconf 87' lang='lat' dir='ltr'><strong>ignorat</strong></span> <span class='ocrx_word' id='word_1_190' title='bbox 3280 847 3421 918; x_wconf 91' lang='lat' dir='ltr'><strong>quod</strong></span> <span class='ocrx_word' id='word_1_191' title='bbox 3451 848 3576 902; x_wconf 93' lang='lat' dir='ltr'><strong>nihil</strong></span> <span class='ocrx_word' id='word_1_192' title='bbox 3594 847 3667 903; x_wconf 91' lang='lat' dir='ltr'><strong>illi</strong></span> <span class='ocrx_word' id='word_1_193' title='bbox 3684 864 3862 919; x_wconf 79' lang='lat' dir='ltr'><strong>semper</strong></span> 
     </span>
    </p>
   </div>
   <div class='ocr_carea' id='block_1_23' title="bbox 2315 939 3861 1014">
    <p class='ocr_par' dir='ltr' id='par_1_23' title="bbox 2315 939 3861 1014">
     <span class='ocr_line' id='line_1_23' title="bbox 2315 939 3861 1014; baseline 0 -18"><span class='ocrx_word' id='word_1_194' title='bbox 2315 941 2597 1006; x_wconf 89' lang='lat' dir='ltr'><strong>acciderit,</strong></span> <span class='ocrx_word' id='word_1_195' title='bbox 2642 940 2736 996; x_wconf 90' lang='lat' dir='ltr'><strong>sed</strong></span> <span class='ocrx_word' id='word_1_196' title='bbox 2791 955 3008 1011; x_wconf 83' lang='lat' dir='ltr'><strong>semper</strong></span> <span class='ocrx_word' id='word_1_197' title='bbox 3046 941 3115 995; x_wconf 93' lang='lat' dir='ltr'><strong>sit</strong></span> <span class='ocrx_word' id='word_1_198' title='bbox 3163 939 3272 994; x_wconf 88' lang='lat'><strong>77:</strong></span> <span class='ocrx_word' id='word_1_199' title='bbox 3319 939 3462 1009; x_wconf 89' lang='lat' dir='ltr'><strong>quod</strong></span> <span class='ocrx_word' id='word_1_200' title='bbox 3508 954 3671 1011; x_wconf 61' lang='lat' dir='ltr'><strong>graeca</strong></span> <span class='ocrx_word' id='word_1_201' title='bbox 3715 942 3861 1014; x_wconf 79' lang='lat' dir='ltr'><strong>lingua</strong></span> 
     </span>
    </p>
   </div>
   <div class='ocr_carea' id='block_1_24' title="bbox 2315 1033 3863 1106">
    <p class='ocr_par' dir='ltr' id='par_1_24' title="bbox 2315 1033 3863 1106">
     <span class='ocr_line' id='line_1_24' title="bbox 2315 1033 3863 1106; baseline 0.001 -14"><span class='ocrx_word' id='word_1_202' title='bbox 2315 1038 2580 1093; x_wconf 81' lang='grc' dir='ltr'><strong>ἀναστιτεν</strong></span> <span class='ocrx_word' id='word_1_203' title='bbox 2607 1043 2759 1091; x_wconf 89' lang='lat' dir='ltr'><strong>vocat</strong></span> <span class='ocrx_word' id='word_1_204' title='bbox 2792 1051 2806 1088; x_wconf 90' lang='lat'><strong>:</strong></span> <span class='ocrx_word' id='word_1_205' title='bbox 2840 1043 2896 1091; x_wconf 93' lang='lat' dir='ltr'><strong>et</strong></span> <span class='ocrx_word' id='word_1_206' title='bbox 2931 1034 2983 1090; x_wconf 91' lang='lat' dir='ltr'><strong>in</strong></span> <span class='ocrx_word' id='word_1_207' title='bbox 3014 1033 3268 1089; x_wconf 86' lang='lat' dir='ltr'><strong>omnibus</strong></span> <span class='ocrx_word' id='word_1_208' title='bbox 3315 1046 3526 1105; x_wconf 89' lang='lat' dir='ltr'><strong>semper</strong></span> <span class='ocrx_word' id='word_1_209' title='bbox 3569 1035 3635 1090; x_wconf 93' lang='lat' dir='ltr'><strong>sit</strong></span> <span class='ocrx_word' id='word_1_210' title='bbox 3676 1035 3863 1106; x_wconf 77' lang='lat' dir='ltr'><strong>spiritus</strong></span> 
     </span>
    </p>
   </div>
   <div class='ocr_carea' id='block_1_25' title="bbox 2317 1126 2713 1197">
    <p class='ocr_par' dir='ltr' id='par_1_25' title="bbox 2317 1126 2713 1197">
     <span class='ocr_line' id='line_1_25' title="bbox 2317 1126 2713 1197; baseline -0.005 -15"><span class='ocrx_word' id='word_1_211' title='bbox 2317 1126 2588 1197; x_wconf 90' lang='lat' dir='ltr'><strong>perfectus</strong></span> <span class='ocrx_word' id='word_1_212' title='bbox 2625 1127 2713 1182; x_wconf 88' lang='lat'><strong>78.</strong></span> 
     </span>
    </p>
   </div>
   <div class='ocr_carea' id='block_1_26' title="bbox 2391 1218 3862 1292">
    <p class='ocr_par' dir='ltr' id='par_1_26' title="bbox 2391 1218 3862 1292">
     <span class='ocr_line' id='line_1_26' title="bbox 2391 1218 3862 1292; baseline 0 -17"><span class='ocrx_word' id='word_1_213' title='bbox 2391 1219 2455 1276; x_wconf 86' lang='lat' dir='ltr'><strong>V.</strong></span> <span class='ocrx_word' id='word_1_214' title='bbox 2488 1219 2623 1276; x_wconf 89' lang='lat' dir='ltr'><strong>Esse</strong></span> <span class='ocrx_word' id='word_1_215' title='bbox 2661 1220 2819 1292; x_wconf 80' lang='lat' dir='ltr'><strong>igitur</strong></span> <span class='ocrx_word' id='word_1_216' title='bbox 2841 1219 3070 1292; x_wconf 91' lang='lat' dir='ltr'><strong>plurima</strong></span> <span class='ocrx_word' id='word_1_217' title='bbox 3095 1234 3216 1291; x_wconf 86' lang='lat' dir='ltr'><strong>quae</strong></span> <span class='ocrx_word' id='word_1_218' title='bbox 3250 1234 3344 1291; x_wconf 91' lang='lat' dir='ltr'><strong>per</strong></span> <span class='ocrx_word' id='word_1_219' title='bbox 3368 1219 3559 1275; x_wconf 83' lang='lat' dir='ltr'><strong>Filium</strong></span> <span class='ocrx_word' id='word_1_220' title='bbox 3587 1218 3755 1276; x_wconf 83' lang='lat' dir='ltr'><strong>fecerit</strong></span> <span class='ocrx_word' id='word_1_221' title='bbox 3776 1220 3862 1278; x_wconf 88' lang='lat'><strong>79:</strong></span> 
     </span>
    </p>
   </div>
   <div class='ocr_carea' id='block_1_27' title="bbox 2316 1313 3862 1385">
    <p class='ocr_par' dir='ltr' id='par_1_27' title="bbox 2316 1313 3862 1385">
     <span class='ocr_line' id='line_1_27' title="bbox 2316 1313 3862 1385; baseline 0.001 -17"><span class='ocrx_word' id='word_1_222' title='bbox 2316 1328 2540 1385; x_wconf 88' lang='lat' dir='ltr'><strong>quorum</strong></span> <span class='ocrx_word' id='word_1_223' title='bbox 2580 1325 2672 1369; x_wconf 90' lang='lat' dir='ltr'><strong>aut</strong></span> <span class='ocrx_word' id='word_1_224' title='bbox 2698 1315 2813 1370; x_wconf 90' lang='lat' dir='ltr'><strong>sola</strong></span> <span class='ocrx_word' id='word_1_225' title='bbox 2845 1314 3001 1371; x_wconf 91' lang='lat' dir='ltr'><strong>nobis</strong></span> <span class='ocrx_word' id='word_1_226' title='bbox 3056 1322 3180 1369; x_wconf 88' lang='lat' dir='ltr'><strong>nota</strong></span> <span class='ocrx_word' id='word_1_227' title='bbox 3232 1322 3357 1369; x_wconf 88' lang='lat' dir='ltr'><strong>sunt</strong></span> <span class='ocrx_word' id='word_1_228' title='bbox 3402 1313 3630 1377; x_wconf 90' lang='lat' dir='ltr'><strong>nomina,</strong></span> <span class='ocrx_word' id='word_1_229' title='bbox 3672 1323 3752 1368; x_wconf 91' lang='lat' dir='ltr'><strong>aut</strong></span> <span class='ocrx_word' id='word_1_230' title='bbox 3781 1329 3862 1371; x_wconf 86' lang='lat' dir='ltr'><strong>nec</strong></span> 
     </span>
    </p>
   </div>
   <div class='ocr_carea' id='block_1_28' title="bbox 2317 1404 3865 1478">
    <p class='ocr_par' dir='ltr' id='par_1_28' title="bbox 2317 1404 3865 1478">
     <span class='ocr_line' id='line_1_28' title="bbox 2317 1404 3865 1478; baseline -0.001 -16"><span class='ocrx_word' id='word_1_231' title='bbox 2317 1407 2435 1477; x_wconf 84' lang='lat' dir='ltr'><strong>ipsa</strong></span> <span class='ocrx_word' id='word_1_232' title='bbox 2462 1416 2589 1462; x_wconf 88' lang='lat' dir='ltr'><strong>sunt</strong></span> <span class='ocrx_word' id='word_1_233' title='bbox 2616 1406 2854 1478; x_wconf 84' lang='lat' dir='ltr'><strong>cognita.</strong></span> <span class='ocrx_word' id='word_1_234' title='bbox 2882 1405 3077 1473; x_wconf 83' lang='lat' dir='ltr'><strong>Quanti</strong></span> <span class='ocrx_word' id='word_1_235' title='bbox 3109 1406 3253 1461; x_wconf 91' lang='lat' dir='ltr'><strong>enim</strong></span> <span class='ocrx_word' id='word_1_236' title='bbox 3285 1414 3409 1461; x_wconf 87' lang='lat' dir='ltr'><strong>sunt</strong></span> <span class='ocrx_word' id='word_1_237' title='bbox 3449 1404 3654 1460; x_wconf 81' lang='lat' dir='ltr'><strong>throni?</strong></span> <span class='ocrx_word' id='word_1_238' title='bbox 3690 1414 3865 1475; x_wconf 77' lang='lat' dir='ltr'><strong>quanta:</strong></span> 
     </span>
    </p>
   </div>
   <div class='ocr_carea' id='block_1_29' title="bbox 2316 1496 3856 1569">
    <p class='ocr_par' dir='ltr' id='par_1_29' title="bbox 2316 1496 3856 1569">
     <span class='ocr_line' id='line_1_29' title="bbox 2316 1496 3856 1569; baseline -0.003 -17"><span class='ocrx_word' id='word_1_239' title='bbox 2316 1498 2651 1569; x_wconf 85' lang='lat' dir='ltr'><strong>potestates?</strong></span> <span class='ocrx_word' id='word_1_240' title='bbox 2693 1508 2908 1567; x_wconf 73' lang='lat' dir='ltr'><strong>quanta:</strong></span> <span class='ocrx_word' id='word_1_241' title='bbox 2956 1496 3392 1553; x_wconf 85' lang='lat' dir='ltr'><strong>dominationes?</strong></span> <span class='ocrx_word' id='word_1_242' title='bbox 3434 1497 3609 1566; x_wconf 88' lang='lat' dir='ltr'><strong>quanti</strong></span> <span class='ocrx_word' id='word_1_243' title='bbox 3632 1496 3856 1565; x_wconf 80' lang='lat' dir='ltr'><strong>principa-</strong></span> 
     </span>
    </p>
   </div>
   <div class='ocr_carea' id='block_1_30' title="bbox 2319 1588 3862 1663">
    <p class='ocr_par' dir='ltr' id='par_1_30' title="bbox 2319 1588 3862 1663">
     <span class='ocr_line' id='line_1_30' title="bbox 2319 1588 3862 1663; baseline -0.003 -16"><span class='ocrx_word' id='word_1_244' title='bbox 2319 1591 2439 1647; x_wconf 87' lang='lat' dir='ltr'><strong>tus?</strong></span> <span class='ocrx_word' id='word_1_245' title='bbox 2466 1592 2649 1663; x_wconf 87' lang='lat' dir='ltr'><strong>quanti</strong></span> <span class='ocrx_word' id='word_1_246' title='bbox 2679 1590 2937 1661; x_wconf 89' lang='lat' dir='ltr'><strong>spiritus?</strong></span> <span class='ocrx_word' id='word_1_247' title='bbox 2959 1591 3142 1660; x_wconf 91' lang='lat' dir='ltr'><strong>quanti</strong></span> <span class='ocrx_word' id='word_1_248' title='bbox 3174 1588 3406 1660; x_wconf 81' lang='lat' dir='ltr'><strong>Angeli?</strong></span> <span class='ocrx_word' id='word_1_249' title='bbox 3450 1603 3567 1659; x_wconf 77' lang='lat' dir='ltr'><strong>qnte</strong></span> <span class='ocrx_word' id='word_1_250' title='bbox 3590 1603 3682 1643; x_wconf 90' lang='lat' dir='ltr'><strong>uec</strong></span> <span class='ocrx_word' id='word_1_251' title='bbox 3706 1588 3862 1643; x_wconf 88' lang='lat' dir='ltr'><strong>oculus</strong></span> 
     </span>
    </p>
   </div>
   <div class='ocr_carea' id='block_1_31' title="bbox 2315 1679 3866 1750">
    <p class='ocr_par' dir='ltr' id='par_1_31' title="bbox 2315 1679 3866 1750">
     <span class='ocr_line' id='line_1_31' title="bbox 2315 1679 3866 1750; baseline -0.001 -13"><span class='ocrx_word' id='word_1_252' title='bbox 2315 1683 2468 1749; x_wconf 86' lang='lat' dir='ltr'><strong>vidit,</strong></span> <span class='ocrx_word' id='word_1_253' title='bbox 2494 1698 2593 1739; x_wconf 91' lang='lat' dir='ltr'><strong>nec</strong></span> <span class='ocrx_word' id='word_1_254' title='bbox 2620 1684 2768 1738; x_wconf 90' lang='lat' dir='ltr'><strong>auris</strong></span> <span class='ocrx_word' id='word_1_255' title='bbox 2815 1681 3040 1750; x_wconf 78' lang='lat' dir='ltr'><strong>audivit,</strong></span> <span class='ocrx_word' id='word_1_256' title='bbox 3085 1697 3185 1739; x_wconf 86' lang='lat' dir='ltr'><strong>nec</strong></span> <span class='ocrx_word' id='word_1_257' title='bbox 3214 1681 3268 1736; x_wconf 93' lang='lat' dir='ltr'><strong>in</strong></span> <span class='ocrx_word' id='word_1_258' title='bbox 3291 1696 3387 1736; x_wconf 91' lang='lat' dir='ltr'><strong>cor</strong></span> <span class='ocrx_word' id='word_1_259' title='bbox 3425 1679 3647 1735; x_wconf 90' lang='lat' dir='ltr'><strong>hominis</strong></span> <span class='ocrx_word' id='word_1_260' title='bbox 3676 1679 3866 1736; x_wconf 88' lang='lat' dir='ltr'><strong>adscen-</strong></span> 
     </span>
    </p>
   </div>
   <div class='ocr_carea' id='block_1_32' title="bbox 606 1772 2222 1866">
    <p class='ocr_par' dir='ltr' id='par_1_32' title="bbox 606 1793 2214 1866">
     <span class='ocr_line' id='line_1_32' title="bbox 606 1793 2214 1866; baseline 0.002 -17"><span class='ocrx_word' id='word_1_261' title='bbox 606 1794 733 1850; x_wconf 92' lang='lat' dir='ltr'><strong>dum</strong></span> <span class='ocrx_word' id='word_1_262' title='bbox 764 1794 929 1851; x_wconf 90' lang='lat' dir='ltr'><strong>fuerit</strong></span> <span class='ocrx_word' id='word_1_263' title='bbox 953 1794 1273 1850; x_wconf 85' lang='lat' dir='ltr'><strong>fabricatum</strong></span> <span class='ocrx_word' id='word_1_264' title='bbox 1305 1794 1398 1862; x_wconf 87' lang='lat'><strong>60,</strong></span> <span class='ocrx_word' id='word_1_265' title='bbox 1427 1795 1569 1865; x_wconf 88' lang='lat' dir='ltr'><strong>apud</strong></span> <span class='ocrx_word' id='word_1_266' title='bbox 1593 1795 1745 1851; x_wconf 91' lang='lat' dir='ltr'><strong>illum</strong></span> <span class='ocrx_word' id='word_1_267' title='bbox 1768 1794 1881 1866; x_wconf 86' lang='lat' dir='ltr'><strong>jam</strong></span> <span class='ocrx_word' id='word_1_268' title='bbox 1904 1793 2068 1852; x_wconf 87' lang='lat' dir='ltr'><strong>fuerit</strong></span> <span class='ocrx_word' id='word_1_269' title='bbox 2093 1805 2148 1852; x_wconf 93' lang='lat' dir='ltr'><strong>et</strong></span> <span class='ocrx_word' id='word_1_270' title='bbox 2167 1797 2214 1852; x_wconf 92' lang='lat' dir='ltr'><strong>si</strong></span> 
     </span>
    </p>
   </div>
   <div class='ocr_carea' id='block_1_33' title="bbox 2324 1772 3863 1866">
    <p class='ocr_par' dir='ltr' id='par_1_33' title="bbox 2324 1772 3863 1846">
     <span class='ocr_line' id='line_1_33' title="bbox 2324 1772 3863 1846; baseline -0.004 -13"><span class='ocrx_word' id='word_1_271' title='bbox 2324 1776 2395 1833; x_wconf 86' lang='lat' dir='ltr'><strong>dit</strong></span> <span class='ocrx_word' id='word_1_272' title='bbox 2414 1775 2523 1833; x_wconf 88' lang='lat'><strong>80?</strong></span> <span class='ocrx_word' id='word_1_273' title='bbox 2548 1777 2816 1846; x_wconf 86' lang='lat' dir='ltr'><strong>Quantam</strong></span> <span class='ocrx_word' id='word_1_274' title='bbox 2846 1776 3012 1832; x_wconf 89' lang='lat' dir='ltr'><strong>etiam</strong></span> <span class='ocrx_word' id='word_1_275' title='bbox 3058 1775 3365 1830; x_wconf 87' lang='lat' dir='ltr'><strong>claritatem</strong></span> <span class='ocrx_word' id='word_1_276' title='bbox 3407 1782 3647 1844; x_wconf 85' lang='lat' dir='ltr'><strong>putamus</strong></span> <span class='ocrx_word' id='word_1_277' title='bbox 3687 1787 3789 1829; x_wconf 87' lang='lat' dir='ltr'><strong>esse</strong></span> <span class='ocrx_word' id='word_1_278' title='bbox 3822 1772 3863 1827; x_wconf 85' lang='lat' dir='ltr'><strong>in</strong></span> 
     </span>
    </p>
   </div>
   <div class='ocr_carea' id='block_1_34' title="bbox 608 1886 2218 1959">
    <p class='ocr_par' dir='ltr' id='par_1_34' title="bbox 608 1886 2218 1959">
     <span class='ocr_line' id='line_1_34' title="bbox 608 1886 2218 1959; baseline 0.002 -18"><span class='ocrx_word' id='word_1_279' title='bbox 608 1901 718 1942; x_wconf 87' lang='lat' dir='ltr'><strong>non</strong></span> <span class='ocrx_word' id='word_1_280' title='bbox 741 1886 795 1942; x_wconf 93' lang='lat' dir='ltr'><strong>iu</strong></span> <span class='ocrx_word' id='word_1_281' title='bbox 829 1887 1153 1955; x_wconf 88' lang='lat' dir='ltr'><strong>substantia,</strong></span> <span class='ocrx_word' id='word_1_282' title='bbox 1185 1888 1341 1959; x_wconf 90' lang='lat' dir='ltr'><strong>plena</strong></span> <span class='ocrx_word' id='word_1_283' title='bbox 1367 1887 1728 1957; x_wconf 82' lang='lat' dir='ltr'><strong>dispositione</strong></span> <span class='ocrx_word' id='word_1_284' title='bbox 1756 1887 1823 1944; x_wconf 89' lang='grc'><strong>61</strong></span> <span class='ocrx_word' id='word_1_285' title='bbox 1856 1905 1869 1943; x_wconf 92' lang='lat'><strong>:</strong></span> <span class='ocrx_word' id='word_1_286' title='bbox 1897 1886 2015 1944; x_wconf 89' lang='lat' dir='ltr'><strong>Non</strong></span> <span class='ocrx_word' id='word_1_287' title='bbox 2039 1889 2218 1945; x_wconf 91' lang='lat' dir='ltr'><strong>minus</strong></span> 
     </span>
    </p>
   </div>
   <div class='ocr_carea' id='block_1_35' title="bbox 611 1980 2219 2050">
    <p class='ocr_par' dir='ltr' id='par_1_35' title="bbox 611 1980 2219 2050">
     <span class='ocr_line' id='line_1_35' title="bbox 611 1980 2219 2050; baseline -0.001 -12"><span class='ocrx_word' id='word_1_288' title='bbox 611 1982 756 2038; x_wconf 94' lang='lat' dir='ltr'><strong>enim</strong></span> <span class='ocrx_word' id='word_1_289' title='bbox 801 1991 919 2037; x_wconf 89' lang='lat' dir='ltr'><strong>erat</strong></span> <span class='ocrx_word' id='word_1_290' title='bbox 963 1983 1234 2050; x_wconf 83' lang='lat' dir='ltr'><strong>impotens</strong></span> <span class='ocrx_word' id='word_1_291' title='bbox 1273 1980 1437 2037; x_wconf 83' lang='lat' dir='ltr'><strong>simul</strong></span> <span class='ocrx_word' id='word_1_292' title='bbox 1467 1981 1650 2037; x_wconf 90' lang='lat' dir='ltr'><strong>omnia</strong></span> <span class='ocrx_word' id='word_1_293' title='bbox 1699 1984 1875 2038; x_wconf 79' lang='lat' dir='ltr'><strong>facere</strong></span> <span class='ocrx_word' id='word_1_294' title='bbox 1921 1981 2015 2049; x_wconf 75' lang='lat'><strong>62,</strong></span> <span class='ocrx_word' id='word_1_295' title='bbox 2037 1981 2133 2038; x_wconf 91' lang='lat' dir='ltr'><strong>sed</strong></span> <span class='ocrx_word' id='word_1_296' title='bbox 2162 1990 2219 2037; x_wconf 93' lang='lat' dir='ltr'><strong>ut</strong></span> 
     </span>
    </p>
   </div>
   <div class='ocr_carea' id='block_1_36' title="bbox 611 2072 2217 2146">
    <p class='ocr_par' dir='ltr' id='par_1_36' title="bbox 611 2072 2217 2146">
     <span class='ocr_line' id='line_1_36' title="bbox 611 2072 2217 2146; baseline -0.002 -16"><span class='ocrx_word' id='word_1_297' title='bbox 611 2074 859 2130; x_wconf 86' lang='lat' dir='ltr'><strong>ordinata</strong></span> <span class='ocrx_word' id='word_1_298' title='bbox 882 2084 936 2130; x_wconf 90' lang='lat' dir='ltr'><strong>et</strong></span> <span class='ocrx_word' id='word_1_299' title='bbox 955 2073 1221 2146; x_wconf 83' lang='lat' dir='ltr'><strong>gradatim</strong></span> <span class='ocrx_word' id='word_1_300' title='bbox 1244 2072 1509 2145; x_wconf 88' lang='lat' dir='ltr'><strong>disposita</strong></span> <span class='ocrx_word' id='word_1_301' title='bbox 1538 2074 1789 2129; x_wconf 88' lang='lat' dir='ltr'><strong>universa</strong></span> <span class='ocrx_word' id='word_1_302' title='bbox 1812 2088 1911 2145; x_wconf 90' lang='lat' dir='ltr'><strong>pro</strong></span> <span class='ocrx_word' id='word_1_303' title='bbox 1926 2087 2027 2129; x_wconf 89' lang='lat' dir='ltr'><strong>suo</strong></span> <span class='ocrx_word' id='word_1_304' title='bbox 2049 2072 2217 2144; x_wconf 89' lang='lat' dir='ltr'><strong>gradu</strong></span> 
     </span>
    </p>
   </div>
   <div class='ocr_carea' id='block_1_37' title="bbox 612 2165 2221 2238">
    <p class='ocr_par' dir='ltr' id='par_1_37' title="bbox 612 2165 2221 2238">
     <span class='ocr_line' id='line_1_37' title="bbox 612 2165 2221 2238; baseline -0.001 -14"><span class='ocrx_word' id='word_1_305' title='bbox 612 2176 670 2224; x_wconf 91' lang='lat' dir='ltr'><strong>et</strong></span> <span class='ocrx_word' id='word_1_306' title='bbox 697 2167 905 2225; x_wconf 90' lang='lat' dir='ltr'><strong>honore</strong></span> <span class='ocrx_word' id='word_1_307' title='bbox 932 2168 1394 2238; x_wconf 87' lang='lat' dir='ltr'><strong>obsequerentur;</strong></span> <span class='ocrx_word' id='word_1_308' title='bbox 1428 2174 1481 2223; x_wconf 90' lang='lat' dir='ltr'><strong>et</strong></span> <span class='ocrx_word' id='word_1_309' title='bbox 1504 2181 1573 2222; x_wconf 91' lang='lat' dir='ltr'><strong>ne</strong></span> <span class='ocrx_word' id='word_1_310' title='bbox 1597 2166 1806 2237; x_wconf 87' lang='lat' dir='ltr'><strong>passiva</strong></span> <span class='ocrx_word' id='word_1_311' title='bbox 1831 2173 1889 2222; x_wconf 90' lang='lat' dir='ltr'><strong>et</strong></span> <span class='ocrx_word' id='word_1_312' title='bbox 1913 2165 2057 2221; x_wconf 91' lang='lat' dir='ltr'><strong>nulla</strong></span> <span class='ocrx_word' id='word_1_313' title='bbox 2080 2165 2221 2222; x_wconf 89' lang='lat' dir='ltr'><strong>inter</strong></span> 
     </span>
    </p>
   </div>
   <div class='ocr_carea' id='block_1_38' title="bbox 612 2258 2220 2330">
    <p class='ocr_par' dir='ltr' id='par_1_38' title="bbox 612 2258 2220 2330">
     <span class='ocr_line' id='line_1_38' title="bbox 612 2258 2220 2330; baseline -0.001 -16"><span class='ocrx_word' id='word_1_314' title='bbox 612 2273 674 2315; x_wconf 89' lang='lat' dir='ltr'><strong>se</strong></span> <span class='ocrx_word' id='word_1_315' title='bbox 700 2260 1002 2330; x_wconf 90' lang='lat' dir='ltr'><strong>antiquiora</strong></span> <span class='ocrx_word' id='word_1_316' title='bbox 1038 2258 1395 2315; x_wconf 81' lang='lat' dir='ltr'><strong>inhonorilica</strong></span> <span class='ocrx_word' id='word_1_317' title='bbox 1427 2268 1812 2330; x_wconf 86' lang='lat' dir='ltr'><strong>permanerent</strong></span> <span class='ocrx_word' id='word_1_318' title='bbox 1860 2258 1951 2315; x_wconf 80' lang='lat'><strong>63.</strong></span> <span class='ocrx_word' id='word_1_319' title='bbox 1992 2258 2123 2314; x_wconf 84' lang='lat' dir='ltr'><strong>Nam</strong></span> <span class='ocrx_word' id='word_1_320' title='bbox 2174 2258 2220 2314; x_wconf 90' lang='lat' dir='ltr'><strong>si</strong></span> 
     </span>
    </p>
   </div>
   <div class='ocr_carea' id='block_1_39' title="bbox 619 2352 2218 2425">
    <p class='ocr_par' dir='ltr' id='par_1_39' title="bbox 619 2352 2218 2425">
     <span class='ocr_line' id='line_1_39' title="bbox 619 2352 2218 2425; baseline 0.001 -17"><span class='ocrx_word' id='word_1_321' title='bbox 619 2369 741 2425; x_wconf 73' lang='lat' dir='ltr'><strong>qua:</strong></span> <span class='ocrx_word' id='word_1_322' title='bbox 770 2354 940 2409; x_wconf 91' lang='lat' dir='ltr'><strong>nostri</strong></span> <span class='ocrx_word' id='word_1_323' title='bbox 965 2368 1126 2409; x_wconf 91' lang='lat' dir='ltr'><strong>causa</strong></span> <span class='ocrx_word' id='word_1_324' title='bbox 1177 2370 1208 2409; x_wconf 87' lang='lat' dir='ltr'><strong>a</strong></span> <span class='ocrx_word' id='word_1_325' title='bbox 1252 2352 1388 2410; x_wconf 85' lang='lat' dir='ltr'><strong>Filio</strong></span> <span class='ocrx_word' id='word_1_326' title='bbox 1420 2353 1512 2409; x_wconf 92' lang='lat' dir='ltr'><strong>Dei</strong></span> <span class='ocrx_word' id='word_1_327' title='bbox 1545 2354 1797 2410; x_wconf 90' lang='lat' dir='ltr'><strong>nativitas</strong></span> <span class='ocrx_word' id='word_1_328' title='bbox 1833 2364 2086 2425; x_wconf 89' lang='lat' dir='ltr'><strong>suscepta</strong></span> <span class='ocrx_word' id='word_1_329' title='bbox 2113 2363 2218 2421; x_wconf 90' lang='lat' dir='ltr'><strong>est,</strong></span> 
     </span>
    </p>
   </div>
   <div class='ocr_carea' id='block_1_40' title="bbox 620 2445 2216 2518">
    <p class='ocr_par' dir='ltr' id='par_1_40' title="bbox 620 2445 2216 2518">
     <span class='ocr_line' id='line_1_40' title="bbox 620 2445 2216 2518; baseline -0.001 -16"><span class='ocrx_word' id='word_1_330' title='bbox 620 2445 1191 2518; x_wconf 84' lang='lat' dir='ltr'><strong>incomprehensibilis</strong></span> <span class='ocrx_word' id='word_1_331' title='bbox 1247 2456 1367 2515; x_wconf 90' lang='lat' dir='ltr'><strong>est,</strong></span> <span class='ocrx_word' id='word_1_332' title='bbox 1441 2461 1548 2502; x_wconf 91' lang='lat' dir='ltr'><strong>non</strong></span> <span class='ocrx_word' id='word_1_333' title='bbox 1603 2446 1799 2501; x_wconf 89' lang='lat' dir='ltr'><strong>nudata</strong></span> <span class='ocrx_word' id='word_1_334' title='bbox 1863 2446 2216 2509; x_wconf 89' lang='lat' dir='ltr'><strong>mortalibus;</strong></span> 
     </span>
    </p>
   </div>
   <div class='ocr_carea' id='block_1_41' title="bbox 615 2537 2221 2613">
    <p class='ocr_par' dir='ltr' id='par_1_41' title="bbox 615 2537 2221 2613">
     <span class='ocr_line' id='line_1_41' title="bbox 615 2537 2221 2613; baseline -0.001 -17"><span class='ocrx_word' id='word_1_335' title='bbox 615 2548 818 2613; x_wconf 83' lang='lat' dir='ltr'><strong>quanto</strong></span> <span class='ocrx_word' id='word_1_336' title='bbox 850 2541 1021 2611; x_wconf 82' lang='lat' dir='ltr'><strong>magis</strong></span> <span class='ocrx_word' id='word_1_337' title='bbox 1053 2539 1122 2597; x_wconf 74' lang='lat' dir='ltr'><strong>6i</strong></span> <span class='ocrx_word' id='word_1_338' title='bbox 1152 2540 1263 2603; x_wconf 85' lang='lat' dir='ltr'><strong>illa,</strong></span> <span class='ocrx_word' id='word_1_339' title='bbox 1294 2556 1414 2611; x_wconf 61' lang='lat' dir='ltr'><strong>quae</strong></span> <span class='ocrx_word' id='word_1_340' title='bbox 1445 2540 1575 2595; x_wconf 90' lang='lat' dir='ltr'><strong>nulli</strong></span> <span class='ocrx_word' id='word_1_341' title='bbox 1607 2540 1709 2595; x_wconf 90' lang='lat' dir='ltr'><strong>nisi</strong></span> <span class='ocrx_word' id='word_1_342' title='bbox 1734 2540 1844 2596; x_wconf 91' lang='lat' dir='ltr'><strong>Deo</strong></span> <span class='ocrx_word' id='word_1_343' title='bbox 1868 2537 2015 2595; x_wconf 87' lang='lat' dir='ltr'><strong>Patri</strong></span> <span class='ocrx_word' id='word_1_344' title='bbox 2040 2550 2095 2595; x_wconf 92' lang='lat' dir='ltr'><strong>et</strong></span> <span class='ocrx_word' id='word_1_345' title='bbox 2118 2540 2221 2595; x_wconf 90' lang='lat' dir='ltr'><strong>sibi</strong></span> 
     </span>
    </p>
   </div>
   <div class='ocr_carea' id='block_1_42' title="bbox 614 2632 2223 2706">
    <p class='ocr_par' dir='ltr' id='par_1_42' title="bbox 614 2632 2223 2706">
     <span class='ocr_line' id='line_1_42' title="bbox 614 2632 2223 2706; baseline -0.002 -15"><span class='ocrx_word' id='word_1_346' title='bbox 614 2635 718 2692; x_wconf 89' lang='lat' dir='ltr'><strong>soli</strong></span> <span class='ocrx_word' id='word_1_347' title='bbox 741 2645 825 2691; x_wconf 90' lang='lat' dir='ltr'><strong>est</strong></span> <span class='ocrx_word' id='word_1_348' title='bbox 846 2635 1106 2706; x_wconf 82' lang='lat' dir='ltr'><strong>cognita?</strong></span> <span class='ocrx_word' id='word_1_349' title='bbox 1133 2634 1265 2689; x_wconf 88' lang='lat' dir='ltr'><strong>Nam</strong></span> <span class='ocrx_word' id='word_1_350' title='bbox 1289 2632 1511 2690; x_wconf 87' lang='lat' dir='ltr'><strong>Gabriel</strong></span> <span class='ocrx_word' id='word_1_351' title='bbox 1539 2633 1761 2704; x_wconf 83' lang='lat' dir='ltr'><strong>angelus</strong></span> <span class='ocrx_word' id='word_1_352' title='bbox 1788 2633 1858 2690; x_wconf 85' lang='lat' dir='ltr'><strong>ad</strong></span> <span class='ocrx_word' id='word_1_353' title='bbox 1882 2633 2100 2689; x_wconf 90' lang='lat' dir='ltr'><strong>Mariam</strong></span> <span class='ocrx_word' id='word_1_354' title='bbox 2150 2633 2223 2687; x_wconf 91' lang='lat' dir='ltr'><strong>ita</strong></span> 
     </span>
    </p>
   </div>
   <div class='ocr_carea' id='block_1_43' title="bbox 616 2715 2218 2802">
    <p class='ocr_par' dir='ltr' id='par_1_43' title="bbox 616 2715 2218 2802">
     <span class='ocr_line' id='line_1_43' title="bbox 616 2715 2218 2802; baseline -0.003 -18"><span class='ocrx_word' id='word_1_355' title='bbox 616 2730 857 2800; x_wconf 92' lang='lat' dir='ltr'><strong>loquitur</strong></span> <span class='ocrx_word' id='word_1_356' title='bbox 900 2727 1055 2783; x_wconf 90' lang='lat' dir='ltr'><strong>sicuti</strong></span> <span class='ocrx_word' id='word_1_357' title='bbox 1112 2715 1465 2799; x_wconf 72' lang='lat' dir='ltr'><strong>Evangelista</strong></span> <span class='ocrx_word' id='word_1_358' title='bbox 1505 2738 1777 2786; x_wconf 80' lang='lat' dir='ltr'><strong>testatur:</strong></span> <span class='ocrx_word' id='word_1_359' title='bbox 1826 2729 2055 2802; x_wconf 81' lang='lat' dir='ltr'><strong>Spiritus</strong></span> <span class='ocrx_word' id='word_1_360' title='bbox 2106 2727 2218 2782; x_wconf 84' lang='lat' dir='ltr'><strong>Do-</strong></span> 
     </span>
    </p>
   </div>
   <div class='ocr_carea' id='block_1_44' title="bbox 614 2822 2223 2894">
    <p class='ocr_par' dir='ltr' id='par_1_44' title="bbox 614 2822 2223 2894">
     <span class='ocr_line' id='line_1_44' title="bbox 614 2822 2223 2894; baseline 0.001 -17"><span class='ocrx_word' id='word_1_361' title='bbox 614 2824 745 2877; x_wconf 78' lang='lat' dir='ltr'><strong>mini</strong></span> <span class='ocrx_word' id='word_1_362' title='bbox 773 2822 1093 2894; x_wconf 83' lang='lat' dir='ltr'><strong>superveniet</strong></span> <span class='ocrx_word' id='word_1_363' title='bbox 1126 2823 1258 2878; x_wconf 83' lang='lat' dir='ltr'><strong>inte</strong></span> <span class='ocrx_word' id='word_1_364' title='bbox 1308 2840 1327 2877; x_wconf 89' lang='lat'><strong><em>:</em></strong></span> <span class='ocrx_word' id='word_1_365' title='bbox 1373 2835 1419 2878; x_wconf 86' lang='lat' dir='ltr'><strong>et</strong></span> <span class='ocrx_word' id='word_1_366' title='bbox 1448 2823 1611 2878; x_wconf 82' lang='lat' dir='ltr'><strong>virtus</strong></span> <span class='ocrx_word' id='word_1_367' title='bbox 1655 2823 1907 2879; x_wconf 80' lang='lat' dir='ltr'><strong>Altissimi</strong></span> <span class='ocrx_word' id='word_1_368' title='bbox 1948 2822 2223 2878; x_wconf 86' lang='lat' dir='ltr'><strong>obumbra-</strong></span> 
     </span>
    </p>
   </div>
   <div class='ocr_carea' id='block_1_45' title="bbox 618 2915 2219 2990">
    <p class='ocr_par' dir='ltr' id='par_1_45' title="bbox 618 2915 2219 2990">
     <span class='ocr_line' id='line_1_45' title="bbox 618 2915 2219 2990; baseline -0.002 -18"><span class='ocrx_word' id='word_1_369' title='bbox 618 2919 688 2973; x_wconf 89' lang='lat' dir='ltr'><strong>bit</strong></span> <span class='ocrx_word' id='word_1_370' title='bbox 710 2918 798 2972; x_wconf 87' lang='lat' dir='ltr'><strong>tibi</strong></span> <span class='ocrx_word' id='word_1_371' title='bbox 826 2918 845 2990; x_wconf 95' lang='lat'><strong>(</strong></span> <span class='ocrx_word' id='word_1_372' title='bbox 870 2916 997 2973; x_wconf 86' lang='lat' dir='ltr'><strong>Luc.</strong></span> <span class='ocrx_word' id='word_1_373' title='bbox 1025 2934 1062 2983; x_wconf 90' lang='grc' dir='ltr'>ι,</span> <span class='ocrx_word' id='word_1_374' title='bbox 1085 2916 1204 2988; x_wconf 78' lang='lat'><strong>55).</strong></span> <span class='ocrx_word' id='word_1_375' title='bbox 1237 2915 1389 2985; x_wconf 85' lang='lat' dir='ltr'><strong>Quod</strong></span> <span class='ocrx_word' id='word_1_376' title='bbox 1411 2917 1788 2984; x_wconf 86' lang='lat' dir='ltr'><strong>obumbratur,</strong></span> <span class='ocrx_word' id='word_1_377' title='bbox 1822 2915 2175 2971; x_wconf 86' lang='lat' dir='ltr'><strong>absconditur</strong></span> <span class='ocrx_word' id='word_1_378' title='bbox 2207 2933 2219 2968; x_wconf 94' lang='lat'>:</span> 
     </span>
    </p>
   </div>
   <div class='ocr_carea' id='block_1_46' title="bbox 619 3009 2223 3080">
    <p class='ocr_par' dir='ltr' id='par_1_46' title="bbox 619 3009 2223 3080">
     <span class='ocr_line' id='line_1_46' title="bbox 619 3009 2223 3080; baseline -0.002 -13"><span class='ocrx_word' id='word_1_379' title='bbox 619 3026 722 3067; x_wconf 91' lang='lat' dir='ltr'><strong>nec</strong></span> <span class='ocrx_word' id='word_1_380' title='bbox 742 3010 995 3066; x_wconf 90' lang='lat' dir='ltr'><strong>omnibus</strong></span> <span class='ocrx_word' id='word_1_381' title='bbox 1026 3019 1211 3066; x_wconf 91' lang='lat' dir='ltr'><strong>uotum</strong></span> <span class='ocrx_word' id='word_1_382' title='bbox 1256 3022 1362 3067; x_wconf 91' lang='lat' dir='ltr'><strong>est.</strong></span> <span class='ocrx_word' id='word_1_383' title='bbox 1408 3010 1551 3080; x_wconf 86' lang='lat' dir='ltr'><strong>Ergo</strong></span> <span class='ocrx_word' id='word_1_384' title='bbox 1582 3011 1624 3065; x_wconf 89' lang='lat' dir='ltr'><strong>si</strong></span> <span class='ocrx_word' id='word_1_385' title='bbox 1655 3010 1770 3065; x_wconf 73' lang='lat' dir='ltr'><strong>haec</strong></span> <span class='ocrx_word' id='word_1_386' title='bbox 1801 3009 2073 3075; x_wconf 90' lang='lat' dir='ltr'><strong>nativitas,</strong></span> <span class='ocrx_word' id='word_1_387' title='bbox 2103 3025 2223 3079; x_wconf 73' lang='lat' dir='ltr'><strong>qua:</strong></span> 
     </span>
    </p>
   </div>
   <div class='ocr_carea' id='block_1_47' title="bbox 619 3102 2221 3179">
    <p class='ocr_par' dir='ltr' id='par_1_47' title="bbox 619 3102 2221 3179">
     <span class='ocr_line' id='line_1_47' title="bbox 619 3102 2221 3179; baseline -0.002 -20"><span class='ocrx_word' id='word_1_388' title='bbox 619 3104 791 3160; x_wconf 85' lang='lat' dir='ltr'><strong>nostri</strong></span> <span class='ocrx_word' id='word_1_389' title='bbox 816 3111 899 3160; x_wconf 89' lang='lat' dir='ltr'><strong>est</strong></span> <span class='ocrx_word' id='word_1_390' title='bbox 923 3118 1083 3160; x_wconf 90' lang='lat' dir='ltr'><strong>causa</strong></span> <span class='ocrx_word' id='word_1_391' title='bbox 1111 3103 1352 3174; x_wconf 83' lang='lat' dir='ltr'><strong>deposita</strong></span> <span class='ocrx_word' id='word_1_392' title='bbox 1394 3104 1414 3179; x_wconf 92' lang='lat'><strong>(</strong></span> <span class='ocrx_word' id='word_1_393' title='bbox 1439 3102 1734 3174; x_wconf 83' lang='lat' dir='ltr'><strong>Legendum</strong></span> <span class='ocrx_word' id='word_1_394' title='bbox 1770 3103 1971 3158; x_wconf 84' lang='lat' dir='ltr'><strong>videtur</strong></span> <span class='ocrx_word' id='word_1_395' title='bbox 1991 3118 2010 3157; x_wconf 94' lang='lat'><strong><em>:</em></strong></span> <span class='ocrx_word' id='word_1_396' title='bbox 2034 3102 2221 3172; x_wconf 85' lang='lat' dir='ltr'><strong>dispo-</strong></span> 
     </span>
    </p>
   </div>
   <div class='ocr_carea' id='block_1_48' title="bbox 2318 1865 3866 1938">
    <p class='ocr_par' dir='ltr' id='par_1_48' title="bbox 2318 1865 3866 1938">
     <span class='ocr_line' id='line_1_48' title="bbox 2318 1865 3866 1938; baseline -0.003 -14"><span class='ocrx_word' id='word_1_397' title='bbox 2318 1870 2715 1936; x_wconf 87' lang='lat' dir='ltr'><strong>invisibilibus,</strong></span> <span class='ocrx_word' id='word_1_398' title='bbox 2781 1884 2882 1926; x_wconf 90' lang='lat' dir='ltr'><strong>nec</strong></span> <span class='ocrx_word' id='word_1_399' title='bbox 2907 1870 3173 1925; x_wconf 78' lang='lat' dir='ltr'><strong>extimare</strong></span> <span class='ocrx_word' id='word_1_400' title='bbox 3204 1882 3509 1938; x_wconf 89' lang='lat' dir='ltr'><strong>possumus,</strong></span> <span class='ocrx_word' id='word_1_401' title='bbox 3558 1880 3670 1922; x_wconf 89' lang='lat' dir='ltr'><strong>cum</strong></span> <span class='ocrx_word' id='word_1_402' title='bbox 3717 1865 3760 1920; x_wconf 90' lang='lat' dir='ltr'><strong>in</strong></span> <span class='ocrx_word' id='word_1_403' title='bbox 3801 1865 3866 1920; x_wconf 88' lang='lat' dir='ltr'><strong>his</strong></span> 
     </span>
    </p>
   </div>
   <div class='ocr_carea' id='block_1_49' title="bbox 2320 1957 3867 2033">
    <p class='ocr_par' dir='ltr' id='par_1_49' title="bbox 2320 1957 3867 2033">
     <span class='ocr_line' id='line_1_49' title="bbox 2320 1957 3867 2033; baseline -0.005 -15"><span class='ocrx_word' id='word_1_404' title='bbox 2320 1979 2442 2033; x_wconf 70' lang='lat' dir='ltr'><strong>qua:</strong></span> <span class='ocrx_word' id='word_1_405' title='bbox 2469 1963 2746 2019; x_wconf 90' lang='lat' dir='ltr'><strong>nobiscum</strong></span> <span class='ocrx_word' id='word_1_406' title='bbox 2775 1970 2922 2029; x_wconf 87' lang='lat' dir='ltr'><strong>sunt,</strong></span> <span class='ocrx_word' id='word_1_407' title='bbox 2954 1960 3269 2017; x_wconf 89' lang='lat' dir='ltr'><strong>admiranda</strong></span> <span class='ocrx_word' id='word_1_408' title='bbox 3297 1961 3407 2015; x_wconf 92' lang='lat' dir='ltr'><strong>sint</strong></span> <span class='ocrx_word' id='word_1_409' title='bbox 3437 1959 3609 2014; x_wconf 87' lang='lat' dir='ltr'><strong>omnia</strong></span> <span class='ocrx_word' id='word_1_410' title='bbox 3632 1958 3714 2015; x_wconf 78' lang='lat' dir='ltr'><strong>8i.</strong></span> <span class='ocrx_word' id='word_1_411' title='bbox 3746 1957 3867 2013; x_wconf 83' lang='lat' dir='ltr'><strong>inter</strong></span> 
     </span>
    </p>
   </div>
   <div class='ocr_carea' id='block_1_50' title="bbox 2320 2050 3868 2124">
    <p class='ocr_par' dir='ltr' id='par_1_50' title="bbox 2320 2050 3868 2124">
     <span class='ocr_line' id='line_1_50' title="bbox 2320 2050 3868 2124; baseline -0.004 -15"><span class='ocrx_word' id='word_1_412' title='bbox 2320 2056 2501 2111; x_wconf 77' lang='lat' dir='ltr'><strong>omnia</strong></span> <span class='ocrx_word' id='word_1_413' title='bbox 2532 2056 2674 2110; x_wconf 88' lang='lat' dir='ltr'><strong>enim</strong></span> <span class='ocrx_word' id='word_1_414' title='bbox 2702 2055 2862 2111; x_wconf 90' lang='lat' dir='ltr'><strong>etiam</strong></span> <span class='ocrx_word' id='word_1_415' title='bbox 2896 2053 3153 2121; x_wconf 89' lang='lat' dir='ltr'><strong>mundus,</strong></span> <span class='ocrx_word' id='word_1_416' title='bbox 3184 2068 3347 2124; x_wconf 91' lang='lat' dir='ltr'><strong>quem</strong></span> <span class='ocrx_word' id='word_1_417' title='bbox 3390 2050 3748 2121; x_wconf 89' lang='lat' dir='ltr'><strong>conspicimus,</strong></span> <span class='ocrx_word' id='word_1_418' title='bbox 3792 2062 3868 2120; x_wconf 85' lang='lat' dir='ltr'><strong>per</strong></span> 
     </span>
    </p>
   </div>
   <div class='ocr_carea' id='block_1_51' title="bbox 2321 2142 3870 2214">
    <p class='ocr_par' dir='ltr' id='par_1_51' title="bbox 2321 2142 3870 2214">
     <span class='ocr_line' id='line_1_51' title="bbox 2321 2142 3870 2214; baseline -0.006 -12"><span class='ocrx_word' id='word_1_419' title='bbox 2321 2146 2516 2202; x_wconf 86' lang='lat' dir='ltr'><strong>Filium</strong></span> <span class='ocrx_word' id='word_1_420' title='bbox 2543 2145 2835 2203; x_wconf 85' lang='lat' dir='ltr'><strong>fabricatus</strong></span> <span class='ocrx_word' id='word_1_421' title='bbox 2864 2154 2950 2201; x_wconf 93' lang='lat' dir='ltr'><strong>est</strong></span> <span class='ocrx_word' id='word_1_422' title='bbox 2975 2144 3067 2202; x_wconf 75' lang='lat'><strong>82.</strong></span> <span class='ocrx_word' id='word_1_423' title='bbox 3102 2144 3169 2200; x_wconf 87' lang='lat' dir='ltr'><strong>Et</strong></span> <span class='ocrx_word' id='word_1_424' title='bbox 3192 2142 3415 2214; x_wconf 88' lang='lat' dir='ltr'><strong>quidem</strong></span> <span class='ocrx_word' id='word_1_425' title='bbox 3460 2143 3645 2209; x_wconf 89' lang='lat' dir='ltr'><strong>lucem,</strong></span> <span class='ocrx_word' id='word_1_426' title='bbox 3675 2156 3764 2210; x_wconf 89' lang='lat' dir='ltr'><strong>qua</strong></span> <span class='ocrx_word' id='word_1_427' title='bbox 3785 2154 3870 2194; x_wconf 78' lang='lat' dir='ltr'><strong>ra:-</strong></span> 
     </span>
    </p>
   </div>
   <div class='ocr_carea' id='block_1_52' title="bbox 2328 2230 3870 2311">
    <p class='ocr_par' dir='ltr' id='par_1_52' title="bbox 2328 2230 3870 2311">
     <span class='ocr_line' id='line_1_52' title="bbox 2328 2230 3870 2311; baseline -0.006 -17"><span class='ocrx_word' id='word_1_428' title='bbox 2328 2249 2439 2295; x_wconf 89' lang='lat' dir='ltr'><strong>tera</strong></span> <span class='ocrx_word' id='word_1_429' title='bbox 2491 2239 2683 2295; x_wconf 80' lang='lat' dir='ltr'><strong>tierent</strong></span> <span class='ocrx_word' id='word_1_430' title='bbox 2728 2239 3033 2311; x_wconf 89' lang='lat' dir='ltr'><strong>perspicua,</strong></span> <span class='ocrx_word' id='word_1_431' title='bbox 3085 2251 3208 2294; x_wconf 89' lang='lat' dir='ltr'><strong>esse</strong></span> <span class='ocrx_word' id='word_1_432' title='bbox 3255 2234 3443 2307; x_wconf 90' lang='lat' dir='ltr'><strong>jussit,</strong></span> <span class='ocrx_word' id='word_1_433' title='bbox 3494 2244 3547 2290; x_wconf 90' lang='lat' dir='ltr'><strong>et</strong></span> <span class='ocrx_word' id='word_1_434' title='bbox 3595 2233 3705 2289; x_wconf 82' lang='lat' dir='ltr'><strong>fecit</strong></span> <span class='ocrx_word' id='word_1_435' title='bbox 3744 2250 3758 2287; x_wconf 90' lang='lat'><strong>:</strong></span> <span class='ocrx_word' id='word_1_436' title='bbox 3803 2230 3870 2286; x_wconf 88' lang='lat' dir='ltr'><strong>cui</strong></span> 
     </span>
    </p>
   </div>
   <div class='ocr_carea' id='block_1_53' title="bbox 2324 2323 3870 2400">
    <p class='ocr_par' dir='ltr' id='par_1_53' title="bbox 2324 2323 3870 2400">
     <span class='ocr_line' id='line_1_53' title="bbox 2324 2323 3870 2400; baseline -0.005 -15"><span class='ocrx_word' id='word_1_437' title='bbox 2324 2332 2457 2386; x_wconf 87' lang='lat' dir='ltr'><strong>diem</strong></span> <span class='ocrx_word' id='word_1_438' title='bbox 2485 2346 2679 2386; x_wconf 89' lang='lat' dir='ltr'><strong>nomen</strong></span> <span class='ocrx_word' id='word_1_439' title='bbox 2722 2329 2977 2400; x_wconf 89' lang='lat' dir='ltr'><strong>imposuit</strong></span> <span class='ocrx_word' id='word_1_440' title='bbox 3005 2326 3159 2400; x_wconf 83' lang='lat' dir='ltr'><strong>(Gen.</strong></span> <span class='ocrx_word' id='word_1_441' title='bbox 3192 2344 3232 2396; x_wconf 86' lang='grc' dir='ltr'>ι,</span> <span class='ocrx_word' id='word_1_442' title='bbox 3264 2329 3324 2394; x_wconf 80' lang='lat'><strong>&#39;5,</strong></span> <span class='ocrx_word' id='word_1_443' title='bbox 3364 2325 3443 2400; x_wconf 74' lang='grc'>4).</span> <span class='ocrx_word' id='word_1_444' title='bbox 3475 2323 3716 2381; x_wconf 80' lang='lat' dir='ltr'><strong>Tenebris</strong></span> <span class='ocrx_word' id='word_1_445' title='bbox 3740 2325 3870 2379; x_wconf 80' lang='lat' dir='ltr'><strong>noctis</strong></span> 
     </span>
    </p>
   </div>
   <div class='ocr_carea' id='block_1_54' title="bbox 2323 2415 3871 2497">
    <p class='ocr_par' dir='ltr' id='par_1_54' title="bbox 2323 2415 3871 2497">
     <span class='ocr_line' id='line_1_54' title="bbox 2323 2415 3871 2497; baseline -0.006 -17"><span class='ocrx_word' id='word_1_446' title='bbox 2323 2423 2526 2480; x_wconf 85' lang='lat' dir='ltr'><strong>addidit</strong></span> <span class='ocrx_word' id='word_1_447' title='bbox 2546 2440 2740 2479; x_wconf 88' lang='lat' dir='ltr'><strong>nomen</strong></span> <span class='ocrx_word' id='word_1_448' title='bbox 2768 2422 2924 2497; x_wconf 80' lang='lat' dir='ltr'><strong>(Gen.</strong></span> <span class='ocrx_word' id='word_1_449' title='bbox 2952 2439 2991 2491; x_wconf 87' lang='lat' dir='ltr'><strong>t,</strong></span> <span class='ocrx_word' id='word_1_450' title='bbox 3021 2422 3100 2496; x_wconf 87' lang='lat'><strong>5).</strong></span> <span class='ocrx_word' id='word_1_451' title='bbox 3130 2419 3343 2477; x_wconf 86' lang='lat' dir='ltr'><strong>Deinde</strong></span> <span class='ocrx_word' id='word_1_452' title='bbox 3365 2421 3742 2490; x_wconf 77' lang='lat' dir='ltr'><strong>ﬁrmamentum,</strong></span> <span class='ocrx_word' id='word_1_453' title='bbox 3758 2415 3871 2488; x_wconf 88' lang='lat' dir='ltr'><strong>quod</strong></span> 
     </span>
    </p>
   </div>
   <div class='ocr_carea' id='block_1_55' title="bbox 2324 2508 3872 2589">
    <p class='ocr_par' dir='ltr' id='par_1_55' title="bbox 2324 2508 3872 2589">
     <span class='ocr_line' id='line_1_55' title="bbox 2324 2508 3872 2589; baseline -0.006 -16"><span class='ocrx_word' id='word_1_454' title='bbox 2324 2519 2465 2573; x_wconf 89' lang='lat' dir='ltr'><strong>inter</strong></span> <span class='ocrx_word' id='word_1_455' title='bbox 2487 2533 2652 2589; x_wconf 89' lang='lat' dir='ltr'><strong>aquas</strong></span> <span class='ocrx_word' id='word_1_456' title='bbox 2680 2517 3016 2589; x_wconf 89' lang='lat' dir='ltr'><strong>depulsaret,</strong></span> <span class='ocrx_word' id='word_1_457' title='bbox 3045 2514 3285 2571; x_wconf 85' lang='lat' dir='ltr'><strong>ostendit</strong></span> <span class='ocrx_word' id='word_1_458' title='bbox 3321 2533 3338 2570; x_wconf 92' lang='lat'><strong>:</strong></span> <span class='ocrx_word' id='word_1_459' title='bbox 3372 2519 3510 2586; x_wconf 91' lang='lat' dir='ltr'><strong>quod</strong></span> <span class='ocrx_word' id='word_1_460' title='bbox 3540 2512 3715 2569; x_wconf 74' lang='lat' dir='ltr'><strong>Cretum</strong></span> <span class='ocrx_word' id='word_1_461' title='bbox 3734 2508 3872 2566; x_wconf 81' lang='lat' dir='ltr'><strong>voluit</strong></span> 
     </span>
    </p>
   </div>
   <div class='ocr_carea' id='block_1_56' title="bbox 2326 2605 3875 2684">
    <p class='ocr_par' dir='ltr' id='par_1_56' title="bbox 2326 2605 3875 2684">
     <span class='ocr_line' id='line_1_56' title="bbox 2326 2605 3875 2684; baseline -0.005 -15"><span class='ocrx_word' id='word_1_462' title='bbox 2326 2613 2622 2683; x_wconf 79' lang='lat' dir='ltr'><strong>nuncupari</strong></span> <span class='ocrx_word' id='word_1_463' title='bbox 2651 2610 2803 2684; x_wconf 85' lang='lat' dir='ltr'><strong>(Gen.</strong></span> <span class='ocrx_word' id='word_1_464' title='bbox 2835 2628 2874 2678; x_wconf 89' lang='grc' dir='ltr'>ι,</span> <span class='ocrx_word' id='word_1_465' title='bbox 2908 2612 2961 2677; x_wconf 87' lang='lat'><strong>6,</strong></span> <span class='ocrx_word' id='word_1_466' title='bbox 2986 2611 3046 2682; x_wconf 93' lang='lat'><strong>7)</strong></span> <span class='ocrx_word' id='word_1_467' title='bbox 3080 2628 3094 2665; x_wconf 94' lang='lat'>:</span> <span class='ocrx_word' id='word_1_468' title='bbox 3126 2624 3263 2665; x_wconf 88' lang='lat' dir='ltr'><strong>neve</strong></span> <span class='ocrx_word' id='word_1_469' title='bbox 3317 2618 3531 2665; x_wconf 89' lang='lat' dir='ltr'><strong>terrena</strong></span> <span class='ocrx_word' id='word_1_470' title='bbox 3558 2608 3622 2664; x_wconf 78' lang='lat'><strong>8‘5</strong></span> <span class='ocrx_word' id='word_1_471' title='bbox 3647 2605 3751 2661; x_wconf 85' lang='lat' dir='ltr'><strong>visu</strong></span> <span class='ocrx_word' id='word_1_472' title='bbox 3787 2618 3875 2661; x_wconf 73' lang='lat' dir='ltr'><strong>cm-</strong></span> 
     </span>
    </p>
   </div>
   <div class='ocr_carea' id='block_1_57' title="bbox 2327 2699 3871 2774">
    <p class='ocr_par' dir='ltr' id='par_1_57' title="bbox 2327 2699 3871 2774">
     <span class='ocr_line' id='line_1_57' title="bbox 2327 2699 3871 2774; baseline -0.008 -13"><span class='ocrx_word' id='word_1_473' title='bbox 2327 2707 2553 2763; x_wconf 85' lang='lat' dir='ltr'><strong>lestibus</strong></span> <span class='ocrx_word' id='word_1_474' title='bbox 2584 2707 2944 2761; x_wconf 83' lang='lat' dir='ltr'><strong>miscerentur</strong></span> <span class='ocrx_word' id='word_1_475' title='bbox 2977 2722 2991 2759; x_wconf 89' lang='lat'><strong>:</strong></span> <span class='ocrx_word' id='word_1_476' title='bbox 3035 2702 3132 2759; x_wconf 89' lang='lat' dir='ltr'><strong>sed</strong></span> <span class='ocrx_word' id='word_1_477' title='bbox 3172 2710 3325 2760; x_wconf 85' lang='lat' dir='ltr'><strong>esset</strong></span> <span class='ocrx_word' id='word_1_478' title='bbox 3352 2700 3493 2774; x_wconf 89' lang='lat' dir='ltr'><strong>quod</strong></span> <span class='ocrx_word' id='word_1_479' title='bbox 3517 2701 3647 2756; x_wconf 90' lang='lat' dir='ltr'><strong>inter</strong></span> <span class='ocrx_word' id='word_1_480' title='bbox 3683 2699 3871 2754; x_wconf 82' lang='lat' dir='ltr'><strong>humana</strong></span> 
     </span>
    </p>
   </div>
   <div class='ocr_carea' id='block_1_58' title="bbox 2326 2790 3873 2856">
    <p class='ocr_par' dir='ltr' id='par_1_58' title="bbox 2326 2790 3873 2856">
     <span class='ocr_line' id='line_1_58' title="bbox 2326 2790 3873 2856; baseline -0.008 0"><span class='ocrx_word' id='word_1_481' title='bbox 2326 2808 2382 2856; x_wconf 88' lang='lat' dir='ltr'><strong>et</strong></span> <span class='ocrx_word' id='word_1_482' title='bbox 2402 2800 2584 2856; x_wconf 85' lang='lat' dir='ltr'><strong>divina</strong></span> <span class='ocrx_word' id='word_1_483' title='bbox 2610 2798 2965 2855; x_wconf 88' lang='lat' dir='ltr'><strong>discerneret.</strong></span> <span class='ocrx_word' id='word_1_484' title='bbox 3017 2796 3135 2852; x_wconf 86' lang='lat' dir='ltr'><strong>Jam</strong></span> <span class='ocrx_word' id='word_1_485' title='bbox 3175 2797 3323 2852; x_wconf 89' lang='lat' dir='ltr'><strong>enim</strong></span> <span class='ocrx_word' id='word_1_486' title='bbox 3368 2811 3435 2851; x_wconf 78' lang='lat' dir='ltr'><strong>ex</strong></span> <span class='ocrx_word' id='word_1_487' title='bbox 3471 2793 3630 2850; x_wconf 85' lang='lat' dir='ltr'><strong>nihilo</strong></span> <span class='ocrx_word' id='word_1_488' title='bbox 3666 2790 3873 2848; x_wconf 80' lang='lat' dir='ltr'><strong>materias</strong></span> 
     </span>
    </p>
   </div>
   <div class='ocr_carea' id='block_1_59' title="bbox 2327 2884 3869 2965">
    <p class='ocr_par' dir='ltr' id='par_1_59' title="bbox 2327 2884 3869 2965">
     <span class='ocr_line' id='line_1_59' title="bbox 2327 2884 3869 2965; baseline -0.009 -17"><span class='ocrx_word' id='word_1_489' title='bbox 2327 2894 2495 2964; x_wconf 90' lang='lat' dir='ltr'><strong>ipsas,</strong></span> <span class='ocrx_word' id='word_1_490' title='bbox 2520 2908 2586 2949; x_wconf 83' lang='lat' dir='ltr'><strong>ex</strong></span> <span class='ocrx_word' id='word_1_491' title='bbox 2615 2893 2810 2965; x_wconf 89' lang='lat' dir='ltr'><strong>quibus</strong></span> <span class='ocrx_word' id='word_1_492' title='bbox 2837 2891 3018 2946; x_wconf 89' lang='lat' dir='ltr'><strong>omnia</strong></span> <span class='ocrx_word' id='word_1_493' title='bbox 3053 2892 3245 2947; x_wconf 89' lang='lat' dir='ltr'><strong>lierent</strong></span> <span class='ocrx_word' id='word_1_494' title='bbox 3272 2890 3566 2954; x_wconf 89' lang='lat' dir='ltr'><strong>elementa,</strong></span> <span class='ocrx_word' id='word_1_495' title='bbox 3589 2884 3869 2943; x_wconf 87' lang='lat' dir='ltr'><strong>condiderat.</strong></span> 
     </span>
    </p>
   </div>
   <div class='ocr_carea' id='block_1_60' title="bbox 2327 2977 3875 3058">
    <p class='ocr_par' dir='ltr' id='par_1_60' title="bbox 2327 2977 3875 3058">
     <span class='ocr_line' id='line_1_60' title="bbox 2327 2977 3875 3058; baseline -0.008 -16"><span class='ocrx_word' id='word_1_496' title='bbox 2327 2986 2455 3042; x_wconf 91' lang='lat' dir='ltr'><strong>Post</strong></span> <span class='ocrx_word' id='word_1_497' title='bbox 2483 2987 2600 3043; x_wconf 65' lang='lat' dir='ltr'><strong>haec</strong></span> <span class='ocrx_word' id='word_1_498' title='bbox 2625 3000 2795 3058; x_wconf 88' lang='lat' dir='ltr'><strong>aquas</strong></span> <span class='ocrx_word' id='word_1_499' title='bbox 2846 2988 2899 3041; x_wconf 92' lang='lat' dir='ltr'><strong>in</strong></span> <span class='ocrx_word' id='word_1_500' title='bbox 2951 3001 3117 3040; x_wconf 89' lang='lat' dir='ltr'><strong>unum</strong></span> <span class='ocrx_word' id='word_1_501' title='bbox 3175 2983 3499 3056; x_wconf 86' lang='lat' dir='ltr'><strong>congregari</strong></span> <span class='ocrx_word' id='word_1_502' title='bbox 3546 2988 3598 3037; x_wconf 89' lang='lat' dir='ltr'><strong>et</strong></span> <span class='ocrx_word' id='word_1_503' title='bbox 3638 2977 3875 3035; x_wconf 86' lang='lat' dir='ltr'><strong>convenire</strong></span> 
     </span>
    </p>
   </div>
   <div class='ocr_carea' id='block_1_61' title="bbox 2329 3068 3875 3151">
    <p class='ocr_par' dir='ltr' id='par_1_61' title="bbox 2329 3068 3875 3151">
     <span class='ocr_line' id='line_1_61' title="bbox 2329 3068 3875 3151; baseline -0.008 -14"><span class='ocrx_word' id='word_1_504' title='bbox 2329 3082 2630 3151; x_wconf 66' lang='lat' dir='ltr'><strong>praecepit:</strong></span> <span class='ocrx_word' id='word_1_505' title='bbox 2662 3090 2720 3136; x_wconf 90' lang='lat' dir='ltr'><strong>ut</strong></span> <span class='ocrx_word' id='word_1_506' title='bbox 2763 3080 2925 3135; x_wconf 82' lang='lat' dir='ltr'><strong>Arida</strong></span> <span class='ocrx_word' id='word_1_507' title='bbox 2966 3087 3373 3134; x_wconf 88' lang='lat' dir='ltr'><strong>monstraretur</strong></span> <span class='ocrx_word' id='word_1_508' title='bbox 3421 3074 3567 3147; x_wconf 83' lang='lat' dir='ltr'><strong>(Gen.</strong></span> <span class='ocrx_word' id='word_1_509' title='bbox 3603 3091 3638 3142; x_wconf 89' lang='grc' dir='ltr'>ι,</span> <span class='ocrx_word' id='word_1_510' title='bbox 3679 3070 3747 3145; x_wconf 87' lang='grc'><strong>9).</strong></span> <span class='ocrx_word' id='word_1_511' title='bbox 3790 3068 3875 3126; x_wconf 82' lang='lat' dir='ltr'><strong>Nec</strong></span> 
     </span>
    </p>
   </div>
   <div class='ocr_carea' id='block_1_62' title="bbox 621 3165 2222 3269">
    <p class='ocr_par' dir='ltr' id='par_1_62' title="bbox 621 3165 2222 3269">
     <span class='ocr_line' id='line_1_62' title="bbox 621 3165 2222 3269; baseline -0.001 -18"><span class='ocrx_word' id='word_1_512' title='bbox 621 3194 789 3269; x_wconf 86' lang='lat' dir='ltr'><strong>sita),</strong></span> <span class='ocrx_word' id='word_1_513' title='bbox 842 3195 999 3251; x_wconf 91' lang='lat' dir='ltr'><strong>nobis</strong></span> <span class='ocrx_word' id='word_1_514' title='bbox 1033 3197 1300 3267; x_wconf 87' lang='lat' dir='ltr'><strong>incognita</strong></span> <span class='ocrx_word' id='word_1_515' title='bbox 1333 3165 1417 3251; x_wconf 66' lang='lat' dir='ltr'><strong>esi</strong></span> <span class='ocrx_word' id='word_1_516' title='bbox 1448 3213 1462 3249; x_wconf 93' lang='lat'><strong>:</strong></span> <span class='ocrx_word' id='word_1_517' title='bbox 1494 3204 1696 3267; x_wconf 92' lang='lat' dir='ltr'><strong>quanto</strong></span> <span class='ocrx_word' id='word_1_518' title='bbox 1741 3196 1910 3265; x_wconf 81' lang='lat' dir='ltr'><strong>magis</strong></span> <span class='ocrx_word' id='word_1_519' title='bbox 1940 3194 2026 3249; x_wconf 91' lang='lat' dir='ltr'><strong>illa</strong></span> <span class='ocrx_word' id='word_1_520' title='bbox 2054 3209 2172 3264; x_wconf 68' lang='lat' dir='ltr'><strong>qua:</strong></span> <span class='ocrx_word' id='word_1_521' title='bbox 2194 3209 2222 3249; x_wconf 86' lang='lat' dir='ltr'><strong>a</strong></span> 
     </span>
    </p>
   </div>
   <div class='ocr_carea' id='block_1_63' title="bbox 2324 3165 3874 3269">
    <p class='ocr_par' dir='ltr' id='par_1_63' title="bbox 2328 3171 3874 3247">
     <span class='ocr_line' id='line_1_63' title="bbox 2328 3171 3874 3247; baseline -0.009 -17"><span class='ocrx_word' id='word_1_522' title='bbox 2328 3190 2556 3247; x_wconf 85' lang='lat' dir='ltr'><strong>quaeque</strong></span> <span class='ocrx_word' id='word_1_523' title='bbox 2601 3186 2726 3230; x_wconf 87' lang='lat' dir='ltr'><strong>sunt</strong></span> <span class='ocrx_word' id='word_1_524' title='bbox 2770 3175 2978 3246; x_wconf 88' lang='lat' dir='ltr'><strong>privata</strong></span> <span class='ocrx_word' id='word_1_525' title='bbox 3024 3172 3366 3227; x_wconf 90' lang='lat' dir='ltr'><strong>nominibus.</strong></span> <span class='ocrx_word' id='word_1_526' title='bbox 3409 3171 3538 3226; x_wconf 84' lang='lat' dir='ltr'><strong>Nam</strong></span> <span class='ocrx_word' id='word_1_527' title='bbox 3581 3173 3874 3238; x_wconf 79' lang='lat' dir='ltr'><strong>congregatas</strong></span> 
     </span>
    </p>
   </div>
   <div class='ocr_carea' id='block_1_64' title="bbox 620 3288 2227 3360">
    <p class='ocr_par' dir='ltr' id='par_1_64' title="bbox 620 3288 2227 3360">
     <span class='ocr_line' id='line_1_64' title="bbox 620 3288 2227 3360; baseline -0.004 -12"><span class='ocrx_word' id='word_1_528' title='bbox 620 3292 777 3348; x_wconf 88' lang='lat' dir='ltr'><strong>nobis</strong></span> <span class='ocrx_word' id='word_1_529' title='bbox 804 3293 962 3360; x_wconf 84' lang='lat' dir='ltr'><strong>longe</strong></span> <span class='ocrx_word' id='word_1_530' title='bbox 991 3300 1197 3346; x_wconf 87' lang='lat' dir='ltr'><strong>remota</strong></span> <span class='ocrx_word' id='word_1_531' title='bbox 1222 3299 1305 3346; x_wconf 90' lang='lat' dir='ltr'><strong>est</strong></span> <span class='ocrx_word' id='word_1_532' title='bbox 1335 3289 1448 3346; x_wconf 84' lang='lat'><strong>65?</strong></span> <span class='ocrx_word' id='word_1_533' title='bbox 1477 3289 1545 3344; x_wconf 88' lang='lat' dir='ltr'><strong>Et</strong></span> <span class='ocrx_word' id='word_1_534' title='bbox 1565 3289 1690 3360; x_wconf 88' lang='lat' dir='ltr'><strong>quid</strong></span> <span class='ocrx_word' id='word_1_535' title='bbox 1723 3288 1844 3344; x_wconf 91' lang='lat' dir='ltr'><strong>dico</strong></span> <span class='ocrx_word' id='word_1_536' title='bbox 1883 3303 1912 3343; x_wconf 92' lang='lat' dir='ltr'><strong>a</strong></span> <span class='ocrx_word' id='word_1_537' title='bbox 1953 3289 2130 3354; x_wconf 91' lang='lat' dir='ltr'><strong>nobis,</strong></span> <span class='ocrx_word' id='word_1_538' title='bbox 2172 3296 2227 3343; x_wconf 92' lang='lat' dir='ltr'><strong>ct</strong></span> 
     </span>
    </p>
   </div>
   <div class='ocr_carea' id='block_1_65' title="bbox 621 3380 2220 3452">
    <p class='ocr_par' dir='ltr' id='par_1_65' title="bbox 621 3380 2220 3452">
     <span class='ocr_line' id='line_1_65' title="bbox 621 3380 2220 3452; baseline -0.003 -12"><span class='ocrx_word' id='word_1_539' title='bbox 621 3400 729 3441; x_wconf 87' lang='lat' dir='ltr'><strong>non</strong></span> <span class='ocrx_word' id='word_1_540' title='bbox 776 3383 846 3438; x_wconf 86' lang='lat' dir='ltr'><strong>ab</strong></span> <span class='ocrx_word' id='word_1_541' title='bbox 879 3383 1025 3439; x_wconf 90' lang='lat' dir='ltr'><strong>omni</strong></span> <span class='ocrx_word' id='word_1_542' title='bbox 1054 3383 1260 3439; x_wconf 73' lang='lat' dir='ltr'><strong>cmlesti</strong></span> <span class='ocrx_word' id='word_1_543' title='bbox 1288 3391 1535 3438; x_wconf 87' lang='lat' dir='ltr'><strong>creatura</strong></span> <span class='ocrx_word' id='word_1_544' title='bbox 1565 3381 1670 3438; x_wconf 82' lang='lat'><strong>66?</strong></span> <span class='ocrx_word' id='word_1_545' title='bbox 1701 3380 1913 3437; x_wconf 79' lang='lat' dir='ltr'><strong>Suflicit</strong></span> <span class='ocrx_word' id='word_1_546' title='bbox 1941 3394 2071 3452; x_wconf 88' lang='lat' dir='ltr'><strong>ergo</strong></span> <span class='ocrx_word' id='word_1_547' title='bbox 2097 3380 2220 3446; x_wconf 82' lang='lat' dir='ltr'><strong>hoc,</strong></span> 
     </span>
    </p>
   </div>
   <div class='ocr_carea' id='block_1_66' title="bbox 621 3474 2227 3551">
    <p class='ocr_par' dir='ltr' id='par_1_66' title="bbox 621 3474 2227 3551">
     <span class='ocr_line' id='line_1_66' title="bbox 621 3474 2227 3551; baseline -0.002 -18"><span class='ocrx_word' id='word_1_548' title='bbox 621 3476 767 3551; x_wconf 91' lang='lat' dir='ltr'><strong>quod</strong></span> <span class='ocrx_word' id='word_1_549' title='bbox 792 3476 1049 3542; x_wconf 88' lang='lat' dir='ltr'><strong>vidimus,</strong></span> <span class='ocrx_word' id='word_1_550' title='bbox 1089 3477 1233 3548; x_wconf 86' lang='lat' dir='ltr'><strong>quod</strong></span> <span class='ocrx_word' id='word_1_551' title='bbox 1277 3475 1536 3532; x_wconf 87' lang='lat' dir='ltr'><strong>divinitas</strong></span> <span class='ocrx_word' id='word_1_552' title='bbox 1570 3490 1731 3532; x_wconf 89' lang='lat' dir='ltr'><strong>nosse</strong></span> <span class='ocrx_word' id='word_1_553' title='bbox 1773 3490 1873 3530; x_wconf 90' lang='lat' dir='ltr'><strong>nos</strong></span> <span class='ocrx_word' id='word_1_554' title='bbox 1899 3474 2087 3530; x_wconf 89' lang='lat' dir='ltr'><strong>voluit.</strong></span> <span class='ocrx_word' id='word_1_555' title='bbox 2118 3474 2227 3530; x_wconf 84' lang='lat' dir='ltr'><strong>Nec</strong></span> 
     </span>
    </p>
   </div>
   <div class='ocr_carea' id='block_1_67' title="bbox 624 3568 2228 3643">
    <p class='ocr_par' dir='ltr' id='par_1_67' title="bbox 624 3568 2228 3643">
     <span class='ocr_line' id='line_1_67' title="bbox 624 3568 2228 3643; baseline -0.004 -15"><span class='ocrx_word' id='word_1_556' title='bbox 624 3574 763 3628; x_wconf 88' lang='lat' dir='ltr'><strong>ultra</strong></span> <span class='ocrx_word' id='word_1_557' title='bbox 795 3569 1032 3643; x_wconf 80' lang='lat' dir='ltr'><strong>cognitio</strong></span> <span class='ocrx_word' id='word_1_558' title='bbox 1062 3570 1381 3643; x_wconf 87' lang='lat' dir='ltr'><strong>porrigenda</strong></span> <span class='ocrx_word' id='word_1_559' title='bbox 1396 3577 1503 3632; x_wconf 91' lang='lat' dir='ltr'><strong>est,</strong></span> <span class='ocrx_word' id='word_1_560' title='bbox 1523 3584 1592 3625; x_wconf 91' lang='lat' dir='ltr'><strong>ne</strong></span> <span class='ocrx_word' id='word_1_561' title='bbox 1617 3568 1913 3639; x_wconf 89' lang='lat' dir='ltr'><strong>sacrilegus</strong></span> <span class='ocrx_word' id='word_1_562' title='bbox 1938 3568 2228 3639; x_wconf 89' lang='lat' dir='ltr'><strong>unusquis-</strong></span> 
     </span>
    </p>
   </div>
   <div class='ocr_carea' id='block_1_68' title="bbox 623 3658 2228 3738">
    <p class='ocr_par' dir='ltr' id='par_1_68' title="bbox 623 3658 2228 3738">
     <span class='ocr_line' id='line_1_68' title="bbox 623 3658 2228 3738; baseline -0.005 -17"><span class='ocrx_word' id='word_1_563' title='bbox 623 3682 728 3738; x_wconf 91' lang='lat' dir='ltr'><strong>que</strong></span> <span class='ocrx_word' id='word_1_564' title='bbox 759 3673 1038 3731; x_wconf 81' lang='lat' dir='ltr'><strong>teneatur,</strong></span> <span class='ocrx_word' id='word_1_565' title='bbox 1093 3662 1336 3737; x_wconf 83' lang='lat' dir='ltr'><strong>quisquis</strong></span> <span class='ocrx_word' id='word_1_566' title='bbox 1366 3675 1659 3718; x_wconf 83' lang='lat' dir='ltr'><strong>concessus</strong></span> <span class='ocrx_word' id='word_1_567' title='bbox 1706 3658 1914 3730; x_wconf 72' lang='lat' dir='ltr'><strong>(Codex</strong></span> <span class='ocrx_word' id='word_1_568' title='bbox 1948 3678 2043 3716; x_wconf 90' lang='lat' dir='ltr'><strong>ms.</strong></span> <span class='ocrx_word' id='word_1_569' title='bbox 2078 3661 2228 3715; x_wconf 74' lang='lat' dir='ltr'><strong>habet</strong></span> 
     </span>
    </p>
   </div>
   <div class='ocr_carea' id='block_1_69' title="bbox 622 3752 2154 3833">
    <p class='ocr_par' dir='ltr' id='par_1_69' title="bbox 622 3752 2154 3833">
     <span class='ocr_line' id='line_1_69' title="bbox 622 3752 2154 3833; baseline -0.007 -16"><span class='ocrx_word' id='word_1_570' title='bbox 622 3759 942 3833; x_wconf 89' lang='lat' dir='ltr'><strong>concussus)</strong></span> <span class='ocrx_word' id='word_1_571' title='bbox 973 3759 1230 3814; x_wconf 88' lang='lat' dir='ltr'><strong>terminos</strong></span> <span class='ocrx_word' id='word_1_572' title='bbox 1261 3757 1422 3813; x_wconf 85' lang='lat' dir='ltr'><strong>fuerit</strong></span> <span class='ocrx_word' id='word_1_573' title='bbox 1440 3754 1766 3827; x_wconf 83' lang='lat' dir='ltr'><strong>cognitionis</strong></span> <span class='ocrx_word' id='word_1_574' title='bbox 1786 3768 2037 3825; x_wconf 89' lang='lat' dir='ltr'><strong>egressus</strong></span> <span class='ocrx_word' id='word_1_575' title='bbox 2065 3752 2154 3809; x_wconf 86' lang='lat'><strong>67.</strong></span> 
     </span>
    </p>
   </div>
   <div class='ocr_carea' id='block_1_70' title="bbox 696 3845 2228 3922">
    <p class='ocr_par' dir='ltr' id='par_1_70' title="bbox 696 3845 2228 3922">
     <span class='ocr_line' id='line_1_70' title="bbox 696 3845 2228 3922; baseline -0.004 -15"><span class='ocrx_word' id='word_1_576' title='bbox 696 3852 786 3909; x_wconf 83' lang='lat' dir='ltr'><strong>IV.</strong></span> <span class='ocrx_word' id='word_1_577' title='bbox 818 3850 1093 3908; x_wconf 89' lang='lat' dir='ltr'><strong>Christum</strong></span> <span class='ocrx_word' id='word_1_578' title='bbox 1116 3851 1277 3922; x_wconf 89' lang='lat' dir='ltr'><strong>igitur</strong></span> <span class='ocrx_word' id='word_1_579' title='bbox 1301 3850 1608 3920; x_wconf 90' lang='lat' dir='ltr'><strong>accepimus</strong></span> <span class='ocrx_word' id='word_1_580' title='bbox 1633 3846 1702 3903; x_wconf 91' lang='lat'><strong>68</strong></span> <span class='ocrx_word' id='word_1_581' title='bbox 1733 3847 1823 3903; x_wconf 88' lang='lat' dir='ltr'><strong>Dei</strong></span> <span class='ocrx_word' id='word_1_582' title='bbox 1848 3845 2040 3902; x_wconf 89' lang='lat' dir='ltr'><strong>Filium</strong></span> <span class='ocrx_word' id='word_1_583' title='bbox 2074 3846 2228 3901; x_wconf 92' lang='lat' dir='ltr'><strong>initio</strong></span> 
     </span>
    </p>
   </div>
   <div class='ocr_carea' id='block_1_71' title="bbox 624 3940 2229 4018">
    <p class='ocr_par' dir='ltr' id='par_1_71' title="bbox 624 3940 2229 4018">
     <span class='ocr_line' id='line_1_71' title="bbox 624 3940 2229 4018; baseline -0.005 -13"><span class='ocrx_word' id='word_1_584' title='bbox 624 3947 693 4005; x_wconf 86' lang='lat'><strong>69</strong></span> <span class='ocrx_word' id='word_1_585' title='bbox 724 3947 1053 4018; x_wconf 86' lang='lat' dir='ltr'><strong>Sapientiam</strong></span> <span class='ocrx_word' id='word_1_586' title='bbox 1078 3944 1122 4018; x_wconf 90' lang='lat' dir='ltr'><strong>(l</strong></span> <span class='ocrx_word' id='word_1_587' title='bbox 1149 3944 1271 4000; x_wconf 86' lang='lat' dir='ltr'><strong>Cor.</strong></span> <span class='ocrx_word' id='word_1_588' title='bbox 1314 3959 1353 4010; x_wconf 83' lang='grc' dir='ltr'>ι,</span> <span class='ocrx_word' id='word_1_589' title='bbox 1376 3943 1468 4012; x_wconf 73' lang='grc'><strong>24,</strong></span> <span class='ocrx_word' id='word_1_590' title='bbox 1502 3942 1599 3999; x_wconf 86' lang='lat' dir='ltr'><strong>Dei</strong></span> <span class='ocrx_word' id='word_1_591' title='bbox 1629 3942 1885 4006; x_wconf 85' lang='lat' dir='ltr'><strong>virtutem,</strong></span> <span class='ocrx_word' id='word_1_592' title='bbox 1939 3951 1989 3997; x_wconf 86' lang='lat' dir='ltr'><strong>et</strong></span> <span class='ocrx_word' id='word_1_593' title='bbox 2020 3940 2116 3997; x_wconf 87' lang='lat' dir='ltr'><strong>Dei</strong></span> <span class='ocrx_word' id='word_1_594' title='bbox 2146 3957 2229 3997; x_wconf 85' lang='lat' dir='ltr'><strong>sa-</strong></span> 
     </span>
    </p>
   </div>
   <div class='ocr_carea' id='block_1_72' title="bbox 625 4035 2225 4112">
    <p class='ocr_par' dir='ltr' id='par_1_72' title="bbox 625 4035 2225 4112">
     <span class='ocr_line' id='line_1_72' title="bbox 625 4035 2225 4112; baseline -0.003 -16"><span class='ocrx_word' id='word_1_595' title='bbox 625 4038 897 4112; x_wconf 83' lang='lat' dir='ltr'><strong>pientiam)</strong></span> <span class='ocrx_word' id='word_1_596' title='bbox 925 4054 1106 4095; x_wconf 90' lang='lat' dir='ltr'><strong>veram</strong></span> <span class='ocrx_word' id='word_1_597' title='bbox 1137 4039 1239 4100; x_wconf 86' lang='lat'><strong>70;</strong></span> <span class='ocrx_word' id='word_1_598' title='bbox 1272 4036 1616 4102; x_wconf 90' lang='lat' dir='ltr'><strong>Sermonem,</strong></span> <span class='ocrx_word' id='word_1_599' title='bbox 1659 4035 1712 4091; x_wconf 92' lang='lat' dir='ltr'><strong>id</strong></span> <span class='ocrx_word' id='word_1_600' title='bbox 1734 4045 1815 4092; x_wconf 92' lang='lat' dir='ltr'><strong>est</strong></span> <span class='ocrx_word' id='word_1_601' title='bbox 1844 4037 2107 4091; x_wconf 89' lang='lat' dir='ltr'><strong>rationem</strong></span> <span class='ocrx_word' id='word_1_602' title='bbox 2135 4036 2225 4099; x_wconf 90' lang='grc'>71,</span> 
     </span>
    </p>
   </div>
   <div class='ocr_carea' id='block_1_73' title="bbox 624 4130 2230 4207">
    <p class='ocr_par' dir='ltr' id='par_1_73' title="bbox 624 4130 2230 4207">
     <span class='ocr_line' id='line_1_73' title="bbox 624 4130 2230 4207; baseline -0.003 -17"><span class='ocrx_word' id='word_1_603' title='bbox 624 4135 871 4206; x_wconf 86' lang='lat' dir='ltr'><strong>spiritum</strong></span> <span class='ocrx_word' id='word_1_604' title='bbox 903 4133 1080 4207; x_wconf 83' lang='lat' dir='ltr'><strong>(Joau.</strong></span> <span class='ocrx_word' id='word_1_605' title='bbox 1115 4149 1190 4202; x_wconf 88' lang='lat' dir='ltr'><strong>tv,</strong></span> <span class='ocrx_word' id='word_1_606' title='bbox 1218 4130 1310 4197; x_wconf 75' lang='lat'><strong>24,</strong></span> <span class='ocrx_word' id='word_1_607' title='bbox 1340 4130 1572 4202; x_wconf 84' lang='lat' dir='ltr'><strong>Spiritus</strong></span> <span class='ocrx_word' id='word_1_608' title='bbox 1598 4142 1673 4188; x_wconf 84' lang='lat' dir='ltr'><strong>est</strong></span> <span class='ocrx_word' id='word_1_609' title='bbox 1694 4130 1857 4198; x_wconf 86' lang='lat' dir='ltr'><strong>Deus,</strong></span> <span class='ocrx_word' id='word_1_610' title='bbox 1882 4130 2015 4203; x_wconf 90' lang='lat' dir='ltr'><strong>etc.)</strong></span> <span class='ocrx_word' id='word_1_611' title='bbox 2036 4173 2051 4197; x_wconf 91' lang='lat'><strong>,</strong></span> <span class='ocrx_word' id='word_1_612' title='bbox 2088 4130 2230 4186; x_wconf 91' lang='lat' dir='ltr'><strong>viam</strong></span> 
     </span>
    </p>
   </div>
   <div class='ocr_carea' id='block_1_74' title="bbox 628 4222 2228 4297">
    <p class='ocr_par' dir='ltr' id='par_1_74' title="bbox 628 4222 2228 4297">
     <span class='ocr_line' id='line_1_74' title="bbox 628 4222 2228 4297; baseline 0.001 -19"><span class='ocrx_word' id='word_1_613' title='bbox 628 4224 809 4297; x_wconf 85' lang='lat' dir='ltr'><strong>(Joan.</strong></span> <span class='ocrx_word' id='word_1_614' title='bbox 856 4241 974 4290; x_wconf 70' lang='lat' dir='ltr'><strong>xxv,</strong></span> <span class='ocrx_word' id='word_1_615' title='bbox 1006 4225 1085 4297; x_wconf 91' lang='lat'><strong>6),</strong></span> <span class='ocrx_word' id='word_1_616' title='bbox 1116 4224 1290 4280; x_wconf 88' lang='lat' dir='ltr'><strong>lucem</strong></span> <span class='ocrx_word' id='word_1_617' title='bbox 1328 4224 1348 4292; x_wconf 95' lang='lat'><strong>(</strong></span> <span class='ocrx_word' id='word_1_618' title='bbox 1367 4222 1528 4280; x_wconf 85' lang='lat' dir='ltr'><strong>Joan.</strong></span> <span class='ocrx_word' id='word_1_619' title='bbox 1556 4239 1594 4292; x_wconf 85' lang='grc' dir='ltr'>ι,</span> <span class='ocrx_word' id='word_1_620' title='bbox 1623 4222 1676 4291; x_wconf 89' lang='lat'><strong>9,</strong></span> <span class='ocrx_word' id='word_1_621' title='bbox 1706 4233 1755 4278; x_wconf 89' lang='lat' dir='ltr'><strong>et</strong></span> <span class='ocrx_word' id='word_1_622' title='bbox 1780 4240 1961 4279; x_wconf 85' lang='lat' dir='ltr'><strong>rursus</strong></span> <span class='ocrx_word' id='word_1_623' title='bbox 1988 4239 2066 4293; x_wconf 87' lang='lat' dir='ltr'><strong>nt,</strong></span> <span class='ocrx_word' id='word_1_624' title='bbox 2113 4222 2228 4297; x_wconf 90' lang='grc'>19),</span> 
     </span>
    </p>
   </div>
   <div class='ocr_carea' id='block_1_75' title="bbox 627 4314 2232 4390">
    <p class='ocr_par' dir='ltr' id='par_1_75' title="bbox 627 4314 2232 4390">
     <span class='ocr_line' id='line_1_75' title="bbox 627 4314 2232 4390; baseline -0.001 -17"><span class='ocrx_word' id='word_1_625' title='bbox 627 4316 905 4373; x_wconf 88' lang='lat' dir='ltr'><strong>brachium</strong></span> <span class='ocrx_word' id='word_1_626' title='bbox 938 4315 1042 4390; x_wconf 87' lang='lat' dir='ltr'><strong>(Is.</strong></span> <span class='ocrx_word' id='word_1_627' title='bbox 1072 4331 1187 4380; x_wconf 82' lang='lat' dir='ltr'><strong>LIII,</strong></span> <span class='ocrx_word' id='word_1_628' title='bbox 1220 4315 1272 4382; x_wconf 90' lang='grc'><strong>1,</strong></span> <span class='ocrx_word' id='word_1_629' title='bbox 1294 4324 1341 4370; x_wconf 85' lang='lat' dir='ltr'><strong>et</strong></span> <span class='ocrx_word' id='word_1_630' title='bbox 1385 4316 1541 4371; x_wconf 80' lang='lat' dir='ltr'><strong>Joan.</strong></span> <span class='ocrx_word' id='word_1_631' title='bbox 1575 4331 1673 4383; x_wconf 83' lang='lat' dir='ltr'><strong>xu,</strong></span> <span class='ocrx_word' id='word_1_632' title='bbox 1720 4314 1811 4379; x_wconf 76' lang='lat'><strong>38,</strong></span> <span class='ocrx_word' id='word_1_633' title='bbox 1857 4314 1927 4370; x_wconf 87' lang='lat' dir='ltr'><strong>Et</strong></span> <span class='ocrx_word' id='word_1_634' title='bbox 1969 4315 2232 4371; x_wconf 82' lang='lat' dir='ltr'><strong>brachium</strong></span> 
     </span>
    </p>
   </div>
   <div class='ocr_carea' id='block_1_76' title="bbox 626 4408 2230 4482">
    <p class='ocr_par' dir='ltr' id='par_1_76' title="bbox 626 4408 2230 4482">
     <span class='ocr_line' id='line_1_76' title="bbox 626 4408 2230 4482; baseline -0.001 -18"><span class='ocrx_word' id='word_1_635' title='bbox 626 4409 921 4482; x_wconf 84' lang='lat' dir='ltr'><strong>Domini(n)</strong></span> <span class='ocrx_word' id='word_1_636' title='bbox 938 4410 1020 4464; x_wconf 82' lang='lat' dir='ltr'><strong>cui</strong></span> <span class='ocrx_word' id='word_1_637' title='bbox 1032 4409 1314 4463; x_wconf 80' lang='lat' dir='ltr'><strong>revelatum</strong></span> <span class='ocrx_word' id='word_1_638' title='bbox 1331 4419 1404 4463; x_wconf 82' lang='lat' dir='ltr'><strong>est</strong></span> <span class='ocrx_word' id='word_1_639' title='bbox 1421 4409 1468 4481; x_wconf 74' lang='lat'><strong>7)</strong></span> <span class='ocrx_word' id='word_1_640' title='bbox 1488 4408 1962 4479; x_wconf 90' lang='lat' dir='ltr'><strong>l&#39;ortitudinem,(b)</strong></span> <span class='ocrx_word' id='word_1_641' title='bbox 1976 4410 2230 4465; x_wconf 88' lang='lat' dir='ltr'><strong>virtutem</strong></span> 
     </span>
    </p>
   </div>
   <div class='ocr_carea' id='block_1_77' title="bbox 627 4498 2229 4579">
    <p class='ocr_par' dir='ltr' id='par_1_77' title="bbox 627 4498 2229 4579">
     <span class='ocr_line' id='line_1_77' title="bbox 627 4498 2229 4579; baseline -0.001 -20"><span class='ocrx_word' id='word_1_642' title='bbox 627 4501 804 4579; x_wconf 83' lang='lat' dir='ltr'><strong>(lCor.</strong></span> <span class='ocrx_word' id='word_1_643' title='bbox 833 4501 1002 4572; x_wconf 52' lang='grc' dir='ltr'><strong>κει),</strong></span> <span class='ocrx_word' id='word_1_644' title='bbox 1034 4499 1506 4574; x_wconf 68' lang='lat' dir='ltr'><strong>veritatemann.</strong></span> <span class='ocrx_word' id='word_1_645' title='bbox 1530 4516 1636 4566; x_wconf 80' lang='lat' dir='ltr'><strong>xiv,</strong></span> <span class='ocrx_word' id='word_1_646' title='bbox 1658 4498 1739 4571; x_wconf 87' lang='lat'><strong>6),</strong></span> <span class='ocrx_word' id='word_1_647' title='bbox 1759 4500 2229 4574; x_wconf 79' lang='lat' dir='ltr'><strong>pauem(.loau.vr,</strong></span> 
     </span>
    </p>
   </div>
   <div class='ocr_carea' id='block_1_78' title="bbox 627 4589 2230 4663">
    <p class='ocr_par' dir='ltr' id='par_1_78' title="bbox 627 4589 2230 4663">
     <span class='ocr_line' id='line_1_78' title="bbox 627 4589 2230 4663; baseline -0.004 -10"><span class='ocrx_word' id='word_1_648' title='bbox 627 4596 717 4662; x_wconf 83' lang='lat'><strong>‘55,</strong></span> <span class='ocrx_word' id='word_1_649' title='bbox 749 4595 878 4662; x_wconf 78' lang='lat'><strong>48),</strong></span> <span class='ocrx_word' id='word_1_650' title='bbox 912 4595 1092 4649; x_wconf 82' lang='lat' dir='ltr'><strong>vinum</strong></span> <span class='ocrx_word' id='word_1_651' title='bbox 1126 4591 1350 4663; x_wconf 73' lang='lat' dir='ltr'><strong>(Matth.</strong></span> <span class='ocrx_word' id='word_1_652' title='bbox 1378 4609 1456 4661; x_wconf 80' lang='lat' dir='ltr'><strong>ix,</strong></span> <span class='ocrx_word' id='word_1_653' title='bbox 1502 4592 1588 4657; x_wconf 86' lang='grc'>17,</span> <span class='ocrx_word' id='word_1_654' title='bbox 1621 4600 1669 4645; x_wconf 89' lang='lat' dir='ltr'><strong>et</strong></span> <span class='ocrx_word' id='word_1_655' title='bbox 1696 4589 1953 4659; x_wconf 78' lang='lat' dir='ltr'><strong>Joau.xv,</strong></span> <span class='ocrx_word' id='word_1_656' title='bbox 2004 4595 2060 4658; x_wconf 92' lang='grc'>1,</span> <span class='ocrx_word' id='word_1_657' title='bbox 2108 4603 2230 4658; x_wconf 87' lang='lat' dir='ltr'><strong>etc.,</strong></span> 
     </span>
    </p>
   </div>
   <div class='ocr_carea' id='block_1_79' title="bbox 629 4684 2233 4763">
    <p class='ocr_par' dir='ltr' id='par_1_79' title="bbox 629 4684 2233 4763">
     <span class='ocr_line' id='line_1_79' title="bbox 629 4684 2233 4763; baseline -0.002 -17"><span class='ocrx_word' id='word_1_658' title='bbox 629 4691 743 4763; x_wconf 81' lang='lat' dir='ltr'><strong>Ego</strong></span> <span class='ocrx_word' id='word_1_659' title='bbox 771 4707 887 4745; x_wconf 87' lang='lat' dir='ltr'><strong>sum</strong></span> <span class='ocrx_word' id='word_1_660' title='bbox 915 4689 1034 4745; x_wconf 76' lang='lat' dir='ltr'><strong>ritis</strong></span> <span class='ocrx_word' id='word_1_661' title='bbox 1072 4687 1238 4759; x_wconf 81' lang='lat' dir='ltr'><strong>vera),</strong></span> <span class='ocrx_word' id='word_1_662' title='bbox 1269 4687 1445 4743; x_wconf 84' lang='lat' dir='ltr'><strong>Vitam</strong></span> <span class='ocrx_word' id='word_1_663' title='bbox 1482 4686 1734 4763; x_wconf 86' lang='lat' dir='ltr'><strong>(Joau.t,</strong></span> <span class='ocrx_word' id='word_1_664' title='bbox 1766 4684 1823 4753; x_wconf 73' lang='grc'><strong>4,</strong></span> <span class='ocrx_word' id='word_1_665' title='bbox 1852 4696 1902 4743; x_wconf 87' lang='lat' dir='ltr'><strong>et</strong></span> <span class='ocrx_word' id='word_1_666' title='bbox 1927 4702 2038 4753; x_wconf 80' lang='lat' dir='ltr'><strong>xw,</strong></span> <span class='ocrx_word' id='word_1_667' title='bbox 2092 4687 2148 4755; x_wconf 90' lang='lat'><strong>6,</strong></span> <span class='ocrx_word' id='word_1_668' title='bbox 2186 4699 2233 4743; x_wconf 85' lang='lat' dir='ltr'><strong>et</strong></span> 
     </span>
    </p>
   </div>
   <div class='ocr_carea' id='block_1_80' title="bbox 628 4777 2232 4856">
    <p class='ocr_par' dir='ltr' id='par_1_80' title="bbox 628 4777 2232 4856">
     <span class='ocr_line' id='line_1_80' title="bbox 628 4777 2232 4856; baseline -0.002 -18"><span class='ocrx_word' id='word_1_669' title='bbox 628 4784 752 4838; x_wconf 88' lang='lat' dir='ltr'><strong>alibi</strong></span> <span class='ocrx_word' id='word_1_670' title='bbox 803 4781 984 4856; x_wconf 76' lang='lat' dir='ltr'><strong>srepe),</strong></span> <span class='ocrx_word' id='word_1_671' title='bbox 1036 4780 1245 4838; x_wconf 89' lang='lat' dir='ltr'><strong>Ostium</strong></span> <span class='ocrx_word' id='word_1_672' title='bbox 1296 4779 1475 4855; x_wconf 84' lang='lat' dir='ltr'><strong>(Joan.</strong></span> <span class='ocrx_word' id='word_1_673' title='bbox 1506 4797 1560 4846; x_wconf 84' lang='lat' dir='ltr'><strong>x,</strong></span> <span class='ocrx_word' id='word_1_674' title='bbox 1595 4780 1647 4847; x_wconf 93' lang='grc'><strong>1,</strong></span> <span class='ocrx_word' id='word_1_675' title='bbox 1676 4779 1733 4844; x_wconf 79' lang='grc'>2,</span> <span class='ocrx_word' id='word_1_676' title='bbox 1765 4778 1819 4847; x_wconf 92' lang='lat'><strong>7,</strong></span> <span class='ocrx_word' id='word_1_677' title='bbox 1847 4777 1929 4852; x_wconf 89' lang='lat'><strong>9),</strong></span> <span class='ocrx_word' id='word_1_678' title='bbox 1962 4790 2232 4850; x_wconf 87' lang='lat' dir='ltr'><strong>pastorem</strong></span> 
     </span>
    </p>
   </div>
   <div class='ocr_carea' id='block_1_81' title="bbox 629 4874 2236 4953">
    <p class='ocr_par' dir='ltr' id='par_1_81' title="bbox 629 4874 2236 4953">
     <span class='ocr_line' id='line_1_81' title="bbox 629 4874 2236 4953; baseline -0.001 -20"><span class='ocrx_word' id='word_1_679' title='bbox 629 4878 824 4953; x_wconf 86' lang='lat' dir='ltr'><strong>(Ibid.,</strong></span> <span class='ocrx_word' id='word_1_680' title='bbox 858 4880 947 4943; x_wconf 92' lang='grc'>11,</span> <span class='ocrx_word' id='word_1_681' title='bbox 977 4876 1104 4948; x_wconf 85' lang='lat' dir='ltr'><strong>etc.)</strong></span> <span class='ocrx_word' id='word_1_682' title='bbox 1131 4918 1148 4944; x_wconf 95' lang='lat'><strong>,</strong></span> <span class='ocrx_word' id='word_1_683' title='bbox 1206 4888 1260 4931; x_wconf 90' lang='lat' dir='ltr'><strong>et</strong></span> <span class='ocrx_word' id='word_1_684' title='bbox 1305 4877 1409 4932; x_wconf 91' lang='lat' dir='ltr'><strong>alia</strong></span> <span class='ocrx_word' id='word_1_685' title='bbox 1439 4874 1671 4946; x_wconf 89' lang='lat' dir='ltr'><strong>plurima</strong></span> <span class='ocrx_word' id='word_1_686' title='bbox 1700 4875 1769 4930; x_wconf 72' lang='lat'><strong>72</strong></span> <span class='ocrx_word' id='word_1_687' title='bbox 1794 4916 1809 4942; x_wconf 92' lang='lat'><strong>,</strong></span> <span class='ocrx_word' id='word_1_688' title='bbox 1839 4890 1960 4946; x_wconf 67' lang='lat' dir='ltr'><strong>quae</strong></span> <span class='ocrx_word' id='word_1_689' title='bbox 2014 4885 2236 4947; x_wconf 90' lang='lat' dir='ltr'><strong>propter</strong></span> 
     </span>
    </p>
   </div>
   <div class='ocr_carea' id='block_1_82' title="bbox 631 4968 2235 5040">
    <p class='ocr_par' dir='ltr' id='par_1_82' title="bbox 631 4968 2235 5040">
     <span class='ocr_line' id='line_1_82' title="bbox 631 4968 2235 5040; baseline -0.003 -12"><span class='ocrx_word' id='word_1_690' title='bbox 631 4973 879 5029; x_wconf 88' lang='lat' dir='ltr'><strong>homines</strong></span> <span class='ocrx_word' id='word_1_691' title='bbox 906 4978 1033 5027; x_wconf 91' lang='lat' dir='ltr'><strong>sunt</strong></span> <span class='ocrx_word' id='word_1_692' title='bbox 1061 4971 1129 5026; x_wconf 84' lang='lat'><strong>75</strong></span> <span class='ocrx_word' id='word_1_693' title='bbox 1159 4988 1172 5023; x_wconf 90' lang='lat'>:</span> <span class='ocrx_word' id='word_1_694' title='bbox 1202 4979 1257 5026; x_wconf 91' lang='lat' dir='ltr'><strong>et</strong></span> <span class='ocrx_word' id='word_1_695' title='bbox 1279 4985 1470 5025; x_wconf 90' lang='lat' dir='ltr'><strong>omnes</strong></span> <span class='ocrx_word' id='word_1_696' title='bbox 1512 4970 1564 5024; x_wconf 92' lang='lat' dir='ltr'><strong>in</strong></span> <span class='ocrx_word' id='word_1_697' title='bbox 1609 4968 1702 5025; x_wconf 93' lang='lat' dir='ltr'><strong>illo</strong></span> <span class='ocrx_word' id='word_1_698' title='bbox 1746 4969 1935 5023; x_wconf 84' lang='lat' dir='ltr'><strong>vivunt</strong></span> <span class='ocrx_word' id='word_1_699' title='bbox 1973 4969 2042 5025; x_wconf 77' lang='grc'>74</span> <span class='ocrx_word' id='word_1_700' title='bbox 2072 4986 2085 5024; x_wconf 92' lang='lat'><strong>:</strong></span> <span class='ocrx_word' id='word_1_701' title='bbox 2114 4984 2235 5040; x_wconf 66' lang='lat' dir='ltr'><strong>quae</strong></span> 
     </span>
    </p>
   </div>
   <div class='ocr_carea' id='block_1_83' title="bbox 631 5061 2236 5137">
    <p class='ocr_par' dir='ltr' id='par_1_83' title="bbox 631 5061 2236 5137">
     <span class='ocr_line' id='line_1_83' title="bbox 631 5061 2236 5137; baseline -0.003 -14"><span class='ocrx_word' id='word_1_702' title='bbox 631 5066 1004 5137; x_wconf 88' lang='lat' dir='ltr'><strong>unusquisque</strong></span> <span class='ocrx_word' id='word_1_703' title='bbox 1051 5078 1310 5135; x_wconf 86' lang='lat' dir='ltr'><strong>processu</strong></span> <span class='ocrx_word' id='word_1_704' title='bbox 1343 5064 1601 5132; x_wconf 88' lang='lat' dir='ltr'><strong>temporis</strong></span> <span class='ocrx_word' id='word_1_705' title='bbox 1655 5061 1935 5132; x_wconf 89' lang='lat' dir='ltr'><strong>Scriptura</strong></span> <span class='ocrx_word' id='word_1_706' title='bbox 1976 5062 2236 5119; x_wconf 88' lang='lat' dir='ltr'><strong>edocente</strong></span> 
     </span>
    </p>
   </div>
   <div class='ocr_carea' id='block_1_84' title="bbox 634 5156 2235 5231">
    <p class='ocr_par' dir='ltr' id='par_1_84' title="bbox 634 5156 2235 5231">
     <span class='ocr_line' id='line_1_84' title="bbox 634 5156 2235 5231; baseline -0.001 -15"><span class='ocrx_word' id='word_1_707' title='bbox 634 5159 906 5231; x_wconf 84' lang='lat' dir='ltr'><strong>perdiscet</strong></span> <span class='ocrx_word' id='word_1_708' title='bbox 931 5158 1021 5213; x_wconf 86' lang='lat'><strong>75.</strong></span> <span class='ocrx_word' id='word_1_709' title='bbox 1056 5156 1114 5215; x_wconf 91' lang='lat' dir='ltr'><strong>Si</strong></span> <span class='ocrx_word' id='word_1_710' title='bbox 1148 5156 1310 5229; x_wconf 88' lang='lat' dir='ltr'><strong>igitur</strong></span> <span class='ocrx_word' id='word_1_711' title='bbox 1350 5157 1440 5210; x_wconf 90' lang='lat' dir='ltr'><strong>Dei</strong></span> <span class='ocrx_word' id='word_1_712' title='bbox 1473 5156 1666 5211; x_wconf 85' lang='lat' dir='ltr'><strong>Filium</strong></span> <span class='ocrx_word' id='word_1_713' title='bbox 1697 5157 1970 5227; x_wconf 89' lang='lat' dir='ltr'><strong>cognitum</strong></span> <span class='ocrx_word' id='word_1_714' title='bbox 2002 5157 2235 5214; x_wconf 83' lang='lat' dir='ltr'><strong>conﬁte-</strong></span> 
     </span>
    </p>
   </div>
   <div class='ocr_carea' id='block_1_85' title="bbox 632 5248 2236 5322">
    <p class='ocr_par' dir='ltr' id='par_1_85' title="bbox 632 5248 2236 5322">
     <span class='ocr_line' id='line_1_85' title="bbox 632 5248 2236 5322; baseline 0 -15"><span class='ocrx_word' id='word_1_715' title='bbox 632 5268 754 5308; x_wconf 89' lang='lat' dir='ltr'><strong>mur</strong></span> <span class='ocrx_word' id='word_1_716' title='bbox 784 5269 799 5307; x_wconf 90' lang='lat'><strong>:</strong></span> <span class='ocrx_word' id='word_1_717' title='bbox 823 5264 919 5322; x_wconf 87' lang='lat' dir='ltr'><strong>per</strong></span> <span class='ocrx_word' id='word_1_718' title='bbox 942 5250 1115 5320; x_wconf 91' lang='lat' dir='ltr'><strong>ipsum</strong></span> <span class='ocrx_word' id='word_1_719' title='bbox 1148 5249 1313 5304; x_wconf 90' lang='lat' dir='ltr'><strong>Deum</strong></span> <span class='ocrx_word' id='word_1_720' title='bbox 1334 5249 1550 5303; x_wconf 87' lang='lat' dir='ltr'><strong>Patrem</strong></span> <span class='ocrx_word' id='word_1_721' title='bbox 1589 5248 1790 5303; x_wconf 84' lang='lat' dir='ltr'><strong>scimus</strong></span> <span class='ocrx_word' id='word_1_722' title='bbox 1817 5250 2082 5305; x_wconf 70' lang='lat' dir='ltr'><strong>etsmcula</strong></span> <span class='ocrx_word' id='word_1_723' title='bbox 2107 5250 2236 5307; x_wconf 86' lang='lat' dir='ltr'><strong>visi-</strong></span> 
     </span>
    </p>
   </div>
   <div class='ocr_carea' id='block_1_86' title="bbox 635 5339 2239 5411">
    <p class='ocr_par' dir='ltr' id='par_1_86' title="bbox 635 5339 2239 5411">
     <span class='ocr_line' id='line_1_86' title="bbox 635 5339 2239 5411; baseline -0.001 -10"><span class='ocrx_word' id='word_1_724' title='bbox 635 5344 788 5411; x_wconf 89' lang='lat' dir='ltr'><strong>bilia,</strong></span> <span class='ocrx_word' id='word_1_725' title='bbox 818 5354 875 5399; x_wconf 90' lang='lat' dir='ltr'><strong>et</strong></span> <span class='ocrx_word' id='word_1_726' title='bbox 902 5341 1192 5398; x_wconf 85' lang='lat' dir='ltr'><strong>invisibilia</strong></span> <span class='ocrx_word' id='word_1_727' title='bbox 1228 5340 1539 5396; x_wconf 89' lang='lat' dir='ltr'><strong>condidisse</strong></span> <span class='ocrx_word' id='word_1_728' title='bbox 1573 5358 1586 5393; x_wconf 93' lang='lat'><strong>:</strong></span> <span class='ocrx_word' id='word_1_729' title='bbox 1619 5339 1736 5396; x_wconf 86' lang='lat' dir='ltr'><strong>Non</strong></span> <span class='ocrx_word' id='word_1_730' title='bbox 1777 5342 1922 5398; x_wconf 90' lang='lat' dir='ltr'><strong>enim</strong></span> <span class='ocrx_word' id='word_1_731' title='bbox 1953 5342 2035 5398; x_wconf 86' lang='lat' dir='ltr'><strong>fas</strong></span> <span class='ocrx_word' id='word_1_732' title='bbox 2064 5352 2148 5399; x_wconf 91' lang='lat' dir='ltr'><strong>est</strong></span> <span class='ocrx_word' id='word_1_733' title='bbox 2171 5359 2239 5399; x_wconf 86' lang='lat' dir='ltr'><strong>ex</strong></span> 
     </span>
    </p>
   </div>
   <div class='ocr_carea' id='block_1_87' title="bbox 668 5433 2241 5508">
    <p class='ocr_par' dir='ltr' id='par_1_87' title="bbox 668 5433 2241 5508">
     <span class='ocr_line' id='line_1_87' title="bbox 668 5433 2241 5508; baseline -0.003 -10"><span class='ocrx_word' id='word_1_734' title='bbox 668 5453 703 5499; x_wconf 81' lang='grc' dir='ltr'><strong>ο</strong></span> <span class='ocrx_word' id='word_1_735' title='bbox 733 5438 902 5495; x_wconf 91' lang='lat' dir='ltr'><strong>Deum</strong></span> <span class='ocrx_word' id='word_1_736' title='bbox 941 5445 1223 5508; x_wconf 90' lang='lat' dir='ltr'><strong>operatum</strong></span> <span class='ocrx_word' id='word_1_737' title='bbox 1270 5433 1517 5502; x_wconf 89' lang='lat' dir='ltr'><strong>credere,</strong></span> <span class='ocrx_word' id='word_1_738' title='bbox 1566 5449 1634 5491; x_wconf 81' lang='lat' dir='ltr'><strong>ex</strong></span> <span class='ocrx_word' id='word_1_739' title='bbox 1678 5450 1786 5508; x_wconf 92' lang='lat' dir='ltr'><strong>quo</strong></span> <span class='ocrx_word' id='word_1_740' title='bbox 1829 5434 2061 5493; x_wconf 89' lang='lat' dir='ltr'><strong>mundus</strong></span> <span class='ocrx_word' id='word_1_741' title='bbox 2089 5438 2241 5508; x_wconf 91' lang='lat' dir='ltr'><strong>geni-</strong></span> 
     </span>
    </p>
   </div>
   <div class='ocr_carea' id='block_1_88' title="bbox 712 5608 2239 5705">
    <p class='ocr_par' dir='ltr' id='par_1_88' title="bbox 712 5608 2239 5705">
     <span class='ocr_line' id='line_1_88' title="bbox 712 5608 2239 5705; baseline -0.005 -18"><span class='ocrx_word' id='word_1_742' title='bbox 712 5631 791 5705; x_wconf 87' lang='lat' dir='ltr'><strong>(o)</strong></span> <span class='ocrx_word' id='word_1_743' title='bbox 828 5608 983 5700; x_wconf 85' lang='lat' dir='ltr'><strong>Quod</strong></span> <span class='ocrx_word' id='word_1_744' title='bbox 1012 5624 1227 5700; x_wconf 88' lang='lat' dir='ltr'><strong>plurimi</strong></span> <span class='ocrx_word' id='word_1_745' title='bbox 1256 5623 1325 5681; x_wconf 89' lang='lat' dir='ltr'><strong>ad</strong></span> <span class='ocrx_word' id='word_1_746' title='bbox 1357 5622 1629 5681; x_wconf 87' lang='lat' dir='ltr'><strong>Christum</strong></span> <span class='ocrx_word' id='word_1_747' title='bbox 1661 5620 1924 5680; x_wconf 84' lang='lat' dir='ltr'><strong>referunt.</strong></span> <span class='ocrx_word' id='word_1_748' title='bbox 1954 5620 2092 5682; x_wconf 79' lang='lat' dir='ltr'><strong>Vide</strong></span> <span class='ocrx_word' id='word_1_749' title='bbox 2109 5620 2239 5680; x_wconf 88' lang='lat' dir='ltr'><strong>Cal-</strong></span> 
     </span>
    </p>
   </div>
   <div class='ocr_carea' id='block_1_89' title="bbox 644 5720 1916 5791">
    <p class='ocr_par' dir='ltr' id='par_1_89' title="bbox 644 5720 1916 5791">
     <span class='ocr_line' id='line_1_89' title="bbox 644 5720 1916 5791; baseline 0.013 -7"><span class='ocrx_word' id='word_1_750' title='bbox 644 5720 1277 5791; x_wconf 70' lang='lat' dir='ltr'><strong>met_in-199llmh&quot;&#39;ic-.</strong></span> <span class='ocrx_word' id='word_1_751' title='bbox 1429 5778 1435 5788; x_wconf 94' lang='lat'><strong>.</strong></span> <span class='ocrx_word' id='word_1_752' title='bbox 1528 5781 1619 5791; x_wconf 86' lang='lat'><strong>..</strong></span> <span class='ocrx_word' id='word_1_753' title='bbox 1913 5787 1916 5791; x_wconf 84' lang='lat'><strong>.</strong></span> 
     </span>
    </p>
   </div>
   <div class='ocr_carea' id='block_1_90' title="bbox 722 5772 1928 5864">
    <p class='ocr_par' dir='ltr' id='par_1_90' title="bbox 722 5772 1928 5864">
     <span class='ocr_line' id='line_1_90' title="bbox 722 5772 1928 5864; baseline -0.019 -9"><span class='ocrx_word' id='word_1_754' title='bbox 722 5772 1218 5864; x_wconf 20' lang='lat' dir='ltr'><strong>(tbi-&#39;Pide—‘Ctiimet</strong></span> <span class='ocrx_word' id='word_1_755' title='bbox 1262 5772 1319 5846; x_wconf 75' lang='lat' dir='ltr'><strong>in</strong></span> <span class='ocrx_word' id='word_1_756' title='bbox 1364 5778 1697 5856; x_wconf 69' lang='lat' dir='ltr'><strong>superioer</strong></span> <span class='ocrx_word' id='word_1_757' title='bbox 1725 5772 1928 5841; x_wconf 70' lang='lat' dir='ltr'><strong>liicum‘,</strong></span> 
     </span>
    </p>
   </div>
   <div class='ocr_carea' id='block_1_91' title="bbox 2327 3258 3871 3339">
    <p class='ocr_par' dir='ltr' id='par_1_91' title="bbox 2327 3258 3871 3339">
     <span class='ocr_line' id='line_1_91' title="bbox 2327 3258 3871 3339; baseline -0.008 -19"><span class='ocrx_word' id='word_1_758' title='bbox 2327 3281 2496 3338; x_wconf 88' lang='lat' dir='ltr'><strong>aquas</strong></span> <span class='ocrx_word' id='word_1_759' title='bbox 2518 3267 2736 3323; x_wconf 87' lang='lat' dir='ltr'><strong>vocavit</strong></span> <span class='ocrx_word' id='word_1_760' title='bbox 2763 3284 2903 3322; x_wconf 87' lang='lat' dir='ltr'><strong>mare</strong></span> <span class='ocrx_word' id='word_1_761' title='bbox 2947 3265 3101 3339; x_wconf 85' lang='lat' dir='ltr'><strong>(Gen.</strong></span> <span class='ocrx_word' id='word_1_762' title='bbox 3134 3281 3172 3332; x_wconf 91' lang='lat' dir='ltr'><strong>t,</strong></span> <span class='ocrx_word' id='word_1_763' title='bbox 3207 3263 3325 3337; x_wconf 85' lang='grc'>10),</span> <span class='ocrx_word' id='word_1_764' title='bbox 3380 3271 3667 3335; x_wconf 86' lang='lat' dir='ltr'><strong>separatam</strong></span> <span class='ocrx_word' id='word_1_765' title='bbox 3711 3258 3871 3313; x_wconf 80' lang='lat' dir='ltr'><strong>aridam</strong></span> 
     </span>
    </p>
   </div>
   <div class='ocr_carea' id='block_1_92' title="bbox 2328 3347 3874 3431">
    <p class='ocr_par' dir='ltr' id='par_1_92' title="bbox 2328 3347 3874 3431">
     <span class='ocr_line' id='line_1_92' title="bbox 2328 3347 3874 3431; baseline 0 -19"><span class='ocrx_word' id='word_1_766' title='bbox 2328 3368 2476 3413; x_wconf 72' lang='lat' dir='ltr'><strong>terra:</strong></span> <span class='ocrx_word' id='word_1_767' title='bbox 2500 3359 2822 3415; x_wconf 89' lang='lat' dir='ltr'><strong>vocabulum</strong></span> <span class='ocrx_word' id='word_1_768' title='bbox 2878 3359 3049 3415; x_wconf 88' lang='lat' dir='ltr'><strong>voluit</strong></span> <span class='ocrx_word' id='word_1_769' title='bbox 3093 3357 3381 3428; x_wconf 85' lang='lat' dir='ltr'><strong>possidere</strong></span> <span class='ocrx_word' id='word_1_770' title='bbox 3427 3355 3577 3431; x_wconf 80' lang='lat' dir='ltr'><strong>(Gen.</strong></span> <span class='ocrx_word' id='word_1_771' title='bbox 3607 3369 3644 3423; x_wconf 87' lang='grc' dir='ltr'>ι,</span> <span class='ocrx_word' id='word_1_772' title='bbox 3673 3351 3766 3412; x_wconf 84' lang='grc'>10)-</span> <span class='ocrx_word' id='word_1_773' title='bbox 3793 3347 3874 3405; x_wconf 74' lang='lat' dir='ltr'><strong>Sed</strong></span> 
     </span>
    </p>
   </div>
   <div class='ocr_carea' id='block_1_93' title="bbox 2329 3442 3867 3520">
    <p class='ocr_par' dir='ltr' id='par_1_93' title="bbox 2329 3442 3867 3520">
     <span class='ocr_line' id='line_1_93' title="bbox 2329 3442 3867 3520; baseline -0.007 -14"><span class='ocrx_word' id='word_1_774' title='bbox 2329 3450 2445 3508; x_wconf 66' lang='lat' dir='ltr'><strong>haec</strong></span> <span class='ocrx_word' id='word_1_775' title='bbox 2485 3453 2661 3508; x_wconf 90' lang='lat' dir='ltr'><strong>minus</strong></span> <span class='ocrx_word' id='word_1_776' title='bbox 2702 3453 2968 3507; x_wconf 89' lang='lat' dir='ltr'><strong>instructa</strong></span> <span class='ocrx_word' id='word_1_777' title='bbox 3013 3442 3361 3508; x_wconf 80' lang='lat' dir='ltr'><strong>videbantur.</strong></span> <span class='ocrx_word' id='word_1_778' title='bbox 3413 3449 3686 3520; x_wconf 64' lang='lat' dir='ltr'><strong>Deuiguam</strong></span> <span class='ocrx_word' id='word_1_779' title='bbox 3725 3446 3867 3513; x_wconf 88' lang='lat' dir='ltr'><strong>itaque</strong></span> 
     </span>
    </p>
   </div>
   <div class='ocr_carea' id='block_1_94' title="bbox 2328 3532 3873 3617">
    <p class='ocr_par' dir='ltr' id='par_1_94' title="bbox 2328 3532 3873 3617">
     <span class='ocr_line' id='line_1_94' title="bbox 2328 3532 3873 3617; baseline -0.01 -16"><span class='ocrx_word' id='word_1_780' title='bbox 2328 3544 2733 3601; x_wconf 84' lang='lat' dir='ltr'><strong>ftecunditatem</strong></span> <span class='ocrx_word' id='word_1_781' title='bbox 2758 3544 2839 3600; x_wconf 84' lang='lat' dir='ltr'><strong>his</strong></span> <span class='ocrx_word' id='word_1_782' title='bbox 2856 3544 3086 3612; x_wconf 88' lang='lat' dir='ltr'><strong>addidit,</strong></span> <span class='ocrx_word' id='word_1_783' title='bbox 3106 3544 3433 3600; x_wconf 85' lang='lat' dir='ltr'><strong>etdecorem</strong></span> <span class='ocrx_word' id='word_1_784' title='bbox 3458 3541 3601 3617; x_wconf 79' lang='lat' dir='ltr'><strong>(Ceu.</strong></span> <span class='ocrx_word' id='word_1_785' title='bbox 3624 3557 3656 3596; x_wconf 90' lang='grc' dir='ltr'>ι.</span> <span class='ocrx_word' id='word_1_786' title='bbox 3680 3540 3730 3595; x_wconf 88' lang='lat' dir='ltr'><strong>ll</strong></span> <span class='ocrx_word' id='word_1_787' title='bbox 3753 3532 3873 3606; x_wconf 75' lang='lat' dir='ltr'><strong>seq).</strong></span> 
     </span>
    </p>
   </div>
   <div class='ocr_carea' id='block_1_95' title="bbox 2330 3633 3876 3709">
    <p class='ocr_par' dir='ltr' id='par_1_95' title="bbox 2330 3633 3876 3709">
     <span class='ocr_line' id='line_1_95' title="bbox 2330 3633 3876 3709; baseline -0.005 -16"><span class='ocrx_word' id='word_1_788' title='bbox 2330 3637 2397 3693; x_wconf 88' lang='lat' dir='ltr'><strong>Et</strong></span> <span class='ocrx_word' id='word_1_789' title='bbox 2429 3639 2566 3693; x_wconf 85' lang='lat' dir='ltr'><strong>miro</strong></span> <span class='ocrx_word' id='word_1_790' title='bbox 2597 3636 2758 3692; x_wconf 89' lang='lat' dir='ltr'><strong>modo</strong></span> <span class='ocrx_word' id='word_1_791' title='bbox 2785 3636 2932 3692; x_wconf 89' lang='lat' dir='ltr'><strong>illam</strong></span> <span class='ocrx_word' id='word_1_792' title='bbox 2963 3636 3137 3707; x_wconf 91' lang='lat' dir='ltr'><strong>primo</strong></span> <span class='ocrx_word' id='word_1_793' title='bbox 3160 3652 3430 3709; x_wconf 87' lang='lat' dir='ltr'><strong>generare</strong></span> <span class='ocrx_word' id='word_1_794' title='bbox 3458 3633 3765 3707; x_wconf 70' lang='lat' dir='ltr'><strong>praecipiens,</strong></span> <span class='ocrx_word' id='word_1_795' title='bbox 3784 3641 3876 3700; x_wconf 67' lang='lat' dir='ltr'><strong>qua!</strong></span> 
     </span>
    </p>
   </div>
   <div class='ocr_carea' id='block_1_96' title="bbox 2332 3724 3874 3799">
    <p class='ocr_par' dir='ltr' id='par_1_96' title="bbox 2332 3724 3874 3799">
     <span class='ocr_line' id='line_1_96' title="bbox 2332 3724 3874 3799; baseline -0.006 -15"><span class='ocrx_word' id='word_1_796' title='bbox 2332 3730 2625 3786; x_wconf 80' lang='lat' dir='ltr'><strong>novissime</strong></span> <span class='ocrx_word' id='word_1_797' title='bbox 2653 3730 2827 3786; x_wconf 80' lang='lat' dir='ltr'><strong>fuerat</strong></span> <span class='ocrx_word' id='word_1_798' title='bbox 2856 3730 3111 3786; x_wconf 87' lang='lat' dir='ltr'><strong>fabricata</strong></span> <span class='ocrx_word' id='word_1_799' title='bbox 3132 3729 3227 3799; x_wconf 80' lang='grc'><strong>84,</strong></span> <span class='ocrx_word' id='word_1_800' title='bbox 3255 3729 3380 3786; x_wconf 85' lang='lat' dir='ltr'><strong>Non</strong></span> <span class='ocrx_word' id='word_1_801' title='bbox 3411 3729 3645 3785; x_wconf 86' lang='lat' dir='ltr'><strong>ordinem</strong></span> <span class='ocrx_word' id='word_1_802' title='bbox 3681 3724 3874 3785; x_wconf 86' lang='lat' dir='ltr'><strong>turbans,</strong></span> 
     </span>
    </p>
   </div>
   <div class='ocr_carea' id='block_1_97' title="bbox 2329 3818 3877 3897">
    <p class='ocr_par' dir='ltr' id='par_1_97' title="bbox 2329 3818 3877 3897">
     <span class='ocr_line' id='line_1_97' title="bbox 2329 3818 3877 3897; baseline -0.007 -18"><span class='ocrx_word' id='word_1_803' title='bbox 2329 3834 2420 3879; x_wconf 89' lang='lat' dir='ltr'><strong>aut</strong></span> <span class='ocrx_word' id='word_1_804' title='bbox 2436 3826 2656 3896; x_wconf 88' lang='lat' dir='ltr'><strong>ignarus</strong></span> <span class='ocrx_word' id='word_1_805' title='bbox 2676 3827 3020 3880; x_wconf 70' lang='lat' dir='ltr'><strong>tacturaesua:</strong></span> <span class='ocrx_word' id='word_1_806' title='bbox 3048 3844 3059 3879; x_wconf 88' lang='lat'><strong>:</strong></span> <span class='ocrx_word' id='word_1_807' title='bbox 3088 3825 3184 3881; x_wconf 92' lang='lat' dir='ltr'><strong>sed</strong></span> <span class='ocrx_word' id='word_1_808' title='bbox 3203 3825 3703 3897; x_wconf 81' lang='lat' dir='ltr'><strong>voluitpostremum</strong></span> <span class='ocrx_word' id='word_1_809' title='bbox 3718 3818 3877 3875; x_wconf 82' lang='lat' dir='ltr'><strong>habere</strong></span> 
     </span>
    </p>
   </div>
   <div class='ocr_carea' id='block_1_98' title="bbox 2332 3907 3875 3991">
    <p class='ocr_par' dir='ltr' id='par_1_98' title="bbox 2332 3907 3875 3991">
     <span class='ocr_line' id='line_1_98' title="bbox 2332 3907 3875 3991; baseline -0.003 -17"><span class='ocrx_word' id='word_1_810' title='bbox 2332 3920 2562 3990; x_wconf 87' lang='lat' dir='ltr'><strong>primum</strong></span> <span class='ocrx_word' id='word_1_811' title='bbox 2585 3919 2809 3989; x_wconf 89' lang='lat' dir='ltr'><strong>aliquid,</strong></span> <span class='ocrx_word' id='word_1_812' title='bbox 2865 3935 2932 3974; x_wconf 88' lang='lat' dir='ltr'><strong>ne</strong></span> <span class='ocrx_word' id='word_1_813' title='bbox 2988 3919 3042 3975; x_wconf 89' lang='lat' dir='ltr'><strong>in</strong></span> <span class='ocrx_word' id='word_1_814' title='bbox 3087 3919 3345 3975; x_wconf 77' lang='lat' dir='ltr'><strong>omnibus</strong></span> <span class='ocrx_word' id='word_1_815' title='bbox 3361 3907 3875 3991; x_wconf 51' lang='lat' dir='ltr'><strong>jaceretextremaﬁ.</strong></span> 
     </span>
    </p>
   </div>
   <div class='ocr_carea' id='block_1_99' title="bbox 2332 4006 3879 4084">
    <p class='ocr_par' dir='ltr' id='par_1_99' title="bbox 2332 4006 3879 4084">
     <span class='ocr_line' id='line_1_99' title="bbox 2332 4006 3879 4084; baseline -0.008 -18"><span class='ocrx_word' id='word_1_816' title='bbox 2332 4020 2388 4066; x_wconf 88' lang='lat' dir='ltr'><strong>ct</strong></span> <span class='ocrx_word' id='word_1_817' title='bbox 2419 4011 2606 4081; x_wconf 89' lang='lat' dir='ltr'><strong>primis</strong></span> <span class='ocrx_word' id='word_1_818' title='bbox 2631 4010 2869 4067; x_wconf 81' lang='lat' dir='ltr'><strong>secunda</strong></span> <span class='ocrx_word' id='word_1_819' title='bbox 2892 4013 3198 4082; x_wconf 85' lang='lat' dir='ltr'><strong>conjunxit,</strong></span> <span class='ocrx_word' id='word_1_820' title='bbox 3229 4027 3296 4066; x_wconf 91' lang='lat' dir='ltr'><strong>nc</strong></span> <span class='ocrx_word' id='word_1_821' title='bbox 3332 4012 3502 4084; x_wconf 88' lang='lat' dir='ltr'><strong>prima</strong></span> <span class='ocrx_word' id='word_1_822' title='bbox 3532 4006 3758 4066; x_wconf 75' lang='lat' dir='ltr'><strong>inferiora</strong></span> <span class='ocrx_word' id='word_1_823' title='bbox 3780 4018 3879 4059; x_wconf 85' lang='lat' dir='ltr'><strong>cou-</strong></span> 
     </span>
    </p>
   </div>
   <div class='ocr_carea' id='block_1_100' title="bbox 2334 4096 3880 4166">
    <p class='ocr_par' dir='ltr' id='par_1_100' title="bbox 2334 4096 3880 4166">
     <span class='ocr_line' id='line_1_100' title="bbox 2334 4096 3880 4166; baseline -0.005 -6"><span class='ocrx_word' id='word_1_824' title='bbox 2334 4114 2639 4160; x_wconf 84' lang='lat' dir='ltr'><strong>temnerent</strong></span> <span class='ocrx_word' id='word_1_825' title='bbox 2668 4104 2759 4160; x_wconf 89' lang='lat'><strong>86.</strong></span> <span class='ocrx_word' id='word_1_826' title='bbox 2791 4106 2883 4162; x_wconf 90' lang='lat' dir='ltr'><strong>Sic</strong></span> <span class='ocrx_word' id='word_1_827' title='bbox 2928 4106 3022 4162; x_wconf 91' lang='lat' dir='ltr'><strong>Dei</strong></span> <span class='ocrx_word' id='word_1_828' title='bbox 3069 4106 3214 4162; x_wconf 83' lang='lat' dir='ltr'><strong>filius</strong></span> <span class='ocrx_word' id='word_1_829' title='bbox 3255 4106 3401 4162; x_wconf 91' lang='lat' dir='ltr'><strong>Deus</strong></span> <span class='ocrx_word' id='word_1_830' title='bbox 3430 4105 3619 4162; x_wconf 81' lang='lat' dir='ltr'><strong>artifex</strong></span> <span class='ocrx_word' id='word_1_831' title='bbox 3649 4101 3784 4157; x_wconf 84' lang='lat' dir='ltr'><strong>Patre</strong></span> <span class='ocrx_word' id='word_1_832' title='bbox 3814 4096 3880 4166; x_wconf 84' lang='lat' dir='ltr'><strong>jtt-</strong></span> 
     </span>
    </p>
   </div>
   <div class='ocr_carea' id='block_1_101' title="bbox 2333 4189 3878 4267">
    <p class='ocr_par' dir='ltr' id='par_1_101' title="bbox 2333 4189 3878 4267">
     <span class='ocr_line' id='line_1_101' title="bbox 2333 4189 3878 4267; baseline -0.005 -9"><span class='ocrx_word' id='word_1_833' title='bbox 2333 4201 2496 4258; x_wconf 90' lang='lat' dir='ltr'><strong>bente</strong></span> <span class='ocrx_word' id='word_1_834' title='bbox 2524 4201 2837 4257; x_wconf 85' lang='lat' dir='ltr'><strong>moderatus</strong></span> <span class='ocrx_word' id='word_1_835' title='bbox 2867 4209 2953 4258; x_wconf 92' lang='lat' dir='ltr'><strong>est</strong></span> <span class='ocrx_word' id='word_1_836' title='bbox 2982 4201 3075 4267; x_wconf 92' lang='lat'><strong>87,</strong></span> <span class='ocrx_word' id='word_1_837' title='bbox 3105 4209 3166 4258; x_wconf 91' lang='lat' dir='ltr'><strong>ut</strong></span> <span class='ocrx_word' id='word_1_838' title='bbox 3191 4202 3440 4258; x_wconf 89' lang='lat' dir='ltr'><strong>ordinem</strong></span> <span class='ocrx_word' id='word_1_839' title='bbox 3481 4195 3751 4260; x_wconf 90' lang='lat' dir='ltr'><strong>mutando,</strong></span> <span class='ocrx_word' id='word_1_840' title='bbox 3792 4189 3878 4245; x_wconf 46' lang='lat' dir='ltr'><strong>dis.</strong></span> 
     </span>
    </p>
   </div>
   <div class='ocr_carea' id='block_1_102' title="bbox 2334 4284 3878 4368">
    <p class='ocr_par' dir='ltr' id='par_1_102' title="bbox 2334 4284 3878 4368">
     <span class='ocr_line' id='line_1_102' title="bbox 2334 4284 3878 4368; baseline -0.005 -19"><span class='ocrx_word' id='word_1_841' title='bbox 2334 4295 2657 4365; x_wconf 88' lang='lat' dir='ltr'><strong>positionem</strong></span> <span class='ocrx_word' id='word_1_842' title='bbox 2691 4296 2883 4351; x_wconf 92' lang='lat' dir='ltr'><strong>melius</strong></span> <span class='ocrx_word' id='word_1_843' title='bbox 2911 4294 3213 4351; x_wconf 84' lang='lat' dir='ltr'><strong>ordinaret.</strong></span> <span class='ocrx_word' id='word_1_844' title='bbox 3238 4294 3485 4368; x_wconf 87' lang='lat' dir='ltr'><strong>Namque</strong></span> <span class='ocrx_word' id='word_1_845' title='bbox 3528 4305 3687 4351; x_wconf 86' lang='lat' dir='ltr'><strong>terras</strong></span> <span class='ocrx_word' id='word_1_846' title='bbox 3733 4284 3878 4344; x_wconf 79' lang='lat' dir='ltr'><strong>omnia</strong></span> 
     </span>
    </p>
   </div>
   <div class='ocr_carea' id='block_1_103' title="bbox 2335 4380 3879 4459">
    <p class='ocr_par' dir='ltr' id='par_1_103' title="bbox 2335 4380 3879 4459">
     <span class='ocr_line' id='line_1_103' title="bbox 2335 4380 3879 4459; baseline -0.006 -16"><span class='ocrx_word' id='word_1_847' title='bbox 2335 4387 2552 4459; x_wconf 91' lang='lat' dir='ltr'><strong>pabula,</strong></span> <span class='ocrx_word' id='word_1_848' title='bbox 2589 4388 2841 4459; x_wconf 85' lang='lat' dir='ltr'><strong>lignaque</strong></span> <span class='ocrx_word' id='word_1_849' title='bbox 2865 4403 2987 4443; x_wconf 89' lang='lat' dir='ltr'><strong>cum</strong></span> <span class='ocrx_word' id='word_1_850' title='bbox 3017 4388 3131 4443; x_wconf 86' lang='lat' dir='ltr'><strong>suis</strong></span> <span class='ocrx_word' id='word_1_851' title='bbox 3152 4384 3459 4444; x_wconf 91' lang='lat' dir='ltr'><strong>seminibus</strong></span> <span class='ocrx_word' id='word_1_852' title='bbox 3484 4382 3713 4443; x_wconf 87' lang='lat' dir='ltr'><strong>redivivis</strong></span> <span class='ocrx_word' id='word_1_853' title='bbox 3739 4380 3879 4447; x_wconf 46' lang='lat' dir='ltr'><strong>impee</strong></span> 
     </span>
    </p>
   </div>
   <div class='ocr_carea' id='block_1_104' title="bbox 2335 4468 3882 4555">
    <p class='ocr_par' dir='ltr' id='par_1_104' title="bbox 2335 4468 3882 4555">
     <span class='ocr_line' id='line_1_104' title="bbox 2335 4468 3882 4555; baseline -0.008 -19"><span class='ocrx_word' id='word_1_854' title='bbox 2335 4480 2475 4536; x_wconf 89' lang='lat' dir='ltr'><strong>ravit</strong></span> <span class='ocrx_word' id='word_1_855' title='bbox 2509 4481 2743 4537; x_wconf 90' lang='lat' dir='ltr'><strong>educere</strong></span> <span class='ocrx_word' id='word_1_856' title='bbox 2771 4480 2924 4555; x_wconf 82' lang='lat' dir='ltr'><strong>(Gen.</strong></span> <span class='ocrx_word' id='word_1_857' title='bbox 2956 4498 2995 4549; x_wconf 84' lang='grc' dir='ltr'>ι,</span> <span class='ocrx_word' id='word_1_858' title='bbox 3026 4483 3117 4550; x_wconf 84' lang='grc'>11,</span> <span class='ocrx_word' id='word_1_859' title='bbox 3151 4480 3266 4554; x_wconf 67' lang='grc'>12),</span> <span class='ocrx_word' id='word_1_860' title='bbox 3317 4483 3612 4553; x_wconf 63' lang='lat' dir='ltr'><strong>caelumque</strong></span> <span class='ocrx_word' id='word_1_861' title='bbox 3652 4468 3882 4532; x_wconf 86' lang='lat' dir='ltr'><strong>luminari-</strong></span> 
     </span>
    </p>
   </div>
   <div class='ocr_carea' id='block_1_105' title="bbox 2259 4558 3877 4643">
    <p class='ocr_par' dir='ltr' id='par_1_105' title="bbox 2259 4558 3877 4643">
     <span class='ocr_line' id='line_1_105' title="bbox 2259 4558 3877 4643; baseline -0.002 -12"><span class='ocrx_word' id='word_1_862' title='bbox 2259 4558 2313 4619; x_wconf 82' lang='grc' dir='ltr'>Ῑ)</span> <span class='ocrx_word' id='word_1_863' title='bbox 2335 4575 2460 4641; x_wconf 86' lang='lat' dir='ltr'><strong>bus,</strong></span> <span class='ocrx_word' id='word_1_864' title='bbox 2493 4574 2545 4629; x_wconf 92' lang='lat' dir='ltr'><strong>id</strong></span> <span class='ocrx_word' id='word_1_865' title='bbox 2569 4584 2652 4631; x_wconf 90' lang='lat' dir='ltr'><strong>est</strong></span> <span class='ocrx_word' id='word_1_866' title='bbox 2675 4575 2820 4641; x_wconf 87' lang='lat' dir='ltr'><strong>Sole,</strong></span> <span class='ocrx_word' id='word_1_867' title='bbox 2862 4585 2918 4631; x_wconf 91' lang='lat' dir='ltr'><strong>et</strong></span> <span class='ocrx_word' id='word_1_868' title='bbox 2948 4575 3123 4643; x_wconf 84' lang='lat' dir='ltr'><strong>Luna,</strong></span> <span class='ocrx_word' id='word_1_869' title='bbox 3154 4586 3209 4631; x_wconf 90' lang='lat' dir='ltr'><strong>et</strong></span> <span class='ocrx_word' id='word_1_870' title='bbox 3236 4576 3428 4633; x_wconf 88' lang='lat' dir='ltr'><strong>Stcllis</strong></span> <span class='ocrx_word' id='word_1_871' title='bbox 3457 4574 3661 4633; x_wconf 88' lang='lat' dir='ltr'><strong>ornavit</strong></span> <span class='ocrx_word' id='word_1_872' title='bbox 3696 4566 3824 4642; x_wconf 78' lang='lat' dir='ltr'><strong>(Gen.</strong></span> <span class='ocrx_word' id='word_1_873' title='bbox 3848 4579 3877 4627; x_wconf 77' lang='grc' dir='ltr'>ι.</span> 
     </span>
    </p>
   </div>
   <div class='ocr_carea' id='block_1_106' title="bbox 2339 4661 3883 4739">
    <p class='ocr_par' dir='ltr' id='par_1_106' title="bbox 2339 4661 3883 4739">
     <span class='ocr_line' id='line_1_106' title="bbox 2339 4661 3883 4739; baseline -0.005 -18"><span class='ocrx_word' id='word_1_874' title='bbox 2339 4663 2454 4738; x_wconf 69' lang='grc'>14),</span> <span class='ocrx_word' id='word_1_875' title='bbox 2483 4666 2679 4739; x_wconf 90' lang='lat' dir='ltr'><strong>quibus</strong></span> <span class='ocrx_word' id='word_1_876' title='bbox 2706 4676 2796 4722; x_wconf 88' lang='lat' dir='ltr'><strong>aut</strong></span> <span class='ocrx_word' id='word_1_877' title='bbox 2825 4665 2953 4734; x_wconf 90' lang='lat' dir='ltr'><strong>diei,</strong></span> <span class='ocrx_word' id='word_1_878' title='bbox 2998 4675 3089 4723; x_wconf 90' lang='lat' dir='ltr'><strong>aut</strong></span> <span class='ocrx_word' id='word_1_879' title='bbox 3124 4668 3299 4723; x_wconf 90' lang='lat' dir='ltr'><strong>noctis</strong></span> <span class='ocrx_word' id='word_1_880' title='bbox 3330 4670 3464 4724; x_wconf 82' lang='lat' dir='ltr'><strong>flues</strong></span> <span class='ocrx_word' id='word_1_881' title='bbox 3491 4663 3789 4725; x_wconf 83' lang='lat' dir='ltr'><strong>ostenderet,</strong></span> <span class='ocrx_word' id='word_1_882' title='bbox 3809 4661 3883 4709; x_wconf 73' lang='lat' dir='ltr'><strong>aut</strong></span> 
     </span>
    </p>
   </div>
   <div class='ocr_carea' id='block_1_107' title="bbox 2337 4746 3878 4833">
    <p class='ocr_par' dir='ltr' id='par_1_107' title="bbox 2337 4746 3878 4833">
     <span class='ocr_line' id='line_1_107' title="bbox 2337 4746 3878 4833; baseline -0.008 -19"><span class='ocrx_word' id='word_1_883' title='bbox 2337 4760 2505 4831; x_wconf 87' lang='lat' dir='ltr'><strong>signis</strong></span> <span class='ocrx_word' id='word_1_884' title='bbox 2533 4760 2784 4825; x_wconf 87' lang='lat' dir='ltr'><strong>rusticos,</strong></span> <span class='ocrx_word' id='word_1_885' title='bbox 2812 4769 2905 4815; x_wconf 90' lang='lat' dir='ltr'><strong>aut</strong></span> <span class='ocrx_word' id='word_1_886' title='bbox 2932 4761 3178 4817; x_wconf 90' lang='lat' dir='ltr'><strong>nauticos</strong></span> <span class='ocrx_word' id='word_1_887' title='bbox 3202 4761 3444 4817; x_wconf 90' lang='lat' dir='ltr'><strong>erudiret</strong></span> <span class='ocrx_word' id='word_1_888' title='bbox 3466 4758 3569 4833; x_wconf 89' lang='lat' dir='ltr'><strong>(Ib.</strong></span> <span class='ocrx_word' id='word_1_889' title='bbox 3593 4766 3639 4813; x_wconf 89' lang='lat' dir='ltr'><strong>et</strong></span> <span class='ocrx_word' id='word_1_890' title='bbox 3659 4768 3774 4810; x_wconf 82' lang='lat' dir='ltr'><strong>vers.</strong></span> <span class='ocrx_word' id='word_1_891' title='bbox 3791 4746 3878 4817; x_wconf 73' lang='lat' dir='ltr'><strong>l6).</strong></span> 
     </span>
    </p>
   </div>
   <div class='ocr_carea' id='block_1_108' title="bbox 2338 4847 3879 4925">
    <p class='ocr_par' dir='ltr' id='par_1_108' title="bbox 2338 4847 3879 4925">
     <span class='ocr_line' id='line_1_108' title="bbox 2338 4847 3879 4925; baseline -0.011 -16"><span class='ocrx_word' id='word_1_892' title='bbox 2338 4853 2504 4909; x_wconf 83' lang='lat' dir='ltr'><strong>Maria</strong></span> <span class='ocrx_word' id='word_1_893' title='bbox 2520 4869 2744 4925; x_wconf 69' lang='lat' dir='ltr'><strong>qumque</strong></span> <span class='ocrx_word' id='word_1_894' title='bbox 2772 4853 2978 4908; x_wconf 87' lang='lat' dir='ltr'><strong>inclusa</strong></span> <span class='ocrx_word' id='word_1_895' title='bbox 2996 4854 3048 4908; x_wconf 91' lang='lat' dir='ltr'><strong>in</strong></span> <span class='ocrx_word' id='word_1_896' title='bbox 3075 4862 3234 4909; x_wconf 73' lang='lat' dir='ltr'><strong>terra:</strong></span> <span class='ocrx_word' id='word_1_897' title='bbox 3254 4852 3515 4909; x_wconf 89' lang='lat' dir='ltr'><strong>limitibus</strong></span> <span class='ocrx_word' id='word_1_898' title='bbox 3541 4847 3670 4923; x_wconf 84' lang='lat' dir='ltr'><strong>(Job.</strong></span> <span class='ocrx_word' id='word_1_899' title='bbox 3693 4853 3879 4901; x_wconf 77' lang='lat' dir='ltr'><strong>xxxvtu,</strong></span> 
     </span>
    </p>
   </div>
   <div class='ocr_carea' id='block_1_109' title="bbox 2339 4929 3877 5022">
    <p class='ocr_par' dir='ltr' id='par_1_109' title="bbox 2339 4929 3877 5022">
     <span class='ocr_line' id='line_1_109' title="bbox 2339 4929 3877 5022; baseline -0.01 -16"><span class='ocrx_word' id='word_1_900' title='bbox 2339 4949 2393 5018; x_wconf 88' lang='lat'><strong>8,</strong></span> <span class='ocrx_word' id='word_1_901' title='bbox 2424 4948 2548 5022; x_wconf 85' lang='lat' dir='ltr'><strong>etc.)</strong></span> <span class='ocrx_word' id='word_1_902' title='bbox 2580 4964 2675 5004; x_wconf 89' lang='lat' dir='ltr'><strong>sua</strong></span> <span class='ocrx_word' id='word_1_903' title='bbox 2702 4947 2952 5004; x_wconf 90' lang='lat' dir='ltr'><strong>animalia</strong></span> <span class='ocrx_word' id='word_1_904' title='bbox 2985 4961 3274 5019; x_wconf 88' lang='lat' dir='ltr'><strong>procreare</strong></span> <span class='ocrx_word' id='word_1_905' title='bbox 3301 4943 3571 5001; x_wconf 82' lang='lat' dir='ltr'><strong>mandavit</strong></span> <span class='ocrx_word' id='word_1_906' title='bbox 3593 4938 3731 5017; x_wconf 83' lang='lat' dir='ltr'><strong>(Gen.</strong></span> <span class='ocrx_word' id='word_1_907' title='bbox 3754 4950 3786 5000; x_wconf 85' lang='grc' dir='ltr'>ι,</span> <span class='ocrx_word' id='word_1_908' title='bbox 3806 4929 3877 4991; x_wconf 69' lang='lat'><strong>20.</strong></span> 
     </span>
    </p>
   </div>
   <div class='ocr_carea' id='block_1_110' title="bbox 2339 5030 3878 5118">
    <p class='ocr_par' dir='ltr' id='par_1_110' title="bbox 2339 5030 3878 5118">
     <span class='ocr_line' id='line_1_110' title="bbox 2339 5030 3878 5118; baseline -0.01 -19"><span class='ocrx_word' id='word_1_909' title='bbox 2339 5044 2433 5118; x_wconf 77' lang='lat' dir='ltr'><strong>2i)</strong></span> <span class='ocrx_word' id='word_1_910' title='bbox 2461 5062 2475 5099; x_wconf 89' lang='lat'><strong>:</strong></span> <span class='ocrx_word' id='word_1_911' title='bbox 2500 5044 2677 5099; x_wconf 87' lang='lat' dir='ltr'><strong>anima</strong></span> <span class='ocrx_word' id='word_1_912' title='bbox 2724 5042 2975 5099; x_wconf 89' lang='lat' dir='ltr'><strong>videlicet</strong></span> <span class='ocrx_word' id='word_1_913' title='bbox 3020 5042 3168 5112; x_wconf 88' lang='lat' dir='ltr'><strong>ipsas</strong></span> <span class='ocrx_word' id='word_1_914' title='bbox 3210 5041 3464 5097; x_wconf 89' lang='lat' dir='ltr'><strong>materias</strong></span> <span class='ocrx_word' id='word_1_915' title='bbox 3497 5030 3878 5093; x_wconf 62' lang='lat' dir='ltr'><strong>animaverahul</strong></span> 
     </span>
    </p>
   </div>
   <div class='ocr_carea' id='block_1_111' title="bbox 2340 5130 3874 5207">
    <p class='ocr_par' dir='ltr' id='par_1_111' title="bbox 2340 5130 3874 5207">
     <span class='ocr_line' id='line_1_111' title="bbox 2340 5130 3874 5207; baseline -0.012 -13"><span class='ocrx_word' id='word_1_916' title='bbox 2340 5137 2686 5194; x_wconf 89' lang='lat' dir='ltr'><strong>nascentibus</strong></span> <span class='ocrx_word' id='word_1_917' title='bbox 2717 5133 3057 5207; x_wconf 90' lang='lat' dir='ltr'><strong>postmodum</strong></span> <span class='ocrx_word' id='word_1_918' title='bbox 3080 5133 3444 5189; x_wconf 89' lang='lat' dir='ltr'><strong>animantibus</strong></span> <span class='ocrx_word' id='word_1_919' title='bbox 3465 5130 3660 5185; x_wconf 87' lang='lat' dir='ltr'><strong>animas</strong></span> <span class='ocrx_word' id='word_1_920' title='bbox 3680 5131 3874 5181; x_wconf 77' lang='lat' dir='ltr'><strong>commo-</strong></span> 
     </span>
    </p>
   </div>
   <div class='ocr_carea' id='block_1_112' title="bbox 2340 5216 3879 5300">
    <p class='ocr_par' dir='ltr' id='par_1_112' title="bbox 2340 5216 3879 5300">
     <span class='ocr_line' id='line_1_112' title="bbox 2340 5216 3879 5300; baseline -0.016 -12"><span class='ocrx_word' id='word_1_921' title='bbox 2340 5233 2533 5288; x_wconf 89' lang='lat' dir='ltr'><strong>darent</strong></span> <span class='ocrx_word' id='word_1_922' title='bbox 2558 5231 2647 5287; x_wconf 92' lang='lat'><strong>88.</strong></span> <span class='ocrx_word' id='word_1_923' title='bbox 2689 5231 2798 5287; x_wconf 87' lang='lat' dir='ltr'><strong>Sed</strong></span> <span class='ocrx_word' id='word_1_924' title='bbox 2819 5244 2925 5300; x_wconf 91' lang='lat' dir='ltr'><strong>quo</strong></span> <span class='ocrx_word' id='word_1_925' title='bbox 2952 5225 3347 5285; x_wconf 70' lang='lat' dir='ltr'><strong>fmcundiorem</strong></span> <span class='ocrx_word' id='word_1_926' title='bbox 3380 5225 3573 5281; x_wconf 87' lang='lat' dir='ltr'><strong>faceret</strong></span> <span class='ocrx_word' id='word_1_927' title='bbox 3599 5216 3773 5295; x_wconf 68' lang='lat' dir='ltr'><strong>(Codex</strong></span> <span class='ocrx_word' id='word_1_928' title='bbox 3800 5224 3879 5264; x_wconf 78' lang='lat' dir='ltr'><strong>ius.</strong></span> 
     </span>
    </p>
   </div>
   <div class='ocr_carea' id='block_1_113' title="bbox 2344 5303 3876 5395">
    <p class='ocr_par' dir='ltr' id='par_1_113' title="bbox 2344 5303 3876 5395">
     <span class='ocr_line' id='line_1_113' title="bbox 2344 5303 3876 5395; baseline -0.01 -16"><span class='ocrx_word' id='word_1_929' title='bbox 2344 5323 2491 5379; x_wconf 78' lang='lat' dir='ltr'><strong>Itabet</strong></span> <span class='ocrx_word' id='word_1_930' title='bbox 2536 5321 2763 5395; x_wconf 75' lang='lat' dir='ltr'><strong>fecerat)</strong></span> <span class='ocrx_word' id='word_1_931' title='bbox 2810 5332 3009 5378; x_wconf 91' lang='lat' dir='ltr'><strong>terram</strong></span> <span class='ocrx_word' id='word_1_932' title='bbox 3030 5318 3184 5394; x_wconf 84' lang='lat' dir='ltr'><strong>(Gen.</strong></span> <span class='ocrx_word' id='word_1_933' title='bbox 3212 5318 3362 5383; x_wconf 72' lang='grc' dir='ltr'><strong>ι,21,</strong></span> <span class='ocrx_word' id='word_1_934' title='bbox 3389 5316 3515 5387; x_wconf 71' lang='grc'>25),</span> <span class='ocrx_word' id='word_1_935' title='bbox 3551 5320 3664 5385; x_wconf 90' lang='lat' dir='ltr'><strong>post</strong></span> <span class='ocrx_word' id='word_1_936' title='bbox 3702 5303 3876 5379; x_wconf 72' lang='lat' dir='ltr'><strong>pabula.</strong></span> 
     </span>
    </p>
   </div>
   <div class='ocr_carea' id='block_1_114' title="bbox 2347 5406 3878 5491">
    <p class='ocr_par' dir='ltr' id='par_1_114' title="bbox 2347 5406 3878 5491">
     <span class='ocr_line' id='line_1_114' title="bbox 2347 5406 3878 5491; baseline -0.01 -18"><span class='ocrx_word' id='word_1_937' title='bbox 2347 5427 2469 5491; x_wconf 90' lang='lat' dir='ltr'><strong>post</strong></span> <span class='ocrx_word' id='word_1_938' title='bbox 2516 5417 2654 5489; x_wconf 87' lang='lat' dir='ltr'><strong>ligna</strong></span> <span class='ocrx_word' id='word_1_939' title='bbox 2701 5414 2999 5480; x_wconf 86' lang='lat' dir='ltr'><strong>fructifera,</strong></span> <span class='ocrx_word' id='word_1_940' title='bbox 3054 5424 3177 5486; x_wconf 90' lang='lat' dir='ltr'><strong>post</strong></span> <span class='ocrx_word' id='word_1_941' title='bbox 3221 5413 3468 5468; x_wconf 81' lang='lat' dir='ltr'><strong>universa</strong></span> <span class='ocrx_word' id='word_1_942' title='bbox 3519 5406 3728 5468; x_wconf 84' lang='lat' dir='ltr'><strong>semina,</strong></span> <span class='ocrx_word' id='word_1_943' title='bbox 3772 5410 3878 5491; x_wconf 56' lang='lat' dir='ltr'><strong>quit-</strong></span> 
     </span>
    </p>
   </div>
   <div class='ocr_carea' id='block_1_115' title="bbox 2345 5486 3878 5580">
    <p class='ocr_par' dir='ltr' id='par_1_115' title="bbox 2345 5486 3878 5580">
     <span class='ocr_line' id='line_1_115' title="bbox 2345 5486 3878 5580; baseline -0.015 -14"><span class='ocrx_word' id='word_1_944' title='bbox 2345 5486 2646 5580; x_wconf 81' lang='lat' dir='ltr'><strong>drupedum</strong></span> <span class='ocrx_word' id='word_1_945' title='bbox 2668 5522 2861 5579; x_wconf 88' lang='lat' dir='ltr'><strong>genus,</strong></span> <span class='ocrx_word' id='word_1_946' title='bbox 2889 5505 3154 5571; x_wconf 87' lang='lat' dir='ltr'><strong>ferarum,</strong></span> <span class='ocrx_word' id='word_1_947' title='bbox 3178 5516 3231 5560; x_wconf 93' lang='lat' dir='ltr'><strong>et</strong></span> <span class='ocrx_word' id='word_1_948' title='bbox 3257 5492 3585 5575; x_wconf 84' lang='lat' dir='ltr'><strong>serpentium</strong></span> <span class='ocrx_word' id='word_1_949' title='bbox 3607 5496 3712 5551; x_wconf 78' lang='lat' dir='ltr'><strong>viva</strong></span> <span class='ocrx_word' id='word_1_950' title='bbox 3737 5486 3878 5580; x_wconf 17' lang='lat' dir='ltr'><strong>omini:</strong></span> 
     </span>
    </p>
   </div>
   <div class='ocr_carea' id='block_1_116' title="bbox 2345 5578 3878 5673">
    <p class='ocr_par' dir='ltr' id='par_1_116' title="bbox 2345 5578 3878 5673">
     <span class='ocr_line' id='line_1_116' title="bbox 2345 5578 3878 5673; baseline -0.016 -14"><span class='ocrx_word' id='word_1_951' title='bbox 2345 5613 2403 5658; x_wconf 89' lang='lat' dir='ltr'><strong>et</strong></span> <span class='ocrx_word' id='word_1_952' title='bbox 2422 5578 2655 5657; x_wconf 87' lang='lat' dir='ltr'><strong>animata</strong></span> <span class='ocrx_word' id='word_1_953' title='bbox 2678 5578 2843 5670; x_wconf 85' lang='lat' dir='ltr'><strong>jussit</strong></span> <span class='ocrx_word' id='word_1_954' title='bbox 2868 5598 3067 5670; x_wconf 81' lang='lat' dir='ltr'><strong>ejicere</strong></span> <span class='ocrx_word' id='word_1_955' title='bbox 3096 5596 3287 5673; x_wconf 62' lang='lat' dir='ltr'><strong>(Ibid)</strong></span> <span class='ocrx_word' id='word_1_956' title='bbox 3316 5595 3405 5651; x_wconf 89' lang='lat'><strong>89.</strong></span> <span class='ocrx_word' id='word_1_957' title='bbox 3449 5593 3553 5649; x_wconf 82' lang='lat' dir='ltr'><strong>Nec</strong></span> <span class='ocrx_word' id='word_1_958' title='bbox 3579 5602 3718 5646; x_wconf 84' lang='lat' dir='ltr'><strong>mora</strong></span> <span class='ocrx_word' id='word_1_959' title='bbox 3744 5587 3789 5638; x_wconf 90' lang='lat' dir='ltr'><strong>in</strong></span> 
     </span>
    </p>
   </div>
   <div class='ocr_carea' id='block_1_117' title="bbox 2349 5668 3879 5769">
    <p class='ocr_par' dir='ltr' id='par_1_117' title="bbox 2349 5668 3879 5769">
     <span class='ocr_line' id='line_1_117' title="bbox 2349 5668 3879 5769; baseline -0.003 -19"><span class='ocrx_word' id='word_1_960' title='bbox 2349 5692 2597 5750; x_wconf 90' lang='lat' dir='ltr'><strong>omnibus</strong></span> <span class='ocrx_word' id='word_1_961' title='bbox 2626 5709 2640 5746; x_wconf 87' lang='lat'><strong>:</strong></span> <span class='ocrx_word' id='word_1_962' title='bbox 2669 5668 2741 5749; x_wconf 82' lang='grc'>90</span> <span class='ocrx_word' id='word_1_963' title='bbox 2769 5668 2968 5765; x_wconf 87' lang='lat' dir='ltr'><strong>quippe</strong></span> <span class='ocrx_word' id='word_1_964' title='bbox 3007 5668 3176 5769; x_wconf 87' lang='lat' dir='ltr'><strong>quum</strong></span> <span class='ocrx_word' id='word_1_965' title='bbox 3210 5689 3347 5769; x_wconf 78' lang='lat' dir='ltr'><strong>Deus</strong></span> <span class='ocrx_word' id='word_1_966' title='bbox 3379 5685 3534 5742; x_wconf 86' lang='lat' dir='ltr'><strong>Pater</strong></span> <span class='ocrx_word' id='word_1_967' title='bbox 3553 5683 3784 5769; x_wconf 50' lang='lat' dir='ltr'><strong>jusserit);</strong></span> 
     </span>
    </p>
   </div>
   <div class='ocr_carea' id='block_1_118' title="bbox 2347 5766 3876 5857">
    <p class='ocr_par' dir='ltr' id='par_1_118' title="bbox 2347 5766 3876 5857">
     <span class='ocr_line' id='line_1_118' title="bbox 2347 5766 3876 5857; baseline -0.011 -14"><span class='ocrx_word' id='word_1_968' title='bbox 2347 5775 2452 5844; x_wconf 77' lang='lat' dir='ltr'><strong>itus</strong></span> <span class='ocrx_word' id='word_1_969' title='bbox 2478 5777 2650 5844; x_wconf 76' lang='lat' dir='ltr'><strong>virtuti</strong></span> <span class='ocrx_word' id='word_1_970' title='bbox 2682 5778 2793 5857; x_wconf 69' lang='lat' dir='ltr'><strong>Ipsis</strong></span> <span class='ocrx_word' id='word_1_971' title='bbox 2824 5772 2941 5842; x_wconf 78' lang='lat' dir='ltr'><strong>sine</strong></span> <span class='ocrx_word' id='word_1_972' title='bbox 2963 5766 3411 5844; x_wconf 60' lang='lat' dir='ltr'><strong>nummum</strong></span> <span class='ocrx_word' id='word_1_973' title='bbox 3438 5768 3703 5850; x_wconf 79' lang='lat' dir='ltr'><strong>imperium</strong></span> <span class='ocrx_word' id='word_1_974' title='bbox 3725 5766 3876 5837; x_wconf 65' lang='lat' dir='ltr'><strong>clm</strong></span> 
     </span>
    </p>
   </div>
  </div>
