  <div class='ocr_page' id='page_1' title='image "/cluster/home/n/w/nwhite01/storage/ocr_20150623/10/hvd.32044096580394/374.png"; bbox 0 0 4100 6196; ppageno 0'>
   <div class='ocr_carea' id='block_1_1' title="bbox 275 255 387 312">
    <p class='ocr_par' dir='ltr' id='par_1_1' title="bbox 275 255 387 312">
     <span class='ocr_line' id='line_1_1' title="bbox 275 255 387 312; baseline 0 -1"><span class='ocrx_word' id='word_1_1' title='bbox 275 255 387 312; x_wconf 75' lang='grc'><strong>757</strong></span> 
     </span>
    </p>
   </div>
   <div class='ocr_carea' id='block_1_2' title="bbox 1500 252 2396 314">
    <p class='ocr_par' dir='ltr' id='par_1_2' title="bbox 1500 252 2396 314">
     <span class='ocr_line' id='line_1_2' title="bbox 1500 252 2396 314; baseline 0.001 -4"><span class='ocrx_word' id='word_1_2' title='bbox 1500 252 1838 312; x_wconf 82' lang='lat' dir='ltr'><strong>EPISTOLA</strong></span> <span class='ocrx_word' id='word_1_3' title='bbox 1875 252 2005 314; x_wconf 83' lang='lat' dir='ltr'><strong>SEU</strong></span> <span class='ocrx_word' id='word_1_4' title='bbox 2046 253 2396 313; x_wconf 77' lang='lat' dir='ltr'><strong>LIBELLUS.</strong></span> 
     </span>
    </p>
   </div>
   <div class='ocr_carea' id='block_1_3' title="bbox 3478 264 3584 322">
    <p class='ocr_par' dir='ltr' id='par_1_3' title="bbox 3478 264 3584 322">
     <span class='ocr_line' id='line_1_3' title="bbox 3478 264 3584 322; baseline 0.009 -1"><span class='ocrx_word' id='word_1_5' title='bbox 3478 264 3584 322; x_wconf 82' lang='grc'><strong>758</strong></span> 
     </span>
    </p>
   </div>
   <div class='ocr_carea' id='block_1_4' title="bbox 276 367 3588 444">
    <p class='ocr_par' dir='ltr' id='par_1_4' title="bbox 276 367 3588 444">
     <span class='ocr_line' id='line_1_4' title="bbox 276 367 3588 444; baseline 0.003 -21"><span class='ocrx_word' id='word_1_6' title='bbox 276 370 430 423; x_wconf 82' lang='lat' dir='ltr'><strong>sebat</strong></span> <span class='ocrx_word' id='word_1_7' title='bbox 461 385 473 421; x_wconf 92' lang='lat'><strong>:</strong></span> <span class='ocrx_word' id='word_1_8' title='bbox 507 383 628 423; x_wconf 88' lang='lat' dir='ltr'><strong>nam</strong></span> <span class='ocrx_word' id='word_1_9' title='bbox 657 383 780 424; x_wconf 91' lang='lat' dir='ltr'><strong>cum</strong></span> <span class='ocrx_word' id='word_1_10' title='bbox 803 367 1046 438; x_wconf 88' lang='lat' dir='ltr'><strong>jussioue</strong></span> <span class='ocrx_word' id='word_1_11' title='bbox 1085 374 1142 424; x_wconf 91' lang='lat' dir='ltr'><strong>et</strong></span> <span class='ocrx_word' id='word_1_12' title='bbox 1182 379 1321 438; x_wconf 88' lang='lat' dir='ltr'><strong>opus</strong></span> <span class='ocrx_word' id='word_1_13' title='bbox 1349 367 1597 424; x_wconf 74' lang='lat' dir='ltr'><strong>adstabat</strong></span> <span class='ocrx_word' id='word_1_14' title='bbox 1639 369 1730 424; x_wconf 90' lang='grc'><strong>91.</strong></span> <span class='ocrx_word' id='word_1_15' title='bbox 1770 368 1875 425; x_wconf 86' lang='lat' dir='ltr'><strong>Sed</strong></span> <span class='ocrx_word' id='word_1_16' title='bbox 1903 370 1958 431; x_wconf 83' lang='grc' dir='ltr'><strong>Α</strong></span> <span class='ocrx_word' id='word_1_17' title='bbox 1981 380 2369 439; x_wconf 86' lang='lat' dir='ltr'><strong>generaverat,</strong></span> <span class='ocrx_word' id='word_1_18' title='bbox 2414 370 2721 426; x_wconf 88' lang='lat' dir='ltr'><strong>universum</strong></span> <span class='ocrx_word' id='word_1_19' title='bbox 2771 371 3050 427; x_wconf 81' lang='lat' dir='ltr'><strong>hominum</strong></span> <span class='ocrx_word' id='word_1_20' title='bbox 3092 387 3265 444; x_wconf 86' lang='lat' dir='ltr'><strong>genus</strong></span> <span class='ocrx_word' id='word_1_21' title='bbox 3308 390 3490 432; x_wconf 86' lang='lat' dir='ltr'><strong>secum</strong></span> <span class='ocrx_word' id='word_1_22' title='bbox 3519 379 3588 436; x_wconf 89' lang='lat' dir='ltr'><strong>ad</strong></span> 
     </span>
    </p>
   </div>
   <div class='ocr_carea' id='block_1_5' title="bbox 274 458 1876 530">
    <p class='ocr_par' dir='ltr' id='par_1_5' title="bbox 274 458 1876 530">
     <span class='ocr_line' id='line_1_5' title="bbox 274 458 1876 530; baseline 0 -16"><span class='ocrx_word' id='word_1_23' title='bbox 274 461 532 530; x_wconf 89' lang='lat' dir='ltr'><strong>quoniam</strong></span> <span class='ocrx_word' id='word_1_24' title='bbox 565 460 789 515; x_wconf 86' lang='lat' dir='ltr'><strong>multum</strong></span> <span class='ocrx_word' id='word_1_25' title='bbox 818 458 1080 515; x_wconf 77' lang='lat' dir='ltr'><strong>intererat</strong></span> <span class='ocrx_word' id='word_1_26' title='bbox 1098 459 1515 516; x_wconf 68' lang='lat' dir='ltr'><strong>suhftecundare</strong></span> <span class='ocrx_word' id='word_1_27' title='bbox 1547 472 1760 516; x_wconf 87' lang='lat' dir='ltr'><strong>terrena</strong></span> <span class='ocrx_word' id='word_1_28' title='bbox 1783 460 1876 528; x_wconf 73' lang='lat'><strong>9&#39;2,</strong></span> 
     </span>
    </p>
   </div>
   <div class='ocr_carea' id='block_1_6' title="bbox 274 551 1878 624">
    <p class='ocr_par' dir='ltr' id='par_1_6' title="bbox 274 551 1878 624">
     <span class='ocr_line' id='line_1_6' title="bbox 274 551 1878 624; baseline 0 -16"><span class='ocrx_word' id='word_1_29' title='bbox 274 562 330 608; x_wconf 87' lang='lat' dir='ltr'><strong>et</strong></span> <span class='ocrx_word' id='word_1_30' title='bbox 355 562 482 624; x_wconf 89' lang='lat' dir='ltr'><strong>post</strong></span> <span class='ocrx_word' id='word_1_31' title='bbox 505 551 710 619; x_wconf 88' lang='lat' dir='ltr'><strong>divina,</strong></span> <span class='ocrx_word' id='word_1_32' title='bbox 741 552 974 608; x_wconf 88' lang='lat' dir='ltr'><strong>humana</strong></span> <span class='ocrx_word' id='word_1_33' title='bbox 1005 551 1266 618; x_wconf 87' lang='lat' dir='ltr'><strong>deerant;</strong></span> <span class='ocrx_word' id='word_1_34' title='bbox 1309 552 1582 608; x_wconf 88' lang='lat' dir='ltr'><strong>hominem</strong></span> <span class='ocrx_word' id='word_1_35' title='bbox 1613 555 1760 620; x_wconf 83' lang='lat' dir='ltr'><strong>fecit,</strong></span> <span class='ocrx_word' id='word_1_36' title='bbox 1789 555 1878 623; x_wconf 92' lang='lat' dir='ltr'><strong>qui</strong></span> 
     </span>
    </p>
   </div>
   <div class='ocr_carea' id='block_1_7' title="bbox 277 646 1880 711">
    <p class='ocr_par' dir='ltr' id='par_1_7' title="bbox 277 646 1880 711">
     <span class='ocr_line' id='line_1_7' title="bbox 277 646 1880 711; baseline 0 -10"><span class='ocrx_word' id='word_1_37' title='bbox 277 663 385 701; x_wconf 91' lang='lat' dir='ltr'><strong>non</strong></span> <span class='ocrx_word' id='word_1_38' title='bbox 415 656 558 701; x_wconf 88' lang='lat' dir='ltr'><strong>totus</strong></span> <span class='ocrx_word' id='word_1_39' title='bbox 583 655 732 702; x_wconf 90' lang='lat' dir='ltr'><strong>esset</strong></span> <span class='ocrx_word' id='word_1_40' title='bbox 755 661 785 701; x_wconf 91' lang='lat' dir='ltr'><strong>e</strong></span> <span class='ocrx_word' id='word_1_41' title='bbox 817 646 980 711; x_wconf 86' lang='lat' dir='ltr'><strong>coelo,</strong></span> <span class='ocrx_word' id='word_1_42' title='bbox 1014 660 1116 701; x_wconf 86' lang='lat' dir='ltr'><strong>nec</strong></span> <span class='ocrx_word' id='word_1_43' title='bbox 1145 655 1324 702; x_wconf 91' lang='lat' dir='ltr'><strong>tamen</strong></span> <span class='ocrx_word' id='word_1_44' title='bbox 1349 646 1415 703; x_wconf 92' lang='lat' dir='ltr'><strong>de</strong></span> <span class='ocrx_word' id='word_1_45' title='bbox 1447 655 1589 702; x_wconf 90' lang='lat' dir='ltr'><strong>terra</strong></span> <span class='ocrx_word' id='word_1_46' title='bbox 1633 656 1776 702; x_wconf 87' lang='lat' dir='ltr'><strong>totus</strong></span> <span class='ocrx_word' id='word_1_47' title='bbox 1809 646 1880 703; x_wconf 84' lang='grc'><strong>95</strong></span> 
     </span>
    </p>
   </div>
   <div class='ocr_carea' id='block_1_8' title="bbox 275 737 1880 810">
    <p class='ocr_par' dir='ltr' id='par_1_8' title="bbox 275 737 1880 810">
     <span class='ocr_line' id='line_1_8' title="bbox 275 737 1880 810; baseline 0.003 -18"><span class='ocrx_word' id='word_1_48' title='bbox 275 737 472 794; x_wconf 90' lang='lat' dir='ltr'><strong>iterum</strong></span> <span class='ocrx_word' id='word_1_49' title='bbox 501 746 819 793; x_wconf 90' lang='lat' dir='ltr'><strong>nasceretur</strong></span> <span class='ocrx_word' id='word_1_50' title='bbox 848 737 918 794; x_wconf 70' lang='grc'><strong>94</strong></span> <span class='ocrx_word' id='word_1_51' title='bbox 953 755 965 790; x_wconf 88' lang='lat'><strong>:</strong></span> <span class='ocrx_word' id='word_1_52' title='bbox 1012 739 1210 810; x_wconf 86' lang='lat' dir='ltr'><strong>quippe</strong></span> <span class='ocrx_word' id='word_1_53' title='bbox 1252 755 1450 810; x_wconf 90' lang='lat' dir='ltr'><strong>corpus</strong></span> <span class='ocrx_word' id='word_1_54' title='bbox 1477 755 1542 795; x_wconf 81' lang='lat' dir='ltr'><strong>ex</strong></span> <span class='ocrx_word' id='word_1_55' title='bbox 1575 741 1719 795; x_wconf 88' lang='lat' dir='ltr'><strong>omni</strong></span> <span class='ocrx_word' id='word_1_56' title='bbox 1752 741 1880 797; x_wconf 90' lang='lat' dir='ltr'><strong>limo</strong></span> 
     </span>
    </p>
   </div>
   <div class='ocr_carea' id='block_1_9' title="bbox 276 829 1880 906">
    <p class='ocr_par' dir='ltr' id='par_1_9' title="bbox 276 829 1880 906">
     <span class='ocr_line' id='line_1_9' title="bbox 276 829 1880 906; baseline 0.004 -21"><span class='ocrx_word' id='word_1_57' title='bbox 276 839 440 888; x_wconf 63' lang='lat' dir='ltr'><strong>terra!</strong></span> <span class='ocrx_word' id='word_1_58' title='bbox 466 830 720 886; x_wconf 87' lang='lat' dir='ltr'><strong>formavit</strong></span> <span class='ocrx_word' id='word_1_59' title='bbox 751 830 904 906; x_wconf 88' lang='lat' dir='ltr'><strong>(Gen.</strong></span> <span class='ocrx_word' id='word_1_60' title='bbox 937 848 994 895; x_wconf 88' lang='grc' dir='ltr'><strong>ιι,</strong></span> <span class='ocrx_word' id='word_1_61' title='bbox 1026 829 1082 902; x_wconf 86' lang='grc'><strong>7)</strong></span> <span class='ocrx_word' id='word_1_62' title='bbox 1107 833 1209 900; x_wconf 84' lang='grc'><strong>95,</strong></span> <span class='ocrx_word' id='word_1_63' title='bbox 1235 835 1483 902; x_wconf 81' lang='lat' dir='ltr'><strong>Spiritum</strong></span> <span class='ocrx_word' id='word_1_64' title='bbox 1522 850 1880 891; x_wconf 91' lang='lat' dir='ltr'><strong>concessurus</strong></span> 
     </span>
    </p>
   </div>
   <div class='ocr_carea' id='block_1_10' title="bbox 275 923 1880 998">
    <p class='ocr_par' dir='ltr' id='par_1_10' title="bbox 275 923 1880 998">
     <span class='ocr_line' id='line_1_10' title="bbox 275 923 1880 998; baseline 0.002 -19"><span class='ocrx_word' id='word_1_65' title='bbox 275 940 309 979; x_wconf 90' lang='lat' dir='ltr'><strong>e</strong></span> <span class='ocrx_word' id='word_1_66' title='bbox 345 924 487 981; x_wconf 76' lang='lat' dir='ltr'><strong>ctelo</strong></span> <span class='ocrx_word' id='word_1_67' title='bbox 513 923 857 998; x_wconf 83' lang='lat' dir='ltr'><strong>(Ibidem)96</strong></span> <span class='ocrx_word' id='word_1_68' title='bbox 890 943 903 979; x_wconf 91' lang='lat'>:</span> <span class='ocrx_word' id='word_1_69' title='bbox 933 936 984 980; x_wconf 92' lang='lat' dir='ltr'><strong>et</strong></span> <span class='ocrx_word' id='word_1_70' title='bbox 1025 941 1148 980; x_wconf 89' lang='lat' dir='ltr'><strong>cum</strong></span> <span class='ocrx_word' id='word_1_71' title='bbox 1196 927 1378 982; x_wconf 86' lang='lat' dir='ltr'><strong>omnia</strong></span> <span class='ocrx_word' id='word_1_72' title='bbox 1420 928 1665 996; x_wconf 89' lang='lat' dir='ltr'><strong>jussione</strong></span> <span class='ocrx_word' id='word_1_73' title='bbox 1705 927 1880 984; x_wconf 85' lang='lat' dir='ltr'><strong>Patris</strong></span> 
     </span>
    </p>
   </div>
   <div class='ocr_carea' id='block_1_11' title="bbox 273 1017 1880 1088">
    <p class='ocr_par' dir='ltr' id='par_1_11' title="bbox 273 1017 1880 1088">
     <span class='ocr_line' id='line_1_11' title="bbox 273 1017 1880 1088; baseline 0.001 -14"><span class='ocrx_word' id='word_1_74' title='bbox 273 1018 537 1074; x_wconf 84' lang='lat' dir='ltr'><strong>Sermone</strong></span> <span class='ocrx_word' id='word_1_75' title='bbox 559 1018 895 1088; x_wconf 91' lang='lat' dir='ltr'><strong>obsequente</strong></span> <span class='ocrx_word' id='word_1_76' title='bbox 923 1017 1149 1074; x_wconf 88' lang='lat' dir='ltr'><strong>formata</strong></span> <span class='ocrx_word' id='word_1_77' title='bbox 1179 1020 1289 1074; x_wconf 80' lang='lat' dir='ltr'><strong>sint</strong></span> <span class='ocrx_word' id='word_1_78' title='bbox 1319 1019 1407 1084; x_wconf 89' lang='grc'><strong>97,</strong></span> <span class='ocrx_word' id='word_1_79' title='bbox 1437 1019 1490 1075; x_wconf 92' lang='lat' dir='ltr'><strong>iu</strong></span> <span class='ocrx_word' id='word_1_80' title='bbox 1525 1020 1757 1077; x_wconf 90' lang='lat' dir='ltr'><strong>hominis</strong></span> <span class='ocrx_word' id='word_1_81' title='bbox 1785 1020 1880 1076; x_wconf 83' lang='lat' dir='ltr'><strong>lic-</strong></span> 
     </span>
    </p>
   </div>
   <div class='ocr_carea' id='block_1_12' title="bbox 276 1110 1880 1181">
    <p class='ocr_par' dir='ltr' id='par_1_12' title="bbox 276 1110 1880 1181">
     <span class='ocr_line' id='line_1_12' title="bbox 276 1110 1880 1181; baseline 0.002 -17"><span class='ocrx_word' id='word_1_82' title='bbox 276 1110 422 1167; x_wconf 90' lang='lat' dir='ltr'><strong>tione</strong></span> <span class='ocrx_word' id='word_1_83' title='bbox 447 1113 613 1167; x_wconf 88' lang='lat' dir='ltr'><strong>etiam</strong></span> <span class='ocrx_word' id='word_1_84' title='bbox 639 1111 754 1180; x_wconf 90' lang='lat' dir='ltr'><strong>ipse</strong></span> <span class='ocrx_word' id='word_1_85' title='bbox 783 1110 946 1167; x_wconf 92' lang='lat' dir='ltr'><strong>Pater</strong></span> <span class='ocrx_word' id='word_1_86' title='bbox 980 1111 1270 1167; x_wconf 87' lang='lat' dir='ltr'><strong>fabricator</strong></span> <span class='ocrx_word' id='word_1_87' title='bbox 1297 1113 1528 1168; x_wconf 85' lang='lat' dir='ltr'><strong>accessit</strong></span> <span class='ocrx_word' id='word_1_88' title='bbox 1573 1114 1664 1181; x_wconf 91' lang='lat'><strong>98,</strong></span> <span class='ocrx_word' id='word_1_89' title='bbox 1710 1123 1767 1168; x_wconf 93' lang='lat' dir='ltr'><strong>ut</strong></span> <span class='ocrx_word' id='word_1_90' title='bbox 1813 1113 1880 1168; x_wconf 91' lang='lat' dir='ltr'><strong>ad</strong></span> 
     </span>
    </p>
   </div>
   <div class='ocr_carea' id='block_1_13' title="bbox 274 1204 1882 1275">
    <p class='ocr_par' dir='ltr' id='par_1_13' title="bbox 274 1204 1882 1275">
     <span class='ocr_line' id='line_1_13' title="bbox 274 1204 1882 1275; baseline 0.002 -16"><span class='ocrx_word' id='word_1_91' title='bbox 274 1204 738 1260; x_wconf 85' lang='lat' dir='ltr'><strong>immortalitatem</strong></span> <span class='ocrx_word' id='word_1_92' title='bbox 770 1220 876 1259; x_wconf 92' lang='lat' dir='ltr'><strong>non</strong></span> <span class='ocrx_word' id='word_1_93' title='bbox 902 1206 1282 1275; x_wconf 70' lang='lat' dir='ltr'><strong>prsescriberet</strong></span> <span class='ocrx_word' id='word_1_94' title='bbox 1309 1215 1452 1262; x_wconf 90' lang='lat' dir='ltr'><strong>terra</strong></span> <span class='ocrx_word' id='word_1_95' title='bbox 1475 1248 1491 1274; x_wconf 89' lang='lat'><strong>,</strong></span> <span class='ocrx_word' id='word_1_96' title='bbox 1525 1208 1568 1262; x_wconf 90' lang='lat' dir='ltr'><strong>si</strong></span> <span class='ocrx_word' id='word_1_97' title='bbox 1602 1209 1882 1265; x_wconf 89' lang='lat' dir='ltr'><strong>immorta-</strong></span> 
     </span>
    </p>
   </div>
   <div class='ocr_carea' id='block_1_14' title="bbox 275 1293 1878 1356">
    <p class='ocr_par' dir='ltr' id='par_1_14' title="bbox 275 1293 1878 1356">
     <span class='ocr_line' id='line_1_14' title="bbox 275 1293 1878 1356; baseline 0.003 -5"><span class='ocrx_word' id='word_1_98' title='bbox 275 1297 356 1351; x_wconf 88' lang='lat' dir='ltr'><strong>les</strong></span> <span class='ocrx_word' id='word_1_99' title='bbox 376 1312 569 1353; x_wconf 86' lang='lat' dir='ltr'><strong>manus</strong></span> <span class='ocrx_word' id='word_1_100' title='bbox 587 1293 985 1352; x_wconf 66' lang='lat' dir='ltr'><strong>amstituerent</strong></span> <span class='ocrx_word' id='word_1_101' title='bbox 1006 1299 1279 1353; x_wconf 86' lang='lat' dir='ltr'><strong>hominem</strong></span> <span class='ocrx_word' id='word_1_102' title='bbox 1299 1299 1388 1354; x_wconf 87' lang='lat'><strong>99.</strong></span> <span class='ocrx_word' id='word_1_103' title='bbox 1414 1297 1697 1355; x_wconf 88' lang='lat' dir='ltr'><strong>Concessit</strong></span> <span class='ocrx_word' id='word_1_104' title='bbox 1718 1302 1878 1356; x_wconf 91' lang='lat' dir='ltr'><strong>etiam</strong></span> 
     </span>
    </p>
   </div>
   <div class='ocr_carea' id='block_1_15' title="bbox 274 1388 1882 1460">
    <p class='ocr_par' dir='ltr' id='par_1_15' title="bbox 274 1388 1882 1460">
     <span class='ocr_line' id='line_1_15' title="bbox 274 1388 1882 1460; baseline 0.002 -16"><span class='ocrx_word' id='word_1_105' title='bbox 274 1401 335 1444; x_wconf 91' lang='lat' dir='ltr'><strong>ut</strong></span> <span class='ocrx_word' id='word_1_106' title='bbox 359 1388 524 1446; x_wconf 88' lang='lat' dir='ltr'><strong>homo</strong></span> <span class='ocrx_word' id='word_1_107' title='bbox 550 1389 644 1444; x_wconf 89' lang='lat' dir='ltr'><strong>Dei</strong></span> <span class='ocrx_word' id='word_1_108' title='bbox 668 1389 955 1459; x_wconf 85' lang='lat' dir='ltr'><strong>imaginem</strong></span> <span class='ocrx_word' id='word_1_109' title='bbox 975 1398 1219 1460; x_wconf 86' lang='lat' dir='ltr'><strong>portaret</strong></span> <span class='ocrx_word' id='word_1_110' title='bbox 1243 1391 1297 1445; x_wconf 94' lang='lat' dir='ltr'><strong>in</strong></span> <span class='ocrx_word' id='word_1_111' title='bbox 1324 1392 1480 1447; x_wconf 89' lang='lat' dir='ltr'><strong>terris</strong></span> <span class='ocrx_word' id='word_1_112' title='bbox 1506 1392 1629 1459; x_wconf 85' lang='grc'><strong>100,</strong></span> <span class='ocrx_word' id='word_1_113' title='bbox 1656 1392 1882 1448; x_wconf 90' lang='lat' dir='ltr'><strong>daturus</strong></span> 
     </span>
    </p>
   </div>
   <div class='ocr_carea' id='block_1_16' title="bbox 274 1482 1880 1555">
    <p class='ocr_par' dir='ltr' id='par_1_16' title="bbox 274 1482 1880 1555">
     <span class='ocr_line' id='line_1_16' title="bbox 274 1482 1880 1555; baseline 0.004 -20"><span class='ocrx_word' id='word_1_114' title='bbox 274 1482 618 1553; x_wconf 86' lang='lat' dir='ltr'><strong>postmodum</strong></span> <span class='ocrx_word' id='word_1_115' title='bbox 643 1482 1075 1549; x_wconf 89' lang='lat' dir='ltr'><strong>similitudinem,</strong></span> <span class='ocrx_word' id='word_1_116' title='bbox 1105 1483 1149 1538; x_wconf 92' lang='lat' dir='ltr'><strong>si</strong></span> <span class='ocrx_word' id='word_1_117' title='bbox 1179 1483 1356 1555; x_wconf 80' lang='lat' dir='ltr'><strong>imago</strong></span> <span class='ocrx_word' id='word_1_118' title='bbox 1379 1495 1687 1541; x_wconf 89' lang='lat' dir='ltr'><strong>servaretur</strong></span> <span class='ocrx_word' id='word_1_119' title='bbox 1708 1485 1880 1542; x_wconf 67' lang='lat' dir='ltr'><strong>illa-sa</strong></span> 
     </span>
    </p>
   </div>
   <div class='ocr_carea' id='block_1_17' title="bbox 276 1572 1875 1645">
    <p class='ocr_par' dir='ltr' id='par_1_17' title="bbox 276 1572 1875 1645">
     <span class='ocr_line' id='line_1_17' title="bbox 276 1572 1875 1645; baseline 0.001 -15"><span class='ocrx_word' id='word_1_120' title='bbox 276 1575 403 1630; x_wconf 97' lang='grc'><strong>101.</strong></span> <span class='ocrx_word' id='word_1_121' title='bbox 437 1572 519 1629; x_wconf 80' lang='lat' dir='ltr'><strong>Ad</strong></span> <span class='ocrx_word' id='word_1_122' title='bbox 542 1573 831 1645; x_wconf 74' lang='lat' dir='ltr'><strong>imaginem</strong></span> <span class='ocrx_word' id='word_1_123' title='bbox 860 1590 964 1629; x_wconf 87' lang='lat' dir='ltr'><strong>non</strong></span> <span class='ocrx_word' id='word_1_124' title='bbox 996 1583 1154 1644; x_wconf 90' lang='lat' dir='ltr'><strong>putes</strong></span> <span class='ocrx_word' id='word_1_125' title='bbox 1190 1589 1312 1630; x_wconf 88' lang='lat' dir='ltr'><strong>esse</strong></span> <span class='ocrx_word' id='word_1_126' title='bbox 1337 1575 1564 1631; x_wconf 91' lang='lat' dir='ltr'><strong>formam</strong></span> <span class='ocrx_word' id='word_1_127' title='bbox 1599 1577 1736 1632; x_wconf 92' lang='lat' dir='ltr'><strong>hanc</strong></span> <span class='ocrx_word' id='word_1_128' title='bbox 1779 1578 1875 1632; x_wconf 93' lang='lat' dir='ltr'><strong>ho-</strong></span> 
     </span>
    </p>
   </div>
   <div class='ocr_carea' id='block_1_18' title="bbox 275 1667 1881 1739">
    <p class='ocr_par' dir='ltr' id='par_1_18' title="bbox 275 1667 1881 1739">
     <span class='ocr_line' id='line_1_18' title="bbox 275 1667 1881 1739; baseline 0.004 -17"><span class='ocrx_word' id='word_1_129' title='bbox 275 1667 438 1724; x_wconf 88' lang='lat' dir='ltr'><strong>minis</strong></span> <span class='ocrx_word' id='word_1_130' title='bbox 486 1669 812 1724; x_wconf 76' lang='lat' dir='ltr'><strong>exteriorem</strong></span> <span class='ocrx_word' id='word_1_131' title='bbox 863 1670 1078 1724; x_wconf 87' lang='lat' dir='ltr'><strong>factam.</strong></span> <span class='ocrx_word' id='word_1_132' title='bbox 1127 1670 1305 1726; x_wconf 82' lang='lat' dir='ltr'><strong>Absit.</strong></span> <span class='ocrx_word' id='word_1_133' title='bbox 1341 1671 1471 1739; x_wconf 87' lang='lat' dir='ltr'><strong>Quis</strong></span> <span class='ocrx_word' id='word_1_134' title='bbox 1513 1672 1658 1729; x_wconf 88' lang='lat' dir='ltr'><strong>enim</strong></span> <span class='ocrx_word' id='word_1_135' title='bbox 1695 1675 1881 1728; x_wconf 86' lang='lat' dir='ltr'><strong>credat</strong></span> 
     </span>
    </p>
   </div>
   <div class='ocr_carea' id='block_1_19' title="bbox 1984 462 3587 532">
    <p class='ocr_par' dir='ltr' id='par_1_19' title="bbox 1984 462 3587 532">
     <span class='ocr_line' id='line_1_19' title="bbox 1984 462 3587 532; baseline 0.007 -18"><span class='ocrx_word' id='word_1_136' title='bbox 1984 468 2215 515; x_wconf 88' lang='lat' dir='ltr'><strong>mortem</strong></span> <span class='ocrx_word' id='word_1_137' title='bbox 2259 476 2429 531; x_wconf 89' lang='lat' dir='ltr'><strong>usque</strong></span> <span class='ocrx_word' id='word_1_138' title='bbox 2475 462 2723 532; x_wconf 75' lang='lat' dir='ltr'><strong>perduxit</strong></span> <span class='ocrx_word' id='word_1_139' title='bbox 2755 463 2878 516; x_wconf 79' lang='grc'><strong>112.</strong></span> <span class='ocrx_word' id='word_1_140' title='bbox 2935 463 3050 519; x_wconf 78' lang='lat' dir='ltr'><strong>Non</strong></span> <span class='ocrx_word' id='word_1_141' title='bbox 3083 464 3362 520; x_wconf 87' lang='lat' dir='ltr'><strong>defuturus</strong></span> <span class='ocrx_word' id='word_1_142' title='bbox 3410 476 3587 524; x_wconf 90' lang='lat' dir='ltr'><strong>tamen</strong></span> 
     </span>
    </p>
   </div>
   <div class='ocr_carea' id='block_1_20' title="bbox 1981 554 3591 628">
    <p class='ocr_par' dir='ltr' id='par_1_20' title="bbox 1981 554 3591 628">
     <span class='ocr_line' id='line_1_20' title="bbox 1981 554 3591 628; baseline 0.005 -19"><span class='ocrx_word' id='word_1_143' title='bbox 1981 554 2178 622; x_wconf 87' lang='lat' dir='ltr'><strong>bonus,</strong></span> <span class='ocrx_word' id='word_1_144' title='bbox 2209 556 2293 610; x_wconf 90' lang='lat' dir='ltr'><strong>vel</strong></span> <span class='ocrx_word' id='word_1_145' title='bbox 2318 556 2498 626; x_wconf 88' lang='lat' dir='ltr'><strong>justus</strong></span> <span class='ocrx_word' id='word_1_146' title='bbox 2527 573 2538 608; x_wconf 93' lang='lat'><strong>:</strong></span> <span class='ocrx_word' id='word_1_147' title='bbox 2573 557 2826 627; x_wconf 88' lang='lat' dir='ltr'><strong>quoniam</strong></span> <span class='ocrx_word' id='word_1_148' title='bbox 2857 557 3072 628; x_wconf 83' lang='lat' dir='ltr'><strong>quidem</strong></span> <span class='ocrx_word' id='word_1_149' title='bbox 3115 557 3344 614; x_wconf 90' lang='lat' dir='ltr'><strong>liberum</strong></span> <span class='ocrx_word' id='word_1_150' title='bbox 3375 572 3493 616; x_wconf 91' lang='lat' dir='ltr'><strong>erat</strong></span> <span class='ocrx_word' id='word_1_151' title='bbox 3535 569 3591 617; x_wconf 91' lang='lat' dir='ltr'><strong>et</strong></span> 
     </span>
    </p>
   </div>
   <div class='ocr_carea' id='block_1_21' title="bbox 1985 649 3593 721">
    <p class='ocr_par' dir='ltr' id='par_1_21' title="bbox 1985 649 3593 721">
     <span class='ocr_line' id='line_1_21' title="bbox 1985 649 3593 721; baseline 0.005 -20"><span class='ocrx_word' id='word_1_152' title='bbox 1985 649 2324 715; x_wconf 81' lang='lat' dir='ltr'><strong>postmodum</strong></span> <span class='ocrx_word' id='word_1_153' title='bbox 2357 649 2496 704; x_wconf 88' lang='lat' dir='ltr'><strong>natis</strong></span> <span class='ocrx_word' id='word_1_154' title='bbox 2522 665 2628 705; x_wconf 92' lang='lat' dir='ltr'><strong>non</strong></span> <span class='ocrx_word' id='word_1_155' title='bbox 2655 650 2993 721; x_wconf 91' lang='lat' dir='ltr'><strong>delinquere,</strong></span> <span class='ocrx_word' id='word_1_156' title='bbox 3017 661 3071 706; x_wconf 91' lang='lat' dir='ltr'><strong>et</strong></span> <span class='ocrx_word' id='word_1_157' title='bbox 3106 651 3248 708; x_wconf 89' lang='lat' dir='ltr'><strong>Deus</strong></span> <span class='ocrx_word' id='word_1_158' title='bbox 3277 668 3382 707; x_wconf 93' lang='lat' dir='ltr'><strong>non</strong></span> <span class='ocrx_word' id='word_1_159' title='bbox 3411 669 3593 710; x_wconf 89' lang='lat' dir='ltr'><strong>cessa-</strong></span> 
     </span>
    </p>
   </div>
   <div class='ocr_carea' id='block_1_22' title="bbox 1983 740 3592 814">
    <p class='ocr_par' dir='ltr' id='par_1_22' title="bbox 1983 740 3592 814">
     <span class='ocr_line' id='line_1_22' title="bbox 1983 740 3592 814; baseline 0.005 -18"><span class='ocrx_word' id='word_1_160' title='bbox 1983 740 2076 796; x_wconf 86' lang='lat' dir='ltr'><strong>bat</strong></span> <span class='ocrx_word' id='word_1_161' title='bbox 2100 742 2344 812; x_wconf 88' lang='lat' dir='ltr'><strong>quotidie</strong></span> <span class='ocrx_word' id='word_1_162' title='bbox 2367 757 2716 799; x_wconf 89' lang='lat' dir='ltr'><strong>commonere</strong></span> <span class='ocrx_word' id='word_1_163' title='bbox 2739 743 2863 798; x_wconf 80' lang='grc'><strong>115.</strong></span> <span class='ocrx_word' id='word_1_164' title='bbox 2884 742 3033 798; x_wconf 90' lang='lat' dir='ltr'><strong>Tunc</strong></span> <span class='ocrx_word' id='word_1_165' title='bbox 3061 743 3244 800; x_wconf 87' lang='lat' dir='ltr'><strong>divina</strong></span> <span class='ocrx_word' id='word_1_166' title='bbox 3275 746 3508 814; x_wconf 90' lang='lat' dir='ltr'><strong>bonitas,</strong></span> <span class='ocrx_word' id='word_1_167' title='bbox 3537 757 3592 804; x_wconf 91' lang='lat' dir='ltr'><strong>et</strong></span> 
     </span>
    </p>
   </div>
   <div class='ocr_carea' id='block_1_23' title="bbox 1981 829 3594 907">
    <p class='ocr_par' dir='ltr' id='par_1_23' title="bbox 1981 829 3594 907">
     <span class='ocr_line' id='line_1_23' title="bbox 1981 829 3594 907; baseline 0.004 -19"><span class='ocrx_word' id='word_1_168' title='bbox 1981 829 2204 905; x_wconf 79' lang='lat' dir='ltr'><strong>paterna</strong></span> <span class='ocrx_word' id='word_1_169' title='bbox 2257 834 2429 904; x_wconf 88' lang='lat' dir='ltr'><strong>pietas</strong></span> <span class='ocrx_word' id='word_1_170' title='bbox 2499 834 2645 906; x_wconf 88' lang='lat' dir='ltr'><strong>larga</strong></span> <span class='ocrx_word' id='word_1_171' title='bbox 2696 835 3064 906; x_wconf 87' lang='lat' dir='ltr'><strong>multipliciter</strong></span> <span class='ocrx_word' id='word_1_172' title='bbox 3110 837 3425 907; x_wconf 86' lang='lat' dir='ltr'><strong>providebat</strong></span> <span class='ocrx_word' id='word_1_173' title='bbox 3469 857 3482 892; x_wconf 88' lang='lat'><strong>:</strong></span> <span class='ocrx_word' id='word_1_174' title='bbox 3538 849 3594 895; x_wconf 89' lang='lat' dir='ltr'><strong>et</strong></span> 
     </span>
    </p>
   </div>
   <div class='ocr_carea' id='block_1_24' title="bbox 1986 925 3592 1000">
    <p class='ocr_par' dir='ltr' id='par_1_24' title="bbox 1986 925 3592 1000">
     <span class='ocr_line' id='line_1_24' title="bbox 1986 925 3592 1000; baseline 0.004 -21"><span class='ocrx_word' id='word_1_175' title='bbox 1986 925 2160 996; x_wconf 87' lang='lat' dir='ltr'><strong>primo</strong></span> <span class='ocrx_word' id='word_1_176' title='bbox 2202 927 2419 996; x_wconf 91' lang='lat' dir='ltr'><strong>quidem</strong></span> <span class='ocrx_word' id='word_1_177' title='bbox 2473 942 2568 996; x_wconf 89' lang='lat' dir='ltr'><strong>per</strong></span> <span class='ocrx_word' id='word_1_178' title='bbox 2611 926 2796 982; x_wconf 82' lang='lat' dir='ltr'><strong>Justus</strong></span> <span class='ocrx_word' id='word_1_179' title='bbox 2841 926 3181 983; x_wconf 85' lang='lat' dir='ltr'><strong>Patriarchas</strong></span> <span class='ocrx_word' id='word_1_180' title='bbox 3212 945 3224 980; x_wconf 92' lang='lat'>:</span> <span class='ocrx_word' id='word_1_181' title='bbox 3257 929 3452 984; x_wconf 88' lang='lat' dir='ltr'><strong>deinde</strong></span> <span class='ocrx_word' id='word_1_182' title='bbox 3496 945 3592 1000; x_wconf 88' lang='lat' dir='ltr'><strong>per</strong></span> 
     </span>
    </p>
   </div>
   <div class='ocr_carea' id='block_1_25' title="bbox 1982 1019 3589 1092">
    <p class='ocr_par' dir='ltr' id='par_1_25' title="bbox 1982 1019 3589 1092">
     <span class='ocr_line' id='line_1_25' title="bbox 1982 1019 3589 1092; baseline 0.002 -18"><span class='ocrx_word' id='word_1_183' title='bbox 1982 1019 2206 1092; x_wconf 83' lang='lat' dir='ltr'><strong>Moysen</strong></span> <span class='ocrx_word' id='word_1_184' title='bbox 2228 1062 2242 1089; x_wconf 93' lang='lat'><strong>,</strong></span> <span class='ocrx_word' id='word_1_185' title='bbox 2273 1031 2327 1076; x_wconf 91' lang='lat' dir='ltr'><strong>et</strong></span> <span class='ocrx_word' id='word_1_186' title='bbox 2371 1021 2672 1091; x_wconf 84' lang='lat' dir='ltr'><strong>Prophetas</strong></span> <span class='ocrx_word' id='word_1_187' title='bbox 2702 1022 2826 1077; x_wconf 74' lang='grc'><strong>114.</strong></span> <span class='ocrx_word' id='word_1_188' title='bbox 2863 1019 2969 1077; x_wconf 89' lang='lat' dir='ltr'><strong>Sed</strong></span> <span class='ocrx_word' id='word_1_189' title='bbox 2999 1037 3190 1078; x_wconf 88' lang='lat' dir='ltr'><strong>onmes</strong></span> <span class='ocrx_word' id='word_1_190' title='bbox 3231 1021 3284 1078; x_wconf 97' lang='lat' dir='ltr'><strong>hi</strong></span> <span class='ocrx_word' id='word_1_191' title='bbox 3336 1023 3389 1077; x_wconf 91' lang='lat' dir='ltr'><strong>in</strong></span> <span class='ocrx_word' id='word_1_192' title='bbox 3420 1023 3589 1079; x_wconf 88' lang='lat' dir='ltr'><strong>Adam</strong></span> 
     </span>
    </p>
   </div>
   <div class='ocr_carea' id='block_1_26' title="bbox 1985 1115 3593 1184">
    <p class='ocr_par' dir='ltr' id='par_1_26' title="bbox 1985 1115 3593 1184">
     <span class='ocr_line' id='line_1_26' title="bbox 1985 1115 3593 1184; baseline 0.003 -15"><span class='ocrx_word' id='word_1_193' title='bbox 1985 1115 2352 1171; x_wconf 89' lang='lat' dir='ltr'><strong>moriebantur</strong></span> <span class='ocrx_word' id='word_1_194' title='bbox 2381 1117 2505 1172; x_wconf 84' lang='grc'><strong>115.</strong></span> <span class='ocrx_word' id='word_1_195' title='bbox 2535 1115 2588 1170; x_wconf 88' lang='lat' dir='ltr'><strong>In</strong></span> <span class='ocrx_word' id='word_1_196' title='bbox 2616 1116 2921 1171; x_wconf 85' lang='lat' dir='ltr'><strong>novissimis</strong></span> <span class='ocrx_word' id='word_1_197' title='bbox 2950 1116 3301 1184; x_wconf 74' lang='lat' dir='ltr'><strong>temporibus,</strong></span> <span class='ocrx_word' id='word_1_198' title='bbox 3337 1134 3403 1172; x_wconf 90' lang='lat' dir='ltr'><strong>ne</strong></span> <span class='ocrx_word' id='word_1_199' title='bbox 3425 1117 3476 1172; x_wconf 91' lang='lat' dir='ltr'><strong>iu</strong></span> <span class='ocrx_word' id='word_1_200' title='bbox 3511 1129 3593 1174; x_wconf 92' lang='lat' dir='ltr'><strong>to-</strong></span> 
     </span>
    </p>
   </div>
   <div class='ocr_carea' id='block_1_27' title="bbox 1985 1208 3586 1280">
    <p class='ocr_par' dir='ltr' id='par_1_27' title="bbox 1985 1208 3586 1280">
     <span class='ocr_line' id='line_1_27' title="bbox 1985 1208 3586 1280; baseline 0.001 -16"><span class='ocrx_word' id='word_1_201' title='bbox 1985 1218 2094 1264; x_wconf 91' lang='lat' dir='ltr'><strong>tum</strong></span> <span class='ocrx_word' id='word_1_202' title='bbox 2125 1208 2383 1266; x_wconf 88' lang='lat' dir='ltr'><strong>Diabolus</strong></span> <span class='ocrx_word' id='word_1_203' title='bbox 2413 1209 2770 1280; x_wconf 84' lang='lat' dir='ltr'><strong>triumpharet</strong></span> <span class='ocrx_word' id='word_1_204' title='bbox 2811 1211 2966 1277; x_wconf 89' lang='lat' dir='ltr'><strong>(nam</strong></span> <span class='ocrx_word' id='word_1_205' title='bbox 2993 1210 3099 1266; x_wconf 90' lang='lat' dir='ltr'><strong>hoc</strong></span> <span class='ocrx_word' id='word_1_206' title='bbox 3138 1210 3215 1265; x_wconf 89' lang='lat' dir='ltr'><strong>illi</strong></span> <span class='ocrx_word' id='word_1_207' title='bbox 3252 1227 3446 1266; x_wconf 83' lang='lat' dir='ltr'><strong>untuen</strong></span> <span class='ocrx_word' id='word_1_208' title='bbox 3474 1221 3586 1279; x_wconf 91' lang='lat' dir='ltr'><strong>est,</strong></span> 
     </span>
    </p>
   </div>
   <div class='ocr_carea' id='block_1_28' title="bbox 1985 1302 3592 1376">
    <p class='ocr_par' dir='ltr' id='par_1_28' title="bbox 1985 1302 3592 1376">
     <span class='ocr_line' id='line_1_28' title="bbox 1985 1302 3592 1376; baseline -0.002 -13"><span class='ocrx_word' id='word_1_209' title='bbox 1985 1313 2266 1374; x_wconf 83' lang='lat' dir='ltr'><strong>postquam</strong></span> <span class='ocrx_word' id='word_1_210' title='bbox 2295 1303 2501 1360; x_wconf 88' lang='lat' dir='ltr'><strong>homini</strong></span> <span class='ocrx_word' id='word_1_211' title='bbox 2524 1302 2752 1375; x_wconf 82' lang='lat' dir='ltr'><strong>invidit)</strong></span> <span class='ocrx_word' id='word_1_212' title='bbox 2780 1304 2904 1364; x_wconf 83' lang='grc'><strong>116.</strong></span> <span class='ocrx_word' id='word_1_213' title='bbox 2936 1313 2989 1361; x_wconf 87' lang='lat' dir='ltr'><strong>et</strong></span> <span class='ocrx_word' id='word_1_214' title='bbox 3017 1321 3085 1360; x_wconf 91' lang='lat' dir='ltr'><strong>ne</strong></span> <span class='ocrx_word' id='word_1_215' title='bbox 3110 1305 3271 1360; x_wconf 91' lang='lat' dir='ltr'><strong>homo</strong></span> <span class='ocrx_word' id='word_1_216' title='bbox 3304 1316 3424 1376; x_wconf 91' lang='lat' dir='ltr'><strong>post</strong></span> <span class='ocrx_word' id='word_1_217' title='bbox 3453 1316 3592 1362; x_wconf 86' lang='lat' dir='ltr'><strong>tem-</strong></span> 
     </span>
    </p>
   </div>
   <div class='ocr_carea' id='block_1_29' title="bbox 1984 1395 3590 1478">
    <p class='ocr_par' dir='ltr' id='par_1_29' title="bbox 1984 1395 3590 1478">
     <span class='ocr_line' id='line_1_29' title="bbox 1984 1395 3590 1478; baseline 0.002 -28"><span class='ocrx_word' id='word_1_218' title='bbox 1984 1410 2115 1464; x_wconf 89' lang='lat' dir='ltr'><strong>pora</strong></span> <span class='ocrx_word' id='word_1_219' title='bbox 2148 1395 2512 1451; x_wconf 89' lang='lat' dir='ltr'><strong>damnationis</strong></span> <span class='ocrx_word' id='word_1_220' title='bbox 2544 1396 2762 1465; x_wconf 88' lang='lat' dir='ltr'><strong>impleta</strong></span> <span class='ocrx_word' id='word_1_221' title='bbox 2804 1405 2990 1451; x_wconf 92' lang='lat' dir='ltr'><strong>contra</strong></span> <span class='ocrx_word' id='word_1_222' title='bbox 3037 1396 3467 1478; x_wconf 76' lang='lat' dir='ltr'><strong>misericordiam</strong></span> <span class='ocrx_word' id='word_1_223' title='bbox 3495 1399 3590 1454; x_wconf 89' lang='lat' dir='ltr'><strong>Dei</strong></span> 
     </span>
    </p>
   </div>
   <div class='ocr_carea' id='block_1_30' title="bbox 1984 1489 3590 1561">
    <p class='ocr_par' dir='ltr' id='par_1_30' title="bbox 1984 1489 3590 1561">
     <span class='ocr_line' id='line_1_30' title="bbox 1984 1489 3590 1561; baseline 0.002 -17"><span class='ocrx_word' id='word_1_224' title='bbox 1984 1489 2075 1544; x_wconf 91' lang='lat' dir='ltr'><strong>diu</strong></span> <span class='ocrx_word' id='word_1_225' title='bbox 2109 1499 2387 1546; x_wconf 86' lang='lat' dir='ltr'><strong>teneretur</strong></span> <span class='ocrx_word' id='word_1_226' title='bbox 2415 1490 2468 1545; x_wconf 91' lang='lat' dir='ltr'><strong>in</strong></span> <span class='ocrx_word' id='word_1_227' title='bbox 2500 1505 2694 1561; x_wconf 61' lang='lat' dir='ltr'><strong>paena;</strong></span> <span class='ocrx_word' id='word_1_228' title='bbox 2729 1491 2959 1545; x_wconf 89' lang='lat' dir='ltr'><strong>salutem</strong></span> <span class='ocrx_word' id='word_1_229' title='bbox 2982 1532 2997 1558; x_wconf 96' lang='lat'><strong>,</strong></span> <span class='ocrx_word' id='word_1_230' title='bbox 3027 1507 3186 1560; x_wconf 89' lang='lat' dir='ltr'><strong>quam</strong></span> <span class='ocrx_word' id='word_1_231' title='bbox 3218 1493 3330 1548; x_wconf 88' lang='lat' dir='ltr'><strong>sola</strong></span> <span class='ocrx_word' id='word_1_232' title='bbox 3361 1493 3590 1548; x_wconf 86' lang='lat' dir='ltr'><strong>misera-</strong></span> 
     </span>
    </p>
   </div>
   <div class='ocr_carea' id='block_1_31' title="bbox 1986 1580 3593 1654">
    <p class='ocr_par' dir='ltr' id='par_1_31' title="bbox 1986 1580 3593 1654">
     <span class='ocr_line' id='line_1_31' title="bbox 1986 1580 3593 1654; baseline 0.002 -19"><span class='ocrx_word' id='word_1_233' title='bbox 1986 1580 2131 1637; x_wconf 91' lang='lat' dir='ltr'><strong>tione</strong></span> <span class='ocrx_word' id='word_1_234' title='bbox 2185 1582 2514 1649; x_wconf 90' lang='lat' dir='ltr'><strong>merebatur,</strong></span> <span class='ocrx_word' id='word_1_235' title='bbox 2557 1582 2768 1652; x_wconf 86' lang='lat' dir='ltr'><strong>accepit</strong></span> <span class='ocrx_word' id='word_1_236' title='bbox 2810 1583 2933 1637; x_wconf 92' lang='grc'><strong>117.</strong></span> <span class='ocrx_word' id='word_1_237' title='bbox 2980 1583 3122 1637; x_wconf 85' lang='lat' dir='ltr'><strong>Deus</strong></span> <span class='ocrx_word' id='word_1_238' title='bbox 3168 1599 3400 1654; x_wconf 87' lang='lat' dir='ltr'><strong>namque</strong></span> <span class='ocrx_word' id='word_1_239' title='bbox 3438 1593 3593 1654; x_wconf 89' lang='lat' dir='ltr'><strong>pater</strong></span> 
     </span>
    </p>
   </div>
   <div class='ocr_carea' id='block_1_32' title="bbox 1985 1673 3592 1745">
    <p class='ocr_par' dir='ltr' id='par_1_32' title="bbox 1985 1673 3592 1745">
     <span class='ocr_line' id='line_1_32' title="bbox 1985 1673 3592 1745; baseline 0.002 -17"><span class='ocrx_word' id='word_1_240' title='bbox 1985 1678 2327 1745; x_wconf 92' lang='lat' dir='ltr'><strong>omnipotens</strong></span> <span class='ocrx_word' id='word_1_241' title='bbox 2353 1673 2548 1733; x_wconf 84' lang='lat' dir='ltr'><strong>Filium</strong></span> <span class='ocrx_word' id='word_1_242' title='bbox 2593 1691 2746 1730; x_wconf 91' lang='lat' dir='ltr'><strong>suum</strong></span> <span class='ocrx_word' id='word_1_243' title='bbox 2777 1675 2960 1731; x_wconf 85' lang='lat' dir='ltr'><strong>Jesum</strong></span> <span class='ocrx_word' id='word_1_244' title='bbox 3002 1676 3274 1731; x_wconf 84' lang='lat' dir='ltr'><strong>Christum</strong></span> <span class='ocrx_word' id='word_1_245' title='bbox 3319 1678 3485 1732; x_wconf 92' lang='lat' dir='ltr'><strong>Deum</strong></span> <span class='ocrx_word' id='word_1_246' title='bbox 3527 1693 3592 1732; x_wconf 90' lang='lat' dir='ltr'><strong>ac</strong></span> 
     </span>
    </p>
   </div>
   <div class='ocr_carea' id='block_1_33' title="bbox 276 1763 3596 1840">
    <p class='ocr_par' dir='ltr' id='par_1_33' title="bbox 276 1763 3596 1840">
     <span class='ocr_line' id='line_1_33' title="bbox 276 1763 3596 1840; baseline 0.002 -21"><span class='ocrx_word' id='word_1_247' title='bbox 276 1765 470 1830; x_wconf 90' lang='lat' dir='ltr'><strong>Deum,</strong></span> <span class='ocrx_word' id='word_1_248' title='bbox 499 1763 565 1819; x_wconf 90' lang='lat' dir='ltr'><strong>ad</strong></span> <span class='ocrx_word' id='word_1_249' title='bbox 589 1763 745 1834; x_wconf 87' lang='lat' dir='ltr'><strong>cujus</strong></span> <span class='ocrx_word' id='word_1_250' title='bbox 770 1763 1057 1834; x_wconf 78' lang='lat' dir='ltr'><strong>imaginem</strong></span> <span class='ocrx_word' id='word_1_251' title='bbox 1111 1763 1281 1819; x_wconf 89' lang='lat' dir='ltr'><strong>factus</strong></span> <span class='ocrx_word' id='word_1_252' title='bbox 1321 1774 1407 1820; x_wconf 91' lang='lat' dir='ltr'><strong>est</strong></span> <span class='ocrx_word' id='word_1_253' title='bbox 1455 1768 1636 1835; x_wconf 90' lang='lat' dir='ltr'><strong>homo,</strong></span> <span class='ocrx_word' id='word_1_254' title='bbox 1684 1767 1883 1822; x_wconf 87' lang='lat' dir='ltr'><strong>habere</strong></span> <span class='ocrx_word' id='word_1_255' title='bbox 1914 1769 1963 1829; x_wconf 89' lang='lat' dir='ltr'><strong>B</strong></span> <span class='ocrx_word' id='word_1_256' title='bbox 1991 1768 2274 1824; x_wconf 89' lang='lat' dir='ltr'><strong>Dominum</strong></span> <span class='ocrx_word' id='word_1_257' title='bbox 2306 1778 2550 1825; x_wconf 91' lang='lat' dir='ltr'><strong>nostrum</strong></span> <span class='ocrx_word' id='word_1_258' title='bbox 2582 1769 2758 1834; x_wconf 89' lang='lat' dir='ltr'><strong>misit,</strong></span> <span class='ocrx_word' id='word_1_259' title='bbox 2792 1785 2888 1840; x_wconf 90' lang='lat' dir='ltr'><strong>per</strong></span> <span class='ocrx_word' id='word_1_260' title='bbox 2924 1784 3081 1839; x_wconf 87' lang='lat' dir='ltr'><strong>quem</strong></span> <span class='ocrx_word' id='word_1_261' title='bbox 3113 1779 3308 1825; x_wconf 89' lang='lat' dir='ltr'><strong>cuncta</strong></span> <span class='ocrx_word' id='word_1_262' title='bbox 3337 1769 3596 1826; x_wconf 90' lang='lat' dir='ltr'><strong>condide-</strong></span> 
     </span>
    </p>
   </div>
   <div class='ocr_carea' id='block_1_34' title="bbox 274 1858 1875 1930">
    <p class='ocr_par' dir='ltr' id='par_1_34' title="bbox 274 1858 1875 1930">
     <span class='ocr_line' id='line_1_34' title="bbox 274 1858 1875 1930; baseline 0.002 -16"><span class='ocrx_word' id='word_1_263' title='bbox 274 1859 509 1928; x_wconf 86' lang='lat' dir='ltr'><strong>aliquam</strong></span> <span class='ocrx_word' id='word_1_264' title='bbox 536 1866 764 1925; x_wconf 89' lang='lat' dir='ltr'><strong>partem,</strong></span> <span class='ocrx_word' id='word_1_265' title='bbox 796 1874 916 1929; x_wconf 77' lang='lat' dir='ltr'><strong>quae</strong></span> <span class='ocrx_word' id='word_1_266' title='bbox 949 1873 1054 1914; x_wconf 92' lang='lat' dir='ltr'><strong>non</strong></span> <span class='ocrx_word' id='word_1_267' title='bbox 1085 1858 1289 1926; x_wconf 88' lang='lat' dir='ltr'><strong>audiat,</strong></span> <span class='ocrx_word' id='word_1_268' title='bbox 1344 1875 1466 1930; x_wconf 76' lang='lat' dir='ltr'><strong>quae</strong></span> <span class='ocrx_word' id='word_1_269' title='bbox 1517 1877 1622 1916; x_wconf 92' lang='lat' dir='ltr'><strong>non</strong></span> <span class='ocrx_word' id='word_1_270' title='bbox 1674 1861 1875 1928; x_wconf 85' lang='lat' dir='ltr'><strong>videat,</strong></span> 
     </span>
    </p>
   </div>
   <div class='ocr_carea' id='block_1_35' title="bbox 272 1952 1884 2023">
    <p class='ocr_par' dir='ltr' id='par_1_35' title="bbox 272 1952 1884 2023">
     <span class='ocr_line' id='line_1_35' title="bbox 272 1952 1884 2023; baseline 0.005 -20"><span class='ocrx_word' id='word_1_271' title='bbox 272 1967 398 2023; x_wconf 68' lang='lat' dir='ltr'><strong>qua:</strong></span> <span class='ocrx_word' id='word_1_272' title='bbox 428 1967 538 2007; x_wconf 90' lang='lat' dir='ltr'><strong>non</strong></span> <span class='ocrx_word' id='word_1_273' title='bbox 582 1953 762 2007; x_wconf 90' lang='lat' dir='ltr'><strong>omnia</strong></span> <span class='ocrx_word' id='word_1_274' title='bbox 814 1953 1107 2022; x_wconf 80' lang='lat' dir='ltr'><strong>operetur?</strong></span> <span class='ocrx_word' id='word_1_275' title='bbox 1157 1952 1404 2008; x_wconf 83' lang='lat' dir='ltr'><strong>Hominis</strong></span> <span class='ocrx_word' id='word_1_276' title='bbox 1447 1954 1591 2009; x_wconf 90' lang='lat' dir='ltr'><strong>enim</strong></span> <span class='ocrx_word' id='word_1_277' title='bbox 1645 1956 1884 2011; x_wconf 83' lang='lat' dir='ltr'><strong>exterior</strong></span> 
     </span>
    </p>
   </div>
   <div class='ocr_carea' id='block_1_36' title="bbox 272 2043 1880 2116">
    <p class='ocr_par' dir='ltr' id='par_1_36' title="bbox 272 2043 1880 2116">
     <span class='ocr_line' id='line_1_36' title="bbox 272 2043 1880 2116; baseline 0.002 -17"><span class='ocrx_word' id='word_1_278' title='bbox 272 2045 447 2100; x_wconf 85' lang='lat' dir='ltr'><strong>forma</strong></span> <span class='ocrx_word' id='word_1_279' title='bbox 479 2059 584 2100; x_wconf 86' lang='lat' dir='ltr'><strong>non</strong></span> <span class='ocrx_word' id='word_1_280' title='bbox 610 2043 846 2116; x_wconf 89' lang='lat' dir='ltr'><strong>undique</strong></span> <span class='ocrx_word' id='word_1_281' title='bbox 889 2043 1056 2111; x_wconf 84' lang='lat' dir='ltr'><strong>videt,</strong></span> <span class='ocrx_word' id='word_1_282' title='bbox 1110 2059 1216 2100; x_wconf 91' lang='lat' dir='ltr'><strong>non</strong></span> <span class='ocrx_word' id='word_1_283' title='bbox 1273 2045 1512 2116; x_wconf 89' lang='lat' dir='ltr'><strong>undique</strong></span> <span class='ocrx_word' id='word_1_284' title='bbox 1553 2047 1720 2114; x_wconf 84' lang='lat' dir='ltr'><strong>audit,</strong></span> <span class='ocrx_word' id='word_1_285' title='bbox 1775 2063 1880 2102; x_wconf 89' lang='lat' dir='ltr'><strong>non</strong></span> 
     </span>
    </p>
   </div>
   <div class='ocr_carea' id='block_1_37' title="bbox 275 2134 1880 2208">
    <p class='ocr_par' dir='ltr' id='par_1_37' title="bbox 275 2134 1880 2208">
     <span class='ocr_line' id='line_1_37' title="bbox 275 2134 1880 2208; baseline 0.003 -18"><span class='ocrx_word' id='word_1_286' title='bbox 275 2134 514 2208; x_wconf 88' lang='lat' dir='ltr'><strong>undique</strong></span> <span class='ocrx_word' id='word_1_287' title='bbox 594 2146 784 2208; x_wconf 89' lang='lat' dir='ltr'><strong>potens</strong></span> <span class='ocrx_word' id='word_1_288' title='bbox 856 2145 960 2192; x_wconf 91' lang='lat' dir='ltr'><strong>est.</strong></span> <span class='ocrx_word' id='word_1_289' title='bbox 1042 2136 1182 2192; x_wconf 90' lang='lat' dir='ltr'><strong>Deus</strong></span> <span class='ocrx_word' id='word_1_290' title='bbox 1269 2146 1448 2194; x_wconf 83' lang='lat' dir='ltr'><strong>autem</strong></span> <span class='ocrx_word' id='word_1_291' title='bbox 1530 2147 1673 2195; x_wconf 91' lang='lat' dir='ltr'><strong>totus</strong></span> <span class='ocrx_word' id='word_1_292' title='bbox 1737 2139 1828 2195; x_wconf 85' lang='lat' dir='ltr'><strong>lux</strong></span> <span class='ocrx_word' id='word_1_293' title='bbox 1866 2181 1880 2205; x_wconf 92' lang='lat'><strong>,</strong></span> 
     </span>
    </p>
   </div>
   <div class='ocr_carea' id='block_1_38' title="bbox 273 2228 1882 2302">
    <p class='ocr_par' dir='ltr' id='par_1_38' title="bbox 273 2228 1882 2302">
     <span class='ocr_line' id='line_1_38' title="bbox 273 2228 1882 2302; baseline 0.004 -20"><span class='ocrx_word' id='word_1_294' title='bbox 273 2238 424 2284; x_wconf 84' lang='lat' dir='ltr'><strong>totus</strong></span> <span class='ocrx_word' id='word_1_295' title='bbox 449 2228 658 2296; x_wconf 87' lang='lat' dir='ltr'><strong>oculus,</strong></span> <span class='ocrx_word' id='word_1_296' title='bbox 690 2236 834 2283; x_wconf 88' lang='lat' dir='ltr'><strong>totus</strong></span> <span class='ocrx_word' id='word_1_297' title='bbox 854 2229 1028 2294; x_wconf 85' lang='lat' dir='ltr'><strong>auris,</strong></span> <span class='ocrx_word' id='word_1_298' title='bbox 1090 2237 1234 2284; x_wconf 87' lang='lat' dir='ltr'><strong>tutus</strong></span> <span class='ocrx_word' id='word_1_299' title='bbox 1285 2245 1477 2286; x_wconf 89' lang='lat' dir='ltr'><strong>manus</strong></span> <span class='ocrx_word' id='word_1_300' title='bbox 1507 2240 1590 2286; x_wconf 90' lang='lat' dir='ltr'><strong>est</strong></span> <span class='ocrx_word' id='word_1_301' title='bbox 1618 2232 1882 2302; x_wconf 85' lang='lat' dir='ltr'><strong>potentis-</strong></span> 
     </span>
    </p>
   </div>
   <div class='ocr_carea' id='block_1_39' title="bbox 274 2321 1876 2393">
    <p class='ocr_par' dir='ltr' id='par_1_39' title="bbox 274 2321 1876 2393">
     <span class='ocr_line' id='line_1_39' title="bbox 274 2321 1876 2393; baseline 0.002 -16"><span class='ocrx_word' id='word_1_302' title='bbox 274 2321 412 2377; x_wconf 86' lang='lat' dir='ltr'><strong>sima</strong></span> <span class='ocrx_word' id='word_1_303' title='bbox 444 2321 568 2376; x_wconf 86' lang='grc'><strong>102.</strong></span> <span class='ocrx_word' id='word_1_304' title='bbox 604 2321 748 2392; x_wconf 87' lang='lat' dir='ltr'><strong>Ergo</strong></span> <span class='ocrx_word' id='word_1_305' title='bbox 795 2321 1128 2376; x_wconf 91' lang='lat' dir='ltr'><strong>mentiuntur</strong></span> <span class='ocrx_word' id='word_1_306' title='bbox 1157 2321 1494 2393; x_wconf 71' lang='lat' dir='ltr'><strong>Scriptum?</strong></span> <span class='ocrx_word' id='word_1_307' title='bbox 1540 2323 1717 2380; x_wconf 80' lang='lat' dir='ltr'><strong>Absit.</strong></span> <span class='ocrx_word' id='word_1_308' title='bbox 1769 2324 1876 2381; x_wconf 87' lang='lat' dir='ltr'><strong>Sed</strong></span> 
     </span>
    </p>
   </div>
   <div class='ocr_carea' id='block_1_40' title="bbox 275 2415 1884 2488">
    <p class='ocr_par' dir='ltr' id='par_1_40' title="bbox 275 2415 1884 2488">
     <span class='ocr_line' id='line_1_40' title="bbox 275 2415 1884 2488; baseline 0.001 -16"><span class='ocrx_word' id='word_1_309' title='bbox 275 2431 401 2472; x_wconf 85' lang='lat' dir='ltr'><strong>esse</strong></span> <span class='ocrx_word' id='word_1_310' title='bbox 440 2417 493 2470; x_wconf 90' lang='lat' dir='ltr'><strong>in</strong></span> <span class='ocrx_word' id='word_1_311' title='bbox 527 2416 745 2471; x_wconf 87' lang='lat' dir='ltr'><strong>homine</strong></span> <span class='ocrx_word' id='word_1_312' title='bbox 776 2415 1032 2485; x_wconf 84' lang='lat' dir='ltr'><strong>quiddam</strong></span> <span class='ocrx_word' id='word_1_313' title='bbox 1063 2415 1310 2484; x_wconf 90' lang='lat' dir='ltr'><strong>interius,</strong></span> <span class='ocrx_word' id='word_1_314' title='bbox 1353 2418 1499 2487; x_wconf 90' lang='lat' dir='ltr'><strong>quod</strong></span> <span class='ocrx_word' id='word_1_315' title='bbox 1543 2417 1718 2472; x_wconf 84' lang='lat' dir='ltr'><strong>Homo</strong></span> <span class='ocrx_word' id='word_1_316' title='bbox 1763 2419 1884 2488; x_wconf 91' lang='lat' dir='ltr'><strong>qui-</strong></span> 
     </span>
    </p>
   </div>
   <div class='ocr_carea' id='block_1_41' title="bbox 279 2507 1887 2578">
    <p class='ocr_par' dir='ltr' id='par_1_41' title="bbox 279 2507 1887 2578">
     <span class='ocr_line' id='line_1_41' title="bbox 279 2507 1887 2578; baseline 0.002 -16"><span class='ocrx_word' id='word_1_317' title='bbox 279 2507 400 2564; x_wconf 89' lang='lat' dir='ltr'><strong>dem</strong></span> <span class='ocrx_word' id='word_1_318' title='bbox 429 2519 483 2564; x_wconf 88' lang='lat' dir='ltr'><strong>et</strong></span> <span class='ocrx_word' id='word_1_319' title='bbox 516 2508 633 2578; x_wconf 91' lang='lat' dir='ltr'><strong>ipse</strong></span> <span class='ocrx_word' id='word_1_320' title='bbox 678 2517 917 2572; x_wconf 78' lang='lat' dir='ltr'><strong>vocetur,</strong></span> <span class='ocrx_word' id='word_1_321' title='bbox 952 2509 1252 2578; x_wconf 79' lang='lat' dir='ltr'><strong>Apostolus</strong></span> <span class='ocrx_word' id='word_1_322' title='bbox 1280 2508 1479 2564; x_wconf 90' lang='lat' dir='ltr'><strong>Paulus</strong></span> <span class='ocrx_word' id='word_1_323' title='bbox 1530 2525 1629 2565; x_wconf 93' lang='lat' dir='ltr'><strong>nos</strong></span> <span class='ocrx_word' id='word_1_324' title='bbox 1670 2509 1887 2565; x_wconf 92' lang='lat' dir='ltr'><strong>instruit</strong></span> 
     </span>
    </p>
   </div>
   <div class='ocr_carea' id='block_1_42' title="bbox 279 2598 1882 2673">
    <p class='ocr_par' dir='ltr' id='par_1_42' title="bbox 279 2598 1882 2673">
     <span class='ocr_line' id='line_1_42' title="bbox 279 2598 1882 2673; baseline 0 -16"><span class='ocrx_word' id='word_1_325' title='bbox 279 2601 465 2658; x_wconf 87' lang='lat' dir='ltr'><strong>dicens</strong></span> <span class='ocrx_word' id='word_1_326' title='bbox 522 2619 538 2656; x_wconf 92' lang='lat'><strong>:</strong></span> <span class='ocrx_word' id='word_1_327' title='bbox 586 2598 656 2654; x_wconf 83' lang='lat' dir='ltr'><strong>Et</strong></span> <span class='ocrx_word' id='word_1_328' title='bbox 706 2600 750 2654; x_wconf 95' lang='lat' dir='ltr'><strong>si</strong></span> <span class='ocrx_word' id='word_1_329' title='bbox 793 2605 1014 2655; x_wconf 69' lang='lat' dir='ltr'><strong>exterior</strong></span> <span class='ocrx_word' id='word_1_330' title='bbox 1061 2611 1230 2656; x_wconf 86' lang='lat' dir='ltr'><strong>noster</strong></span> <span class='ocrx_word' id='word_1_331' title='bbox 1279 2600 1447 2656; x_wconf 82' lang='lat' dir='ltr'><strong>Homo</strong></span> <span class='ocrx_word' id='word_1_332' title='bbox 1498 2604 1882 2673; x_wconf 77' lang='lat' dir='ltr'><strong>corrumpitur,</strong></span> 
     </span>
    </p>
   </div>
   <div class='ocr_carea' id='block_1_43' title="bbox 277 2693 1882 2768">
    <p class='ocr_par' dir='ltr' id='par_1_43' title="bbox 277 2693 1882 2768">
     <span class='ocr_line' id='line_1_43' title="bbox 277 2693 1882 2768; baseline 0.002 -21"><span class='ocrx_word' id='word_1_333' title='bbox 277 2693 369 2750; x_wconf 83' lang='lat' dir='ltr'><strong>sed</strong></span> <span class='ocrx_word' id='word_1_334' title='bbox 420 2693 631 2748; x_wconf 84' lang='lat' dir='ltr'><strong>interior</strong></span> <span class='ocrx_word' id='word_1_335' title='bbox 676 2693 904 2764; x_wconf 81' lang='lat' dir='ltr'><strong>quotidie</strong></span> <span class='ocrx_word' id='word_1_336' title='bbox 948 2705 1222 2751; x_wconf 82' lang='lat' dir='ltr'><strong>renovatur</strong></span> <span class='ocrx_word' id='word_1_337' title='bbox 1264 2694 1332 2766; x_wconf 89' lang='lat' dir='ltr'><strong>(ll</strong></span> <span class='ocrx_word' id='word_1_338' title='bbox 1372 2693 1494 2750; x_wconf 88' lang='lat' dir='ltr'><strong>Cor.</strong></span> <span class='ocrx_word' id='word_1_339' title='bbox 1528 2713 1603 2763; x_wconf 87' lang='lat' dir='ltr'><strong>tv,</strong></span> <span class='ocrx_word' id='word_1_340' title='bbox 1634 2696 1725 2768; x_wconf 85' lang='grc'><strong>16)</strong></span> <span class='ocrx_word' id='word_1_341' title='bbox 1757 2697 1882 2754; x_wconf 77' lang='grc'><strong>105.</strong></span> 
     </span>
    </p>
   </div>
   <div class='ocr_carea' id='block_1_44' title="bbox 276 2786 1889 2863">
    <p class='ocr_par' dir='ltr' id='par_1_44' title="bbox 276 2786 1889 2863">
     <span class='ocr_line' id='line_1_44' title="bbox 276 2786 1889 2863; baseline 0.004 -21"><span class='ocrx_word' id='word_1_342' title='bbox 276 2786 379 2842; x_wconf 91' lang='lat' dir='ltr'><strong>llic</strong></span> <span class='ocrx_word' id='word_1_343' title='bbox 405 2796 490 2843; x_wconf 89' lang='lat' dir='ltr'><strong>est</strong></span> <span class='ocrx_word' id='word_1_344' title='bbox 514 2787 581 2842; x_wconf 86' lang='lat' dir='ltr'><strong>ad</strong></span> <span class='ocrx_word' id='word_1_345' title='bbox 626 2787 912 2860; x_wconf 85' lang='lat' dir='ltr'><strong>imaginem</strong></span> <span class='ocrx_word' id='word_1_346' title='bbox 946 2790 1036 2844; x_wconf 89' lang='lat' dir='ltr'><strong>Dei</strong></span> <span class='ocrx_word' id='word_1_347' title='bbox 1069 2789 1277 2845; x_wconf 90' lang='lat' dir='ltr'><strong>factus:</strong></span> <span class='ocrx_word' id='word_1_348' title='bbox 1311 2805 1472 2859; x_wconf 90' lang='lat' dir='ltr'><strong>quem</strong></span> <span class='ocrx_word' id='word_1_349' title='bbox 1519 2800 1635 2847; x_wconf 80' lang='grc' dir='ltr'><strong>νοῦν</strong></span> <span class='ocrx_word' id='word_1_350' title='bbox 1680 2792 1774 2863; x_wconf 88' lang='lat' dir='ltr'><strong>(id</strong></span> <span class='ocrx_word' id='word_1_351' title='bbox 1805 2802 1889 2848; x_wconf 91' lang='lat' dir='ltr'><strong>est</strong></span> 
     </span>
    </p>
   </div>
   <div class='ocr_carea' id='block_1_45' title="bbox 277 2881 1885 2952">
    <p class='ocr_par' dir='ltr' id='par_1_45' title="bbox 277 2881 1885 2952">
     <span class='ocr_line' id='line_1_45' title="bbox 277 2881 1885 2952; baseline 0.002 -16"><span class='ocrx_word' id='word_1_352' title='bbox 277 2881 547 2950; x_wconf 89' lang='lat' dir='ltr'><strong>mentem)</strong></span> <span class='ocrx_word' id='word_1_353' title='bbox 578 2896 833 2937; x_wconf 83' lang='lat' dir='ltr'><strong>vocamus</strong></span> <span class='ocrx_word' id='word_1_354' title='bbox 860 2899 874 2935; x_wconf 87' lang='lat'><strong>:</strong></span> <span class='ocrx_word' id='word_1_355' title='bbox 905 2883 998 2951; x_wconf 91' lang='lat' dir='ltr'><strong>qui</strong></span> <span class='ocrx_word' id='word_1_356' title='bbox 1026 2883 1136 2938; x_wconf 94' lang='lat' dir='ltr'><strong>Deo</strong></span> <span class='ocrx_word' id='word_1_357' title='bbox 1163 2883 1331 2952; x_wconf 89' lang='lat' dir='ltr'><strong>possit</strong></span> <span class='ocrx_word' id='word_1_358' title='bbox 1360 2884 1551 2938; x_wconf 88' lang='lat' dir='ltr'><strong>similis</strong></span> <span class='ocrx_word' id='word_1_359' title='bbox 1586 2899 1709 2939; x_wconf 92' lang='lat' dir='ltr'><strong>esse</strong></span> <span class='ocrx_word' id='word_1_360' title='bbox 1737 2893 1885 2952; x_wconf 91' lang='lat' dir='ltr'><strong>tunc,</strong></span> 
     </span>
    </p>
   </div>
   <div class='ocr_carea' id='block_1_46' title="bbox 275 2973 1877 3046">
    <p class='ocr_par' dir='ltr' id='par_1_46' title="bbox 275 2973 1877 3046">
     <span class='ocr_line' id='line_1_46' title="bbox 275 2973 1877 3046; baseline 0 -16"><span class='ocrx_word' id='word_1_361' title='bbox 275 2974 500 3046; x_wconf 85' lang='lat' dir='ltr'><strong>quando</strong></span> <span class='ocrx_word' id='word_1_362' title='bbox 550 2973 894 3043; x_wconf 88' lang='lat' dir='ltr'><strong>impassibilis</strong></span> <span class='ocrx_word' id='word_1_363' title='bbox 943 2974 1048 3031; x_wconf 72' lang='grc'><strong>104</strong></span> <span class='ocrx_word' id='word_1_364' title='bbox 1087 2993 1098 3028; x_wconf 91' lang='lat'>:</span> <span class='ocrx_word' id='word_1_365' title='bbox 1152 2975 1278 3029; x_wconf 90' lang='lat' dir='ltr'><strong>dum</strong></span> <span class='ocrx_word' id='word_1_366' title='bbox 1329 2976 1700 3042; x_wconf 89' lang='lat' dir='ltr'><strong>inconcussus,</strong></span> <span class='ocrx_word' id='word_1_367' title='bbox 1748 2976 1877 3030; x_wconf 93' lang='lat' dir='ltr'><strong>dum</strong></span> 
     </span>
    </p>
   </div>
   <div class='ocr_carea' id='block_1_47' title="bbox 276 3067 1891 3141">
    <p class='ocr_par' dir='ltr' id='par_1_47' title="bbox 276 3067 1891 3141">
     <span class='ocr_line' id='line_1_47' title="bbox 276 3067 1891 3141; baseline 0.001 -19"><span class='ocrx_word' id='word_1_368' title='bbox 276 3067 471 3122; x_wconf 83' lang='lat' dir='ltr'><strong>beatus</strong></span> <span class='ocrx_word' id='word_1_369' title='bbox 500 3075 556 3123; x_wconf 92' lang='lat' dir='ltr'><strong>et</strong></span> <span class='ocrx_word' id='word_1_370' title='bbox 581 3075 823 3133; x_wconf 83' lang='lat' dir='ltr'><strong>sanctus,</strong></span> <span class='ocrx_word' id='word_1_371' title='bbox 849 3077 905 3123; x_wconf 90' lang='lat' dir='ltr'><strong>et</strong></span> <span class='ocrx_word' id='word_1_372' title='bbox 928 3068 1046 3122; x_wconf 93' lang='lat' dir='ltr'><strong>sine</strong></span> <span class='ocrx_word' id='word_1_373' title='bbox 1066 3067 1180 3124; x_wconf 85' lang='lat' dir='ltr'><strong>line</strong></span> <span class='ocrx_word' id='word_1_374' title='bbox 1217 3068 1359 3141; x_wconf 92' lang='lat' dir='ltr'><strong>(siue</strong></span> <span class='ocrx_word' id='word_1_375' title='bbox 1387 3067 1513 3134; x_wconf 83' lang='lat' dir='ltr'><strong>ﬁne,</strong></span> <span class='ocrx_word' id='word_1_376' title='bbox 1545 3085 1715 3140; x_wconf 88' lang='lat' dir='ltr'><strong>usque</strong></span> <span class='ocrx_word' id='word_1_377' title='bbox 1744 3070 1795 3124; x_wconf 91' lang='lat' dir='ltr'><strong>in</strong></span> <span class='ocrx_word' id='word_1_378' title='bbox 1829 3071 1891 3124; x_wconf 84' lang='lat' dir='ltr'><strong>li-</strong></span> 
     </span>
    </p>
   </div>
   <div class='ocr_carea' id='block_1_48' title="bbox 1988 1861 3596 1931">
    <p class='ocr_par' dir='ltr' id='par_1_48' title="bbox 1988 1861 3596 1931">
     <span class='ocr_line' id='line_1_48' title="bbox 1988 1861 3596 1931; baseline 0.001 -15"><span class='ocrx_word' id='word_1_379' title='bbox 1988 1871 2070 1917; x_wconf 90' lang='lat' dir='ltr'><strong>rat</strong></span> <span class='ocrx_word' id='word_1_380' title='bbox 2099 1880 2111 1915; x_wconf 90' lang='lat'>:</span> <span class='ocrx_word' id='word_1_381' title='bbox 2145 1878 2211 1916; x_wconf 93' lang='lat' dir='ltr'><strong>ne</strong></span> <span class='ocrx_word' id='word_1_382' title='bbox 2239 1862 2342 1916; x_wconf 88' lang='lat' dir='ltr'><strong>hoc</strong></span> <span class='ocrx_word' id='word_1_383' title='bbox 2369 1861 2584 1930; x_wconf 86' lang='lat' dir='ltr'><strong>quidem</strong></span> <span class='ocrx_word' id='word_1_384' title='bbox 2611 1862 2730 1916; x_wconf 88' lang='lat' dir='ltr'><strong>sine</strong></span> <span class='ocrx_word' id='word_1_385' title='bbox 2751 1861 2846 1916; x_wconf 91' lang='lat' dir='ltr'><strong>illo</strong></span> <span class='ocrx_word' id='word_1_386' title='bbox 2872 1861 2985 1916; x_wconf 82' lang='lat' dir='ltr'><strong>fieri</strong></span> <span class='ocrx_word' id='word_1_387' title='bbox 3017 1877 3206 1931; x_wconf 85' lang='lat' dir='ltr'><strong>passus</strong></span> <span class='ocrx_word' id='word_1_388' title='bbox 3229 1861 3352 1917; x_wconf 88' lang='grc'><strong>118.</strong></span> <span class='ocrx_word' id='word_1_389' title='bbox 3378 1861 3488 1917; x_wconf 85' lang='lat' dir='ltr'><strong>Nec</strong></span> <span class='ocrx_word' id='word_1_390' title='bbox 3513 1870 3596 1917; x_wconf 87' lang='lat' dir='ltr'><strong>ta-</strong></span> 
     </span>
    </p>
   </div>
   <div class='ocr_carea' id='block_1_49' title="bbox 1987 1952 3595 2024">
    <p class='ocr_par' dir='ltr' id='par_1_49' title="bbox 1987 1952 3595 2024">
     <span class='ocr_line' id='line_1_49' title="bbox 1987 1952 3595 2024; baseline -0.001 -16"><span class='ocrx_word' id='word_1_391' title='bbox 1987 1969 2109 2009; x_wconf 90' lang='lat' dir='ltr'><strong>men</strong></span> <span class='ocrx_word' id='word_1_392' title='bbox 2138 1954 2422 2024; x_wconf 88' lang='lat' dir='ltr'><strong>quisquam</strong></span> <span class='ocrx_word' id='word_1_393' title='bbox 2460 1953 2688 2008; x_wconf 91' lang='lat' dir='ltr'><strong>idoneus</strong></span> <span class='ocrx_word' id='word_1_394' title='bbox 2717 1962 2868 2019; x_wconf 89' lang='lat' dir='ltr'><strong>erat,</strong></span> <span class='ocrx_word' id='word_1_395' title='bbox 2900 1953 2988 2022; x_wconf 88' lang='lat' dir='ltr'><strong>qui</strong></span> <span class='ocrx_word' id='word_1_396' title='bbox 3023 1952 3298 2008; x_wconf 91' lang='lat' dir='ltr'><strong>hominem</strong></span> <span class='ocrx_word' id='word_1_397' title='bbox 3329 1955 3595 2024; x_wconf 85' lang='lat' dir='ltr'><strong>patienter</strong></span> 
     </span>
    </p>
   </div>
   <div class='ocr_carea' id='block_1_50' title="bbox 1987 2043 3594 2117">
    <p class='ocr_par' dir='ltr' id='par_1_50' title="bbox 1987 2043 3594 2117">
     <span class='ocr_line' id='line_1_50' title="bbox 1987 2043 3594 2117; baseline 0 -16"><span class='ocrx_word' id='word_1_398' title='bbox 1987 2047 2217 2101; x_wconf 90' lang='lat' dir='ltr'><strong>tolerare</strong></span> <span class='ocrx_word' id='word_1_399' title='bbox 2241 2043 2510 2116; x_wconf 78' lang='lat' dir='ltr'><strong>(Fortasse</strong></span> <span class='ocrx_word' id='word_1_400' title='bbox 2545 2045 2817 2117; x_wconf 84' lang='lat' dir='ltr'><strong>legendum</strong></span> <span class='ocrx_word' id='word_1_401' title='bbox 2857 2056 2929 2100; x_wconf 84' lang='lat' dir='ltr'><strong>est</strong></span> <span class='ocrx_word' id='word_1_402' title='bbox 2975 2046 3200 2112; x_wconf 87' lang='lat' dir='ltr'><strong>tollere,</strong></span> <span class='ocrx_word' id='word_1_403' title='bbox 3235 2046 3298 2100; x_wconf 85' lang='lat' dir='ltr'><strong>de</strong></span> <span class='ocrx_word' id='word_1_404' title='bbox 3346 2055 3594 2114; x_wconf 75' lang='lat' dir='ltr'><strong>potestate</strong></span> 
     </span>
    </p>
   </div>
   <div class='ocr_carea' id='block_1_51' title="bbox 1985 2136 3594 2210">
    <p class='ocr_par' dir='ltr' id='par_1_51' title="bbox 1985 2136 3594 2210">
     <span class='ocr_line' id='line_1_51' title="bbox 1985 2136 3594 2210; baseline -0.001 -15"><span class='ocrx_word' id='word_1_405' title='bbox 1985 2141 2176 2195; x_wconf 73' lang='lat' dir='ltr'><strong>scilicet</strong></span> <span class='ocrx_word' id='word_1_406' title='bbox 2207 2136 2501 2210; x_wconf 65' lang='lat' dir='ltr'><strong>damonis)</strong></span> <span class='ocrx_word' id='word_1_407' title='bbox 2535 2146 2755 2208; x_wconf 89' lang='lat' dir='ltr'><strong>posset,</strong></span> <span class='ocrx_word' id='word_1_408' title='bbox 2785 2149 2876 2194; x_wconf 91' lang='lat' dir='ltr'><strong>aut</strong></span> <span class='ocrx_word' id='word_1_409' title='bbox 2903 2147 3117 2204; x_wconf 89' lang='lat' dir='ltr'><strong>nosset,</strong></span> <span class='ocrx_word' id='word_1_410' title='bbox 3152 2148 3246 2194; x_wconf 91' lang='lat' dir='ltr'><strong>aut</strong></span> <span class='ocrx_word' id='word_1_411' title='bbox 3292 2147 3594 2208; x_wconf 85' lang='lat' dir='ltr'><strong>potestates</strong></span> 
     </span>
    </p>
   </div>
   <div class='ocr_carea' id='block_1_52' title="bbox 1988 2229 3598 2302">
    <p class='ocr_par' dir='ltr' id='par_1_52' title="bbox 1988 2229 3598 2302">
     <span class='ocr_line' id='line_1_52' title="bbox 1988 2229 3598 2302; baseline 0 -17"><span class='ocrx_word' id='word_1_412' title='bbox 1988 2231 2149 2302; x_wconf 89' lang='lat' dir='ltr'><strong>hujus</strong></span> <span class='ocrx_word' id='word_1_413' title='bbox 2180 2231 2363 2285; x_wconf 91' lang='lat' dir='ltr'><strong>mundi</strong></span> <span class='ocrx_word' id='word_1_414' title='bbox 2392 2239 2448 2286; x_wconf 89' lang='lat' dir='ltr'><strong>et</strong></span> <span class='ocrx_word' id='word_1_415' title='bbox 2478 2229 2665 2285; x_wconf 90' lang='lat' dir='ltr'><strong>barum</strong></span> <span class='ocrx_word' id='word_1_416' title='bbox 2699 2230 3041 2287; x_wconf 89' lang='lat' dir='ltr'><strong>tenebrarum</strong></span> <span class='ocrx_word' id='word_1_417' title='bbox 3072 2231 3355 2301; x_wconf 87' lang='lat' dir='ltr'><strong>quisquam</strong></span> <span class='ocrx_word' id='word_1_418' title='bbox 3386 2240 3598 2299; x_wconf 87' lang='lat' dir='ltr'><strong>poterat</strong></span> 
     </span>
    </p>
   </div>
   <div class='ocr_carea' id='block_1_53' title="bbox 1987 2322 3594 2393">
    <p class='ocr_par' dir='ltr' id='par_1_53' title="bbox 1987 2322 3594 2393">
     <span class='ocr_line' id='line_1_53' title="bbox 1987 2322 3594 2393; baseline 0 -15"><span class='ocrx_word' id='word_1_419' title='bbox 1987 2338 2266 2393; x_wconf 86' lang='lat' dir='ltr'><strong>superare,</strong></span> <span class='ocrx_word' id='word_1_420' title='bbox 2296 2332 2389 2378; x_wconf 88' lang='lat' dir='ltr'><strong>aut</strong></span> <span class='ocrx_word' id='word_1_421' title='bbox 2419 2333 2646 2378; x_wconf 89' lang='lat' dir='ltr'><strong>mortem</strong></span> <span class='ocrx_word' id='word_1_422' title='bbox 2678 2322 2916 2389; x_wconf 88' lang='lat' dir='ltr'><strong>vincere,</strong></span> <span class='ocrx_word' id='word_1_423' title='bbox 2949 2322 3156 2378; x_wconf 88' lang='lat' dir='ltr'><strong>inferna</strong></span> <span class='ocrx_word' id='word_1_424' title='bbox 3187 2338 3452 2390; x_wconf 88' lang='lat' dir='ltr'><strong>reserare,</strong></span> <span class='ocrx_word' id='word_1_425' title='bbox 3481 2324 3594 2378; x_wconf 84' lang='lat' dir='ltr'><strong>vir-</strong></span> 
     </span>
    </p>
   </div>
   <div class='ocr_carea' id='block_1_54' title="bbox 1989 2415 3598 2486">
    <p class='ocr_par' dir='ltr' id='par_1_54' title="bbox 1989 2415 3598 2486">
     <span class='ocr_line' id='line_1_54' title="bbox 1989 2415 3598 2486; baseline 0.001 -18"><span class='ocrx_word' id='word_1_426' title='bbox 1989 2423 2191 2481; x_wconf 89' lang='lat' dir='ltr'><strong>tutem,</strong></span> <span class='ocrx_word' id='word_1_427' title='bbox 2241 2425 2296 2471; x_wconf 91' lang='lat' dir='ltr'><strong>et</strong></span> <span class='ocrx_word' id='word_1_428' title='bbox 2326 2424 2645 2486; x_wconf 90' lang='lat' dir='ltr'><strong>potestatem</strong></span> <span class='ocrx_word' id='word_1_429' title='bbox 2678 2416 2882 2486; x_wconf 88' lang='lat' dir='ltr'><strong>peccati</strong></span> <span class='ocrx_word' id='word_1_430' title='bbox 2932 2415 3209 2472; x_wconf 89' lang='lat' dir='ltr'><strong>eradicare</strong></span> <span class='ocrx_word' id='word_1_431' title='bbox 3249 2417 3497 2486; x_wconf 86' lang='lat' dir='ltr'><strong>penitus,</strong></span> <span class='ocrx_word' id='word_1_432' title='bbox 3541 2425 3598 2471; x_wconf 90' lang='lat' dir='ltr'><strong>et</strong></span> 
     </span>
    </p>
   </div>
   <div class='ocr_carea' id='block_1_55' title="bbox 1987 2506 3598 2580">
    <p class='ocr_par' dir='ltr' id='par_1_55' title="bbox 1987 2506 3598 2580">
     <span class='ocr_line' id='line_1_55' title="bbox 1987 2506 3598 2580; baseline 0.002 -18"><span class='ocrx_word' id='word_1_433' title='bbox 1987 2506 2193 2572; x_wconf 87' lang='lat' dir='ltr'><strong>delere,</strong></span> <span class='ocrx_word' id='word_1_434' title='bbox 2228 2508 2327 2564; x_wconf 91' lang='lat' dir='ltr'><strong>nisi</strong></span> <span class='ocrx_word' id='word_1_435' title='bbox 2358 2507 2528 2562; x_wconf 85' lang='lat' dir='ltr'><strong>Filius</strong></span> <span class='ocrx_word' id='word_1_436' title='bbox 2562 2507 2689 2571; x_wconf 90' lang='lat' dir='ltr'><strong>Dei,</strong></span> <span class='ocrx_word' id='word_1_437' title='bbox 2721 2509 2810 2578; x_wconf 91' lang='lat' dir='ltr'><strong>qui</strong></span> <span class='ocrx_word' id='word_1_438' title='bbox 2842 2508 2895 2562; x_wconf 92' lang='lat' dir='ltr'><strong>in</strong></span> <span class='ocrx_word' id='word_1_439' title='bbox 2926 2507 3130 2562; x_wconf 88' lang='lat' dir='ltr'><strong>factura</strong></span> <span class='ocrx_word' id='word_1_440' title='bbox 3164 2508 3399 2563; x_wconf 88' lang='lat' dir='ltr'><strong>hominis</strong></span> <span class='ocrx_word' id='word_1_441' title='bbox 3432 2509 3598 2580; x_wconf 87' lang='lat' dir='ltr'><strong>parti-</strong></span> 
     </span>
    </p>
   </div>
   <div class='ocr_carea' id='block_1_56' title="bbox 1988 2598 3599 2670">
    <p class='ocr_par' dir='ltr' id='par_1_56' title="bbox 1988 2598 3599 2670">
     <span class='ocr_line' id='line_1_56' title="bbox 1988 2598 3599 2670; baseline 0.002 -16"><span class='ocrx_word' id='word_1_442' title='bbox 1988 2615 2116 2670; x_wconf 91' lang='lat' dir='ltr'><strong>ceps</strong></span> <span class='ocrx_word' id='word_1_443' title='bbox 2143 2615 2264 2655; x_wconf 91' lang='lat' dir='ltr'><strong>cum</strong></span> <span class='ocrx_word' id='word_1_444' title='bbox 2307 2599 2467 2654; x_wconf 89' lang='lat' dir='ltr'><strong>Patre</strong></span> <span class='ocrx_word' id='word_1_445' title='bbox 2510 2598 2719 2666; x_wconf 91' lang='lat' dir='ltr'><strong>fuerat,</strong></span> <span class='ocrx_word' id='word_1_446' title='bbox 2754 2600 2846 2670; x_wconf 92' lang='lat' dir='ltr'><strong>qui</strong></span> <span class='ocrx_word' id='word_1_447' title='bbox 2877 2609 2932 2655; x_wconf 89' lang='lat' dir='ltr'><strong>et</strong></span> <span class='ocrx_word' id='word_1_448' title='bbox 2973 2615 3032 2654; x_wconf 91' lang='lat' dir='ltr'><strong>se</strong></span> <span class='ocrx_word' id='word_1_449' title='bbox 3059 2612 3244 2670; x_wconf 89' lang='lat' dir='ltr'><strong>posset</strong></span> <span class='ocrx_word' id='word_1_450' title='bbox 3276 2601 3328 2655; x_wconf 91' lang='lat' dir='ltr'><strong>iu</strong></span> <span class='ocrx_word' id='word_1_451' title='bbox 3377 2600 3599 2656; x_wconf 88' lang='lat' dir='ltr'><strong>homine</strong></span> 
     </span>
    </p>
   </div>
   <div class='ocr_carea' id='block_1_57' title="bbox 1992 2691 3596 2761">
    <p class='ocr_par' dir='ltr' id='par_1_57' title="bbox 1992 2691 3596 2761">
     <span class='ocr_line' id='line_1_57' title="bbox 1992 2691 3596 2761; baseline -0.001 -12"><span class='ocrx_word' id='word_1_452' title='bbox 1992 2694 2202 2761; x_wconf 88' lang='lat' dir='ltr'><strong>celare,</strong></span> <span class='ocrx_word' id='word_1_453' title='bbox 2233 2700 2288 2747; x_wconf 90' lang='lat' dir='ltr'><strong>et</strong></span> <span class='ocrx_word' id='word_1_454' title='bbox 2313 2691 2584 2747; x_wconf 88' lang='lat' dir='ltr'><strong>hominem</strong></span> <span class='ocrx_word' id='word_1_455' title='bbox 2616 2707 2736 2747; x_wconf 89' lang='lat' dir='ltr'><strong>cum</strong></span> <span class='ocrx_word' id='word_1_456' title='bbox 2773 2692 2882 2747; x_wconf 91' lang='lat' dir='ltr'><strong>Deo</strong></span> <span class='ocrx_word' id='word_1_457' title='bbox 2925 2693 3156 2748; x_wconf 82' lang='lat' dir='ltr'><strong>mixtum</strong></span> <span class='ocrx_word' id='word_1_458' title='bbox 3182 2694 3409 2747; x_wconf 88' lang='lat' dir='ltr'><strong>virtutes</strong></span> <span class='ocrx_word' id='word_1_459' title='bbox 3436 2693 3596 2761; x_wconf 88' lang='lat' dir='ltr'><strong>perli-</strong></span> 
     </span>
    </p>
   </div>
   <div class='ocr_carea' id='block_1_58' title="bbox 1988 2783 3596 2854">
    <p class='ocr_par' dir='ltr' id='par_1_58' title="bbox 1988 2783 3596 2854">
     <span class='ocr_line' id='line_1_58' title="bbox 1988 2783 3596 2854; baseline -0.001 -13"><span class='ocrx_word' id='word_1_460' title='bbox 1988 2799 2140 2850; x_wconf 87' lang='lat' dir='ltr'><strong>cere,</strong></span> <span class='ocrx_word' id='word_1_461' title='bbox 2184 2795 2238 2840; x_wconf 90' lang='lat' dir='ltr'><strong>et</strong></span> <span class='ocrx_word' id='word_1_462' title='bbox 2267 2784 2523 2840; x_wconf 85' lang='lat' dir='ltr'><strong>exhibere</strong></span> <span class='ocrx_word' id='word_1_463' title='bbox 2553 2785 2656 2840; x_wconf 89' lang='grc'><strong>119</strong></span> <span class='ocrx_word' id='word_1_464' title='bbox 2689 2801 2701 2837; x_wconf 91' lang='lat'><strong>:</strong></span> <span class='ocrx_word' id='word_1_465' title='bbox 2736 2800 2833 2854; x_wconf 89' lang='lat' dir='ltr'><strong>per</strong></span> <span class='ocrx_word' id='word_1_466' title='bbox 2859 2783 3001 2840; x_wconf 84' lang='lat' dir='ltr'><strong>hunc</strong></span> <span class='ocrx_word' id='word_1_467' title='bbox 3027 2785 3222 2840; x_wconf 87' lang='lat' dir='ltr'><strong>deletis</strong></span> <span class='ocrx_word' id='word_1_468' title='bbox 3253 2786 3450 2840; x_wconf 90' lang='lat' dir='ltr'><strong>uostris</strong></span> <span class='ocrx_word' id='word_1_469' title='bbox 3475 2784 3596 2841; x_wconf 85' lang='lat' dir='ltr'><strong>ebi-</strong></span> 
     </span>
    </p>
   </div>
   <div class='ocr_carea' id='block_1_59' title="bbox 1991 2875 3596 2950">
    <p class='ocr_par' dir='ltr' id='par_1_59' title="bbox 1991 2875 3596 2950">
     <span class='ocr_line' id='line_1_59' title="bbox 1991 2875 3596 2950; baseline 0 -18"><span class='ocrx_word' id='word_1_470' title='bbox 1991 2877 2277 2948; x_wconf 90' lang='lat' dir='ltr'><strong>rographis</strong></span> <span class='ocrx_word' id='word_1_471' title='bbox 2317 2887 2657 2948; x_wconf 83' lang='lat' dir='ltr'><strong>peccaturum</strong></span> <span class='ocrx_word' id='word_1_472' title='bbox 2691 2875 2914 2948; x_wconf 83' lang='lat' dir='ltr'><strong>(Coloss.</strong></span> <span class='ocrx_word' id='word_1_473' title='bbox 2955 2893 3025 2942; x_wconf 89' lang='grc' dir='ltr'><strong>ιι,</strong></span> <span class='ocrx_word' id='word_1_474' title='bbox 3069 2875 3159 2950; x_wconf 67' lang='grc'><strong>14)</strong></span> <span class='ocrx_word' id='word_1_475' title='bbox 3190 2877 3256 2932; x_wconf 90' lang='lat' dir='ltr'><strong>ad</strong></span> <span class='ocrx_word' id='word_1_476' title='bbox 3295 2877 3460 2934; x_wconf 92' lang='lat' dir='ltr'><strong>Deum</strong></span> <span class='ocrx_word' id='word_1_477' title='bbox 3492 2877 3596 2932; x_wconf 87' lang='lat' dir='ltr'><strong>Pa-</strong></span> 
     </span>
    </p>
   </div>
   <div class='ocr_carea' id='block_1_60' title="bbox 1992 2967 3600 3041">
    <p class='ocr_par' dir='ltr' id='par_1_60' title="bbox 1992 2967 3600 3041">
     <span class='ocr_line' id='line_1_60' title="bbox 1992 2967 3600 3041; baseline 0.001 -17"><span class='ocrx_word' id='word_1_478' title='bbox 1992 2979 2128 3024; x_wconf 90' lang='lat' dir='ltr'><strong>trem</strong></span> <span class='ocrx_word' id='word_1_479' title='bbox 2161 2968 2367 3038; x_wconf 85' lang='lat' dir='ltr'><strong>pacati,</strong></span> <span class='ocrx_word' id='word_1_480' title='bbox 2401 2978 2454 3023; x_wconf 89' lang='lat' dir='ltr'><strong>et</strong></span> <span class='ocrx_word' id='word_1_481' title='bbox 2487 2968 2580 3024; x_wconf 90' lang='lat' dir='ltr'><strong>Dei</strong></span> <span class='ocrx_word' id='word_1_482' title='bbox 2620 2967 2712 3022; x_wconf 92' lang='lat' dir='ltr'><strong>lilii</strong></span> <span class='ocrx_word' id='word_1_483' title='bbox 2760 2967 2884 3023; x_wconf 89' lang='lat' dir='ltr'><strong>facti</strong></span> <span class='ocrx_word' id='word_1_484' title='bbox 2929 2969 2973 3038; x_wconf 90' lang='lat' dir='ltr'><strong>(l</strong></span> <span class='ocrx_word' id='word_1_485' title='bbox 3000 2969 3158 3023; x_wconf 87' lang='lat' dir='ltr'><strong>Joan.</strong></span> <span class='ocrx_word' id='word_1_486' title='bbox 3194 2985 3286 3036; x_wconf 94' lang='grc' dir='ltr'>ιιι,</span> <span class='ocrx_word' id='word_1_487' title='bbox 3319 2967 3372 3041; x_wconf 92' lang='grc'><strong>1)</strong></span> <span class='ocrx_word' id='word_1_488' title='bbox 3412 2985 3600 3040; x_wconf 88' lang='lat' dir='ltr'><strong>posse-</strong></span> 
     </span>
    </p>
   </div>
   <div class='ocr_carea' id='block_1_61' title="bbox 1993 3061 3598 3132">
    <p class='ocr_par' dir='ltr' id='par_1_61' title="bbox 1993 3061 3598 3132">
     <span class='ocr_line' id='line_1_61' title="bbox 1993 3061 3598 3132; baseline 0.002 -15"><span class='ocrx_word' id='word_1_489' title='bbox 1993 3078 2114 3118; x_wconf 88' lang='lat' dir='ltr'><strong>mus</strong></span> <span class='ocrx_word' id='word_1_490' title='bbox 2139 3061 2398 3118; x_wconf 89' lang='lat' dir='ltr'><strong>accedere</strong></span> <span class='ocrx_word' id='word_1_491' title='bbox 2428 3061 2552 3116; x_wconf 84' lang='grc'><strong>120.</strong></span> <span class='ocrx_word' id='word_1_492' title='bbox 2579 3062 2807 3118; x_wconf 85' lang='lat' dir='ltr'><strong>Mittitur</strong></span> <span class='ocrx_word' id='word_1_493' title='bbox 2837 3062 2996 3132; x_wconf 84' lang='lat' dir='ltr'><strong>igitur</strong></span> <span class='ocrx_word' id='word_1_494' title='bbox 3023 3062 3116 3118; x_wconf 89' lang='lat' dir='ltr'><strong>Dei</strong></span> <span class='ocrx_word' id='word_1_495' title='bbox 3140 3062 3302 3130; x_wconf 80' lang='lat' dir='ltr'><strong>filius,</strong></span> <span class='ocrx_word' id='word_1_496' title='bbox 3336 3071 3394 3119; x_wconf 91' lang='lat' dir='ltr'><strong>et</strong></span> <span class='ocrx_word' id='word_1_497' title='bbox 3425 3063 3598 3120; x_wconf 76' lang='lat' dir='ltr'><strong>innui-</strong></span> 
     </span>
    </p>
   </div>
   <div class='ocr_carea' id='block_1_62' title="bbox 276 3154 3600 3232">
    <p class='ocr_par' dir='ltr' id='par_1_62' title="bbox 276 3154 3600 3232">
     <span class='ocr_line' id='line_1_62' title="bbox 276 3154 3600 3232; baseline -0.001 -16"><span class='ocrx_word' id='word_1_498' title='bbox 276 3176 428 3229; x_wconf 88' lang='lat' dir='ltr'><strong>nem,</strong></span> <span class='ocrx_word' id='word_1_499' title='bbox 471 3169 582 3227; x_wconf 86' lang='lat' dir='ltr'><strong>aut,</strong></span> <span class='ocrx_word' id='word_1_500' title='bbox 627 3161 672 3214; x_wconf 83' lang='lat' dir='ltr'><strong>si</strong></span> <span class='ocrx_word' id='word_1_501' title='bbox 713 3161 824 3226; x_wconf 77' lang='lat' dir='ltr'><strong>vis,</strong></span> <span class='ocrx_word' id='word_1_502' title='bbox 868 3159 985 3216; x_wconf 88' lang='lat' dir='ltr'><strong>sine</strong></span> <span class='ocrx_word' id='word_1_503' title='bbox 1012 3160 1347 3223; x_wconf 83' lang='lat' dir='ltr'><strong>inﬁdelitate,</strong></span> <span class='ocrx_word' id='word_1_504' title='bbox 1377 3163 1456 3214; x_wconf 78' lang='lat' dir='ltr'><strong>vel</strong></span> <span class='ocrx_word' id='word_1_505' title='bbox 1484 3161 1534 3215; x_wconf 94' lang='lat' dir='ltr'><strong>iu</strong></span> <span class='ocrx_word' id='word_1_506' title='bbox 1579 3159 1704 3232; x_wconf 86' lang='lat' dir='ltr'><strong>lide)</strong></span> <span class='ocrx_word' id='word_1_507' title='bbox 1741 3161 1899 3219; x_wconf 84' lang='lat' dir='ltr'><strong>fuerit</strong></span> <span class='ocrx_word' id='word_1_508' title='bbox 1925 3161 1968 3226; x_wconf 85' lang='lat' dir='ltr'><strong>C</strong></span> <span class='ocrx_word' id='word_1_509' title='bbox 2003 3172 2125 3211; x_wconf 89' lang='lat' dir='ltr'><strong>nem</strong></span> <span class='ocrx_word' id='word_1_510' title='bbox 2171 3156 2400 3211; x_wconf 89' lang='lat' dir='ltr'><strong>latenter</strong></span> <span class='ocrx_word' id='word_1_511' title='bbox 2445 3155 2666 3210; x_wconf 88' lang='lat' dir='ltr'><strong>intravit</strong></span> <span class='ocrx_word' id='word_1_512' title='bbox 2713 3155 2862 3227; x_wconf 86' lang='lat' dir='ltr'><strong>(Luc.</strong></span> <span class='ocrx_word' id='word_1_513' title='bbox 2894 3154 2948 3227; x_wconf 94' lang='grc' dir='ltr'>ι)</span> <span class='ocrx_word' id='word_1_514' title='bbox 2982 3172 2994 3208; x_wconf 92' lang='lat'><strong>:</strong></span> <span class='ocrx_word' id='word_1_515' title='bbox 3029 3154 3144 3209; x_wconf 86' lang='lat' dir='ltr'><strong>Non</strong></span> <span class='ocrx_word' id='word_1_516' title='bbox 3185 3171 3293 3226; x_wconf 92' lang='lat' dir='ltr'><strong>quo</strong></span> <span class='ocrx_word' id='word_1_517' title='bbox 3334 3165 3600 3212; x_wconf 84' lang='lat' dir='ltr'><strong>metueret</strong></span> 
     </span>
    </p>
   </div>
   <div class='ocr_carea' id='block_1_63' title="bbox 276 3252 1882 3324">
    <p class='ocr_par' dir='ltr' id='par_1_63' title="bbox 276 3252 1882 3324">
     <span class='ocr_line' id='line_1_63' title="bbox 276 3252 1882 3324; baseline -0.002 -14"><span class='ocrx_word' id='word_1_518' title='bbox 276 3253 662 3324; x_wconf 88' lang='lat' dir='ltr'><strong>comprobatus</strong></span> <span class='ocrx_word' id='word_1_519' title='bbox 696 3252 813 3308; x_wconf 86' lang='grc'><strong>105.</strong></span> <span class='ocrx_word' id='word_1_520' title='bbox 844 3252 1205 3323; x_wconf 90' lang='lat' dir='ltr'><strong>Liberumque</strong></span> <span class='ocrx_word' id='word_1_521' title='bbox 1223 3252 1527 3319; x_wconf 88' lang='lat' dir='ltr'><strong>arbitrium,</strong></span> <span class='ocrx_word' id='word_1_522' title='bbox 1551 3261 1604 3309; x_wconf 92' lang='lat' dir='ltr'><strong>et</strong></span> <span class='ocrx_word' id='word_1_523' title='bbox 1626 3268 1882 3323; x_wconf 87' lang='lat' dir='ltr'><strong>capacem</strong></span> 
     </span>
    </p>
   </div>
   <div class='ocr_carea' id='block_1_64' title="bbox 276 3343 1881 3416">
    <p class='ocr_par' dir='ltr' id='par_1_64' title="bbox 276 3343 1881 3416">
     <span class='ocr_line' id='line_1_64' title="bbox 276 3343 1881 3416; baseline 0.001 -16"><span class='ocrx_word' id='word_1_524' title='bbox 276 3347 522 3400; x_wconf 89' lang='lat' dir='ltr'><strong>animum</strong></span> <span class='ocrx_word' id='word_1_525' title='bbox 551 3343 700 3400; x_wconf 89' lang='lat' dir='ltr'><strong>dedit</strong></span> <span class='ocrx_word' id='word_1_526' title='bbox 727 3359 832 3400; x_wconf 88' lang='lat' dir='ltr'><strong>non</strong></span> <span class='ocrx_word' id='word_1_527' title='bbox 865 3345 982 3400; x_wconf 91' lang='lat' dir='ltr'><strong>sine</strong></span> <span class='ocrx_word' id='word_1_528' title='bbox 1010 3345 1126 3414; x_wconf 85' lang='lat' dir='ltr'><strong>lege</strong></span> <span class='ocrx_word' id='word_1_529' title='bbox 1150 3345 1366 3400; x_wconf 86' lang='lat' dir='ltr'><strong>vivendi</strong></span> <span class='ocrx_word' id='word_1_530' title='bbox 1403 3343 1528 3411; x_wconf 89' lang='lat' dir='ltr'><strong>l06,</strong></span> <span class='ocrx_word' id='word_1_531' title='bbox 1557 3361 1624 3400; x_wconf 91' lang='lat' dir='ltr'><strong>ne</strong></span> <span class='ocrx_word' id='word_1_532' title='bbox 1655 3360 1881 3416; x_wconf 88' lang='lat' dir='ltr'><strong>magnus</strong></span> 
     </span>
    </p>
   </div>
   <div class='ocr_carea' id='block_1_65' title="bbox 276 3438 1883 3510">
    <p class='ocr_par' dir='ltr' id='par_1_65' title="bbox 276 3438 1883 3510">
     <span class='ocr_line' id='line_1_65' title="bbox 276 3438 1883 3510; baseline -0.001 -14"><span class='ocrx_word' id='word_1_533' title='bbox 276 3450 333 3496; x_wconf 89' lang='lat' dir='ltr'><strong>et</strong></span> <span class='ocrx_word' id='word_1_534' title='bbox 358 3439 570 3495; x_wconf 87' lang='lat' dir='ltr'><strong>solutus</strong></span> <span class='ocrx_word' id='word_1_535' title='bbox 599 3453 630 3492; x_wconf 88' lang='lat' dir='ltr'><strong>a</strong></span> <span class='ocrx_word' id='word_1_536' title='bbox 660 3438 798 3510; x_wconf 85' lang='lat' dir='ltr'><strong>lege,</strong></span> <span class='ocrx_word' id='word_1_537' title='bbox 842 3439 1207 3494; x_wconf 89' lang='lat' dir='ltr'><strong>animantibus</strong></span> <span class='ocrx_word' id='word_1_538' title='bbox 1245 3439 1495 3494; x_wconf 89' lang='lat' dir='ltr'><strong>omnibus</strong></span> <span class='ocrx_word' id='word_1_539' title='bbox 1532 3449 1838 3509; x_wconf 73' lang='lat' dir='ltr'><strong>mquaretur</strong></span> <span class='ocrx_word' id='word_1_540' title='bbox 1869 3457 1883 3494; x_wconf 90' lang='lat'><strong>:</strong></span> 
     </span>
    </p>
   </div>
   <div class='ocr_carea' id='block_1_66' title="bbox 279 3532 1889 3602">
    <p class='ocr_par' dir='ltr' id='par_1_66' title="bbox 279 3532 1889 3602">
     <span class='ocr_line' id='line_1_66' title="bbox 279 3532 1889 3602; baseline 0 -15"><span class='ocrx_word' id='word_1_541' title='bbox 279 3533 463 3589; x_wconf 86' lang='lat' dir='ltr'><strong>addita</strong></span> <span class='ocrx_word' id='word_1_542' title='bbox 494 3532 917 3588; x_wconf 89' lang='lat' dir='ltr'><strong>comminatione</strong></span> <span class='ocrx_word' id='word_1_543' title='bbox 963 3543 1082 3602; x_wconf 81' lang='lat' dir='ltr'><strong>post</strong></span> <span class='ocrx_word' id='word_1_544' title='bbox 1122 3533 1321 3602; x_wconf 85' lang='lat' dir='ltr'><strong>legem,</strong></span> <span class='ocrx_word' id='word_1_545' title='bbox 1356 3540 1436 3598; x_wconf 89' lang='lat' dir='ltr'><strong>ut,</strong></span> <span class='ocrx_word' id='word_1_546' title='bbox 1469 3533 1514 3588; x_wconf 84' lang='lat' dir='ltr'><strong>si</strong></span> <span class='ocrx_word' id='word_1_547' title='bbox 1542 3533 1889 3588; x_wconf 84' lang='lat' dir='ltr'><strong>servaretle-</strong></span> 
     </span>
    </p>
   </div>
   <div class='ocr_carea' id='block_1_67' title="bbox 279 3624 1890 3698">
    <p class='ocr_par' dir='ltr' id='par_1_67' title="bbox 279 3624 1890 3698">
     <span class='ocr_line' id='line_1_67' title="bbox 279 3624 1890 3698; baseline -0.002 -16"><span class='ocrx_word' id='word_1_548' title='bbox 279 3642 424 3698; x_wconf 85' lang='lat' dir='ltr'><strong>gem,</strong></span> <span class='ocrx_word' id='word_1_549' title='bbox 464 3627 518 3680; x_wconf 89' lang='lat' dir='ltr'><strong>in</strong></span> <span class='ocrx_word' id='word_1_550' title='bbox 563 3625 922 3680; x_wconf 72' lang='lat' dir='ltr'><strong>azteruitatem</strong></span> <span class='ocrx_word' id='word_1_551' title='bbox 949 3624 1184 3691; x_wconf 87' lang='lat' dir='ltr'><strong>veniret;</strong></span> <span class='ocrx_word' id='word_1_552' title='bbox 1212 3625 1259 3680; x_wconf 87' lang='lat' dir='ltr'><strong>si</strong></span> <span class='ocrx_word' id='word_1_553' title='bbox 1285 3641 1391 3679; x_wconf 89' lang='lat' dir='ltr'><strong>non</strong></span> <span class='ocrx_word' id='word_1_554' title='bbox 1420 3634 1717 3690; x_wconf 84' lang='lat' dir='ltr'><strong>servasset,</strong></span> <span class='ocrx_word' id='word_1_555' title='bbox 1747 3640 1890 3679; x_wconf 91' lang='lat' dir='ltr'><strong>mor-</strong></span> 
     </span>
    </p>
   </div>
   <div class='ocr_carea' id='block_1_68' title="bbox 280 3715 1885 3790">
    <p class='ocr_par' dir='ltr' id='par_1_68' title="bbox 280 3715 1885 3790">
     <span class='ocr_line' id='line_1_68' title="bbox 280 3715 1885 3790; baseline -0.001 -17"><span class='ocrx_word' id='word_1_556' title='bbox 280 3729 388 3773; x_wconf 90' lang='lat' dir='ltr'><strong>tem</strong></span> <span class='ocrx_word' id='word_1_557' title='bbox 419 3716 522 3773; x_wconf 88' lang='lat' dir='ltr'><strong>sibi</strong></span> <span class='ocrx_word' id='word_1_558' title='bbox 556 3726 790 3789; x_wconf 90' lang='lat' dir='ltr'><strong>pareret,</strong></span> <span class='ocrx_word' id='word_1_559' title='bbox 820 3717 1097 3772; x_wconf 90' lang='lat' dir='ltr'><strong>amitteret</strong></span> <span class='ocrx_word' id='word_1_560' title='bbox 1136 3728 1190 3771; x_wconf 91' lang='lat' dir='ltr'><strong>et</strong></span> <span class='ocrx_word' id='word_1_561' title='bbox 1229 3718 1456 3772; x_wconf 88' lang='lat' dir='ltr'><strong>salutem</strong></span> <span class='ocrx_word' id='word_1_562' title='bbox 1505 3717 1658 3790; x_wconf 88' lang='lat' dir='ltr'><strong>(Gen.</strong></span> <span class='ocrx_word' id='word_1_563' title='bbox 1693 3733 1761 3782; x_wconf 90' lang='grc' dir='ltr'><strong>ιι,</strong></span> <span class='ocrx_word' id='word_1_564' title='bbox 1795 3715 1885 3787; x_wconf 88' lang='grc'><strong>16)</strong></span> 
     </span>
    </p>
   </div>
   <div class='ocr_carea' id='block_1_69' title="bbox 287 3808 1888 3882">
    <p class='ocr_par' dir='ltr' id='par_1_69' title="bbox 287 3808 1888 3882">
     <span class='ocr_line' id='line_1_69' title="bbox 287 3808 1888 3882; baseline -0.003 -16"><span class='ocrx_word' id='word_1_565' title='bbox 287 3810 518 3868; x_wconf 65' lang='grc'><strong>1071351</strong></span> <span class='ocrx_word' id='word_1_566' title='bbox 539 3819 716 3865; x_wconf 87' lang='lat' dir='ltr'><strong>autem</strong></span> <span class='ocrx_word' id='word_1_567' title='bbox 735 3809 970 3865; x_wconf 87' lang='lat' dir='ltr'><strong>hominis</strong></span> <span class='ocrx_word' id='word_1_568' title='bbox 985 3808 1114 3865; x_wconf 86' lang='lat' dir='ltr'><strong>facti</strong></span> <span class='ocrx_word' id='word_1_569' title='bbox 1138 3825 1330 3865; x_wconf 88' lang='lat' dir='ltr'><strong>nomen</strong></span> <span class='ocrx_word' id='word_1_570' title='bbox 1355 3810 1521 3864; x_wconf 84' lang='lat' dir='ltr'><strong>Adam</strong></span> <span class='ocrx_word' id='word_1_571' title='bbox 1547 3808 1888 3882; x_wconf 82' lang='lat' dir='ltr'><strong>(Gen.n,l9).</strong></span> 
     </span>
    </p>
   </div>
   <div class='ocr_carea' id='block_1_70' title="bbox 355 3903 1884 3975">
    <p class='ocr_par' dir='ltr' id='par_1_70' title="bbox 355 3903 1884 3975">
     <span class='ocr_line' id='line_1_70' title="bbox 355 3903 1884 3975; baseline -0.002 -16"><span class='ocrx_word' id='word_1_572' title='bbox 355 3904 445 3959; x_wconf 67' lang='grc' dir='ltr'><strong>γι.</strong></span> <span class='ocrx_word' id='word_1_573' title='bbox 481 3903 587 3962; x_wconf 88' lang='lat' dir='ltr'><strong>Sed</strong></span> <span class='ocrx_word' id='word_1_574' title='bbox 628 3904 754 3975; x_wconf 89' lang='lat' dir='ltr'><strong>quia</strong></span> <span class='ocrx_word' id='word_1_575' title='bbox 794 3905 844 3958; x_wconf 90' lang='lat' dir='ltr'><strong>in</strong></span> <span class='ocrx_word' id='word_1_576' title='bbox 875 3903 1126 3958; x_wconf 90' lang='lat' dir='ltr'><strong>omnibus</strong></span> <span class='ocrx_word' id='word_1_577' title='bbox 1169 3904 1490 3958; x_wconf 87' lang='lat' dir='ltr'><strong>animalibus</strong></span> <span class='ocrx_word' id='word_1_578' title='bbox 1533 3903 1598 3958; x_wconf 88' lang='lat' dir='ltr'><strong>ad</strong></span> <span class='ocrx_word' id='word_1_579' title='bbox 1633 3917 1884 3972; x_wconf 86' lang='lat' dir='ltr'><strong>procrea-</strong></span> 
     </span>
    </p>
   </div>
   <div class='ocr_carea' id='block_1_71' title="bbox 281 3995 1886 4067">
    <p class='ocr_par' dir='ltr' id='par_1_71' title="bbox 281 3995 1886 4067">
     <span class='ocr_line' id='line_1_71' title="bbox 281 3995 1886 4067; baseline -0.002 -15"><span class='ocrx_word' id='word_1_580' title='bbox 281 3997 486 4053; x_wconf 89' lang='lat' dir='ltr'><strong>tionem</strong></span> <span class='ocrx_word' id='word_1_581' title='bbox 530 4011 691 4052; x_wconf 80' lang='lat' dir='ltr'><strong>sexus</strong></span> <span class='ocrx_word' id='word_1_582' title='bbox 712 4006 936 4067; x_wconf 90' lang='lat' dir='ltr'><strong>uterque</strong></span> <span class='ocrx_word' id='word_1_583' title='bbox 961 4005 1299 4064; x_wconf 88' lang='lat' dir='ltr'><strong>processerat</strong></span> <span class='ocrx_word' id='word_1_584' title='bbox 1323 3995 1474 4066; x_wconf 87' lang='lat' dir='ltr'><strong>(Gen.</strong></span> <span class='ocrx_word' id='word_1_585' title='bbox 1495 4012 1533 4062; x_wconf 87' lang='grc' dir='ltr'><strong>ι,</strong></span> <span class='ocrx_word' id='word_1_586' title='bbox 1557 3995 1628 4048; x_wconf 78' lang='grc'><strong>22</strong></span> <span class='ocrx_word' id='word_1_587' title='bbox 1651 4006 1695 4050; x_wconf 86' lang='lat' dir='ltr'><strong>et</strong></span> <span class='ocrx_word' id='word_1_588' title='bbox 1720 3995 1851 4067; x_wconf 80' lang='lat' dir='ltr'><strong>seq.)</strong></span> <span class='ocrx_word' id='word_1_589' title='bbox 1875 4014 1886 4049; x_wconf 91' lang='lat'><strong>:</strong></span> 
     </span>
    </p>
   </div>
   <div class='ocr_carea' id='block_1_72' title="bbox 283 4090 1894 4162">
    <p class='ocr_par' dir='ltr' id='par_1_72' title="bbox 283 4090 1894 4162">
     <span class='ocr_line' id='line_1_72' title="bbox 283 4090 1894 4162; baseline -0.001 -16"><span class='ocrx_word' id='word_1_590' title='bbox 283 4090 487 4148; x_wconf 89' lang='lat' dir='ltr'><strong>homini</strong></span> <span class='ocrx_word' id='word_1_591' title='bbox 549 4107 763 4162; x_wconf 89' lang='lat' dir='ltr'><strong>quoque</strong></span> <span class='ocrx_word' id='word_1_592' title='bbox 814 4091 1087 4161; x_wconf 88' lang='lat' dir='ltr'><strong>provisum</strong></span> <span class='ocrx_word' id='word_1_593' title='bbox 1137 4098 1262 4157; x_wconf 90' lang='lat' dir='ltr'><strong>est,</strong></span> <span class='ocrx_word' id='word_1_594' title='bbox 1316 4098 1370 4144; x_wconf 92' lang='lat' dir='ltr'><strong>ut</strong></span> <span class='ocrx_word' id='word_1_595' title='bbox 1420 4099 1475 4144; x_wconf 91' lang='lat' dir='ltr'><strong>et</strong></span> <span class='ocrx_word' id='word_1_596' title='bbox 1530 4090 1627 4158; x_wconf 90' lang='lat' dir='ltr'><strong>ipsi</strong></span> <span class='ocrx_word' id='word_1_597' title='bbox 1675 4099 1894 4160; x_wconf 85' lang='lat' dir='ltr'><strong>propter</strong></span> 
     </span>
    </p>
   </div>
   <div class='ocr_carea' id='block_1_73' title="bbox 277 4180 1888 4254">
    <p class='ocr_par' dir='ltr' id='par_1_73' title="bbox 277 4180 1888 4254">
     <span class='ocr_line' id='line_1_73' title="bbox 277 4180 1888 4254; baseline 0.001 -16"><span class='ocrx_word' id='word_1_598' title='bbox 277 4183 696 4254; x_wconf 85' lang='lat' dir='ltr'><strong>generationem</strong></span> <span class='ocrx_word' id='word_1_599' title='bbox 739 4182 932 4237; x_wconf 91' lang='lat' dir='ltr'><strong>mulier</strong></span> <span class='ocrx_word' id='word_1_600' title='bbox 982 4194 1261 4252; x_wconf 89' lang='lat' dir='ltr'><strong>pararetur</strong></span> <span class='ocrx_word' id='word_1_601' title='bbox 1307 4180 1482 4254; x_wconf 87' lang='lat' dir='ltr'><strong>(Gen.</strong></span> <span class='ocrx_word' id='word_1_602' title='bbox 1545 4198 1596 4248; x_wconf 94' lang='grc' dir='ltr'><strong>ι,</strong></span> <span class='ocrx_word' id='word_1_603' title='bbox 1655 4184 1754 4249; x_wconf 86' lang='grc'><strong>27;</strong></span> <span class='ocrx_word' id='word_1_604' title='bbox 1812 4199 1888 4251; x_wconf 90' lang='grc' dir='ltr'><strong>ιι,</strong></span> 
     </span>
    </p>
   </div>
   <div class='ocr_carea' id='block_1_74' title="bbox 279 4275 1893 4348">
    <p class='ocr_par' dir='ltr' id='par_1_74' title="bbox 279 4275 1893 4348">
     <span class='ocr_line' id='line_1_74' title="bbox 279 4275 1893 4348; baseline -0.001 -16"><span class='ocrx_word' id='word_1_605' title='bbox 279 4277 374 4343; x_wconf 85' lang='grc'><strong>20,</strong></span> <span class='ocrx_word' id='word_1_606' title='bbox 404 4277 470 4332; x_wconf 91' lang='grc'><strong>21</strong></span> <span class='ocrx_word' id='word_1_607' title='bbox 507 4319 522 4342; x_wconf 95' lang='grc'>,</span> <span class='ocrx_word' id='word_1_608' title='bbox 551 4287 598 4330; x_wconf 88' lang='lat' dir='ltr'><strong>et</strong></span> <span class='ocrx_word' id='word_1_609' title='bbox 634 4275 766 4348; x_wconf 85' lang='lat' dir='ltr'><strong>seq.)</strong></span> <span class='ocrx_word' id='word_1_610' title='bbox 799 4291 813 4328; x_wconf 89' lang='lat'><strong>:</strong></span> <span class='ocrx_word' id='word_1_611' title='bbox 846 4286 900 4330; x_wconf 91' lang='lat' dir='ltr'><strong>et</strong></span> <span class='ocrx_word' id='word_1_612' title='bbox 932 4276 1067 4330; x_wconf 86' lang='lat' dir='ltr'><strong>facta</strong></span> <span class='ocrx_word' id='word_1_613' title='bbox 1113 4285 1226 4343; x_wconf 91' lang='lat' dir='ltr'><strong>est,</strong></span> <span class='ocrx_word' id='word_1_614' title='bbox 1269 4275 1408 4330; x_wconf 85' lang='lat' dir='ltr'><strong>sicut</strong></span> <span class='ocrx_word' id='word_1_615' title='bbox 1465 4275 1740 4343; x_wconf 86' lang='lat' dir='ltr'><strong>Scriptura</strong></span> <span class='ocrx_word' id='word_1_616' title='bbox 1783 4285 1893 4332; x_wconf 89' lang='lat' dir='ltr'><strong>tes-</strong></span> 
     </span>
    </p>
   </div>
   <div class='ocr_carea' id='block_1_75' title="bbox 280 4366 1898 4441">
    <p class='ocr_par' dir='ltr' id='par_1_75' title="bbox 280 4366 1898 4441">
     <span class='ocr_line' id='line_1_75' title="bbox 280 4366 1898 4441; baseline -0.001 -17"><span class='ocrx_word' id='word_1_617' title='bbox 280 4378 428 4425; x_wconf 85' lang='lat' dir='ltr'><strong>tatur</strong></span> <span class='ocrx_word' id='word_1_618' title='bbox 489 4389 502 4425; x_wconf 88' lang='lat'><strong>:</strong></span> <span class='ocrx_word' id='word_1_619' title='bbox 537 4385 765 4441; x_wconf 70' lang='lat' dir='ltr'><strong>quaeque</strong></span> <span class='ocrx_word' id='word_1_620' title='bbox 801 4368 944 4424; x_wconf 65' lang='lat' dir='ltr'><strong>[leva</strong></span> <span class='ocrx_word' id='word_1_621' title='bbox 969 4366 1138 4438; x_wconf 83' lang='lat' dir='ltr'><strong>(Gen.</strong></span> <span class='ocrx_word' id='word_1_622' title='bbox 1167 4384 1254 4434; x_wconf 90' lang='grc' dir='ltr'>ιιι,</span> <span class='ocrx_word' id='word_1_623' title='bbox 1286 4368 1399 4440; x_wconf 87' lang='grc'><strong>20)</strong></span> <span class='ocrx_word' id='word_1_624' title='bbox 1452 4383 1646 4429; x_wconf 88' lang='lat' dir='ltr'><strong>nomen</strong></span> <span class='ocrx_word' id='word_1_625' title='bbox 1687 4367 1898 4438; x_wconf 89' lang='lat' dir='ltr'><strong>accepit</strong></span> 
     </span>
    </p>
   </div>
   <div class='ocr_carea' id='block_1_76' title="bbox 285 4461 1890 4535">
    <p class='ocr_par' dir='ltr' id='par_1_76' title="bbox 285 4461 1890 4535">
     <span class='ocr_line' id='line_1_76' title="bbox 285 4461 1890 4535; baseline -0.002 -15"><span class='ocrx_word' id='word_1_626' title='bbox 285 4465 393 4522; x_wconf 87' lang='grc'><strong>108</strong></span> <span class='ocrx_word' id='word_1_627' title='bbox 426 4481 440 4518; x_wconf 89' lang='lat'><strong>:</strong></span> <span class='ocrx_word' id='word_1_628' title='bbox 471 4479 635 4535; x_wconf 91' lang='lat' dir='ltr'><strong>quam</strong></span> <span class='ocrx_word' id='word_1_629' title='bbox 671 4480 841 4531; x_wconf 65' lang='lat' dir='ltr'><strong>aequa!</strong></span> <span class='ocrx_word' id='word_1_630' title='bbox 872 4462 1023 4534; x_wconf 79' lang='lat' dir='ltr'><strong>legis‘</strong></span> <span class='ocrx_word' id='word_1_631' title='bbox 1051 4461 1389 4533; x_wconf 75' lang='lat' dir='ltr'><strong>przescriptio</strong></span> <span class='ocrx_word' id='word_1_632' title='bbox 1433 4475 1534 4517; x_wconf 93' lang='lat' dir='ltr'><strong>nec</strong></span> <span class='ocrx_word' id='word_1_633' title='bbox 1561 4476 1591 4516; x_wconf 91' lang='lat' dir='ltr'><strong>a</strong></span> <span class='ocrx_word' id='word_1_634' title='bbox 1614 4461 1890 4527; x_wconf 88' lang='lat' dir='ltr'><strong>mercede,</strong></span> 
     </span>
    </p>
   </div>
   <div class='ocr_carea' id='block_1_77' title="bbox 1988 3247 3601 3319">
    <p class='ocr_par' dir='ltr' id='par_1_77' title="bbox 1988 3247 3601 3319">
     <span class='ocr_line' id='line_1_77' title="bbox 1988 3247 3601 3319; baseline 0.002 -18"><span class='ocrx_word' id='word_1_635' title='bbox 1988 3263 2312 3319; x_wconf 88' lang='lat' dir='ltr'><strong>quemquam</strong></span> <span class='ocrx_word' id='word_1_636' title='bbox 2341 3247 2430 3318; x_wconf 93' lang='lat' dir='ltr'><strong>qui</strong></span> <span class='ocrx_word' id='word_1_637' title='bbox 2454 3257 2571 3303; x_wconf 89' lang='lat' dir='ltr'><strong>erat</strong></span> <span class='ocrx_word' id='word_1_638' title='bbox 2591 3249 2832 3303; x_wconf 88' lang='lat' dir='ltr'><strong>omnimn</strong></span> <span class='ocrx_word' id='word_1_639' title='bbox 2855 3247 3142 3314; x_wconf 90' lang='lat' dir='ltr'><strong>dominus;</strong></span> <span class='ocrx_word' id='word_1_640' title='bbox 3174 3248 3269 3303; x_wconf 89' lang='lat' dir='ltr'><strong>sed</strong></span> <span class='ocrx_word' id='word_1_641' title='bbox 3301 3264 3368 3304; x_wconf 90' lang='lat' dir='ltr'><strong>ne</strong></span> <span class='ocrx_word' id='word_1_642' title='bbox 3401 3249 3601 3304; x_wconf 84' lang='lat' dir='ltr'><strong>Diabo-</strong></span> 
     </span>
    </p>
   </div>
   <div class='ocr_carea' id='block_1_78' title="bbox 1991 3342 3591 3412">
    <p class='ocr_par' dir='ltr' id='par_1_78' title="bbox 1991 3342 3591 3412">
     <span class='ocr_line' id='line_1_78' title="bbox 1991 3342 3591 3412; baseline 0.003 -15"><span class='ocrx_word' id='word_1_643' title='bbox 1991 3346 2071 3399; x_wconf 92' lang='lat' dir='ltr'><strong>lus</strong></span> <span class='ocrx_word' id='word_1_644' title='bbox 2096 3342 2161 3398; x_wconf 89' lang='lat' dir='ltr'><strong>ad</strong></span> <span class='ocrx_word' id='word_1_645' title='bbox 2194 3344 2464 3398; x_wconf 86' lang='lat' dir='ltr'><strong>hominem</strong></span> <span class='ocrx_word' id='word_1_646' title='bbox 2488 3385 2502 3410; x_wconf 91' lang='lat'><strong>,</strong></span> <span class='ocrx_word' id='word_1_647' title='bbox 2536 3342 2627 3412; x_wconf 91' lang='lat' dir='ltr'><strong>qui</strong></span> <span class='ocrx_word' id='word_1_648' title='bbox 2655 3343 2767 3398; x_wconf 85' lang='lat' dir='ltr'><strong>Deo</strong></span> <span class='ocrx_word' id='word_1_649' title='bbox 2797 3344 2996 3399; x_wconf 80' lang='lat' dir='ltr'><strong>mixtus</strong></span> <span class='ocrx_word' id='word_1_650' title='bbox 3021 3355 3160 3410; x_wconf 91' lang='lat' dir='ltr'><strong>erat,</strong></span> <span class='ocrx_word' id='word_1_651' title='bbox 3190 3344 3405 3401; x_wconf 90' lang='lat' dir='ltr'><strong>timeret</strong></span> <span class='ocrx_word' id='word_1_652' title='bbox 3433 3360 3591 3402; x_wconf 88' lang='lat' dir='ltr'><strong>acce-</strong></span> 
     </span>
    </p>
   </div>
   <div class='ocr_carea' id='block_1_79' title="bbox 1990 3434 3593 3503">
    <p class='ocr_par' dir='ltr' id='par_1_79' title="bbox 1990 3434 3593 3503">
     <span class='ocr_line' id='line_1_79' title="bbox 1990 3434 3593 3503; baseline 0.002 -13"><span class='ocrx_word' id='word_1_653' title='bbox 1990 3435 2119 3491; x_wconf 90' lang='lat' dir='ltr'><strong>dere</strong></span> <span class='ocrx_word' id='word_1_654' title='bbox 2151 3454 2164 3488; x_wconf 92' lang='lat'><strong>:</strong></span> <span class='ocrx_word' id='word_1_655' title='bbox 2198 3446 2254 3490; x_wconf 91' lang='lat' dir='ltr'><strong>et</strong></span> <span class='ocrx_word' id='word_1_656' title='bbox 2279 3436 2456 3490; x_wconf 91' lang='lat' dir='ltr'><strong>minus</strong></span> <span class='ocrx_word' id='word_1_657' title='bbox 2486 3444 2783 3503; x_wconf 88' lang='lat' dir='ltr'><strong>prostratus</strong></span> <span class='ocrx_word' id='word_1_658' title='bbox 2814 3435 3068 3491; x_wconf 83' lang='lat' dir='ltr'><strong>Diabolus</strong></span> <span class='ocrx_word' id='word_1_659' title='bbox 3098 3437 3164 3492; x_wconf 90' lang='lat' dir='ltr'><strong>ab</strong></span> <span class='ocrx_word' id='word_1_660' title='bbox 3191 3436 3413 3493; x_wconf 90' lang='lat' dir='ltr'><strong>homine</strong></span> <span class='ocrx_word' id='word_1_661' title='bbox 3443 3434 3593 3493; x_wconf 86' lang='lat' dir='ltr'><strong>vide-</strong></span> 
     </span>
    </p>
   </div>
   <div class='ocr_carea' id='block_1_80' title="bbox 1990 3525 3596 3592">
    <p class='ocr_par' dir='ltr' id='par_1_80' title="bbox 1990 3525 3596 3592">
     <span class='ocr_line' id='line_1_80' title="bbox 1990 3525 3596 3592; baseline 0.002 -12"><span class='ocrx_word' id='word_1_662' title='bbox 1990 3535 2160 3591; x_wconf 90' lang='lat' dir='ltr'><strong>retur,</strong></span> <span class='ocrx_word' id='word_1_663' title='bbox 2195 3525 2239 3580; x_wconf 92' lang='lat' dir='ltr'><strong>si</strong></span> <span class='ocrx_word' id='word_1_664' title='bbox 2285 3527 2403 3581; x_wconf 90' lang='lat' dir='ltr'><strong>sine</strong></span> <span class='ocrx_word' id='word_1_665' title='bbox 2429 3540 2689 3592; x_wconf 83' lang='lat' dir='ltr'><strong>accessu,</strong></span> <span class='ocrx_word' id='word_1_666' title='bbox 2718 3537 2771 3580; x_wconf 90' lang='lat' dir='ltr'><strong>et</strong></span> <span class='ocrx_word' id='word_1_667' title='bbox 2805 3529 3105 3584; x_wconf 90' lang='lat' dir='ltr'><strong>certamine</strong></span> <span class='ocrx_word' id='word_1_668' title='bbox 3131 3527 3439 3586; x_wconf 87' lang='lat' dir='ltr'><strong>vinceretur</strong></span> <span class='ocrx_word' id='word_1_669' title='bbox 3470 3531 3596 3586; x_wconf 80' lang='grc'><strong>121.</strong></span> 
     </span>
    </p>
   </div>
   <div class='ocr_carea' id='block_1_81' title="bbox 1993 3617 3601 3692">
    <p class='ocr_par' dir='ltr' id='par_1_81' title="bbox 1993 3617 3601 3692">
     <span class='ocr_line' id='line_1_81' title="bbox 1993 3617 3601 3692; baseline 0.002 -18"><span class='ocrx_word' id='word_1_670' title='bbox 1993 3619 2069 3674; x_wconf 81' lang='lat' dir='ltr'><strong>Ex</strong></span> <span class='ocrx_word' id='word_1_671' title='bbox 2102 3618 2318 3689; x_wconf 81' lang='lat' dir='ltr'><strong>Virgine</strong></span> <span class='ocrx_word' id='word_1_672' title='bbox 2361 3617 2523 3688; x_wconf 85' lang='lat' dir='ltr'><strong>igitur</strong></span> <span class='ocrx_word' id='word_1_673' title='bbox 2573 3618 2774 3686; x_wconf 83' lang='lat' dir='ltr'><strong>Spiritu</strong></span> <span class='ocrx_word' id='word_1_674' title='bbox 2824 3617 3036 3674; x_wconf 85' lang='lat' dir='ltr'><strong>Domini</strong></span> <span class='ocrx_word' id='word_1_675' title='bbox 3079 3624 3498 3692; x_wconf 82' lang='lat' dir='ltr'><strong>superveniente,</strong></span> <span class='ocrx_word' id='word_1_676' title='bbox 3551 3632 3601 3678; x_wconf 86' lang='lat' dir='ltr'><strong>et</strong></span> 
     </span>
    </p>
   </div>
   <div class='ocr_carea' id='block_1_82' title="bbox 1992 3711 3598 3785">
    <p class='ocr_par' dir='ltr' id='par_1_82' title="bbox 1992 3711 3598 3785">
     <span class='ocr_line' id='line_1_82' title="bbox 1992 3711 3598 3785; baseline 0.003 -20"><span class='ocrx_word' id='word_1_677' title='bbox 1992 3713 2176 3765; x_wconf 81' lang='lat' dir='ltr'><strong>virtute</strong></span> <span class='ocrx_word' id='word_1_678' title='bbox 2211 3711 2461 3765; x_wconf 81' lang='lat' dir='ltr'><strong>Altissimi</strong></span> <span class='ocrx_word' id='word_1_679' title='bbox 2514 3711 2844 3766; x_wconf 86' lang='lat' dir='ltr'><strong>obumbrante</strong></span> <span class='ocrx_word' id='word_1_680' title='bbox 2871 3711 3020 3783; x_wconf 88' lang='lat' dir='ltr'><strong>(Luc.</strong></span> <span class='ocrx_word' id='word_1_681' title='bbox 3057 3729 3110 3780; x_wconf 88' lang='grc' dir='ltr'><strong>ι,</strong></span> <span class='ocrx_word' id='word_1_682' title='bbox 3143 3714 3260 3785; x_wconf 77' lang='grc'><strong>55),</strong></span> <span class='ocrx_word' id='word_1_683' title='bbox 3305 3714 3598 3770; x_wconf 79' lang='lat' dir='ltr'><strong>secundum</strong></span> 
     </span>
    </p>
   </div>
   <div class='ocr_carea' id='block_1_83' title="bbox 1995 3802 3600 3872">
    <p class='ocr_par' dir='ltr' id='par_1_83' title="bbox 1995 3802 3600 3872">
     <span class='ocr_line' id='line_1_83' title="bbox 1995 3802 3600 3872; baseline 0.002 -14"><span class='ocrx_word' id='word_1_684' title='bbox 1995 3803 2266 3858; x_wconf 84' lang='lat' dir='ltr'><strong>hominem</strong></span> <span class='ocrx_word' id='word_1_685' title='bbox 2295 3802 2498 3858; x_wconf 87' lang='lat' dir='ltr'><strong>Christi</strong></span> <span class='ocrx_word' id='word_1_686' title='bbox 2539 3802 2802 3858; x_wconf 86' lang='lat' dir='ltr'><strong>Nativitas</strong></span> <span class='ocrx_word' id='word_1_687' title='bbox 2843 3804 3111 3860; x_wconf 89' lang='lat' dir='ltr'><strong>celebrata</strong></span> <span class='ocrx_word' id='word_1_688' title='bbox 3144 3817 3262 3872; x_wconf 84' lang='lat' dir='ltr'><strong>est,</strong></span> <span class='ocrx_word' id='word_1_689' title='bbox 3309 3818 3358 3860; x_wconf 92' lang='lat' dir='ltr'><strong>et</strong></span> <span class='ocrx_word' id='word_1_690' title='bbox 3407 3822 3600 3862; x_wconf 87' lang='lat' dir='ltr'><strong>omnes</strong></span> 
     </span>
    </p>
   </div>
   <div class='ocr_carea' id='block_1_84' title="bbox 1996 3896 3593 3964">
    <p class='ocr_par' dir='ltr' id='par_1_84' title="bbox 1996 3896 3593 3964">
     <span class='ocr_line' id='line_1_84' title="bbox 1996 3896 3593 3964; baseline 0.003 -15"><span class='ocrx_word' id='word_1_691' title='bbox 1996 3896 2254 3964; x_wconf 88' lang='lat' dir='ltr'><strong>transegit</strong></span> <span class='ocrx_word' id='word_1_692' title='bbox 2275 3904 2480 3960; x_wconf 78' lang='lat' dir='ltr'><strong>:etates,</strong></span> <span class='ocrx_word' id='word_1_693' title='bbox 2510 3905 2564 3950; x_wconf 92' lang='lat' dir='ltr'><strong>ut</strong></span> <span class='ocrx_word' id='word_1_694' title='bbox 2590 3909 2779 3951; x_wconf 87' lang='lat' dir='ltr'><strong>omnes</strong></span> <span class='ocrx_word' id='word_1_695' title='bbox 2808 3896 2923 3951; x_wconf 85' lang='lat' dir='ltr'><strong>fere</strong></span> <span class='ocrx_word' id='word_1_696' title='bbox 2949 3896 3221 3952; x_wconf 89' lang='lat' dir='ltr'><strong>discerent</strong></span> <span class='ocrx_word' id='word_1_697' title='bbox 3253 3898 3420 3954; x_wconf 91' lang='lat' dir='ltr'><strong>Deum</strong></span> <span class='ocrx_word' id='word_1_698' title='bbox 3448 3899 3551 3953; x_wconf 81' lang='grc'><strong>122</strong></span> <span class='ocrx_word' id='word_1_699' title='bbox 3580 3916 3593 3953; x_wconf 89' lang='lat'><strong>:</strong></span> 
     </span>
    </p>
   </div>
   <div class='ocr_carea' id='block_1_85' title="bbox 1996 3985 3598 4060">
    <p class='ocr_par' dir='ltr' id='par_1_85' title="bbox 1996 3985 3598 4060">
     <span class='ocr_line' id='line_1_85' title="bbox 1996 3985 3598 4060; baseline 0.002 -20"><span class='ocrx_word' id='word_1_700' title='bbox 1996 3985 2112 4040; x_wconf 64' lang='lat' dir='ltr'><strong>haec</strong></span> <span class='ocrx_word' id='word_1_701' title='bbox 2141 3986 2318 4041; x_wconf 91' lang='lat' dir='ltr'><strong>omnia</strong></span> <span class='ocrx_word' id='word_1_702' title='bbox 2347 4001 2469 4041; x_wconf 89' lang='lat' dir='ltr'><strong>esse</strong></span> <span class='ocrx_word' id='word_1_703' title='bbox 2509 3987 2560 4041; x_wconf 92' lang='lat' dir='ltr'><strong>iu</strong></span> <span class='ocrx_word' id='word_1_704' title='bbox 2599 3987 2716 4057; x_wconf 82' lang='lat' dir='ltr'><strong>lege</strong></span> <span class='ocrx_word' id='word_1_705' title='bbox 2745 3996 2800 4042; x_wconf 90' lang='lat' dir='ltr'><strong>et</strong></span> <span class='ocrx_word' id='word_1_706' title='bbox 2842 3987 3127 4057; x_wconf 81' lang='lat' dir='ltr'><strong>Prophetis</strong></span> <span class='ocrx_word' id='word_1_707' title='bbox 3158 4000 3284 4044; x_wconf 88' lang='lat' dir='ltr'><strong>ante</strong></span> <span class='ocrx_word' id='word_1_708' title='bbox 3309 3990 3562 4060; x_wconf 64' lang='lat' dir='ltr'><strong>praedicta</strong></span> <span class='ocrx_word' id='word_1_709' title='bbox 3582 4032 3598 4058; x_wconf 96' lang='lat'><strong>,</strong></span> 
     </span>
    </p>
   </div>
   <div class='ocr_carea' id='block_1_86' title="bbox 1997 4081 3599 4146">
    <p class='ocr_par' dir='ltr' id='par_1_86' title="bbox 1997 4081 3599 4146">
     <span class='ocr_line' id='line_1_86' title="bbox 1997 4081 3599 4146; baseline 0.004 -12"><span class='ocrx_word' id='word_1_710' title='bbox 1997 4090 2171 4135; x_wconf 85' lang='lat' dir='ltr'><strong>utres</strong></span> <span class='ocrx_word' id='word_1_711' title='bbox 2210 4082 2342 4136; x_wconf 89' lang='lat' dir='ltr'><strong>mira</strong></span> <span class='ocrx_word' id='word_1_712' title='bbox 2389 4081 2674 4146; x_wconf 89' lang='lat' dir='ltr'><strong>omnibus,</strong></span> <span class='ocrx_word' id='word_1_713' title='bbox 2725 4081 3001 4137; x_wconf 89' lang='lat' dir='ltr'><strong>incredula</strong></span> <span class='ocrx_word' id='word_1_714' title='bbox 3047 4099 3152 4137; x_wconf 92' lang='lat' dir='ltr'><strong>non</strong></span> <span class='ocrx_word' id='word_1_715' title='bbox 3198 4083 3353 4140; x_wconf 81' lang='lat' dir='ltr'><strong>fieret</strong></span> <span class='ocrx_word' id='word_1_716' title='bbox 3392 4087 3599 4141; x_wconf 85' lang='lat' dir='ltr'><strong>subita-</strong></span> 
     </span>
    </p>
   </div>
   <div class='ocr_carea' id='block_1_87' title="bbox 1999 4172 3600 4245">
    <p class='ocr_par' dir='ltr' id='par_1_87' title="bbox 1999 4172 3600 4245">
     <span class='ocr_line' id='line_1_87' title="bbox 1999 4172 3600 4245; baseline 0.002 -17"><span class='ocrx_word' id='word_1_717' title='bbox 1999 4175 2145 4230; x_wconf 89' lang='lat' dir='ltr'><strong>tione</strong></span> <span class='ocrx_word' id='word_1_718' title='bbox 2175 4190 2190 4228; x_wconf 87' lang='lat'><strong>:</strong></span> <span class='ocrx_word' id='word_1_719' title='bbox 2220 4181 2277 4229; x_wconf 91' lang='lat' dir='ltr'><strong>et</strong></span> <span class='ocrx_word' id='word_1_720' title='bbox 2306 4174 2587 4244; x_wconf 69' lang='lat' dir='ltr'><strong>praeteriti,</strong></span> <span class='ocrx_word' id='word_1_721' title='bbox 2619 4172 2814 4243; x_wconf 92' lang='lat' dir='ltr'><strong>quibus</strong></span> <span class='ocrx_word' id='word_1_722' title='bbox 2843 4176 2945 4229; x_wconf 91' lang='lat' dir='ltr'><strong>hoc</strong></span> <span class='ocrx_word' id='word_1_723' title='bbox 2989 4175 3261 4245; x_wconf 88' lang='lat' dir='ltr'><strong>inspicere</strong></span> <span class='ocrx_word' id='word_1_724' title='bbox 3291 4177 3465 4233; x_wconf 89' lang='lat' dir='ltr'><strong>oculis</strong></span> <span class='ocrx_word' id='word_1_725' title='bbox 3494 4193 3600 4234; x_wconf 92' lang='lat' dir='ltr'><strong>nou</strong></span> 
     </span>
    </p>
   </div>
   <div class='ocr_carea' id='block_1_88' title="bbox 1997 4273 3601 4350">
    <p class='ocr_par' dir='ltr' id='par_1_88' title="bbox 1997 4273 3601 4350">
     <span class='ocr_line' id='line_1_88' title="bbox 1997 4273 3601 4350; baseline 0.004 -20"><span class='ocrx_word' id='word_1_726' title='bbox 1997 4275 2241 4344; x_wconf 84' lang='lat' dir='ltr'><strong>contigit,</strong></span> <span class='ocrx_word' id='word_1_727' title='bbox 2271 4273 2317 4328; x_wconf 88' lang='lat' dir='ltr'><strong>si</strong></span> <span class='ocrx_word' id='word_1_728' title='bbox 2343 4284 2626 4345; x_wconf 91' lang='lat' dir='ltr'><strong>sperarent</strong></span> <span class='ocrx_word' id='word_1_729' title='bbox 2656 4274 2774 4329; x_wconf 91' lang='lat' dir='ltr'><strong>sine</strong></span> <span class='ocrx_word' id='word_1_730' title='bbox 2799 4274 2962 4330; x_wconf 87' lang='lat' dir='ltr'><strong>dubio</strong></span> <span class='ocrx_word' id='word_1_731' title='bbox 3001 4278 3052 4329; x_wconf 94' lang='lat' dir='ltr'><strong>iu</strong></span> <span class='ocrx_word' id='word_1_732' title='bbox 3080 4277 3314 4333; x_wconf 89' lang='lat' dir='ltr'><strong>adventu</strong></span> <span class='ocrx_word' id='word_1_733' title='bbox 3341 4279 3478 4347; x_wconf 90' lang='lat' dir='ltr'><strong>ejus,</strong></span> <span class='ocrx_word' id='word_1_734' title='bbox 3510 4280 3601 4350; x_wconf 92' lang='lat' dir='ltr'><strong>qui</strong></span> 
     </span>
    </p>
   </div>
   <div class='ocr_carea' id='block_1_89' title="bbox 2001 4367 3605 4438">
    <p class='ocr_par' dir='ltr' id='par_1_89' title="bbox 2001 4367 3605 4438">
     <span class='ocr_line' id='line_1_89' title="bbox 2001 4367 3605 4438; baseline 0.002 -15"><span class='ocrx_word' id='word_1_735' title='bbox 2001 4367 2412 4438; x_wconf 56' lang='lat' dir='ltr'><strong>praedicabatur,</strong></span> <span class='ocrx_word' id='word_1_736' title='bbox 2443 4383 2473 4423; x_wconf 89' lang='lat' dir='ltr'><strong>a</strong></span> <span class='ocrx_word' id='word_1_737' title='bbox 2498 4368 2748 4438; x_wconf 76' lang='lat' dir='ltr'><strong>contagio</strong></span> <span class='ocrx_word' id='word_1_738' title='bbox 2776 4379 2996 4438; x_wconf 80' lang='lat' dir='ltr'><strong>possent</strong></span> <span class='ocrx_word' id='word_1_739' title='bbox 3019 4377 3239 4426; x_wconf 81' lang='lat' dir='ltr'><strong>aeternae</strong></span> <span class='ocrx_word' id='word_1_740' title='bbox 3261 4373 3451 4427; x_wconf 90' lang='lat' dir='ltr'><strong>mortis</strong></span> <span class='ocrx_word' id='word_1_741' title='bbox 3478 4389 3605 4428; x_wconf 87' lang='lat' dir='ltr'><strong>eva-</strong></span> 
     </span>
    </p>
   </div>
   <div class='ocr_carea' id='block_1_90' title="bbox 1998 4460 3606 4533">
    <p class='ocr_par' dir='ltr' id='par_1_90' title="bbox 1998 4460 3606 4533">
     <span class='ocr_line' id='line_1_90' title="bbox 1998 4460 3606 4533; baseline 0.004 -17"><span class='ocrx_word' id='word_1_742' title='bbox 1998 4461 2127 4516; x_wconf 88' lang='lat' dir='ltr'><strong>dere</strong></span> <span class='ocrx_word' id='word_1_743' title='bbox 2159 4460 2284 4519; x_wconf 73' lang='grc'><strong>125.</strong></span> <span class='ocrx_word' id='word_1_744' title='bbox 2309 4461 2400 4516; x_wconf 87' lang='lat' dir='ltr'><strong>Sic</strong></span> <span class='ocrx_word' id='word_1_745' title='bbox 2429 4461 2591 4533; x_wconf 88' lang='lat' dir='ltr'><strong>igitur</strong></span> <span class='ocrx_word' id='word_1_746' title='bbox 2622 4461 2674 4516; x_wconf 93' lang='lat' dir='ltr'><strong>in</strong></span> <span class='ocrx_word' id='word_1_747' title='bbox 2703 4462 2862 4517; x_wconf 87' lang='lat' dir='ltr'><strong>terris</strong></span> <span class='ocrx_word' id='word_1_748' title='bbox 2891 4462 3038 4517; x_wconf 90' lang='lat' dir='ltr'><strong>visus</strong></span> <span class='ocrx_word' id='word_1_749' title='bbox 3066 4472 3149 4518; x_wconf 90' lang='lat' dir='ltr'><strong>est</strong></span> <span class='ocrx_word' id='word_1_750' title='bbox 3177 4464 3318 4520; x_wconf 91' lang='lat' dir='ltr'><strong>Deus</strong></span> <span class='ocrx_word' id='word_1_751' title='bbox 3340 4474 3520 4521; x_wconf 88' lang='lat' dir='ltr'><strong>tantus</strong></span> <span class='ocrx_word' id='word_1_752' title='bbox 3542 4482 3606 4523; x_wconf 89' lang='lat' dir='ltr'><strong>ac</strong></span> 
     </span>
    </p>
   </div>
   <div class='ocr_carea' id='block_1_91' title="bbox 285 4553 3604 4634">
    <p class='ocr_par' dir='ltr' id='par_1_91' title="bbox 285 4553 3604 4634">
     <span class='ocr_line' id='line_1_91' title="bbox 285 4553 3604 4634; baseline -0.001 -16"><span class='ocrx_word' id='word_1_753' title='bbox 285 4580 386 4621; x_wconf 90' lang='lat' dir='ltr'><strong>nec</strong></span> <span class='ocrx_word' id='word_1_754' title='bbox 431 4581 462 4619; x_wconf 90' lang='lat' dir='ltr'><strong>a</strong></span> <span class='ocrx_word' id='word_1_755' title='bbox 508 4563 774 4634; x_wconf 88' lang='lat' dir='ltr'><strong>supplicio</strong></span> <span class='ocrx_word' id='word_1_756' title='bbox 811 4564 1100 4632; x_wconf 88' lang='lat' dir='ltr'><strong>separabat</strong></span> <span class='ocrx_word' id='word_1_757' title='bbox 1132 4560 1251 4617; x_wconf 88' lang='grc'><strong>109.</strong></span> <span class='ocrx_word' id='word_1_758' title='bbox 1289 4558 1396 4616; x_wconf 91' lang='lat' dir='ltr'><strong>Sed</strong></span> <span class='ocrx_word' id='word_1_759' title='bbox 1444 4569 1725 4631; x_wconf 89' lang='lat' dir='ltr'><strong>postquam</strong></span> <span class='ocrx_word' id='word_1_760' title='bbox 1772 4558 1892 4614; x_wconf 88' lang='lat' dir='ltr'><strong>uni-</strong></span> <span class='ocrx_word' id='word_1_761' title='bbox 1922 4561 1973 4621; x_wconf 89' lang='lat' dir='ltr'><strong>D</strong></span> <span class='ocrx_word' id='word_1_762' title='bbox 2001 4555 2122 4609; x_wconf 88' lang='lat' dir='ltr'><strong>talis</strong></span> <span class='ocrx_word' id='word_1_763' title='bbox 2153 4553 2295 4608; x_wconf 81' lang='lat' dir='ltr'><strong>filius</strong></span> <span class='ocrx_word' id='word_1_764' title='bbox 2327 4553 2443 4619; x_wconf 89' lang='lat' dir='ltr'><strong>Dei,</strong></span> <span class='ocrx_word' id='word_1_765' title='bbox 2465 4564 2725 4624; x_wconf 89' lang='lat' dir='ltr'><strong>quantum</strong></span> <span class='ocrx_word' id='word_1_766' title='bbox 2755 4554 2842 4610; x_wconf 90' lang='lat' dir='ltr'><strong>vel</strong></span> <span class='ocrx_word' id='word_1_767' title='bbox 2871 4557 3086 4625; x_wconf 91' lang='lat' dir='ltr'><strong>qualem</strong></span> <span class='ocrx_word' id='word_1_768' title='bbox 3116 4557 3262 4611; x_wconf 91' lang='lat' dir='ltr'><strong>illum</strong></span> <span class='ocrx_word' id='word_1_769' title='bbox 3297 4557 3604 4614; x_wconf 89' lang='lat' dir='ltr'><strong>humanitas</strong></span> 
     </span>
    </p>
   </div>
   <div class='ocr_carea' id='block_1_92' title="bbox 283 4649 1895 4726">
    <p class='ocr_par' dir='ltr' id='par_1_92' title="bbox 283 4649 1895 4726">
     <span class='ocr_line' id='line_1_92' title="bbox 283 4649 1895 4726; baseline -0.006 -13"><span class='ocrx_word' id='word_1_770' title='bbox 283 4673 440 4713; x_wconf 85' lang='lat' dir='ltr'><strong>versa</strong></span> <span class='ocrx_word' id='word_1_771' title='bbox 471 4656 614 4713; x_wconf 89' lang='lat' dir='ltr'><strong>Deus</strong></span> <span class='ocrx_word' id='word_1_772' title='bbox 642 4672 736 4726; x_wconf 88' lang='lat' dir='ltr'><strong>per</strong></span> <span class='ocrx_word' id='word_1_773' title='bbox 765 4654 1081 4711; x_wconf 89' lang='lat' dir='ltr'><strong>Sermonem</strong></span> <span class='ocrx_word' id='word_1_774' title='bbox 1114 4667 1270 4707; x_wconf 92' lang='lat' dir='ltr'><strong>suum</strong></span> <span class='ocrx_word' id='word_1_775' title='bbox 1300 4650 1377 4720; x_wconf 75' lang='lat' dir='ltr'><strong>(id</strong></span> <span class='ocrx_word' id='word_1_776' title='bbox 1408 4659 1494 4706; x_wconf 91' lang='lat' dir='ltr'><strong>est</strong></span> <span class='ocrx_word' id='word_1_777' title='bbox 1521 4649 1741 4721; x_wconf 84' lang='lat' dir='ltr'><strong>Filium)</strong></span> <span class='ocrx_word' id='word_1_778' title='bbox 1770 4664 1895 4721; x_wconf 90' lang='lat' dir='ltr'><strong>per-</strong></span> 
     </span>
    </p>
   </div>
   <div class='ocr_carea' id='block_1_93' title="bbox 283 4745 1895 4820">
    <p class='ocr_par' dir='ltr' id='par_1_93' title="bbox 283 4745 1895 4820">
     <span class='ocr_line' id='line_1_93' title="bbox 283 4745 1895 4820; baseline -0.006 -15"><span class='ocrx_word' id='word_1_779' title='bbox 283 4750 426 4806; x_wconf 89' lang='lat' dir='ltr'><strong>fecta</strong></span> <span class='ocrx_word' id='word_1_780' title='bbox 459 4760 622 4820; x_wconf 88' lang='lat' dir='ltr'><strong>atque</strong></span> <span class='ocrx_word' id='word_1_781' title='bbox 651 4758 911 4804; x_wconf 78' lang='lat' dir='ltr'><strong>exornata</strong></span> <span class='ocrx_word' id='word_1_782' title='bbox 942 4746 1190 4812; x_wconf 90' lang='lat' dir='ltr'><strong>vidisset;</strong></span> <span class='ocrx_word' id='word_1_783' title='bbox 1239 4745 1419 4801; x_wconf 88' lang='lat' dir='ltr'><strong>omnia</strong></span> <span class='ocrx_word' id='word_1_784' title='bbox 1465 4760 1585 4814; x_wconf 74' lang='lat' dir='ltr'><strong>qua:</strong></span> <span class='ocrx_word' id='word_1_785' title='bbox 1629 4759 1750 4799; x_wconf 92' lang='lat' dir='ltr'><strong>cum</strong></span> <span class='ocrx_word' id='word_1_786' title='bbox 1793 4745 1895 4797; x_wconf 90' lang='lat' dir='ltr'><strong>ho-</strong></span> 
     </span>
    </p>
   </div>
   <div class='ocr_carea' id='block_1_94' title="bbox 283 4836 1896 4911">
    <p class='ocr_par' dir='ltr' id='par_1_94' title="bbox 283 4836 1896 4911">
     <span class='ocr_line' id='line_1_94' title="bbox 283 4836 1896 4911; baseline -0.006 -11"><span class='ocrx_word' id='word_1_787' title='bbox 283 4843 433 4900; x_wconf 89' lang='lat' dir='ltr'><strong>mine</strong></span> <span class='ocrx_word' id='word_1_788' title='bbox 461 4853 637 4909; x_wconf 86' lang='lat' dir='ltr'><strong>eraut,</strong></span> <span class='ocrx_word' id='word_1_789' title='bbox 672 4843 839 4910; x_wconf 88' lang='lat' dir='ltr'><strong>ipsius</strong></span> <span class='ocrx_word' id='word_1_790' title='bbox 872 4839 1086 4896; x_wconf 88' lang='lat' dir='ltr'><strong>tradidit</strong></span> <span class='ocrx_word' id='word_1_791' title='bbox 1107 4840 1356 4911; x_wconf 86' lang='lat' dir='ltr'><strong>potestati</strong></span> <span class='ocrx_word' id='word_1_792' title='bbox 1389 4837 1544 4911; x_wconf 88' lang='lat' dir='ltr'><strong>(Gen.</strong></span> <span class='ocrx_word' id='word_1_793' title='bbox 1579 4837 1620 4904; x_wconf 90' lang='lat' dir='ltr'><strong>I,</strong></span> <span class='ocrx_word' id='word_1_794' title='bbox 1649 4837 1766 4906; x_wconf 87' lang='grc'><strong>28).</strong></span> <span class='ocrx_word' id='word_1_795' title='bbox 1797 4836 1896 4892; x_wconf 88' lang='lat' dir='ltr'><strong>Cui</strong></span> 
     </span>
    </p>
   </div>
   <div class='ocr_carea' id='block_1_95' title="bbox 280 4928 1896 5002">
    <p class='ocr_par' dir='ltr' id='par_1_95' title="bbox 280 4928 1896 5002">
     <span class='ocr_line' id='line_1_95' title="bbox 280 4928 1896 5002; baseline -0.007 -8"><span class='ocrx_word' id='word_1_796' title='bbox 280 4953 408 4994; x_wconf 90' lang='lat' dir='ltr'><strong>cum</strong></span> <span class='ocrx_word' id='word_1_797' title='bbox 438 4939 618 4992; x_wconf 89' lang='lat' dir='ltr'><strong>omnia</strong></span> <span class='ocrx_word' id='word_1_798' title='bbox 673 4934 868 4990; x_wconf 88' lang='lat' dir='ltr'><strong>tradita</strong></span> <span class='ocrx_word' id='word_1_799' title='bbox 896 4933 1102 4989; x_wconf 89' lang='lat' dir='ltr'><strong>videret</strong></span> <span class='ocrx_word' id='word_1_800' title='bbox 1127 4931 1360 4999; x_wconf 79' lang='lat' dir='ltr'><strong>Lucifer,</strong></span> <span class='ocrx_word' id='word_1_801' title='bbox 1399 4928 1602 5002; x_wconf 85' lang='lat' dir='ltr'><strong>homini</strong></span> <span class='ocrx_word' id='word_1_802' title='bbox 1633 4929 1896 4984; x_wconf 85' lang='lat' dir='ltr'><strong>miseran-</strong></span> 
     </span>
    </p>
   </div>
   <div class='ocr_carea' id='block_1_96' title="bbox 281 5022 1892 5100">
    <p class='ocr_par' dir='ltr' id='par_1_96' title="bbox 281 5022 1892 5100">
     <span class='ocr_line' id='line_1_96' title="bbox 281 5022 1892 5100; baseline -0.006 -15"><span class='ocrx_word' id='word_1_803' title='bbox 281 5029 386 5085; x_wconf 87' lang='lat' dir='ltr'><strong>dus</strong></span> <span class='ocrx_word' id='word_1_804' title='bbox 418 5027 610 5084; x_wconf 89' lang='lat' dir='ltr'><strong>invidit</strong></span> <span class='ocrx_word' id='word_1_805' title='bbox 651 5025 808 5100; x_wconf 86' lang='lat' dir='ltr'><strong>(Gen.</strong></span> <span class='ocrx_word' id='word_1_806' title='bbox 842 5042 936 5092; x_wconf 91' lang='grc' dir='ltr'>ιιι,</span> <span class='ocrx_word' id='word_1_807' title='bbox 968 5027 1023 5091; x_wconf 93' lang='grc'><strong>1,</strong></span> <span class='ocrx_word' id='word_1_808' title='bbox 1051 5025 1196 5096; x_wconf 89' lang='lat' dir='ltr'><strong>etc.).</strong></span> <span class='ocrx_word' id='word_1_809' title='bbox 1227 5022 1384 5097; x_wconf 78' lang='lat' dir='ltr'><strong>(Nam</strong></span> <span class='ocrx_word' id='word_1_810' title='bbox 1425 5032 1506 5079; x_wconf 91' lang='lat' dir='ltr'><strong>est</strong></span> <span class='ocrx_word' id='word_1_811' title='bbox 1545 5030 1601 5078; x_wconf 90' lang='lat' dir='ltr'><strong>et</strong></span> <span class='ocrx_word' id='word_1_812' title='bbox 1629 5022 1760 5092; x_wconf 89' lang='lat' dir='ltr'><strong>ipsis</strong></span> <span class='ocrx_word' id='word_1_813' title='bbox 1787 5038 1892 5077; x_wconf 91' lang='lat' dir='ltr'><strong>non</strong></span> 
     </span>
    </p>
   </div>
   <div class='ocr_carea' id='block_1_97' title="bbox 284 5115 1892 5192">
    <p class='ocr_par' dir='ltr' id='par_1_97' title="bbox 284 5115 1892 5192">
     <span class='ocr_line' id='line_1_97' title="bbox 284 5115 1892 5192; baseline -0.005 -14"><span class='ocrx_word' id='word_1_814' title='bbox 284 5135 512 5192; x_wconf 85' lang='lat' dir='ltr'><strong>peccare</strong></span> <span class='ocrx_word' id='word_1_815' title='bbox 540 5120 793 5186; x_wconf 83' lang='lat' dir='ltr'><strong>liberum,</strong></span> <span class='ocrx_word' id='word_1_816' title='bbox 826 5129 882 5175; x_wconf 92' lang='lat' dir='ltr'><strong>et</strong></span> <span class='ocrx_word' id='word_1_817' title='bbox 908 5118 1146 5185; x_wconf 90' lang='lat' dir='ltr'><strong>licitum,</strong></span> <span class='ocrx_word' id='word_1_818' title='bbox 1184 5119 1228 5172; x_wconf 91' lang='lat' dir='ltr'><strong>si</strong></span> <span class='ocrx_word' id='word_1_819' title='bbox 1256 5116 1406 5186; x_wconf 86' lang='lat' dir='ltr'><strong>jussa</strong></span> <span class='ocrx_word' id='word_1_820' title='bbox 1431 5115 1804 5182; x_wconf 84' lang='lat' dir='ltr'><strong>servaverint,</strong></span> <span class='ocrx_word' id='word_1_821' title='bbox 1841 5117 1892 5170; x_wconf 93' lang='lat' dir='ltr'><strong>in</strong></span> 
     </span>
    </p>
   </div>
   <div class='ocr_carea' id='block_1_98' title="bbox 283 5212 1894 5285">
    <p class='ocr_par' dir='ltr' id='par_1_98' title="bbox 283 5212 1894 5285">
     <span class='ocr_line' id='line_1_98' title="bbox 283 5212 1894 5285; baseline -0.004 -15"><span class='ocrx_word' id='word_1_822' title='bbox 283 5214 620 5272; x_wconf 86' lang='lat' dir='ltr'><strong>beatitudine</strong></span> <span class='ocrx_word' id='word_1_823' title='bbox 653 5214 1016 5285; x_wconf 86' lang='lat' dir='ltr'><strong>permanere).</strong></span> <span class='ocrx_word' id='word_1_824' title='bbox 1051 5212 1144 5268; x_wconf 91' lang='lat' dir='ltr'><strong>Dei</strong></span> <span class='ocrx_word' id='word_1_825' title='bbox 1175 5213 1349 5282; x_wconf 89' lang='lat' dir='ltr'><strong>legem</strong></span> <span class='ocrx_word' id='word_1_826' title='bbox 1381 5220 1436 5266; x_wconf 88' lang='lat' dir='ltr'><strong>et</strong></span> <span class='ocrx_word' id='word_1_827' title='bbox 1472 5212 1617 5282; x_wconf 88' lang='lat' dir='ltr'><strong>jussa</strong></span> <span class='ocrx_word' id='word_1_828' title='bbox 1649 5225 1746 5282; x_wconf 91' lang='lat' dir='ltr'><strong>per</strong></span> <span class='ocrx_word' id='word_1_829' title='bbox 1775 5226 1894 5265; x_wconf 81' lang='lat' dir='ltr'><strong>mu-</strong></span> 
     </span>
    </p>
   </div>
   <div class='ocr_carea' id='block_1_99' title="bbox 286 5301 1890 5378">
    <p class='ocr_par' dir='ltr' id='par_1_99' title="bbox 286 5301 1890 5378">
     <span class='ocr_line' id='line_1_99' title="bbox 286 5301 1890 5378; baseline -0.004 -16"><span class='ocrx_word' id='word_1_830' title='bbox 286 5301 478 5363; x_wconf 82' lang='lat' dir='ltr'><strong>lierem</strong></span> <span class='ocrx_word' id='word_1_831' title='bbox 534 5306 834 5378; x_wconf 77' lang='lat' dir='ltr'><strong>transgredi</strong></span> <span class='ocrx_word' id='word_1_832' title='bbox 871 5305 1137 5377; x_wconf 80' lang='lat' dir='ltr'><strong>persuasit</strong></span> <span class='ocrx_word' id='word_1_833' title='bbox 1167 5302 1318 5377; x_wconf 88' lang='lat' dir='ltr'><strong>(Gen.</strong></span> <span class='ocrx_word' id='word_1_834' title='bbox 1379 5320 1473 5370; x_wconf 86' lang='grc' dir='ltr'>ιιι,</span> <span class='ocrx_word' id='word_1_835' title='bbox 1506 5305 1558 5368; x_wconf 92' lang='grc'><strong>1,</strong></span> <span class='ocrx_word' id='word_1_836' title='bbox 1614 5312 1664 5356; x_wconf 88' lang='lat' dir='ltr'><strong>et</strong></span> <span class='ocrx_word' id='word_1_837' title='bbox 1710 5303 1890 5372; x_wconf 85' lang='lat' dir='ltr'><strong>seq.):</strong></span> 
     </span>
    </p>
   </div>
   <div class='ocr_carea' id='block_1_100' title="bbox 287 5397 1898 5464">
    <p class='ocr_par' dir='ltr' id='par_1_100' title="bbox 287 5397 1898 5464">
     <span class='ocr_line' id='line_1_100' title="bbox 287 5397 1898 5464; baseline -0.002 -10"><span class='ocrx_word' id='word_1_838' title='bbox 287 5411 345 5456; x_wconf 92' lang='lat' dir='ltr'><strong>ut</strong></span> <span class='ocrx_word' id='word_1_839' title='bbox 380 5415 510 5456; x_wconf 86' lang='lat' dir='ltr'><strong>reus</strong></span> <span class='ocrx_word' id='word_1_840' title='bbox 541 5401 702 5455; x_wconf 90' lang='lat' dir='ltr'><strong>homo</strong></span> <span class='ocrx_word' id='word_1_841' title='bbox 727 5399 1107 5455; x_wconf 84' lang='lat' dir='ltr'><strong>mandatorum</strong></span> <span class='ocrx_word' id='word_1_842' title='bbox 1143 5398 1294 5453; x_wconf 79' lang='lat' dir='ltr'><strong>fieret</strong></span> <span class='ocrx_word' id='word_1_843' title='bbox 1327 5399 1454 5464; x_wconf 87' lang='lat' dir='ltr'><strong>Dei,</strong></span> <span class='ocrx_word' id='word_1_844' title='bbox 1485 5408 1543 5454; x_wconf 85' lang='lat' dir='ltr'><strong>et</strong></span> <span class='ocrx_word' id='word_1_845' title='bbox 1587 5397 1639 5452; x_wconf 90' lang='lat' dir='ltr'><strong>in</strong></span> <span class='ocrx_word' id='word_1_846' title='bbox 1679 5407 1898 5452; x_wconf 90' lang='lat' dir='ltr'><strong>senten-</strong></span> 
     </span>
    </p>
   </div>
   <div class='ocr_carea' id='block_1_101' title="bbox 286 5491 1896 5564">
    <p class='ocr_par' dir='ltr' id='par_1_101' title="bbox 286 5491 1896 5564">
     <span class='ocr_line' id='line_1_101' title="bbox 286 5491 1896 5564; baseline -0.002 -16"><span class='ocrx_word' id='word_1_847' title='bbox 286 5492 417 5548; x_wconf 88' lang='lat' dir='ltr'><strong>tiam</strong></span> <span class='ocrx_word' id='word_1_848' title='bbox 457 5493 673 5549; x_wconf 89' lang='lat' dir='ltr'><strong>caderet</strong></span> <span class='ocrx_word' id='word_1_849' title='bbox 714 5491 864 5563; x_wconf 80' lang='lat' dir='ltr'><strong>(Gen.</strong></span> <span class='ocrx_word' id='word_1_850' title='bbox 895 5508 966 5560; x_wconf 92' lang='grc' dir='ltr'><strong>ιι,</strong></span> <span class='ocrx_word' id='word_1_851' title='bbox 997 5491 1090 5564; x_wconf 87' lang='grc'><strong>17)</strong></span> <span class='ocrx_word' id='word_1_852' title='bbox 1121 5492 1241 5549; x_wconf 84' lang='grc'><strong>110.</strong></span> <span class='ocrx_word' id='word_1_853' title='bbox 1277 5491 1497 5561; x_wconf 86' lang='lat' dir='ltr'><strong>Ejectus</strong></span> <span class='ocrx_word' id='word_1_854' title='bbox 1543 5499 1626 5546; x_wconf 90' lang='lat' dir='ltr'><strong>est</strong></span> <span class='ocrx_word' id='word_1_855' title='bbox 1654 5491 1813 5562; x_wconf 89' lang='lat' dir='ltr'><strong>igitur</strong></span> <span class='ocrx_word' id='word_1_856' title='bbox 1841 5491 1896 5546; x_wconf 91' lang='lat' dir='ltr'><strong>in</strong></span> 
     </span>
    </p>
   </div>
   <div class='ocr_carea' id='block_1_102' title="bbox 288 5584 1896 5659">
    <p class='ocr_par' dir='ltr' id='par_1_102' title="bbox 288 5584 1896 5659">
     <span class='ocr_line' id='line_1_102' title="bbox 288 5584 1896 5659; baseline -0.003 -17"><span class='ocrx_word' id='word_1_857' title='bbox 288 5587 437 5643; x_wconf 88' lang='lat' dir='ltr'><strong>hunc</strong></span> <span class='ocrx_word' id='word_1_858' title='bbox 501 5587 758 5643; x_wconf 88' lang='lat' dir='ltr'><strong>mundum</strong></span> <span class='ocrx_word' id='word_1_859' title='bbox 803 5585 1036 5659; x_wconf 85' lang='lat' dir='ltr'><strong>(Genes.</strong></span> <span class='ocrx_word' id='word_1_860' title='bbox 1071 5601 1160 5652; x_wconf 93' lang='grc' dir='ltr'>ιιι,</span> <span class='ocrx_word' id='word_1_861' title='bbox 1214 5585 1282 5642; x_wconf 88' lang='grc'><strong>17</strong></span> <span class='ocrx_word' id='word_1_862' title='bbox 1329 5594 1374 5640; x_wconf 88' lang='lat' dir='ltr'><strong>et</strong></span> <span class='ocrx_word' id='word_1_863' title='bbox 1413 5602 1518 5654; x_wconf 87' lang='lat' dir='ltr'><strong>seq.</strong></span> <span class='ocrx_word' id='word_1_864' title='bbox 1549 5584 1618 5656; x_wconf 89' lang='lat'><strong>):</strong></span> <span class='ocrx_word' id='word_1_865' title='bbox 1664 5599 1785 5638; x_wconf 88' lang='lat' dir='ltr'><strong>nam</strong></span> <span class='ocrx_word' id='word_1_866' title='bbox 1842 5585 1896 5638; x_wconf 93' lang='lat' dir='ltr'><strong>in</strong></span> 
     </span>
    </p>
   </div>
   <div class='ocr_carea' id='block_1_103' title="bbox 288 5675 1895 5750">
    <p class='ocr_par' dir='ltr' id='par_1_103' title="bbox 288 5675 1895 5750">
     <span class='ocr_line' id='line_1_103' title="bbox 288 5675 1895 5750; baseline -0.003 -14"><span class='ocrx_word' id='word_1_867' title='bbox 288 5679 570 5745; x_wconf 82' lang='lat' dir='ltr'><strong>Paradiso,</strong></span> <span class='ocrx_word' id='word_1_868' title='bbox 600 5680 728 5736; x_wconf 90' lang='lat' dir='ltr'><strong>dum</strong></span> <span class='ocrx_word' id='word_1_869' title='bbox 757 5680 873 5736; x_wconf 87' lang='lat' dir='ltr'><strong>sine</strong></span> <span class='ocrx_word' id='word_1_870' title='bbox 910 5689 1130 5750; x_wconf 86' lang='lat' dir='ltr'><strong>peccato</strong></span> <span class='ocrx_word' id='word_1_871' title='bbox 1160 5678 1383 5741; x_wconf 85' lang='lat' dir='ltr'><strong>fuisset,</strong></span> <span class='ocrx_word' id='word_1_872' title='bbox 1418 5677 1694 5734; x_wconf 87' lang='lat' dir='ltr'><strong>habitabat</strong></span> <span class='ocrx_word' id='word_1_873' title='bbox 1739 5675 1895 5748; x_wconf 84' lang='lat' dir='ltr'><strong>(Gen.</strong></span> 
     </span>
    </p>
   </div>
   <div class='ocr_carea' id='block_1_104' title="bbox 289 5770 1898 5849">
    <p class='ocr_par' dir='ltr' id='par_1_104' title="bbox 289 5770 1898 5849">
     <span class='ocr_line' id='line_1_104' title="bbox 289 5770 1898 5849; baseline -0.003 -14"><span class='ocrx_word' id='word_1_874' title='bbox 289 5791 374 5842; x_wconf 89' lang='grc' dir='ltr'>ιιι,</span> <span class='ocrx_word' id='word_1_875' title='bbox 400 5775 498 5846; x_wconf 73' lang='grc'><strong>25)</strong></span> <span class='ocrx_word' id='word_1_876' title='bbox 531 5776 652 5834; x_wconf 84' lang='lat' dir='ltr'><strong>ill.</strong></span> <span class='ocrx_word' id='word_1_877' title='bbox 683 5775 794 5834; x_wconf 89' lang='lat' dir='ltr'><strong>Sed</strong></span> <span class='ocrx_word' id='word_1_878' title='bbox 822 5775 946 5849; x_wconf 91' lang='lat' dir='ltr'><strong>quia</strong></span> <span class='ocrx_word' id='word_1_879' title='bbox 975 5785 1097 5848; x_wconf 88' lang='lat' dir='ltr'><strong>post</strong></span> <span class='ocrx_word' id='word_1_880' title='bbox 1128 5773 1612 5847; x_wconf 85' lang='lat' dir='ltr'><strong>transgressionem</strong></span> <span class='ocrx_word' id='word_1_881' title='bbox 1650 5770 1898 5832; x_wconf 82' lang='lat' dir='ltr'><strong>homines</strong></span> 
     </span>
    </p>
   </div>
   <div class='ocr_carea' id='block_1_105' title="bbox 2004 4646 3608 4718">
    <p class='ocr_par' dir='ltr' id='par_1_105' title="bbox 2004 4646 3608 4718">
     <span class='ocr_line' id='line_1_105' title="bbox 2004 4646 3608 4718; baseline 0.001 -16"><span class='ocrx_word' id='word_1_882' title='bbox 2004 4655 2188 4716; x_wconf 89' lang='lat' dir='ltr'><strong>posset</strong></span> <span class='ocrx_word' id='word_1_883' title='bbox 2211 4647 2477 4718; x_wconf 82' lang='lat' dir='ltr'><strong>aspicere.</strong></span> <span class='ocrx_word' id='word_1_884' title='bbox 2505 4646 2638 4702; x_wconf 79' lang='lat' dir='ltr'><strong>Nam</strong></span> <span class='ocrx_word' id='word_1_885' title='bbox 2667 4648 2757 4717; x_wconf 92' lang='lat' dir='ltr'><strong>qui</strong></span> <span class='ocrx_word' id='word_1_886' title='bbox 2786 4648 2838 4702; x_wconf 92' lang='lat' dir='ltr'><strong>in</strong></span> <span class='ocrx_word' id='word_1_887' title='bbox 2868 4657 3052 4703; x_wconf 88' lang='lat' dir='ltr'><strong>monte</strong></span> <span class='ocrx_word' id='word_1_888' title='bbox 3080 4650 3396 4718; x_wconf 77' lang='lat' dir='ltr'><strong>majesmtis,</strong></span> <span class='ocrx_word' id='word_1_889' title='bbox 3427 4661 3481 4705; x_wconf 92' lang='lat' dir='ltr'><strong>et</strong></span> <span class='ocrx_word' id='word_1_890' title='bbox 3506 4650 3608 4706; x_wconf 82' lang='lat' dir='ltr'><strong>bo-</strong></span> 
     </span>
    </p>
   </div>
   <div class='ocr_carea' id='block_1_106' title="bbox 2003 4740 3602 4813">
    <p class='ocr_par' dir='ltr' id='par_1_106' title="bbox 2003 4740 3602 4813">
     <span class='ocr_line' id='line_1_106' title="bbox 2003 4740 3602 4813; baseline 0.003 -18"><span class='ocrx_word' id='word_1_891' title='bbox 2003 4740 2189 4796; x_wconf 90' lang='lat' dir='ltr'><strong>nitatis</strong></span> <span class='ocrx_word' id='word_1_892' title='bbox 2217 4754 2330 4795; x_wconf 68' lang='lat' dir='ltr'><strong>sua:</strong></span> <span class='ocrx_word' id='word_1_893' title='bbox 2354 4742 2590 4810; x_wconf 88' lang='lat' dir='ltr'><strong>speciem</strong></span> <span class='ocrx_word' id='word_1_894' title='bbox 2621 4740 2863 4795; x_wconf 89' lang='lat' dir='ltr'><strong>tribuens</strong></span> <span class='ocrx_word' id='word_1_895' title='bbox 2889 4740 3136 4796; x_wconf 79' lang='lat' dir='ltr'><strong>exhibuit</strong></span> <span class='ocrx_word' id='word_1_896' title='bbox 3157 4742 3454 4813; x_wconf 81' lang='lat' dir='ltr'><strong>Apostolis,</strong></span> <span class='ocrx_word' id='word_1_897' title='bbox 3480 4760 3602 4800; x_wconf 90' lang='lat' dir='ltr'><strong>cum</strong></span> 
     </span>
    </p>
   </div>
   <div class='ocr_carea' id='block_1_107' title="bbox 2001 4833 3601 4906">
    <p class='ocr_par' dir='ltr' id='par_1_107' title="bbox 2001 4833 3601 4906">
     <span class='ocr_line' id='line_1_107' title="bbox 2001 4833 3601 4906; baseline 0.005 -20"><span class='ocrx_word' id='word_1_898' title='bbox 2001 4834 2165 4889; x_wconf 82' lang='lat' dir='ltr'><strong>facies</strong></span> <span class='ocrx_word' id='word_1_899' title='bbox 2185 4833 2302 4901; x_wconf 89' lang='lat' dir='ltr'><strong>ejus</strong></span> <span class='ocrx_word' id='word_1_900' title='bbox 2331 4833 2735 4904; x_wconf 86' lang='lat' dir='ltr'><strong>splendilicaret</strong></span> <span class='ocrx_word' id='word_1_901' title='bbox 2758 4833 2974 4906; x_wconf 85' lang='lat' dir='ltr'><strong>(Matth.</strong></span> <span class='ocrx_word' id='word_1_902' title='bbox 3005 4849 3135 4900; x_wconf 85' lang='lat' dir='ltr'><strong>xvn,</strong></span> <span class='ocrx_word' id='word_1_903' title='bbox 3164 4835 3216 4900; x_wconf 79' lang='lat' dir='ltr'><strong>l;</strong></span> <span class='ocrx_word' id='word_1_904' title='bbox 3248 4833 3380 4892; x_wconf 88' lang='lat' dir='ltr'><strong>Luc.</strong></span> <span class='ocrx_word' id='word_1_905' title='bbox 3401 4853 3477 4905; x_wconf 83' lang='lat' dir='ltr'><strong>rx,</strong></span> <span class='ocrx_word' id='word_1_906' title='bbox 3507 4837 3601 4906; x_wconf 70' lang='lat'><strong>29;</strong></span> 
     </span>
    </p>
   </div>
   <div class='ocr_carea' id='block_1_108' title="bbox 2000 4925 3602 5003">
    <p class='ocr_par' dir='ltr' id='par_1_108' title="bbox 2000 4925 3602 5003">
     <span class='ocr_line' id='line_1_108' title="bbox 2000 4925 3602 5003; baseline 0.004 -22"><span class='ocrx_word' id='word_1_907' title='bbox 2000 4927 2044 4982; x_wconf 91' lang='lat' dir='ltr'><strong>ll</strong></span> <span class='ocrx_word' id='word_1_908' title='bbox 2077 4925 2220 4981; x_wconf 86' lang='lat' dir='ltr'><strong>Petri</strong></span> <span class='ocrx_word' id='word_1_909' title='bbox 2249 4942 2286 4989; x_wconf 86' lang='grc' dir='ltr'><strong>ι,</strong></span> <span class='ocrx_word' id='word_1_910' title='bbox 2320 4928 2436 4998; x_wconf 89' lang='grc'><strong>17),</strong></span> <span class='ocrx_word' id='word_1_911' title='bbox 2481 4935 2541 4982; x_wconf 85' lang='grc' dir='ltr'><strong>ιιι</strong></span> <span class='ocrx_word' id='word_1_912' title='bbox 2575 4929 2747 4982; x_wconf 86' lang='lat' dir='ltr'><strong>virtus</strong></span> <span class='ocrx_word' id='word_1_913' title='bbox 2775 4927 2908 4983; x_wconf 86' lang='lat' dir='ltr'><strong>solis</strong></span> <span class='ocrx_word' id='word_1_914' title='bbox 2937 4929 3268 4999; x_wconf 85' lang='lat' dir='ltr'><strong>processisse</strong></span> <span class='ocrx_word' id='word_1_915' title='bbox 3304 4931 3602 5003; x_wconf 83' lang='lat' dir='ltr'><strong>videretur,</strong></span> 
     </span>
    </p>
   </div>
   <div class='ocr_carea' id='block_1_109' title="bbox 1999 5018 3604 5092">
    <p class='ocr_par' dir='ltr' id='par_1_109' title="bbox 1999 5018 3604 5092">
     <span class='ocr_line' id='line_1_109' title="bbox 1999 5018 3604 5092; baseline 0.004 -17"><span class='ocrx_word' id='word_1_916' title='bbox 1999 5029 2205 5078; x_wconf 90' lang='lat' dir='ltr'><strong>vestem</strong></span> <span class='ocrx_word' id='word_1_917' title='bbox 2237 5031 2415 5076; x_wconf 89' lang='lat' dir='ltr'><strong>autem</strong></span> <span class='ocrx_word' id='word_1_918' title='bbox 2440 5018 2509 5075; x_wconf 91' lang='lat' dir='ltr'><strong>ita</strong></span> <span class='ocrx_word' id='word_1_919' title='bbox 2538 5029 2805 5092; x_wconf 86' lang='lat' dir='ltr'><strong>gestaret,</strong></span> <span class='ocrx_word' id='word_1_920' title='bbox 2835 5029 2897 5077; x_wconf 88' lang='lat' dir='ltr'><strong>ut</strong></span> <span class='ocrx_word' id='word_1_921' title='bbox 2923 5021 3046 5077; x_wconf 86' lang='lat' dir='ltr'><strong>nive</strong></span> <span class='ocrx_word' id='word_1_922' title='bbox 3075 5023 3358 5079; x_wconf 87' lang='lat' dir='ltr'><strong>candidior</strong></span> <span class='ocrx_word' id='word_1_923' title='bbox 3387 5024 3604 5082; x_wconf 89' lang='lat' dir='ltr'><strong>videre-</strong></span> 
     </span>
    </p>
   </div>
   <div class='ocr_carea' id='block_1_110' title="bbox 2003 5119 3608 5196">
    <p class='ocr_par' dir='ltr' id='par_1_110' title="bbox 2003 5119 3608 5196">
     <span class='ocr_line' id='line_1_110' title="bbox 2003 5119 3608 5196; baseline 0.005 -20"><span class='ocrx_word' id='word_1_924' title='bbox 2003 5131 2120 5187; x_wconf 87' lang='lat' dir='ltr'><strong>tur;</strong></span> <span class='ocrx_word' id='word_1_925' title='bbox 2147 5131 2204 5177; x_wconf 93' lang='lat' dir='ltr'><strong>et</strong></span> <span class='ocrx_word' id='word_1_926' title='bbox 2231 5130 2408 5176; x_wconf 90' lang='lat' dir='ltr'><strong>tamen</strong></span> <span class='ocrx_word' id='word_1_927' title='bbox 2431 5119 2544 5192; x_wconf 90' lang='lat' dir='ltr'><strong>jam</strong></span> <span class='ocrx_word' id='word_1_928' title='bbox 2572 5120 2791 5187; x_wconf 90' lang='lat' dir='ltr'><strong>eruditi,</strong></span> <span class='ocrx_word' id='word_1_929' title='bbox 2819 5123 2930 5192; x_wconf 88' lang='lat' dir='ltr'><strong>jam</strong></span> <span class='ocrx_word' id='word_1_930' title='bbox 2961 5123 3128 5192; x_wconf 86' lang='lat' dir='ltr'><strong>docti,</strong></span> <span class='ocrx_word' id='word_1_931' title='bbox 3155 5126 3268 5196; x_wconf 92' lang='lat' dir='ltr'><strong>jam</strong></span> <span class='ocrx_word' id='word_1_932' title='bbox 3298 5127 3474 5184; x_wconf 84' lang='lat' dir='ltr'><strong>sancti</strong></span> <span class='ocrx_word' id='word_1_933' title='bbox 3495 5129 3608 5184; x_wconf 89' lang='lat' dir='ltr'><strong>cla-</strong></span> 
     </span>
    </p>
   </div>
   <div class='ocr_carea' id='block_1_111' title="bbox 2001 5214 3606 5292">
    <p class='ocr_par' dir='ltr' id='par_1_111' title="bbox 2001 5214 3606 5292">
     <span class='ocr_line' id='line_1_111' title="bbox 2001 5214 3606 5292; baseline 0.006 -24"><span class='ocrx_word' id='word_1_934' title='bbox 2001 5215 2216 5270; x_wconf 88' lang='lat' dir='ltr'><strong>ritatem</strong></span> <span class='ocrx_word' id='word_1_935' title='bbox 2245 5230 2350 5270; x_wconf 93' lang='lat' dir='ltr'><strong>non</strong></span> <span class='ocrx_word' id='word_1_936' title='bbox 2395 5221 2686 5285; x_wconf 88' lang='lat' dir='ltr'><strong>potuerunt</strong></span> <span class='ocrx_word' id='word_1_937' title='bbox 2713 5214 2840 5271; x_wconf 79' lang='lat' dir='ltr'><strong>lesu</strong></span> <span class='ocrx_word' id='word_1_938' title='bbox 2871 5218 3142 5274; x_wconf 87' lang='lat' dir='ltr'><strong>sustinere</strong></span> <span class='ocrx_word' id='word_1_939' title='bbox 3169 5219 3419 5291; x_wconf 91' lang='lat' dir='ltr'><strong>discipuli</strong></span> <span class='ocrx_word' id='word_1_940' title='bbox 3439 5262 3454 5288; x_wconf 90' lang='lat'><strong>,</strong></span> <span class='ocrx_word' id='word_1_941' title='bbox 3488 5221 3606 5292; x_wconf 90' lang='lat' dir='ltr'><strong>ejus</strong></span> 
     </span>
    </p>
   </div>
   <div class='ocr_carea' id='block_1_112' title="bbox 2003 5307 3605 5385">
    <p class='ocr_par' dir='ltr' id='par_1_112' title="bbox 2003 5307 3605 5385">
     <span class='ocr_line' id='line_1_112' title="bbox 2003 5307 3605 5385; baseline 0.006 -23"><span class='ocrx_word' id='word_1_942' title='bbox 2003 5307 2212 5363; x_wconf 88' lang='lat' dir='ltr'><strong>scilicet</strong></span> <span class='ocrx_word' id='word_1_943' title='bbox 2258 5308 2349 5378; x_wconf 91' lang='lat' dir='ltr'><strong>qui</strong></span> <span class='ocrx_word' id='word_1_944' title='bbox 2377 5307 2752 5364; x_wconf 88' lang='lat' dir='ltr'><strong>universorum</strong></span> <span class='ocrx_word' id='word_1_945' title='bbox 2798 5309 3074 5366; x_wconf 88' lang='lat' dir='ltr'><strong>hominum</strong></span> <span class='ocrx_word' id='word_1_946' title='bbox 3109 5313 3236 5368; x_wconf 90' lang='lat' dir='ltr'><strong>vitia</strong></span> <span class='ocrx_word' id='word_1_947' title='bbox 3280 5331 3342 5370; x_wconf 88' lang='lat' dir='ltr'><strong>ac</strong></span> <span class='ocrx_word' id='word_1_948' title='bbox 3385 5325 3605 5385; x_wconf 86' lang='lat' dir='ltr'><strong>peccata</strong></span> 
     </span>
    </p>
   </div>
   <div class='ocr_carea' id='block_1_113' title="bbox 2003 5400 3606 5478">
    <p class='ocr_par' dir='ltr' id='par_1_113' title="bbox 2003 5400 3606 5478">
     <span class='ocr_line' id='line_1_113' title="bbox 2003 5400 3606 5478; baseline 0.006 -24"><span class='ocrx_word' id='word_1_949' title='bbox 2003 5400 2178 5456; x_wconf 89' lang='lat' dir='ltr'><strong>adhuc</strong></span> <span class='ocrx_word' id='word_1_950' title='bbox 2202 5401 2438 5456; x_wconf 90' lang='lat' dir='ltr'><strong>curanda</strong></span> <span class='ocrx_word' id='word_1_951' title='bbox 2462 5413 2773 5472; x_wconf 91' lang='lat' dir='ltr'><strong>susceperat</strong></span> <span class='ocrx_word' id='word_1_952' title='bbox 2799 5403 2981 5465; x_wconf 81' lang='lat' dir='ltr'><strong>(Joan.</strong></span> <span class='ocrx_word' id='word_1_953' title='bbox 3008 5421 3048 5471; x_wconf 93' lang='grc' dir='ltr'><strong>ι,</strong></span> <span class='ocrx_word' id='word_1_954' title='bbox 3071 5405 3186 5478; x_wconf 85' lang='grc'><strong>29).</strong></span> <span class='ocrx_word' id='word_1_955' title='bbox 3215 5406 3352 5475; x_wconf 87' lang='lat' dir='ltr'><strong>Quid</strong></span> <span class='ocrx_word' id='word_1_956' title='bbox 3394 5409 3437 5461; x_wconf 89' lang='lat' dir='ltr'><strong>si</strong></span> <span class='ocrx_word' id='word_1_957' title='bbox 3462 5408 3606 5464; x_wconf 88' lang='lat' dir='ltr'><strong>Deus</strong></span> 
     </span>
    </p>
   </div>
   <div class='ocr_carea' id='block_1_114' title="bbox 2006 5493 3608 5565">
    <p class='ocr_par' dir='ltr' id='par_1_114' title="bbox 2006 5493 3608 5565">
     <span class='ocr_line' id='line_1_114' title="bbox 2006 5493 3608 5565; baseline 0.004 -18"><span class='ocrx_word' id='word_1_958' title='bbox 2006 5501 2186 5549; x_wconf 90' lang='lat' dir='ltr'><strong>tantus</strong></span> <span class='ocrx_word' id='word_1_959' title='bbox 2215 5493 2474 5561; x_wconf 88' lang='lat' dir='ltr'><strong>venisset,</strong></span> <span class='ocrx_word' id='word_1_960' title='bbox 2507 5505 2566 5548; x_wconf 93' lang='lat' dir='ltr'><strong>ut</strong></span> <span class='ocrx_word' id='word_1_961' title='bbox 2591 5494 2914 5561; x_wconf 88' lang='lat' dir='ltr'><strong>claritatem,</strong></span> <span class='ocrx_word' id='word_1_962' title='bbox 2944 5506 2998 5550; x_wconf 93' lang='lat' dir='ltr'><strong>ct</strong></span> <span class='ocrx_word' id='word_1_963' title='bbox 3027 5505 3342 5565; x_wconf 88' lang='lat' dir='ltr'><strong>potestatem</strong></span> <span class='ocrx_word' id='word_1_964' title='bbox 3377 5500 3608 5556; x_wconf 86' lang='lat' dir='ltr'><strong>homini-</strong></span> 
     </span>
    </p>
   </div>
   <div class='ocr_carea' id='block_1_115' title="bbox 2006 5584 3608 5649">
    <p class='ocr_par' dir='ltr' id='par_1_115' title="bbox 2006 5584 3608 5649">
     <span class='ocr_line' id='line_1_115' title="bbox 2006 5584 3608 5649; baseline 0.006 -9"><span class='ocrx_word' id='word_1_965' title='bbox 2006 5584 2108 5640; x_wconf 89' lang='lat' dir='ltr'><strong>bus</strong></span> <span class='ocrx_word' id='word_1_966' title='bbox 2136 5585 2487 5642; x_wconf 80' lang='lat' dir='ltr'><strong>ostenderet?</strong></span> <span class='ocrx_word' id='word_1_967' title='bbox 2518 5584 2768 5641; x_wconf 88' lang='lat' dir='ltr'><strong>Forsitan</strong></span> <span class='ocrx_word' id='word_1_968' title='bbox 2800 5587 2976 5642; x_wconf 88' lang='lat' dir='ltr'><strong>omnis</strong></span> <span class='ocrx_word' id='word_1_969' title='bbox 3005 5595 3252 5644; x_wconf 87' lang='lat' dir='ltr'><strong>creatura</strong></span> <span class='ocrx_word' id='word_1_970' title='bbox 3282 5591 3514 5646; x_wconf 90' lang='lat' dir='ltr'><strong>invalida</strong></span> <span class='ocrx_word' id='word_1_971' title='bbox 3553 5603 3608 5649; x_wconf 90' lang='lat' dir='ltr'><strong>et</strong></span> 
     </span>
    </p>
   </div>
   <div class='ocr_carea' id='block_1_116' title="bbox 2006 5678 3608 5742">
    <p class='ocr_par' dir='ltr' id='par_1_116' title="bbox 2006 5678 3608 5742">
     <span class='ocr_line' id='line_1_116' title="bbox 2006 5678 3608 5742; baseline 0.005 -8"><span class='ocrx_word' id='word_1_972' title='bbox 2006 5692 2198 5734; x_wconf 88' lang='lat' dir='ltr'><strong>casura</strong></span> <span class='ocrx_word' id='word_1_973' title='bbox 2242 5678 2644 5735; x_wconf 87' lang='lat' dir='ltr'><strong>succumberet.</strong></span> <span class='ocrx_word' id='word_1_974' title='bbox 2681 5678 2788 5735; x_wconf 92' lang='lat' dir='ltr'><strong>Sed</strong></span> <span class='ocrx_word' id='word_1_975' title='bbox 2815 5680 3029 5736; x_wconf 86' lang='lat' dir='ltr'><strong>salvare</strong></span> <span class='ocrx_word' id='word_1_976' title='bbox 3057 5693 3278 5739; x_wconf 87' lang='lat' dir='ltr'><strong>venerat</strong></span> <span class='ocrx_word' id='word_1_977' title='bbox 3321 5685 3463 5742; x_wconf 87' lang='lat' dir='ltr'><strong>lilius</strong></span> <span class='ocrx_word' id='word_1_978' title='bbox 3511 5685 3608 5742; x_wconf 89' lang='lat' dir='ltr'><strong>Dei</strong></span> 
     </span>
    </p>
   </div>
   <div class='ocr_carea' id='block_1_117' title="bbox 2011 5770 3602 5852">
    <p class='ocr_par' dir='ltr' id='par_1_117' title="bbox 2011 5770 3602 5852">
     <span class='ocr_line' id='line_1_117' title="bbox 2011 5770 3602 5852; baseline 0.004 -24"><span class='ocrx_word' id='word_1_979' title='bbox 2011 5771 2133 5830; x_wconf 70' lang='grc'><strong>124.</strong></span> <span class='ocrx_word' id='word_1_980' title='bbox 2157 5770 2236 5828; x_wconf 85' lang='lat' dir='ltr'><strong>lta</strong></span> <span class='ocrx_word' id='word_1_981' title='bbox 2258 5771 2420 5830; x_wconf 89' lang='lat' dir='ltr'><strong>homo</strong></span> <span class='ocrx_word' id='word_1_982' title='bbox 2441 5779 2594 5842; x_wconf 87' lang='lat' dir='ltr'><strong>parto</strong></span> <span class='ocrx_word' id='word_1_983' title='bbox 2615 5786 2864 5844; x_wconf 89' lang='lat' dir='ltr'><strong>corpore,</strong></span> <span class='ocrx_word' id='word_1_984' title='bbox 2887 5773 3028 5832; x_wconf 85' lang='lat' dir='ltr'><strong>Deus</strong></span> <span class='ocrx_word' id='word_1_985' title='bbox 3048 5774 3104 5832; x_wconf 89' lang='lat' dir='ltr'><strong>in</strong></span> <span class='ocrx_word' id='word_1_986' title='bbox 3129 5785 3395 5848; x_wconf 87' lang='lat' dir='ltr'><strong>potestate</strong></span> <span class='ocrx_word' id='word_1_987' title='bbox 3421 5777 3602 5852; x_wconf 85' lang='lat' dir='ltr'><strong>(Joan.</strong></span> 
     </span>
    </p>
   </div>
  </div>
