4100 6196
559 206 668 275 isti

1796 206 2042 267 SANC'I‘I
2078 198 2337 267 HILARII
2376 207 2685 269 EPISCOPI
3731 214 3817 278 711)

562 351 612 397 ι,
646 338 696 398 ι,
729 332 853 405 εις.)
883 332 1116 392 docebat
1143 340 1201 387 ut
1229 330 1486 402 magister
1529 328 1712 401 (Joan.
1747 342 1861 395 xm,
1898 326 2009 399 15),
2041 342 2161 396 per-
2190 325 2242 387 Δ
2266 330 2445 394 Deus,
2498 328 2798 400 meliusque
2847 326 3073 400 elegerit
3120 335 3176 383 ut
3225 328 3439 398 sapiens
3479 336 3533 386 et
3558 335 3815 401 prasciiis,

560 425 826 482 suadebat
867 434 926 481 ut
955 425 1124 480 frater
1165 423 1384 493 (Matth.
1409 436 1615 488 xxvm,
1652 419 1766 492 10),
1798 419 2068 476 efﬁciebat
2109 426 2170 473 ut

564 518 708 575 Deus
737 517 919 590 (Joan.
952 532 1067 583 xm,
1102 516 1215 587 15),
1250 516 1483 585 eligebat
1510 523 1567 569 ut
1596 515 1855 585 prtescius
1883 511 2064 585 (Joan.
2088 527 2165 581 vr,

561 610 650 675 7i;
681 626 797 676 xm,
832 611 929 676 l8;
960 624 1052 675 xv,
1080 608 1196 681 16),
1227 608 1451 664 curabat
1471 619 1525 662 ut
1551 604 2028 679 medicus(Mattlt.
2049 619 2164 670 vin,

562 701 659 766 l6;
700 718 777 768 ιιι,
806 702 909 767 55;
938 716 1024 766 ιι,
1050 700 1107 766 8,
1137 698 1289 773 ete.),
1328 708 1387 756 ut
1425 699 1696 756 humanus
1739 697 2170 767 cornpatiebatur

561 795 793 869 (Hebr-at.
824 812 897 865 tv,
928 795 1020 866 15)
1046 797 1171 854 125.
1196 795 1392 868 Etiam
1416 797 1654 867 peractis
1670 796 1927 852 omnibus
1946 804 2002 852 et
2020 810 2170 852 com-

560 890 738 959 pletis,
780 905 900 961 quas
928 898 1020 946 aut
1050 890 1172 955 lex,
1198 900 1296 947 aut
1323 888 1612 960 Prophetze
1641 889 2039 960 przedixerant,
2072 894 2171 942 aut

559 984 707 1041 salus
737 983 976 1040 hominis
1004 984 1258 1055 exigebat
1296 983 1483 1055 (Joan.
1517 998 1626 1048 xix,
1658 982 1751 1051 28,
1783 980 1855 1038 £9
1879 993 1927 1037 et
1954 978 2083 1052 30);
2113 981 2170 1036 in

559 1075 856 1132 novissimo
880 1091 977 1147 per
1003 1086 1236 1131 mortem
1280 1074 1518 1130 hominis
1548 1074 1870 1130 immortalis
1899 1071 2172 1129 morieba-

559 1169 851 1243 tur(!bid.,
877 1186 928 1225 υ.
956 1168 1066 1241 30),
1105 1169 1231 1237 126,
1262 1177 1321 1224 ιιι
1346 1170 1555 1225 sublata
1584 1164 2173 1232 tnortalitate,ltomini-

519 1333 523 1335 Α
563 1264 664 1319 bus
696 1263 1156 1320 immortalitatem
1193 1262 1441 1320 donaret.
1474 1262 1787 1333 Suspensus
1816 1259 1981 1332 igitur
2024 1260 2172 1329 ligno

561 1355 796 1426 (Manli.
845 1372 1027 1421 xxvii,
1073 1356 1475 1435 35),Hpopulo
1526 1354 1754 1411 Iudaico
1800 1353 2172 1423 proclamante

561 1447 778 1521 (Matth.
809 1458 958 1505 xxv"
981 1490 995 1514 ,
1021 1448 1140 1519 ΞΖ),
1182 1447 1325 1519 apud
1354 1461 1490 1517 quos
1516 1456 1663 1502 tanta
1692 1444 1961 1516 magnalia
1990 1442 2170 1514 perie-

561 1552 733 1609 cerat,
768 1552 825 1597 ut
855 1543 908 1597 in
935 1556 1003 1597 eo
1030 1541 1207 1596 omnis
1240 1540 1439 1595 invidia
1466 1539 1679 1595 Diaboli
1708 1541 2016 1594 vinceretur
2038 1536 2172 1607 (Re-

559 1637 736 1705 gnavit
756 1652 791 1689 α
818 1634 956 1708 ligno
987 1633 1150 1705 Dens)
1182 1675 1195 1696 ,
1226 1635 1279 1689 in
1307 1648 1415 1705 quo
1456 1633 1673 1689 invidus
1712 1632 1985 1688 hominem
2017 1629 2176 1687 fefel-

2272 422 2467 478 factum
2492 422 2765 477 hominem
2793 430 3054 477 aeternum
3076 435 3218 485 esse,
3241 432 3401 492 quam
3425 434 3526 477 non
3542 437 3674 479 esse.
3690 425 3822 492 Quod

2270 515 2314 571 si
2343 515 2540 572 melius
2564 524 2723 585 putes
2748 529 2852 570 non
2877 528 3021 582 esse,
3051 514 3102 567 in
3124 513 3443 584 compendio
3464 513 3724 583 habuerat,
3742 530 3824 573 an»

2270 616 2484 681 tequam
2515 607 2735 665 fecisset
2766 606 2889 663 l57.
2919 606 3074 674 Quod
3098 615 3275 661 autem
3302 615 3534 661 internus
3559 607 3625 662 sit
3648 606 3789 665 homo
3811 650 3824 677 ,

2271 701 2361 773 qui
2390 700 2448 756 iit
2472 714 2539 756 ex
2568 713 2801 771 corpore
2829 708 2885 755 et
2909 701 3109 762 anima,
3141 698 3433 768 Scriptum
3462 698 3691 769 plurimis
3716 700 3826 757 locis

2270 795 2470 850 docent
2497 808 2598 850 nos
2629 811 2644 849 :
2675 793 2770 849 sed
2806 807 2978 864 pauca
3015 791 3083 847 ad
3121 791 3424 862 exemplum
3456 807 3658 863 ponam.
3696 794 3827 850 Suio-

2272 903 2398 944 mon
2424 887 2626 944 clamat
2650 886 2839 943 dicens
2868 887 3023 958 (Sap.
3053 901 3113 951 ιι,
3143 887 3201 956 2)
3230 905 3244 942 :
3279 885 3414 942 Dens
3439 882 3655 943 condidit
3684 888 3827 945 haud.

2273 997 2387 1036 nent
2424 981 2494 1036 ad
2527 976 2963 1035 immortalitatem
3000 979 3123 1035 158.
3155 978 3267 1035 Nec
3294 980 3561 1036 immerito
3584 981 3635 1035 in
3662 980 3828 1038 Genesi

2273 1075 2594 1146 prohibetur
2620 1082 2740 1145 post
2768 1081 3048 1145 peccatum
3081 1072 3244 1127 immo
3268 1071 3334 1127 ad
3363 1072 3603 1128 arborem
3628 1073 3738 1128 vita:
3759 1088 3829 1129 ae-

2272 1167 2488 1228 cedere.
2516 1181 2584 1222 ne
2601 1166 2809 1222 viveret
2830 1166 2883 1220 in
2916 1175 3177 1221 aeternum
3204 1163 3361 1236 (Gen.
3395 1165 3580 1234 nui!)
3604 1167 3833 1237 utiqueut

2273 1258 2599 1315 immortalis
2628 1266 3007 1329 perseveraret
3046 1258 3170 1313 159.
3218 1256 3387 1325 Quis?
3437 1257 3533 1313 nisi
3574 1258 3724 1314 homo
3757 1261 3832 1330 qui

2274 1355 2600 1412 immortalis
2628 1370 2658 1410 ιι
2704 1355 2815 1411 Deo
2859 1355 3032 1412 factus
3060 1356 3268 1421 fuerat,
3313 1363 3369 1412 et
3414 1354 3831 1413 immortalitatem

2274 1461 2474 1517 corpus
2523 1463 2630 1503 non
2678 1445 3092 1517 capiebat'iio.
3141 1446 3247 1504 Sed
3295 1446 3463 1503 credo
3509 1447 3606 1503 hoc
3646 1460 3834 1506 morere

2276 1540 2533 1595 lectorem
2558 1583 2571 1605 ,
2605 1539 2748 1609 quod
2798 1539 2963 1595 homo
2993 1555 3022 1594 a
3066 1541 3192 1595 vitae
3236 1539 3385 1611 ligno
3417 1526 3774 1609 prohibebatur
3810 1555 3834 1595 a

2280 1634 2409 1700 Deo,
2440 1634 2695 1704 ignorans
2723 1644 2777 1688 et
2808 1633 2860 1688 in
2890 1632 2993 1689 hoc
3020 1631 3230 1689 homini
3256 1644 3383 1688 esse
3423 1632 3681 1704 provisum
3707 1651 3718 1688 :
3741 1633 3833 1705 jam

560 1730 699 1787 lerat
720 1766 737 1795 ,
779 1730 847 1785 ad
886 1738 1116 1785 mortem
1164 1730 1445 1784 voluntate
1491 1727 1818 1798 properabat
1862 1725 2046 1799 (Joan.
2072 1740 2168 1791 ιιι,
2200 1716 2254 1780 Β
2277 1726 2421 1780 enim
2448 1734 2565 1780 erat
2588 1726 2641 1781 in
2666 1726 3120 1796 transgressione.
3143 1724 3284 1781 Ante
3305 1739 3436 1797 ergo
3458 1724 3595 1782 hanc
3615 1733 3833 1792 mortem,

565 1825 656 1887 11,
686 1832 783 1877 etc.
806 1838 821 1889 ;
850 1836 965 1889 vnt,
986 1821 1081 1886 28,
1108 1832 1208 1877 etc.
1232 1842 1247 1888 ,
1267 1837 1363 1888 xn,
1392 1822 1483 1887 51,
1510 1820 1602 1886 32,
1625 1820 1717 1884 55,
1740 1820 1831 1884 54,
1854 1818 2003 1890 αα),
2028 1819 2173 1872 iutu-

562 1929 657 1970 rus
684 1916 893 1971 scilicet
920 1914 1113 1970 mortis
1132 1928 1315 1979 mors;
1347 1926 1581 1980 namque
1600 1912 1857 1967 reseratis
1880 1908 2091 1970 inferis,
2119 1917 2175 1962 et

561 2007 760 2078 Spretis
776 2005 1217 2077 eoneulcatisque
1238 2004 1491 2061 omnibus
1512 2003 1620 2070 his,
1646 2018 1764 2073 qua?
1790 2002 1845 2056 in
1876 2001 2170 2072 perniciem

562 2099 798 2156 hominis
817 2109 874 2155 et
893 2100 1124 2155 salutem
1145 2098 1285 2170 apud
1305 2096 1513 2153 inferos
1535 2106 1663 2151 tunc
1684 2096 1957 2160 valebant,
1982 2108 2174 2149 omnes

558 2190 745 2247 Justos
772 2202 830 2249 et
854 2201 1139 2263 sperantes
1166 2192 1221 2246 in
1250 2205 1311 2245 se
1342 2189 1698 2255 illuminavit,
1733 2198 1789 2243 et
1830 2188 1899 2242 ad
1944 2201 2172 2255 superos

546 2284 1205 2363 .revocavitiostendens
1249 2282 1474 2338 Diabolo
1511 2289 1567 2337 et
1612 2279 1971 2351 potestatibus
2015 2278 2174 2347 hujus

559 2375 746 2432 mundi
775 2385 832 2431 et
871 2375 1059 2431 harum
1088 2374 1477 2441 tenebrarum,
1512 2374 1807 2442 nequitiam
1833 2387 2023 2429 eorum
2065 2384 2175 2426 non

561 2469 794 2525 valuisse
829 2486 841 2520 :
876 2468 1023 2538 ipsos
1049 2481 1271 2523 manere
1303 2466 1356 2521 in
1390 2466 1596 2536 poenis,
1633 2465 1895 2532 liberato,
1924 2465 2010 2520 cui
2041 2464 2176 2519 invi-

562 2563 801 2628 debant,
849 2560 1074 2618 homine
1098 2560 1299 2634 (eam
1336 2556 1487 2615 habet
1530 2560 1769 2630 homini)
1804 2547 2173 2615 1ῒ1.Τι·ἱιιηιο

562 2655 738 2727 phans
770 2655 932 2725 igitur
963 2653 1128 2710 homo
1150 2668 1273 2709 cum
1302 2654 1437 2719 Deo,
1460 2653 1570 2723 jam
1598 2652 1809 2707 devicta
1838 2663 2037 2718 morte,
2067 2666 2174 2707 non

562 2746 809 2801 mortalis
848 2746 961 2817 jam
1008 2746 1076 2801 ad
1123 2760 1350 2816 superos
1395 2744 1661 2801 evadebat
1700 2743 1826 2800 428.
1878 2744 1970 2801 Sic
2013 2745 2177 2816 igitur

559 2842 813 2900 Christus
837 2841 997 2899 Jesus
1024 2841 1289 2897 Dominus
1318 2849 1503 2897 noster
1532 2840 1861 2911 patiebatur,
1895 2848 1955 2895 ut
1986 2854 2179 2909 surge-

561 2950 679 3005 ret;
722 2937 1014 3009 surgebat,
1060 2937 1184 3008 quia
1211 2935 1323 3008 iam
1349 2936 1529 2991 fuerat
1567 2949 1781 3006 passus.
1817 2934 1930 2989 lloe
1967 2933 2177 2989 scilicet

560 3030 765 3086 docens
784 3072 798 3092 .
824 3028 950 3101 quia
976 3040 1101 3085 cum
1132 3027 1245 3083 Deo
1272 3026 1519 3097 quisquis
1545 3041 1606 3081 se
1630 3024 1975 3095 coniunxerit
1995 3066 2010 3093 ,
2037 3022 2175 3078 mori

2278 1830 2398 1888 qua:
2424 1831 2456 1872 a
2487 1817 2598 1873 Deo
2640 1831 2740 1885 pro
2766 1816 3007 1874 remedio
3049 1816 3364 1873 hominibus
3392 1818 3635 1873 attributa
3661 1826 3759 1886 est,
3793 1826 3838 1874 et

2276 1926 2379 1981 qua
2411 1925 2510 1980 per
2539 1911 2939 1980 separationem
2979 1912 3226 1982 corporis
3252 1919 3313 1968 et
3349 1912 3541 1968 animae
3576 1910 3631 1967 lit
3656 1911 3761 1968 linis
3792 1919 3839 1968 et

2277 2003 2484 2058 evulsio
2510 2002 2740 2073 peccati,
2768 2001 2819 2058 si
2842 2001 2914 2058 ad
2944 2003 3194 2058 arborem
3226 2004 3354 2059 vitae
3376 2004 3712 2069 accessisset;
3732 2003 3837 2073 quia

2277 2110 2503 2151 necesse
2545 2096 2721 2151 fuerat
2758 2094 3251 2152 communicatione
3278 2097 3407 2152 vitae
3434 2096 3549 2152 ﬁeri
3576 2106 3838 2164 teter-Imm,

2279 2191 2330 2243 in
2361 2189 2654 2244 immortali
2685 2187 2907 2245 homine
2932 2201 3157 2245 necesse
3176 2198 3293 2244 erat
3323 2197 3635 2260 perpetuum
3661 2196 3840 2258 perma-

2278 2296 2413 2337 nere
2457 2291 2735 2353 peccatum
2767 2280 2893 2337 111.
2928 2281 3069 2353 Ergo
3112 2292 3172 2336 et
3202 2281 3306 2337 hoc
3348 2280 3589 2338 consuite
3623 2277 3643 2352 (
3656 2278 3840 2350 fortasse

2278 2375 2570 2445 consulto),
2598 2384 2655 2428 et
2678 2373 2880 2429 utiliter
2902 2373 3114 2429 homini
3146 2372 3424 2445 provisum
3451 2381 3533 2431 est
3552 2414 3565 2439 ,
3590 2382 3649 2428 ιιι
3677 2385 3838 2440 ampu-

2278 2476 2392 2523 tato
2419 2469 2723 2524 interventu
2754 2468 3099 2539 temporariae
3123 2466 3502 2525 dissolutionis
3521 2480 3638 2523 vera
3667 2467 3838 2522 iactura

2279 2561 2395 2621 Dei,
2421 2560 2644 2616 excluso
2662 2561 2808 2616 male
2839 2561 3107 2617 excitetur
3133 2562 3188 2617 in
3215 2562 3386 2617 vitam
3415 2560 3539 2618 112.
3568 2560 3696 2633 Ergo
3720 2574 3841 2616 sem-

2278 2667 2376 2724 per
2398 2653 2561 2709 homo
2578 2653 2821 2711 11118611
2849 2668 2949 2710 cur
2982 2656 3246 2711 morimur
3260 2656 3317 2711 in
3338 2654 3678 2713 iioemundo?
3699 2654 3843 2725 Supr-

2279 2747 2393 2801 rius
2418 2747 2815 2817 comprehensa
2846 2757 2935 2804 est
2960 2748 3100 2804 ratio
3127 2767 3140 2803 :
3170 2763 3278 2806 non
3298 2740 3302 2745 ’
3320 2751 3546 2807 interire
3570 2749 3837 2812 hominem.

2279 2836 2373 2892 sed
2399 2839 2638 2907 separari
2666 2836 2771 2894 111
2795 2856 2808 2892 :
2837 2838 2948 2896 Nec
2977 2852 3258 2896 assumere
3288 2842 3548 2898 materias
3577 2842 3837 2906 hominem,

2279 2945 2344 2987 ex
2379 2933 2575 3003 quibus
2594 2946 2792 3005 corpus
2818 2944 2903 2990 est
2928 2935 3247 2991 fabricatum
3275 2955 3288 2991 :
3325 2934 3420 2993 sed
3441 2935 3509 2991 ad
3536 2934 3840 2992 resurrectio-

2279 3026 2364 3078 nis
2390 3025 2531 3080 diem
2563 3025 2825 3096 judicium
2858 3028 3126 3083 reservari
3168 3026 3290 3084 115.
3328 3026 3439 3084 Fas
3462 3029 3601 3084 enim
3630 3041 3725 3083 non
3748 3033 3840 3092 est,

561 3123 734 3179 videri
764 3096 964 3193 potest,
992 3136 1101 3177 non
1128 3096 1312 3191 potest
1361 3096 1590 3174 interire
1614 3118 1738 3174 l29.
1764 3117 1961 3173 Parum
1988 3128 2168 3172 tamen
2200 3096 2251 3164 ο
2282 3126 2339 3173 ut
2379 3116 2584 3188 aliquid
2617 3116 2760 3173 desit
2805 3117 2919 3173 Deo
2943 3119 3210 3188 judicaoti
3230 3159 3245 3185 ,
3275 3130 3407 3176 cum
3438 3129 3641 3177 certum
3678 3116 3841 3174 sitDei

563 3216 845 3272 videbatur
870 3212 937 3269 ad
972 3212 1300 3285 supplicium
1350 3213 1691 3267 inimicorum
1738 3211 1936 3267 factum
1956 3252 1971 3279 ,
2000 3212 2043 3265 si
2074 3224 2169 3266 ex-

566 3309 734 3364 tincto
756 3307 979 3363 inimico
1008 3309 1172 3363 vitam
1205 3306 1410 3361 homini
1441 3305 1705 3374 dedisset,
1731 3314 1783 3361 et
1813 3319 1920 3360 non
1950 3303 2176 3360 adderet

563 3401 886 3457 claritatem.
920 3400 988 3455 Et
1014 3410 1072 3455 ut
1095 3398 1339 3465 Diabulo,
1367 3406 1424 3453 et
1448 3397 1656 3469 angelis
1677 3398 1797 3469 ejus
1820 3412 1976 3468 pinna
2002 3397 2177 3468 major

565 3492 874 3563 accederet,
906 3508 1034 3550 cum
1066 3492 1338 3562 triumpho
1365 3490 1639 3547 hominem
1659 3532 1672 3557 ,
1701 3491 1791 3562 qui
1831 3506 2052 3546 carnem
2082 3491 2177 3544 ha-

567 3586 732 3642 bebat
754 3586 866 3658 jam
906 3598 1015 3642 non
1048 3588 1365 3640 morituram
1388 3626 1402 3651 ,
1444 3585 1497 3638 in
1528 3583 1729 3641 coelum
1757 3584 1967 3655 angelis
1992 3592 2047 3639 et
2077 3596 2172 3653 [ιο-

570 3682 855 3737 testatibus
882 3681 1087 3737 sanctis
1110 3689 1510 3735 monstraturus
1530 3677 1737 3734 invexit
1756 3678 1897 3751 (Act.
1924 3693 1964 3746 l,
1988 3679 2043 3744 9;
2081 3676 2174 3732 Ps.

564 3788 716 3842 nvi,
748 3773 826 3846 ϐ),
862 3774 973 3830 Deo
995 3773 1144 3828 Patri
1173 3773 1462 3827 liberatum
1495 3770 1767 3827 hominem
1795 3769 2036 3826 oil‘erens
2058 3784 2177 3825 mu-

566 3882 668 3924 nus
698 3868 821 3923 150.
852 3865 975 3922 Mox
1007 3881 1104 3937 pro
1134 3880 1194 3921 se
1220 3864 1482 3920 vicarium
1512 3864 1718 3919 dimisit
1745 3863 2006 3935 Spiritum
2037 3862 2179 3919 San-

567 3973 711 4019 ctum
742 3963 882 4035 (Act.
914 3977 973 4030 ll,
1003 3961 1055 4027 l,
1089 3964 1238 4032 etc.),
1265 3976 1424 4031 quem
1454 3958 1733 4029 discipulis
1754 3958 2033 4029 proximus
2055 3971 2176 4027 pas-

568 4057 708 4113 sioni
735 4057 1060 4128 promiserat
1091 4053 1273 4127 (Joan.
1303 4070 1416 4122 xiv,
1449 4055 1517 4110 16
1543 4063 1590 4108 et
1615 4050 1729 4123 17),
1772 4062 1831 4107 ιιι
1864 4050 2177 4107 hominibus

568 4150 913 4206 credentibus
939 4158 997 4205 et
1037 4147 1240 4203 auxilio
1281 4158 1462 4215 esset,
1505 4156 1560 4204 et
1600 4145 2017 4201 sanetilicatinni
2051 4145 2172 4200 1⁸51.

571 4239 671 4295 Hic
695 4240 829 4295 ordo
858 4250 943 4296 est
963 4239 1300 4294 credulitatis
1324 4249 1523 4293 nostrae
1545 4237 1613 4293 de
1636 4236 1857 4292 Christo
1893 4237 2019 4291 152.

647 4330 759 4385 ιιι.
803 4332 908 4388 Sed
956 4333 1081 4402 quia
1130 4330 1237 4400 jam
1289 4331 1617 4386 mentionem
1671 4329 1894 4384 iecimus
1940 4329 2177 4400 Spiritus

570 4423 785 4489 Sancti,
816 4422 1059 4478 dicemus
1101 4420 1435 4477 credendum
1477 4436 1601 4476 esse
1641 4420 1696 4475 in
1741 4420 2000 4489 Spiritum
2040 4420 2179 4476 Son-

2274 3209 2539 3280 judicium
2570 3221 2692 3279 post
2723 3210 2883 3266 liuent
2913 3211 3074 3282 hujus
3104 3213 3208 3268 sevi
3237 3213 3569 3270 destinatum
3597 3213 3709 3270 116.
3732 3209 3841 3267 Nam

2279 3304 2383 3359 hoc
2421 3319 2638 3376 quoque
2664 3305 3049 3362 insinuandum
3077 3317 3201 3363 est:
3231 3317 3285 3365 et
3317 3311 3534 3382 expingi
3558 3315 3844 3365 necesseest

2280 3406 2451 3452 totum
2475 3398 2745 3455 hominem
2781 3416 2795 3453 :
2825 3401 3080 3471 quoniam
3103 3415 3296 3458 omnes
3325 3404 3491 3459 autin
3517 3404 3701 3458 virtute
3725 3403 3846 3456 inve-

2280 3492 2497 3548 nientur
2523 3506 2666 3560 esse,
2697 3504 2791 3549 aut
2813 3494 2866 3549 in
2895 3495 3145 3552 crimine.
3182 3496 3247 3551 Et
3272 3496 3384 3554 hoc
3410 3497 3678 3567 competit,
3706 3505 3756 3549 ut
3776 3507 3846 3549 re-

2280 3597 2632 3645 munerentur
2665 3589 2756 3659 qui
2789 3589 2927 3645 bene
2964 3599 3251 3661 gesserunt
3295 3590 3593 3648 secundum
3639 3589 3845 3645 volunta-

2278 3686 2388 3735 tem
2413 3684 2549 3749 ejns,
2579 3680 2777 3736 etmali
2799 3680 3018 3737 aeternis
3046 3682 3329 3753 suppliciis
3357 3683 3700 3740 destinentur.
3722 3677 3847 3736 Unde

2281 3786 2382 3828 nos
2399 3782 2721 3844 appetamus
2736 3782 3009 3847 prurcepta
3030 3775 3289 3847 legitima,
3314 3786 3375 3833 et
3392 3778 3622 3835 vitemus
3634 3773 3843 3838 adversa,

2282 3878 2331 3919 ut
2362 3867 2724 3937 obsequentes
2750 3870 2979 3938 praemia
3002 3884 3408 3941 consequamur
3438 3870 3563 3927 M7.
3784 3931 3799 3945 ,

2350 3956 2443 4012 1x.
2484 3958 2637 4014 Nunc
2666 3973 2797 4031 ergo
2829 3961 2933 4017 148
2960 3960 3030 4018 de
3056 3973 3294 4033 persona
3331 3972 3637 4019 tractemus.
3667 3960 3715 4016 In
3742 3970 3846 4029 per-

2281 4064 2414 4105 sona
2441 4050 2552 4106 duo
2579 4059 2705 4106 sunt
2733 4052 3031 4110 obtinenda
3061 4072 3074 4107 :
3108 4054 3326 4125 Pauper
3352 4067 3410 4111 et
3437 4056 3616 4112 Dives.
3655 4052 3714 4109 Et
3734 4049 3849 4106 divi~

2282 4146 2427 4201 tibus
2453 4146 2669 4215 quidem
2700 4147 2860 4218 hujus
2903 4149 3087 4205 saeculi
3128 4150 3554 4221 praecipiendum
3600 4157 3675 4203 est
3712 4144 3749 4217 (l
3776 4141 3847 4196 Ti-

2285 4249 2409 4292 mot.
2446 4252 2534 4305 Vt,
2570 4238 2661 4311 17)
2690 4257 2703 4293 :
2734 4239 2860 4295 Non
2898 4242 3062 4295 «(tum
3090 4258 3272 4312 sapere
3294 4259 3313 4296 :
3338 4256 3438 4298 nec
3476 4256 3671 4314 sperare
3695 4240 3741 4291 in
3778 4237 3848 4287 itt-

2281 4339 2419 4385 certo
2447 4331 2747 4387 divitiarum
2775 4346 3011 4401 suerunt,
3040 4334 3129 4389 sed
3152 4334 3211 4389 in
3239 4334 3354 4391 Deo
3382 4337 3527 4402 eive,
3565 4335 3648 4405 qui
3671 4336 3848 4402 prmia!

2283 4424 2427 4480 nobis
2457 4426 2776 4482 abundanter
2802 4430 2975 4483 viauia
3002 4428 3073 4483 ad
3103 4431 3329 4502 (ructant
3357 4430 3478 4486 boni
3506 4430 3666 4501 operit
3690 4444 3707 4481 :
3732 4426 3848 4480 diei-

570 4527 717 4573 ctum
738 4552 756 4583 ,
786 4530 881 4585 per
909 4529 1070 4586 quem
1097 4513 1348 4568 universa
1368 4552 1384 4581 ,
1426 4527 1546 4583 qua:
1576 4512 1921 4581 postmodum
1948 4515 2173 4579 tierent,

2284 4530 2355 4573 ιιι-ι
2380 4528 2511 4586 esse,
2541 4520 2631 4574 sed
2655 4521 2711 4575 in
2734 4520 2886 4576 bonis
2916 4523 3067 4592 factis
3103 4489 3569 4579 communicatam
3595 4534 3694 4577 me
3720 4520 3847 4575 :tie-

570 4622 627 4668 et
668 4611 990 4681 inspiraret,
1014 4618 1072 4665 et
1102 4607 1501 4673 sanetiiiearet,
1534 4620 1646 4661 sua:
1674 4607 1992 4661 substantiae
2037 4610 2177 4677 (for-
2283 4613 2547 4666 eumiure
2585 4614 2679 4667 sibi
2722 4614 2909 4669 bonum
2942 4617 3003 4669 in
3043 4618 3276 4687 filiumin
3308 4630 3327 4671 :
3367 4627 3423 4671 ut
3466 4613 3847 4690 apprehenderat,

573 4720 706 4761 taste
729 4702 1027 4760 addendum
1051 4700 1689 4771 communicatione)...”
1724 4698 1847 4754 135.
1877 4698 2174 4755 Tamen....
2284 4720 2436 4771 quam
2468 4705 2602 4760 bona
2624 4716 2701 4761 est
2726 4707 2848 4761 vita.
2883 4708 3089 4765 Deinde
3115 4709 3258 4765 scire
3282 4708 3489 4765 debent
3510 4725 3612 4765 non
3640 4707 3752 4763 ideo
3772 4716 3848 4758 ac-

571 4811 673 4857 tm
696 4815 857 4856 unum
884 4806 1027 4866 sunt,
1058 4796 1242 4863 Pater,
1274 4804 1322 4849 et
1353 4792 1557 4864 Filius,
1589 4801 1637 4846 et
1683 4792 1916 4863 Spiritus
1954 4793 2180 4849 Sanctus
2285 4809 2473 4865 ceptas
2499 4812 2644 4865 esse,
2672 4808 2730 4854 et
2758 4798 3036 4855 habendas
3060 4800 3287 4857 divitias
3307 4841 3322 4868 ,
3354 4811 3415 4857 ut
3442 4802 3526 4857 his
3552 4801 3676 4856 solis
3701 4795 3850 4854 bestia-

573 4894 696 4952 154.
726 4893 933 4950 Deinde
959 4890 1309 4956 credendum,
1340 4904 1506 4945 unum
1537 4903 1662 4944 esse
1691 4888 2040 4958 baptismum,
2071 4902 2179 4959 quo
2288 4889 2529 4945 tudinem
2559 4904 2621 4946 se
2650 4889 2858 4948 habere
2899 4892 3175 4949 conﬁdant
3195 4934 3212 4961 ,
3242 4902 3302 4949 ut
3340 4894 3489 4949 male
3510 4900 3719 4948 utantur
3740 4888 3846 4944 illis.

571 4990 820 5047 homines
846 4989 1141 5060 puriﬁcati,
1164 4997 1219 5042 et
1243 4985 1342 5043 Dei
1365 4985 1461 5040 filii
1485 4983 1613 5040 l‘aeti
1639 4983 1692 5039 in
1717 4983 1822 5037 lide
1849 4983 2177 5053 consignen—

572 5094 690 5154 tur;
719 5101 827 5158 quo
850 5086 1098 5141 universa
1130 5082 1214 5140 vel
1257 5082 1587 5148 nativitatis,
1619 5078 1705 5133 vel
1735 5078 1941 5135 erroris
1975 5076 2177 5132 veteris

573 5180 810 5237 hominis
831 5178 1030 5236 delicta
1056 5186 1418 5249 purgarentur
1444 5191 1458 5228 :
1488 5173 1555 5228 In
1583 5188 1685 5245 quo
1706 5184 1809 5227 non
1839 5171 2072 5241 corporis
2086 5169 2178 5224 de-

570 5283 833 5348 ponuntur
856 5273 1035 5329 sordes
1055 5286 1075 5327 :
1105 5271 1193 5327 sed
1221 5268 1546 5324 conscientia
1566 5281 1714 5336 pura
1728 5264 2064 5337 interrogatio
2096 5272 2176 5318 est

570 5369 704 5426 bona
746 5370 802 5424 in
840 5365 1009 5423 Deam
1051 5365 1114 5421 de
1152 5363 1524 5420 resurrectione
1562 5356 1691 5413 lea:
1729 5356 1922 5413 Christi
1950 5355 2000 5429 (l
2029 5353 2175 5411 Petri

573 5479 653 5531 ιιι,
684 5462 782 5535 et)
826 5463 951 5518 tas.

648 5560 780 5617 Vill.
826 5558 956 5615 Post
974 5556 1093 5615 haec
1112 5555 1251 5613 ordo
1278 5552 1448 5626 exigit
1468 5550 1700 5609 credere
1724 5547 2175 5606 resurrectionem

573 5664 908 5711 mortuorum
946 5653 1003 5710 in
1038 5652 1229 5709 eadem
1257 5660 1426 5707 carne
1451 5646 1580 5704 136.
1609 5645 1837 5703 Constat
1865 5643 2042 5707 enim,
2078 5653 2179 5695 nec

574 5749 653 5804 ias
685 5756 770 5805 est
793 5748 939 5805 aliud
976 5747 1160 5806 dicere
1180 5783 1197 5816 ,
1231 5743 1377 5817 Quod
1400 5751 1461 5800 et
1483 5741 1704 5814 sapiens
1730 5748 1787 5799 et
1811 5738 2072 5812 pressius
2109 5733 2182 5792 sit

2280 4980 2348 5035 Et
2374 4995 2445 5037 ne
2470 4981 2771 5051 despiciant
2821 4997 3117 5055 pauperes,
3151 4998 3287 5040 neve
3328 4985 3683 5041 ministerium
3718 4976 3853 5035 maii-

2280 5073 2392 5139 tim,
2426 5081 2523 5127 aut
2560 5074 2979 5131 instrumentum
3026 5076 3243 5133 divitias
3269 5076 3511 5134 libidinis
3540 5080 3846 5147 computent.

2280 5176 2375 5223 aut
2404 5177 2627 5239 propter
2649 5183 2713 5225 se
2756 5170 2861 5226 sibi
2904 5171 3164 5240 traditas,
3209 5180 3302 5228 aut
3342 5186 3408 5229 se
3447 5180 3711 5243 nunquam
3747 5166 3849 5223 illa!

2281 5265 2582 5319 amissuros
2606 5263 2943 5321 existiment.
2968 5265 3255 5322 Postremo
3276 5267 3491 5335 sciant,
3520 5265 3848 5334 sedispensm

2284 5367 2429 5412 tores
2456 5356 2643 5427 gratiae
2671 5357 2769 5414 Dei
2797 5359 3124 5415 constitutos
3148 5373 3178 5415 a
3208 5359 3354 5426 Deo;
3389 5367 3522 5416 utet
3548 5360 3602 5414 in
3623 5351 3851 5413 distribu-

2280 5451 2429 5505 tione
2458 5449 2710 5505 voluntas
2730 5460 2881 5507 recta
2902 5460 3120 5519 eorum,
3151 5452 3238 5508 vel
3261 5460 3429 5523 prava
3458 5456 3703 5507 noscatur
3722 5441 3846 5499 M9:

2282 5553 2340 5599 ut
2367 5547 2542 5600 sciant
2569 5545 2743 5615 magis
2770 5544 2872 5601 sibi
2898 5545 3201 5602 accessisse
3224 5560 3326 5618 per
3350 5542 3741 5604 abundantiam,
3760 5532 3847 5591 nisi

2283 5635 2558 5708 sapientes
2598 5637 2834 5705 fuerint,
2864 5645 3196 5694 tentantenta
3226 5638 3459 5710 potiora.
3506 5636 3717 5691 Discant
3738 5640 3845 5684 ero-

2285 5746 2415 5803 gare
2434 5730 2674 5789 divitias.
2708 5731 2815 5791 Sed
2855 5731 2922 5789 ad
2955 5734 3416 5805 comparationem
3458 5719 3844 5788 Win
