4100 6196
332 185 435 256 ἰιι

1520 206 1854 277 ΕΡιεΤοιΑ
1907 222 2042 282 SEU
2097 225 2460 292 LIBELLUS.

3543 254 3652 311 712

329 313 657 372 distribuant
701 318 1020 392 facultates,
1052 331 1109 378 ιιι
1147 325 1257 380 sint
1285 327 1493 385 similes
1524 331 1639 388 Deo
1670 335 1774 391 150
1805 355 1817 390 :
1853 337 1947 392 Mi-
1971 342 2024 402 Α
2052 347 2250 402 mentis
2290 349 2621 420 infringitur,
2649 351 2823 411 virtus
2867 359 3111 428 corporis
3153 363 3462 421 enarratur.
3501 368 3563 424 At
3598 372 3649 425 in

326 408 639 465 sericardes
667 430 681 466 :
716 428 821 468 non
862 416 1069 484 profusi
1103 433 1166 473 ac
1197 419 1503 487 perditores
1551 427 1624 479 rei
1657 426 1942 485 dominicae

321 499 659 569 iudicentur.
697 504 762 559 Et
809 505 1044 563 ﬁdenter
1083 510 1301 578 quidem
1354 513 1468 569 hzec
1510 529 1704 586 agant,
1738 531 1940 576 etcum

325 592 624 651 hilaritate.
656 596 746 653 Ait
778 599 923 654 enim
957 600 1159 658 Paulus
1185 602 1485 673 Apostolus
1512 608 1590 682 (ll
1624 608 1824 666 Corint.
1855 630 1938 681 ix,

2050 449 2366 509 paupertate
2413 459 2517 499 non
2567 446 2764 502 lasciva
2798 453 3076 519 convivia,
3112 471 3218 511 non
3266 465 3450 531 turpes
3500 473 3654 532 pota-

2047 531 2224 588 tiones
2251 553 2264 589 :
2294 538 2472 591 omnia
2504 540 2706 603 sobria.
2737 544 2916 598 omnia
2948 547 3142 617 rigida,
3172 550 3353 607 omnia
3383 531 3607 609 humilia
3635 574 3646 608 :

2045 639 2152 678 non
2183 627 2425 697 ahjecta,
2471 634 2727 700 quoniam
2773 636 3102 692 conscientia
3152 657 3318 711 pura,
3365 652 3420 700 ct
3449 647 3653 704 virtute

326 685 430 756 7):
477 686 714 743 Hilarem
754 690 984 746 datorem
1030 693 1202 764 diligit
1246 694 1410 760 Deus.
1460 699 1576 756 Non
1630 705 1943 761 existiment
2043 685 2373 788 suttlplcna.
2406 685 2524 780 no}.
2555 727 2941 787 estabundans
2963 685 3236 790 extranzis
3261 685 3646 795 facultatibus:

325 779 469 835 ﬁniri
505 797 686 850 posse,
721 786 866 854 quod
898 787 951 842 iu
986 803 1115 844 usus
1146 805 1442 861 pauperum
1476 799 1939 868 contemplatione

324 883 722 942 praeceptorum
770 879 863 933 Dei
891 880 989 935 151
1033 881 1362 950 dependitur
1411 888 1534 944 152.
1587 889 1722 946 Cum
1768 901 1822 948 et
1870 895 1939 951 ab

321 965 444 1033 ipso
470 979 711 1039 accepta:
750 973 891 1039 sint,
926 981 982 1030 et
1009 980 1330 1034 necessariae
1356 997 1370 1033 :
1401 991 1453 1038 et
1484 999 1578 1040 eas
1607 987 1807 1042 utiliter
1836 989 1937 1042 mih

321 1058 578 1127 nistrare,
611 1074 667 1118 et
690 1080 892 1137 augere
918 1069 1212 1134 coqfuerit.
1243 1073 1396 1131 Unde
1426 1079 1571 1133 enim
1617 1085 1934 1152 temporalia

317 1153 515 1212 deesse
546 1168 804 1227 possunt,
835 1177 956 1217 cum
1004 1177 1226 1238 prapter
1255 1169 1370 1239 ipsa
1394 1213 1409 1238 ,
1450 1175 1499 1228 si
1539 1175 1675 1231 bene
1705 1194 1935 1250 erogau-

318 1255 409 1303 lur
445 1259 650 1307 :eterna
684 1255 951 1324 promissa
983 1256 1132 1326 sint,
1169 1271 1224 1316 et
1250 1267 1472 1332 parata?
1503 1267 1717 1324 Veritas
1760 1272 1934 1342 laqui-

314 1349 428 1405 tur,
456 1343 544 1412 qui
571 1355 652 1398 est
681 1343 950 1415 Christus,
985 1349 1173 1407 dicens
1208 1352 1426 1425 (Matth.
1477 1374 1595 1425 ιιι,
1627 1361 1731 1427 29;
1765 1363 1934 1419 Marci

314 1447 372 1500 ι,
404 1432 498 1504 29)
525 1453 538 1488 :
572 1437 674 1503 Qui
701 1437 954 1495 dimiserit
982 1454 1193 1514 propter
1224 1463 1304 1500 me
1329 1448 1561 1518 domum,
1595 1463 1684 1506 aut
1715 1456 1923 1524 villam,

311 1536 405 1582 ut
433 1540 694 1600 parentes,
739 1544 828 1588 aut
859 1536 1057 1607 reliqua
1080 1554 1100 1593 :
1143 1543 1436 1612 centuplum
1479 1547 1694 1618 accipiet
1734 1549 1789 1604 in
1828 1552 1928 1607 ista

308 1625 541 1690 stecula;
569 1626 620 1679 in
644 1630 818 1699 futuro
845 1640 1016 1686 autem
1041 1634 1196 1688 vitam
1221 1645 1490 1694 (sternam.
1519 1642 1583 1696 Et
1606 1641 1654 1697 si
1679 1643 1782 1699 hoc
1800 1646 1922 1715 qui-

2041 820 2123 866 est
2147 811 2348 881 justus.
2381 814 2499 872 Non
2533 817 2692 876 facile
2719 821 2785 876 ad
2816 821 3034 880 divitias
3060 827 3247 894 animi,
3281 829 3333 884 id
3375 842 3459 886 est
3481 833 3647 888 virtu-

2037 913 2122 960 tes
2180 907 2339 978 hujus
2391 913 2618 978 mundi,
2677 914 2831 972 dives
2881 919 3111 975 accedit.
3168 921 3270 990 Qui
3317 923 3448 979 dicit
3497 927 3643 981 enim

2037 997 2256 1068 (Matth.
2292 1017 2402 1064 ιιι,
2437 1003 2555 1072 24),
2581 1005 2840 1075 difﬁcilius
2871 1009 3076 1064 divitem
3102 1012 3316 1069 introire
3339 1016 3391 1068 in
3428 1031 3645 1088 regnum

2033 1092 2314 1163 calorum,
2350 1095 2536 1167 utique
2574 1100 2828 1172 intelligit
2867 1119 3156 1174 pauperem
3197 1107 3429 1166 facilius.
3460 1111 3539 1167 Ne
3579 1127 3643 1172 se

2035 1185 2106 1240 ob
2132 1198 2504 1258 paupertatem
2547 1193 2782 1249 alienum
2827 1211 2948 1252 esse
2987 1214 3014 1250 a
3047 1215 3176 1254 cura
3210 1200 3305 1256 Dei
3332 1203 3638 1272 existimet,

2035 1276 2305 1348 Propheta
2336 1287 2565 1338 testatur
2585 1285 2771 1341 dicens
2804 1288 2986 1358 (Prov.
3015 1307 3148 1354 uti.
3181 1292 3246 1360 2;
3277 1304 3323 1348 et
3350 1299 3642 1368 expressius

2035 1369 2166 1440 Sap.
2195 1388 2269 1439 vr,
2300 1373 2358 1446 8)
2389 1393 2401 1428 :
2439 1375 2504 1429 Et
2529 1395 2824 1449 pauperem,
2866 1393 2913 1436 et
2937 1381 3143 1438 divitem
3173 1401 3268 1458 ego
3299 1388 3396 1457 feci
3419 1405 3437 1442 :
3468 1399 3516 1442 et
3546 1407 3639 1459 pro

2031 1463 2267 1518 omnibus
2295 1467 2509 1537 (aqualis
2535 1486 2660 1523 cura
2681 1481 2756 1527 est
2779 1473 2925 1528 mihi.
2957 1473 3080 1530 Non
3109 1487 3184 1532 est
3212 1478 3412 1548 (Actor.
3440 1497 3494 1545 ι,
3527 1482 3629 1549 3i;

2029 1553 2051 1608 l
2082 1554 2227 1610 Petr.
2258 1560 2392 1630 xvu)
2416 1562 2551 1615 enim
2576 1561 2721 1618 Deus
2751 1582 3083 1633 personarum
3111 1581 3347 1641 acceptor
3377 1573 3496 1630 159.
3524 1573 3636 1630 Nec

2028 1664 2130 1721 pro
2160 1652 2250 1708 illa
2275 1670 2335 1708 se
2361 1670 2545 1711 curam
2572 1674 2764 1729 gerere
2797 1661 2902 1716 160
2946 1662 3228 1732 proﬁtetur
3270 1674 3510 1734 tantum,
3544 1670 3632 1738 qui

2031 1715 2046 1721 _
2572 1715 2602 1729 υ
2843 1715 2888 1716 ρ
2946 1715 3057 1732 τμη
3090 1715 3217 1720 -m—
3272 1715 3510 1734 --------.,
3546 1715 3632 1738 -.---

310 1715 438 1772 dam
469 1721 697 1788 ιθηιιιοτῖ
725 1725 1122 1791 Ρθτεεευιίοηίε
1145 1727 1484 1797 adscribunt,
1505 1747 1606 1803 ego
1640 1744 1816 1791 tamen
1843 1740 1924 1794 sic
1952 1737 2001 1798 B
2027 1747 2212 1801 smculi
2239 1747 2442 1805 divitiis
2467 1752 2656 1821 pollet,
2691 1755 2786 1810 sed
2813 1771 2908 1824 pro
2931 1758 3204 1826 omnibus,
3237 1775 3292 1816 et
3314 1776 3413 1830 pro
3435 1777 3633 1833 paupe-

311 1812 466 1833 μη..-
507 1813 616 1833 ,ιη
647 1815 658 1833 ε
757 1831 785 1833 η
933 1830 942 1833 ,
1333 1832 1336 1833 ν
1649 1829 1659 1833 ,

310 1812 472 1867 audio
505 1813 792 1871 Dominum
825 1830 1071 1876 nostrum
1120 1832 1432 1879 monentem
1453 1867 1468 1890 ,
1517 1829 1661 1896 qttad
1696 1840 1916 1900 propter

305 1917 369 1960 se
395 1906 632 1976 quolibet
663 1915 910 1980 tempore
949 1912 1014 1968 ad
1062 1915 1444 1988 quodcumque
1489 1935 1625 1990 apus
1668 1933 1912 1980 sanctum

302 1997 468 2054 fuerit
486 2013 817 2070 praeceptum
839 2005 958 2076 ejus
982 2007 1284 2078 impletum,
1311 2026 1418 2066 non
1443 2012 1750 2070 defuturum
1776 2031 1912 2086 prae-

302 2095 472 2150 mium
511 2096 860 2157 destinatum.
893 2103 1012 2160 Non
1062 2109 1232 2162 simus
1263 2109 1503 2164 solliciti.
1534 2111 1730 2168 Curam
1773 2117 1914 2186 gerit

301 2203 403 2257 pro
430 2190 584 2246 nobis
617 2193 779 2250 Deus.
807 2195 1020 2253 Clamat
1038 2197 1310 2271 Propheta
1337 2201 1523 2259 dicens
1549 2204 1736 2274 (Prov.
1763 2222 1905 2274 χιιι,

293 2283 353 2349 2,
385 2295 431 2339 et
453 2291 744 2360 expressius
772 2290 901 2363 Sap.
950 2309 1031 2361 γι,
1077 2295 1137 2363 8)
1173 2314 1186 2351 :
1221 2294 1289 2350 Et
1336 2314 1641 2369 pauperem,
1677 2310 1722 2355 et
1775 2301 1910 2356 diui-

297 2387 399 2432 tem
425 2397 518 2452 ego
539 2384 656 2454 feci.
702 2384 764 2438 Et
807 2403 901 2457 pro
931 2388 1166 2444 omnibus
1208 2392 1422 2461 (aqualis
1465 2408 1594 2447 cura
1637 2404 1708 2448 est
1754 2397 1902 2452 mihi.

295 2472 494 2530 Curam
525 2478 664 2547 gerit
688 2479 832 2534 Deus
859 2499 872 2536 :
902 2489 958 2536 et
982 2483 1268 2553 quisquam
1297 2486 1511 2551 metuit,
1541 2502 1608 2542 ne
1636 2489 1906 2545 minuatur

291 2566 720 2634 patrimonium?
747 2571 904 2629 Unde
952 2576 1062 2630 Dea
1097 2576 1326 2646 jubente
1369 2589 1645 2650 erogatur.
1683 2583 1900 2640 Timea-

288 2675 415 2716 mus
457 2665 658 2735 magis,
695 2681 799 2734 ne,
846 2668 894 2723 si
927 2670 1156 2740 trepidi,
1196 2680 1251 2727 et
1283 2674 1528 2742 steriles,
1571 2687 1624 2731 et
1655 2678 1902 2735 inﬁdeles

287 2753 552 2812 fuerimus
603 2759 655 2813 in
704 2759 858 2817 bonis
889 2763 1180 2832 operibus,
1210 2768 1364 2836 egeni
1397 2776 1560 2838 atque
1592 2771 1782 2841 inopes
1807 2772 1898 2841 ju-

285 2847 555 2905 dicemur.
583 2851 894 2908 Timeamus
931 2855 1110 2924 potius
1152 2858 1366 2927 impleri
1399 2858 1611 2914 tristitia
1635 2902 1649 2926 ,
1693 2866 1815 2932 quia
1845 2875 1900 2919 et

283 2943 352 2998 de
381 2943 695 3014 huiusmodi
740 2947 999 3006 divitibus
1029 2950 1082 3006 in
1134 2952 1435 3024 Evangelia
1479 2955 1532 3009 in
1580 2956 1741 3011 unius
1773 2958 1899 3013 licet

285 3053 540 3105 persona,
571 3041 636 3095 ad
664 3043 1014 3113 complexum
1047 3055 1226 3101 tamen
1254 3048 1441 3102 retulit
1461 3048 1651 3104 dicens
1673 3049 1890 3120 (Matth.

2018 1835 2169 1892 ribus
2185 1855 2372 1894 curam
2391 1845 2621 1900 sustinet
2641 1864 2654 1899 :
2680 1858 3122 1906 remuneraturus
3139 1867 3296 1921 quem
3316 1853 3523 1910 invenit
3539 1866 3632 1912 aut

2018 1929 2071 1984 in
2097 1930 2302 1988 divitiis
2329 1933 2608 2005 humilem,
2638 1941 2798 1994 autin
2829 1953 3145 2012 paupertate
3170 1945 3481 2014 patientem.
3512 1949 3628 2003 Dis-

2019 2023 2239 2079 tributio
2267 2028 2430 2083 veluti
2461 2032 2624 2085 totius
2645 2035 2890 2103 corporis
2915 2035 3158 2104 humani,
3183 2048 3236 2093 et
3264 2039 3625 2098 ministerium

2014 2120 2280 2186 quaeritur
2331 2123 2690 2193 singularum.
2742 2126 3095 2195 Cansideret,
3148 2130 3380 2188 heminis
3425 2149 3624 2204 corpus

2013 2225 2123 2264 esse
2141 2228 2296 2266 unum
2335 2215 2538 2284 quidem
2568 2233 2776 2289 corpus,
2801 2221 2891 2276 sed
2911 2221 3140 2293 plurima
3166 2225 3411 2280 membra.
3447 2226 3622 2282 Nam;

2008 2301 2136 2370 quid
2164 2304 2337 2358 omnia
2364 2317 2485 2360 sunt
2516 2310 2716 2375 oculus,
2745 2321 2833 2365 aut
2858 2330 2974 2383 pes,
3023 2325 3114 2368 aut
3163 2317 3361 2387 reiiqua
3397 2320 3624 2376 membra

2008 2394 2052 2458 (Ἰ
2082 2394 2206 2450 Cor.
2238 2412 2334 2463 sn,
2369 2400 2496 2471 14)?
2527 2402 2657 2465 Sed.
2681 2405 2845 2462 sicuti
2866 2408 2943 2462 ait
2962 2407 3163 2465 Paulus
3192 2409 3374 2466 doctor
3392 2415 3620 2484 gentium

2007 2487 2061 2540 in
2089 2488 2194 2554 ﬁde
2222 2499 2269 2543 et
2296 2492 2508 2547 ueritate
2539 2493 2582 2563 (Ι
2605 2494 2796 2550 Timet.
2830 2512 2887 2564 ιι,
2922 2499 2979 2568 7)
3008 2516 3022 2553 :
3055 2501 3185 2566 Qua:
3226 2503 3474 2573 inferiora
3499 2517 3618 2562 sunt

2005 2582 2250 2648 membra,
2279 2587 2529 2656 majorem
2559 2587 2640 2641 his
2686 2589 2958 2644 tribuimus
2988 2593 3233 2648 honorent
3287 2595 3336 2665 (l
3363 2595 3484 2654 Cor.
3517 2615 3612 2665 su,

2003 2671 2119 2742 25).
2155 2674 2222 2728 Ει
2261 2678 2716 2745 quemadmodum
2747 2684 2916 2738 virtus
2957 2684 3292 2756 singulorum
3342 2691 3613 2748 membro-

2002 2779 2120 2820 rum
2157 2767 2207 2822 in
2237 2783 2338 2823 suo
2359 2771 2553 2828 ordine
2580 2784 2744 2846 atque
2773 2777 2956 2833 ofﬁcio
2992 2778 3418 2848 demonstratur,
3453 2784 3524 2840 ita
3554 2787 3610 2843 in

2001 2860 2168 2914 totius
2203 2862 2421 2931 generis
2471 2865 2689 2920 humani
2727 2883 2959 2939 corpore
2988 2871 3151 2926 veluti
3199 2875 3438 2929 membra
3470 2875 3609 2934 Pau-

1998 2963 2184 3024 pertas
2213 2959 2268 3010 et
2300 2957 2509 3012 Divitias
2545 2960 2911 3030 collocantur;
2939 2972 3001 3018 ut
3039 2965 3298 3036 Pauperis
3327 2969 3609 3039 patientia,

1999 3053 2056 3102 et
2070 3047 2261 3103 Divitis
2275 3048 2580 3110 humanitas
2595 3054 2686 3108 Dei
2712 3055 2964 3112 examine
2983 3060 3390 3130 comprobatur.
3413 3062 3612 3120 Exsul-

287 3145 376 3185 xtx
401 3171 416 3194 ,
444 3131 541 3203 22)
573 3151 586 3188 :
622 3133 758 3188 Abiit
801 3147 974 3190 autem
999 3179 1014 3202 ,
1059 3155 1175 3193 cum
1215 3140 1472 3207 audisset,
1522 3143 1848 3197 contristatus
1873 3161 1893 3199 :
1921 3122 1968 3186 Ο
2004 3149 2120 3196 lare
2145 3141 2308 3198 debet
2336 3159 2558 3215 pauper,
2589 3157 2645 3202 et
2674 3147 2784 3203 Deo
2811 3150 3013 3221 gratias
3041 3122 3204 3223 agere
3232 3154 3394 3225 :quia
3424 3157 3608 3212 multis

278 3224 402 3290 quia
442 3225 542 3294 fuit
578 3224 769 3281 habens
798 3230 1148 3296 possessiones
1175 3229 1385 3286 multas.
1433 3231 1551 3287 Non
1585 3234 1798 3298 timeat,
1831 3250 1894 3289 ne

279 3317 489 3386 diﬁcile
528 3319 846 3390 ingrediatur
876 3339 1035 3392 regna
1063 3327 1307 3380 cwlarum
1332 3323 1524 3396 (Ibid.,
1552 3343 1600 3380 υ.
1629 3326 1700 3381 25
1727 3337 1776 3382 et
1797 3326 1892 3398 24)

280 3409 405 3467 15⁸5.
446 3410 532 3467 Sit
571 3412 682 3467 imo
712 3414 926 3470 humilis
959 3433 971 3469 :
1003 3419 1074 3473 sit
1102 3417 1285 3488 largus
1307 3459 1320 3485 ,
1355 3427 1416 3474 ut
1456 3420 1667 3476 beatior
1692 3436 1760 3476 ex
1790 3420 1892 3477 hac

274 3502 547 3572 judicetur
572 3522 586 3560 :
613 3506 656 3560 si
690 3522 789 3562 nec
818 3508 870 3562 in
907 3509 1009 3563 isto
1053 3513 1288 3578 smculo,
1326 3526 1424 3567 nec
1465 3512 1518 3566 in
1553 3512 1732 3567 futuro
1759 3527 1888 3569 sen-

279 3595 375 3650 tiat
420 3606 715 3668 egestatem
744 3598 870 3654 154.
907 3601 1016 3656 Det
1038 3604 1261 3672 pauperi
1285 3645 1299 3670 ,
1336 3613 1393 3658 ut
1442 3605 1608 3660 Deum
1658 3605 1888 3662 [maere-

279 3695 364 3743 tur
398 3706 411 3742 :
445 3689 614 3746 Deum
661 3701 939 3763 computet
985 3693 1286 3752 debitorem
1317 3695 1592 3768 (Proverb.
1629 3714 1720 3754 λιιι
1743 3741 1758 3762 ,
1794 3699 1886 3772 17)

269 3781 402 3838 155.
431 3783 578 3838 Sciat
601 3787 952 3856 praepositam
989 3803 1112 3844 esse
1141 3790 1572 3848 misericordiam
1605 3794 1887 3850 sacriﬁciis

277 3876 403 3932 156.
435 3877 672 3934 Gloriam
719 3893 1112 3938 consecuturus
1151 3894 1207 3940 et
1251 3889 1531 3959 requiem,
1584 3890 1630 3944 si
1676 3890 1745 3944 de
1792 3889 1881 3946 his

274 3970 513 4038 divitiis,
552 3972 604 4027 in
639 3975 836 4045 quibus
876 3977 964 4031 alii
1009 3987 1065 4033 et
1103 3981 1345 4050 corrupti
1372 4023 1388 4047 ,
1431 3992 1484 4037 et
1514 3983 1710 4054 perditi
1735 3985 1884 4054 judi-

272 4073 498 4131 cantur;
528 4066 630 4123 iste
657 4067 865 4127 fructus
885 4070 1110 4142 iustitiae
1141 4087 1206 4128 ac
1234 4075 1623 4132 misericordia:
1654 4077 1886 4149 accipiat

270 4147 556 4216 coronam.
580 4162 705 4217 157.

343 4253 414 4309 X.
455 4255 666 4328 Pauper
705 4274 835 4317 vero
879 4261 949 4316 ita
996 4261 1361 4319 consolandus
1391 4269 1511 4329 est,
1546 4271 1601 4318 nt
1641 4267 1779 4322 sciat
1825 4268 1878 4321 in

272 4357 591 4417 paupertate
631 4353 1026 4410 consideranda
1059 4357 1230 4426 magis
1260 4357 1363 4413 sibi
1395 4359 1554 4413 bona.
1608 4360 1674 4413 Et
1704 4361 1881 4429 primo

271 4439 492 4509 quidem
516 4445 671 4520 quod
701 4459 730 4498 a
777 4445 889 4502 Deo
915 4447 987 4503 sit
1015 4447 1088 4502 illi
1118 4449 1323 4504 utiliter
1360 4453 1634 4520 provisum
1663 4470 1676 4506 :
1733 4469 1870 4522 prte—

2001 3232 2308 3301 patrintanii
2337 3237 2565 3293 nexibus
2596 3238 2856 3296 liberatus
2897 3252 3001 3298 est.
3050 3243 3106 3299 lu
3139 3244 3228 3300 die
3273 3248 3608 3317 probationis

1999 3337 2106 3379 non
2153 3337 2406 3396 gravatur
2433 3331 2790 3400 compedibus
2835 3333 3182 3404 facultatum;
3233 3338 3440 3395 facilius
3469 3341 3608 3397 liber

1996 3419 2242 3488 sequitur
2267 3419 2563 3490 discipulus
2592 3423 2880 3480 Dominum
2906 3429 3071 3483 nullis
3099 3430 3328 3487 nexibus
3355 3432 3606 3505 implica-

1997 3517 2104 3564 tus.
2128 3509 2243 3564 Non
2275 3512 2418 3567 desit
2446 3515 2609 3569 etiam
2639 3517 2706 3572 ab
2732 3518 2870 3586 ipso,
2903 3520 2954 3573 in
2982 3533 3239 3591 quantum
3265 3532 3471 3594 potest,
3501 3525 3604 3580 mi-

1995 3603 2290 3660 sericordia
2323 3607 2471 3675 justa
2501 3609 2555 3663 in
2588 3625 2788 3679 egenas
2816 3611 2970 3684 (Tob.
2999 3630 3072 3680 tv,
3095 3617 3172 3685 8),
3205 3619 3328 3687 quia
3359 3620 3497 3675 sicut
3524 3620 3606 3674 di-

1996 3711 2089 3750 ves
2115 3696 2466 3766 liberalitate,
2502 3703 2573 3756 ita
2603 3717 2806 3773 pauper
2826 3705 3004 3774 justus
3030 3707 3265 3765 efficitur
3288 3711 3358 3767 de
3382 3712 3605 3784 frugali-

1991 3796 2124 3853 tate,
2158 3791 2202 3845 si
2228 3789 2597 3859 inferioribus,
2625 3805 2680 3850 et
2707 3811 2815 3852 non
2845 3795 3170 3855 habentibus
3196 3805 3456 3873 erogarit.
3486 3805 3603 3863 Non

1990 3891 2261 3950 vereatur,
2305 3900 2374 3940 ne
2400 3885 2518 3956 ipse
2544 3886 2794 3953 deﬁciat,
2825 3904 2946 3944 cum
2979 3891 3033 3945 in
3062 3907 3161 3947 usu
3201 3904 3403 3951 sancta:
3428 3896 3600 3954 admi-

1991 3974 2329 4030 nistrationis
2356 3975 2550 4033 habeat
2572 3979 3031 4049 promptissimam
3056 3984 3392 4042 voluntatem
3417 4004 3431 4042 :
3465 3987 3598 4044 nihil

1987 4067 2202 4122 deerit:
2236 4083 2334 4139 per
2377 4069 2703 4138 Pmphetam
2753 4073 2990 4143 Spiritus
3031 4077 3351 4132 corroborat
3400 4077 3596 4150 (Prov.

1988 4175 2047 4225 ιι,
2078 4162 2135 4226 5)
2163 4179 2175 4214 :
2209 4159 2334 4216 Non
2365 4161 2552 4216 occidit
2581 4161 2720 4218 Deus
2742 4166 2875 4236 justi
2910 4167 3136 4221 animum
3181 4171 3338 4239 fame.
3379 4171 3445 4226 Et
3483 4171 3592 4225 Da-

1987 4253 2172 4308 minus
2208 4253 2262 4308 itt
2293 4253 2591 4324 Evangelia
2631 4255 2846 4326 (Matth.
2875 4273 2962 4322 vt,
2992 4257 3086 4330 55)
3116 4277 3129 4314 :
3164 4261 3391 4327 Quaerite
3431 4263 3599 4334 primo

1987 4365 2202 4422 regnum
2225 4348 2352 4417 Dei,
2380 4361 2430 4406 et
2465 4351 2576 4406 lucc
2604 4355 2778 4408 omnia
2812 4366 3136 4426 opponentur
3164 4358 3324 4412 vobis.
3353 4357 3470 4414 Non
3502 4375 3597 4414 cu-

1987 4445 2102 4514 piat
2128 4444 2280 4501 dives
2321 4445 2373 4500 in
2416 4445 2520 4502 hoc
2545 4448 2746 4503 saeculo
2771 4447 2885 4503 ﬁeri
2904 4488 2920 4514 ,
2954 4465 3024 4505 ne
3053 4453 3192 4504 mala
3233 4451 3460 4520 plurima
3489 4451 3592 4508 sibi

272 4535 441 4588 scium
488 4514 652 4592 Deum
685 4540 1052 4598 infirmitatem
1089 4543 1206 4613 ejus
1236 4546 1644 4612 considerasse,
1690 4559 1743 4602 et
1789 4550 1880 4603 lir-

2006 4540 2262 4610 thuirat,
2303 4541 2518 4597 dicente
2561 4551 2618 4598 et
2656 4551 2914 4598 monente
2939 4544 3180 4613 glorioso
3205 4545 3374 4600 Paulo
3418 4544 3464 4615 (l
3496 4544 3588 4598 Ti-

273 4640 486 4696 masse,
541 4631 684 4701 quod
730 4632 1038 4690 divitiarum
1071 4639 1336 4691 sarcinam
1369 4647 1421 4692 et
1451 4639 1875 4696 sollicitudinem

269 4719 416 4775 ferre
446 4737 553 4776 non
593 4735 796 4794 posset.
835 4728 1038 4784 Deinde
1079 4731 1314 4796 sentiat,
1353 4737 1582 4801 quantas
1615 4735 1874 4791 tentatia-

268 4829 404 4882 nes,
434 4824 487 4871 et
513 4827 711 4887 quanta
747 4821 984 4890 pericula
1026 4824 1303 4880 transierit
1334 4825 1552 4881 nomine
1582 4837 1872 4898 pauperta-

269 4907 338 4962 tis
371 4907 495 4965 l58.
526 4909 632 4966 Sed
680 4912 954 4969 affluentia
1000 4917 1192 4983 deest,
1233 4934 1355 4987 quae
1397 4919 1708 4989 frequenter
1735 4937 1870 4976 can-

267 5004 436 5057 traria
471 5015 596 5060 est:
630 5005 695 5060 ad
726 5007 886 5064 animi
921 5017 1100 5065 tamen
1144 5011 1359 5067 divitias
1401 5017 1722 5083 quantocius
1749 5017 1871 5071 sine

269 5096 656 5165 impedimento
696 5100 750 5156 in
784 5114 1098 5173 paupertate
1125 5105 1404 5160 transitur.
1433 5105 1593 5162 Certe
1617 5108 1872 5178 qualibus

267 5191 424 5245 malis
448 5195 655 5262 caruit,
679 5196 1008 5254 consideret.
1041 5198 1204 5256 Caret
1228 5201 1461 5266 invidia,
1491 5204 1868 5273 aemulatione,

266 5281 498 5352 insidiis,
530 5284 676 5353 dolo,
704 5289 982 5360 superbia,
1012 5293 1388 5362 contentione,
1417 5301 1472 5349 et
1513 5294 1596 5350 his
1621 5311 1740 5365 qum
1769 5297 1871 5353 ho-

266 5374 397 5429 mini
433 5374 490 5430 in
529 5379 729 5435 sucula
771 5380 974 5438 divitiae
1002 5384 1180 5440 solent
1219 5386 1490 5454 conﬂare;
1525 5387 1673 5444 ﬂuxu
1719 5391 1864 5446 enim

263 5479 443 5522 rerum
461 5507 477 5536 ,
504 5478 560 5526 et
602 5469 850 5530 ubertate
878 5473 1157 5547 cupiarum
1183 5478 1398 5535 animus
1423 5479 1677 5550 solvitur,
1709 5482 1867 5554 vigor

1985 4634 2149 4686 math.
2177 4649 2247 4696 vt,
2276 4632 2332 4702 8)
2359 4649 2373 4686 :
2407 4632 2663 4688 [labentes
2703 4635 2860 4705 igitur
2885 4635 3090 4697 uictum,
3125 4646 3171 4688 et
3199 4637 3432 4690 vestitum
3468 4651 3485 4688 :
3511 4637 3593 4690 Itis

1986 4727 2207 4778 contenti
2234 4727 2409 4780 simus.
2445 4725 2546 4792 Qui
2569 4735 2740 4780 autem
2769 4728 2944 4780 volunt
2969 4726 3151 4780 diuites
3169 4728 3293 4795 ﬁeri
3311 4768 3327 4794 ,
3355 4727 3594 4782 incidunt

1983 4817 2036 4870 in
2058 4818 2406 4883 tentationem,
2433 4827 2479 4871 et
2500 4820 2862 4889 muscipulam,
2895 4829 2942 4874 et
2968 4821 3223 4874 desideria
3249 4820 3411 4875 multa
3432 4840 3451 4876 :
3479 4838 3594 4892 qua:

1983 4921 2214 4983 ntergunt
2235 4913 2467 4966 homines
2495 4915 2548 4966 in
2576 4911 2918 4983 perditionem
2942 4911 3067 4967 161.
3100 4910 3214 4966 luto
3237 4913 3285 4968 si
3308 4928 3436 4970 vera
3461 4915 3587 4980 ﬁde,

1983 5019 2040 5065 et
2069 5019 2289 5080 prapter
2314 5009 2542 5063 salutem
2570 5007 2796 5063 credere
2823 5008 3032 5077 aptavit
3051 5051 3065 5072 ,
3099 5008 3350 5064 ctelestes
3374 5009 3476 5065 sibi
3507 5009 3590 5065 di-

1984 5103 2144 5157 vitias
2173 5110 2424 5172 coaptat,
2467 5110 2524 5156 et
2570 5109 2848 5171 comparet
2891 5097 2996 5172 (α),
3036 5113 3173 5169 quas
3217 5101 3587 5172 unusquisque

1978 5195 2235 5267 iustitiae,
2276 5207 2331 5252 et
2371 5194 2793 5260 misericordias,
2825 5204 2880 5249 et
2909 5192 3131 5264 reliquis
3174 5194 3332 5250 bonis
3375 5194 3585 5251 actibus

1982 5300 2295 5361 comparat,
2349 5299 2404 5345 et
2459 5289 2708 5344 assumit.
2754 5285 3168 5358 Temporalibus
3216 5296 3415 5343 azterna
3458 5296 3588 5343 sunt

1985 5383 2346 5456 praeponenda
2378 5425 2393 5450 ,
2449 5383 2668 5440 caducis
2714 5381 2950 5448 stabilia,
2997 5379 3245 5437 sollicitis
3285 5382 3583 5452 securiora,

1978 5479 2306 5551 periculosis
2362 5478 2562 5546 libera,
2617 5473 2990 5532 inhonoriﬁcis
3036 5473 3292 5532 clariora.
3349 5477 3442 5533 llis
3469 5492 3587 5535 ma—

334 5658 413 5731 (a)
455 5659 707 5740 Fortasse
735 5664 958 5739 respicit
986 5663 1054 5724 ad
1088 5673 1233 5725 vers.
1261 5665 1297 5725 6
1327 5680 1448 5740 cap.
1479 5681 1608 5724 me
1636 5665 1760 5725 isai.
1790 5683 1804 5724 :
1839 5664 2048 5726 Divitias
2077 5666 2259 5724 sat-etis
2280 5667 2533 5739 sapientia
2559 5674 2608 5722 et
2647 5664 2906 5723 scientia:
2936 5663 3093 5721 timor
3120 5665 3336 5722 Domini
3375 5667 3485 5738 ipse
3510 5677 3584 5726 est

264 5731 542 5790 thesaurus
570 5739 701 5808 ejus.
