4100 6196
501 223 611 281 715

1709 219 1956 280 SANCTI
1997 219 2255 278 HILARII
2293 220 2601 280 EPISCOPI

3716 229 3828 287 7-H

503 341 631 397 nitis
687 349 742 396 ct
792 340 950 398 Dives
1004 346 1374 412 temperetur,
1427 348 1483 395 et
1533 338 1750 408 Pauper
1803 337 2274 404 subleveturAet
2318 337 2729 402 sacerdotibus,
2782 351 2973 394 verum
3025 338 3190 396 etiam
3245 339 3501 398 omnibus
3562 341 3828 399 fratribus

511 436 641 491 162.

575 527 666 583 XI.
698 527 850 583 Nunc
890 525 1000 596 jam
1047 525 1115 582 de
1155 540 1286 581 sexu
1326 525 1633 595 loquamur.
1682 523 1858 580 Sexus
1907 523 1997 578 ille
2028 531 2112 578 est

503 621 806 684 masculus,
854 627 912 674 et
952 617 1185 685 femina;
1219 616 1272 673 id
1315 626 1400 675 est
1438 617 1541 684 vir,
1583 625 1640 673 et
1669 617 1881 671 mulier.
1929 616 1994 671 Et
2029 617 2111 670 vir

502 714 715 786 quidem
757 724 877 781 post
903 728 988 777 ea,
1018 729 1140 785 qum
1161 727 1322 782 supra
1347 712 1896 784 comprehendimus,
1935 710 1998 766 ad
2031 711 2110 765 in-

502 805 845 862 stitutionem
901 806 1026 861 vita:
1071 805 1316 861 melioris
1379 805 1541 860 etiam
1594 803 1724 860 illud
1779 803 1940 859 debet
1985 819 2108 861 cum

500 899 754 954 onmibus
770 898 1072 963 custodire,
1093 908 1148 953 ut
1176 897 1400 954 Uxorem
1425 914 1570 952 suam
1583 898 1785 972 diligat,
1809 899 1940 952 sicut
1961 895 2112 952 Citri-

501 1006 610 1051 stus
637 996 820 1051 dilexit
847 995 1135 1051 Ecclesium
1185 993 1414 1066 (Ephes.
1463 1009 1516 1059 ν,
1547 992 1653 1065 25)
1683 1011 1698 1047 :
1730 1001 1788 1048 ut
1811 992 1990 1048 omnia
2019 1008 2112 1064 ge-

502 1104 626 1146 rere
665 1104 772 1144 uno
799 1089 982 1144 animo
1026 1086 1238 1160 (Codex
1286 1103 1382 1142 ms.
1439 1085 1628 1144 habet:
1655 1095 1714 1140 ut
1738 1085 1885 1141 omni
1924 1084 2112 1154 generi

507 1181 818 1251 unianimo)
849 1179 1151 1236 concordes
1192 1179 1297 1235 rite
1327 1179 1537 1250 possint
1572 1177 1737 1232 Deum
1779 1178 1842 1232 de
1878 1177 2112 1233 omnibus

502 1274 787 1348 deprecari,
816 1275 1037 1330 levantes
1049 1290 1233 1328 manus
1261 1289 1418 1343 puros
1436 1273 1544 1327 sine
1563 1272 1644 1326 ira
1672 1281 1720 1328 et
1747 1271 2113 1343 disceptatione

500 1367 558 1439 (Ι
589 1367 813 1424 Timoth.
847 1383 886 1423 ιι
910 1410 924 1433 ,
950 1364 1023 1439 8)
1076 1386 1090 1421 :
1119 1366 1214 1422 sed
1242 1368 1420 1422 omnia
1451 1366 1580 1421 ﬁant
1609 1364 1675 1420 ad
1698 1363 2111 1421 aediﬁcationem

502 1460 779 1516 Deiﬁcam.
813 1459 1018 1515 Deinde
1045 1457 1445 1527 conjunctionis
1483 1457 1754 1513 vinculum
1784 1455 1976 1526 pudica
1999 1498 2013 1521 ,
2058 1464 2114 1511 et

500 1551 772 1607 communi
795 1551 1044 1606 castitate
1065 1565 1290 1621 gerere;
1322 1557 1377 1604 et
1400 1560 1526 1604 tunc
1548 1547 1866 1614 convenire,
1895 1546 2112 1618 quando

500 1647 585 1702 vel
610 1644 977 1717 generationis
1007 1653 1093 1699 est
1133 1643 1548 1712 contemplatio,
1577 1630 1958 1698 attt'orationis
2001 1655 2108 1696 non

2218 428 2263 501 (Ι
2315 427 2461 484 Petri
2490 445 2560 494 ιι,
2612 429 2706 500 15)
2743 429 2864 485 167.
2897 429 3086 499 Neque
3114 446 3176 488 se
3210 431 3304 488 ulli
3342 448 3660 504 prmponere
3703 434 3826 490 viro

2211 521 2673 590 contemplatione
2703 537 2865 578 sexus
2892 522 3274 597 (lPelrim,7)
3301 525 3438 582 168:
3483 527 3737 596 quoniam
3764 538 3827 583 et

2212 628 2334 669 cum
2360 615 2539 668 omnia
2569 614 2804 685 legitime
2833 613 3157 685 perfecerit,
3190 615 3243 670 in
3279 617 3452 672 virum
3475 632 3826 674 consumma-

2212 706 2359 763 bitur
2382 708 2678 778 perfectum
2696 707 2916 781 (Ephes.
2939 725 3016 776 iv,
3047 710 3161 783 15).
3185 711 3295 766 lmo
3320 722 3538 783 appetat
3563 714 3822 769 virtutem

2211 810 2622 856 consecuturam
2651 803 2875 871 gloriam
2896 842 2912 863 .
2956 817 3123 858 sexus
3154 803 3466 862 inﬁrmitate
3491 821 3600 861 non
3642 817 3824 862 retar-

2212 893 2365 962 data,
2421 897 2709 951 sanctitate
2761 905 2818 951 et
2867 897 3065 952 virtute
3121 898 3306 964 animi,
3369 910 3425 955 et
3473 901 3622 956 omni
3685 916 3826 957 con-

2213 986 2437 1044 tinentia
2483 997 2538 1044 et
2571 987 2824 1059 passione
2883 989 3076 1045 devota
3129 990 3259 1046 viris
3301 990 3624 1060 iustissimis
3674 1008 3824 1050 eoa:—

2211 1088 2425 1151 quetur.

2284 1173 2399 1228 XII.
2423 1173 2542 1229 Jam
2571 1182 2790 1230 aetatum
2825 1190 3005 1231 sermo
3033 1175 3296 1232 habeatur
3324 1178 3378 1232 in
3409 1179 3655 1236 manibus
3687 1180 3822 1237 169.

2215 1267 2281 1322 Ει
2314 1271 2489 1339 primo
2519 1269 2736 1341 quidem
2784 1270 3019 1324 arbitror
3053 1270 3333 1326 infantiam
3375 1271 3728 1328 differendam
3764 1276 3824 1329 in

2213 1359 2480 1426 doctrina,
2509 1361 2634 1430 quia
2654 1362 2740 1416 vel
2760 1359 3020 1432 qualitate
3049 1365 3330 1433 temporis,
3354 1365 3439 1420 vel
3472 1366 3669 1432 aetatis,
3699 1382 3830 1422 ver-

2212 1452 2340 1507 bum
2374 1453 2611 1508 doctoris
2647 1471 2751 1510 non
2793 1463 2973 1524 potest
3009 1455 3318 1513 substituere
3354 1458 3473 1515 170.
3507 1457 3575 1514 Et
3623 1459 3829 1530 quibus

2212 1544 2465 1600 omnibus
2509 1545 2684 1600 aetatis
2713 1545 2923 1601 defectu
2951 1546 3002 1601 in
3034 1548 3315 1614 malitiam,
3357 1558 3414 1604 et
3455 1549 3827 1606 innocentiam

2215 1637 2513 1691 naturalem
2541 1637 2659 1692 dari
2686 1649 2953 1708 praicepta
2985 1655 3089 1692 non
3119 1649 3378 1709 possunt,
3411 1643 3463 1696 in
3489 1641 3685 1696 borum
3726 1641 3831 1696 ad-

499 1745 719 1795 revocat
759 1745 972 1808 tempus
1003 1735 1063 1808 (ι
1093 1733 1212 1792 Cor.
1240 1751 1345 1802 vu,
1375 1733 1454 1805 5).
1485 1734 1798 1790 Orationem
1829 1741 2009 1788 autem
2047 1733 2112 1788 il-
2141 1735 2190 1796 B
2217 1725 2570 1783 munitionem
2601 1737 2852 1796 parentes
2874 1730 3427 1804 suntconstringendi
3455 1749 3468 1786 :
3494 1749 3826 1805 quamquam

499 1831 606 1886 lam
637 1839 917 1900 computo,
949 1844 1070 1899 qua:
1106 1828 1253 1883 omni
1281 1836 1748 1884 sacramentorum
1783 1825 2110 1894 ministerio,

498 1933 555 1981 et
579 1924 1073 1981 communicatione
1101 1922 1407 1978 celebratur
1439 1920 1563 1977 165.
1597 1919 1866 1976 Cmtertun
1907 1928 1991 1975 est
2018 1919 2114 1974 de-

499 2016 757 2088 precatio,
791 2026 845 2072 et
887 2015 1159 2081 adoratio,
1185 2014 1616 2084 exomologesis,
1645 2021 1699 2067 et
1743 2011 2113 2082 interpellatio

498 2107 543 2182 (Ι
569 2107 797 2163 Timoth.
836 2123 911 2172 ιι,
943 2105 1022 2177 1),
1054 2116 1107 2161 et
1134 2117 1352 2172 votum,
1384 2120 1504 2175 qua:
1541 2103 1722 2159 omnia
1768 2118 1865 2157 sua
1913 2102 2115 2158 habent

499 2208 745 2269 tempora
772 2198 896 2253 164.
939 2196 1120 2251 Virum
1158 2197 1319 2268 igitur
1349 2195 1493 2251 decet
1531 2196 1720 2249 intecto
1759 2195 1929 2264 capite
1967 2210 2114 2248 orare

499 2291 558 2362 (Ι
584 2291 821 2348 Corinth.
850 2306 928 2357 χι,
957 2289 993 2344 4
1021 2300 1068 2344 et
1099 2288 1155 2360 7)
1190 2307 1203 2344 :
1237 2303 1344 2344 non
1369 2299 1640 2344 comatum
1682 2286 1872 2359 (lbid.,
1900 2303 1948 2341 υ.
1981 2285 2108 2358 14);

494 2384 773 2440 lueessum
796 2397 921 2440 esse
944 2382 1271 2452 simplicem,
1296 2397 1403 2437 non
1423 2383 1709 2452 jactatum,
1727 2389 1821 2434 aut
1841 2379 2109 2447 fucatum;

496 2485 556 2534 ut
598 2492 705 2534 non
745 2475 920 2532 solum
950 2474 1123 2530 verbo
1149 2474 1453 2530 credidisse
1473 2515 1488 2540 ,
1533 2472 1629 2528 sed
1659 2481 1714 2526 et
1745 2473 1964 2527 caeteris
1989 2485 2112 2541 spe-

495 2571 634 2628 ciem
666 2571 790 2625 vitm
821 2585 934 2625 suae
961 2576 1203 2639 pratstet.
1231 2566 1365 2622 Viro
1392 2566 1536 2620 enim
1564 2564 1712 2620 omni
1744 2564 2004 2632 competit
2026 2578 2113 2618 sa-

495 2663 786 2721 cerdotare
814 2664 922 2720 Deo
950 2662 1009 2736 (l
1041 2661 1268 2716 Timoth.
1297 2677 1364 2727 ιι,
1399 2658 1480 2732 8).
1512 2659 1582 2715 Ει
1620 2660 1692 2715 ita
1732 2657 1895 2714 debet
1923 2668 2030 2713 tam
2057 2659 2111 2714 in

495 2757 834 2814 catecliismo
879 2755 982 2828 (Id
1023 2765 1096 2810 est
1126 2756 1180 2810 in
1227 2756 1610 2824 instructions),
1649 2768 1810 2824 quam
1841 2754 2002 2808 etiam
2056 2752 2109 2807 in

493 2850 633 2908 laica
660 2853 769 2905 vita
803 2849 1276 2906 conversationem
1320 2863 1474 2902 suam
1505 2841 1915 2902 mundissimam
1957 2845 2112 2901 exhi-

494 2943 647 3009 bere,
677 2952 736 2998 ut
760 2953 815 2998 et
840 2943 884 2998 si
913 2952 1125 3014 tempor
1155 2960 1167 2995 :
1195 2940 1305 3012 (Ita
1336 2942 1526 3015 legitur
1553 2941 1606 2995 in
1631 2957 1730 2994 ms.
1762 2939 1960 3009 codice)
1991 2955 2112 2994 mu-

497 3053 628 3095 nere
668 3049 830 3109 atque
859 3037 1043 3093 ofﬁcio
1072 3035 1405 3093 Sacerdotali
1447 3051 1554 3090 non
1588 3033 1847 3106 fungitur,
1876 3033 2002 3088 vitae
2025 3041 2108 3086 ta-

2215 1821 2504 1877 accedente
2530 1831 2690 1877 aetate
2726 1822 2967 1878 Ecclesia
2985 1839 3090 1878 non
3114 1823 3305 1892 deerit,
3338 1841 3438 1882 nec
3465 1828 3701 1883 cessabit
3722 1828 3826 1883 ad-

2197 1916 2508 1986 monendo.
2539 1917 2730 1972 Pueris
2751 1927 2931 1972 autem
2958 1919 3086 1974 illud
3109 1919 3488 1977 insinuandum
3528 1923 3704 1994 primo
3723 1963 3739 1988 ,
3765 1932 3832 1978 ut

2216 2009 2366 2064 nullo
2395 2009 2645 2064 audiendi
2677 2011 2854 2067 desint
2883 2020 3157 2082 tempore,
3185 2014 3308 2084 quia
3335 2030 3436 2070 nec
3488 2017 3656 2072 semel
3698 2031 3830 2085 pos-

2215 2110 2344 2158 sunt
2365 2104 2544 2158 omnia
2569 2104 2872 2174 perdoceri.
2899 2105 3105 2161 Deinde
3137 2116 3194 2161 ut
3221 2108 3584 2164 innocentiam
3614 2111 3829 2180 simpli-

2216 2196 2366 2251 citati
2397 2196 2750 2268 conjungant,
2771 2214 2838 2252 ne
2866 2199 3149 2268 pueritiam
3182 2201 3236 2257 in
3265 2202 3484 2257 malitia:
3508 2218 3828 2272 persevera—

2216 2289 2363 2344 tione
2389 2291 2728 2345 continuent.
2752 2288 3199 2358 Custodiendum,
3223 2304 3279 2349 et
3303 2294 3723 2361 observandum,
3750 2310 3827 2352 ne

2216 2381 2269 2437 in
2292 2383 2504 2437 eteteris
2531 2383 2780 2439 aetatibus
2799 2395 3214 2455 corrumpantur
3243 2387 3367 2442 171.
3394 2387 3632 2443 Naturali
3661 2389 3827 2446 boni-

2215 2477 2311 2530 tati
2344 2476 2467 2531 ﬁdei
2496 2492 2709 2547 quoque
2739 2478 2937 2532 bonum
2965 2521 2980 2547 ,
3010 2489 3065 2535 et
3100 2479 3351 2536 deificum
3383 2499 3577 2538 munus
3621 2483 3822 2552 adjun-

2214 2575 2363 2638 gant,
2390 2574 2447 2622 ut
2475 2582 2690 2638 semper
2717 2569 2878 2640 boni,
2910 2586 3126 2640 semper
3165 2573 3374 2638 sancti,
3422 2589 3633 2645 semper
3661 2577 3827 2631 inno-

2214 2670 2420 2725 centes,
2447 2676 2662 2732 semper
2694 2663 2789 2718 Dei
2828 2679 2984 2734 opus,
3017 2678 3073 2721 et
3115 2683 3221 2722 non
3271 2678 3499 2734 natum,
3531 2670 3823 2726 traditione

2213 2753 2550 2810 credulitatis
2573 2765 2938 2825 perseverent.
2968 2759 3432 2816 Considerandum
3464 2762 3569 2816 illis
3603 2763 3724 2829 172,
3755 2771 3824 2818 ut

2213 2848 2348 2903 casti
2371 2849 2453 2904 vel
2479 2849 2658 2918 pudici
2683 2862 3052 2920 permaneant,
3081 2854 3410 2924 frequentius
3430 2855 3497 2910 ad
3520 2856 3819 2913 Ecclesiam

2212 2925 2402 2996 venire
2453 2941 2672 3008 debere,
2720 2945 2844 3014 quia
2893 2945 3230 3016 frequentius
3279 2956 3409 3002 sttnt
3455 2951 3819 3006 conﬁrmandi

2215 3033 2319 3089 175
2339 3075 2352 3099 ,
2389 3035 2720 3105 frequentius
2765 3036 3148 3092 comtnonendi
3169 3081 3183 3104 ,
3217 3039 3413 3110 quibus
3444 3041 3620 3095 adhuc
3643 3057 3819 3112 prop-

495 3149 619 3190 incn
651 3131 1006 3188 similitudine
1033 3130 1344 3187 sacerdotio
1369 3137 1704 3201 comquetur.
1745 3131 1814 3183 At
1835 3143 1964 3182 vero
1991 3142 2108 3182 mu-
2136 3129 2181 3194 ρ
2215 3133 2295 3179 ter
2320 3138 2532 3183 aetatem
2581 3129 2758 3183 minus
2801 3130 3050 3184 stabilem
3101 3146 3278 3201 pugna
3311 3131 3512 3188 diaboli
3540 3132 3719 3188 futura
3743 3135 3821 3189 sit

494 3226 597 3282 lier
621 3225 786 3280 discat
809 3225 1017 3294 obsequi
1046 3224 1156 3278 uiro
1179 3240 1273 3277 suo
1305 3222 1521 3292 (Ep/tes.
1549 3237 1604 3288 v,
1632 3219 1750 3293 22),
1781 3219 1933 3273 etiam
1957 3218 2107 3272 illum

496 3321 764 3377 dominum
786 3335 974 3375 vocans
1005 3317 1049 3389 (1
1080 3317 1226 3372 Petr.
1252 3333 1334 3383 ιιι,
1363 3314 1421 3388 6)
1445 3334 1461 3371 :
1492 3326 1547 3371 ct
1571 3314 1788 3385 quidem
1815 3327 2005 3368 omnes
2030 3311 2107 3366 vi-

497 3430 588 3470 ros
629 3421 975 3479 revereatur;
1009 3427 1110 3468 suo
1153 3422 1331 3466 tamen
1363 3409 1569 3465 serviat
1602 3427 1614 3461 ε
1651 3408 1908 3476 Quoniam
1943 3407 2108 3462 omnis

497 3507 728 3562 mulieris
756 3515 912 3577 caput
942 3505 1017 3560 vir
1049 3504 1264 3577 (Ephes.
1293 3521 1344 3570 ν,
1374 3503 1492 3575 24).
1529 3503 1677 3560 Sciat
1718 3510 1774 3557 et
1813 3503 1931 3558 haec
1959 3512 2107 3558 caste

496 3599 680 3658 vivere
710 3615 833 3657 cum
863 3600 981 3656 viro
1021 3613 1121 3654 suo
1166 3597 1296 3670 (Tit.
1321 3614 1390 3664 ιι,
1415 3595 1472 3669 5)
1499 3615 1510 3652 :
1542 3596 1684 3668 quod
1723 3605 1778 3651 et
1811 3597 1900 3652 ille
1931 3597 2108 3652 modis

497 3693 750 3749 omnibus
777 3692 939 3749 faciat
966 3709 979 3746 :
1011 3691 1086 3747 ita
1119 3698 1179 3746 ut
1199 3691 1398 3747 nullam
1420 3691 1603 3755 aliain,
1636 3700 1838 3761 praeter
1859 3706 2104 3756 uxorem,

497 3788 712 3844 noverit
742 3787 792 3860 (l
825 3784 1023 3842 Corint.
1054 3801 1160 3852 vti,
1196 3787 1249 3850 1,
1278 3786 1333 3851 5,
1364 3788 1512 3854 etc.).
1545 3783 1720 3839 Nosse
1762 3784 1907 3839 enim
1948 3783 2110 3839 debet

497 3889 739 3950 tempora
779 3879 1197 3944 conventionis,
1230 3885 1286 3933 et
1312 3877 1591 3933 abstinere
1619 3893 1649 3931 a
1691 3876 2106 3946 c0njunctione,

495 3991 618 4032 cum
657 3986 870 4044 tempus
907 3981 991 4028 est
1019 3972 1280 4028 orationis
1316 3971 1440 4033 165,
1477 3970 1561 4025 vel
1592 3987 1716 4025 cum
1753 3971 1946 4026 mulier
1976 3970 2110 4040 pati-

501 4077 610 4131 tur.
635 4069 723 4124 vel
751 4082 874 4123 cum
903 4075 1026 4137 post
1055 4074 1267 4136 partum
1308 4065 1446 4119 intra
1489 4073 1732 4134 tempora
1776 4062 2108 4134 purgationis

497 4174 559 4214 se
591 4175 712 4215 esse
739 4160 1075 4231 cognoverit.
1099 4157 1217 4214 Non
1241 4159 1386 4214 enim
1409 4159 1472 4212 ad
1507 4157 1895 4228 impudicitiam
1921 4157 2107 4212 matri-

497 4250 740 4306 monium
773 4252 1048 4323 COpulavit
1079 4251 1242 4317 Deus,
1272 4248 1368 4306 sed
1399 4261 1455 4304 ut
1476 4249 1813 4319 generationi
1843 4249 2108 4318 prteberet

497 4340 837 4410 obsequium.
889 4343 1075 4397 Di5cat
1119 4342 1263 4397 ﬁlios
1307 4341 1540 4397 educare
1584 4342 1671 4411 pie
1722 4342 1779 4413 (l
1820 4340 2007 4395 Timet.
2049 4356 2103 4410 v,

499 4435 568 4491 10
601 4447 615 4483 ε
644 4435 704 4490 Si
749 4436 888 4505 ﬁlios
908 4434 1166 4504 educavit)
1195 4475 1209 4503 ,
1250 4435 1613 4491 verecundam
1642 4450 1765 4491 esse
1787 4477 1801 4500 ,
1843 4453 1950 4490 non
1991 4437 2103 4490 liti-

2209 3220 2425 3290 gravior
2457 3222 2580 3277 174.
2609 3222 2958 3280 Observanda
2990 3225 3096 3280 illis
3128 3228 3308 3282 omnia
3338 3243 3460 3282 cum
3492 3230 3685 3284 timore
3707 3273 3723 3296 ,
3758 3241 3821 3287 et

2209 3321 2339 3368 ante
2386 3315 2564 3368 omnia
2613 3317 2910 3371 cavendum
2956 3332 2985 3370 a
3037 3317 3415 3387 fornicatione,
3446 3338 3567 3389 qua:
3599 3322 3816 3380 initium

2210 3403 2478 3460 idolatria:
2521 3407 2681 3462 habet
2723 3428 2734 3460 :
2766 3417 2821 3464 et
2870 3425 3097 3466 necesse
3123 3420 3205 3466 est
3239 3422 3527 3484 utrumque
3558 3416 3817 3486 noverit,

2210 3496 2303 3566 qui
2329 3509 2546 3554 secutus
2576 3499 2738 3556 fuerit
2783 3502 3014 3558 alterum
3065 3505 3186 3559 175.
3216 3505 3357 3576 Ergo
3397 3507 3671 3576 quomodo
3697 3525 3822 3565 creo

2210 3588 2340 3646 dere
2361 3591 2678 3662 intelligitur
2700 3604 2752 3649 et
2774 3594 3002 3652 desiisse
3027 3613 3056 3650 a
3083 3600 3354 3668 gentibus,
3378 3601 3422 3654 si
3451 3616 3516 3656 ea
3542 3618 3661 3673 qua:
3683 3619 3820 3674 gen-

2213 3682 2334 3739 tiles
2383 3683 2690 3754 designant,
2723 3687 2944 3742 recolit?
2979 3689 3122 3744 Sane
3163 3691 3525 3762 obsequentes
3561 3695 3673 3748 sint
3705 3710 3817 3750 non

2212 3780 2386 3833 solum
2444 3782 2758 3850 parentibus
2803 3782 3027 3853 (Coloss.
3060 3786 3291 3858 111,20),
3321 3788 3416 3844 sed
3463 3799 3518 3844 et
3563 3791 3820 3848 omnibus

2210 3879 2371 3928 aetate
2399 3873 2696 3942 majoribus
2717 3875 2763 3948 (ι
2791 3875 2933 3930 Petri
2985 3894 3037 3942 ν,
3074 3879 3152 3948 5),
3185 3882 3228 3934 si
3271 3890 3450 3937 tamen
3478 3897 3663 3939 eorum
3698 3901 3822 3942 mo-

2211 3966 2344 4031 nita,
2387 3975 2443 4021 et
2486 3969 2659 4022 oratio
2717 3970 2848 4023 nihil
2900 3971 3126 4041 legitimi
3168 3973 3359 4029 afferet
3413 3976 3812 4046 impedimenti.

2213 4059 2380 4114 Deum
2406 4076 2464 4115 se
2491 4071 2804 4131 computent
2832 4063 3032 4121 habere
3058 4065 3272 4121 Patrem
3307 4068 3532 4139 (Matth.
3567 4088 3643 4138 vi,
3684 4074 3748 4145 9)
3799 4092 3816 4130 :

2209 4151 2357 4208 illius
2391 4169 2610 4226 sperare
2640 4155 2838 4212 debent
2869 4156 3242 4215 limreditatem
3277 4158 3441 4233 (Ibid.
3464 4173 3512 4217 et
3542 4173 3672 4218 vers.
3715 4167 3815 4233 10;

2209 4252 2417 4321 Acten,
2443 4270 2530 4319 xx,
2566 4253 2660 4321 52;
2697 4255 2850 4310 Rom.
2877 4272 3004 4324 vni,
3038 4258 3140 4322 17;
3165 4256 3365 4314 Coloss.
3396 4275 3484 4328 ιιι,
3517 4260 3623 4332 21)
3645 4305 3658 4324 ,
3690 4279 3817 4332 qua:

2211 4358 2315 4398 non
2370 4345 2420 4398 in
2464 4347 2852 4416 temporalibus
2880 4361 3115 4416 consmt,
3159 4351 3252 4406 sed
3300 4352 3354 4407 in
3405 4356 3642 4409 aiternis.
3669 4355 3813 4423 Quin

2208 4437 2367 4490 etiam
2397 4437 2442 4492 si
2475 4438 2615 4494 Deus
2644 4439 2749 4494 illis
2779 4442 2908 4496 utile
2936 4457 3058 4498 esse
3092 4443 3431 4512 prmviderit,
3473 4450 3632 4502 etiam
3673 4458 3818 4504 teni-

494 4528 734 4598 giosam,
775 4543 880 4582 non
913 4527 1240 4581 vinolentam
1271 4525 1419 4599 (Tit.
1454 4543 1509 4593 ι,
1541 4527 1602 4593 7;
1635 4525 1835 4581 Coloss.
1877 4542 1971 4594 ιιι,
2004 4528 2100 4594 18;
2131 4539 2180 4598 ι)
2210 4528 2409 4596 poralia
2434 4532 2743 4600 pratslabit;
2775 4533 3008 4588 maxime
3043 4549 3165 4590 cum
3211 4536 3407 4592 viderit
3453 4554 3814 4608 unumquem-

494 4619 775 4688 Ephes.v,
806 4619 910 4686 2’2;
956 4620 976 4675 Ι
1028 4618 1173 4674 Petr.
1227 4635 1315 4682 ιιι,
1391 4617 1466 4691 1),
1503 4635 1607 4673 non
1665 4621 1954 4689 superbam
1985 4620 2103 4674 viro

495 4715 650 4791 (Gen.
687 4732 776 4785 ιιι,
805 4715 906 4783 16;
939 4724 986 4770 et
1019 4713 1118 4770 Tit.
1151 4730 1222 4781 ιι,
1248 4715 1303 4781 5,
1332 4714 1388 4780 4,
1433 4715 1505 4768 5:
1564 4712 1815 4769 Subditas
1859 4714 2023 4778 viris;
2055 4724 2102 4768 et

493 4809 733 4867 lTimot.
777 4825 836 4877 ιι,
868 4810 974 4878 12,
1027 4825 1187 4880 neque
1235 4809 1492 4864 dominari
1529 4809 1584 4863 in
1627 4809 1838 4879 virum),
1886 4809 2102 4864 tametsi

496 4903 824 4974 patrimonio
865 4903 1038 4974 major
1078 4903 1324 4959 videatur
1355 4903 1498 4959 166:
1531 4903 1626 4958 sed
1672 4911 1730 4960 et
1759 4906 1975 4960 incessu
2002 4919 2103 4975 pu-

494 4993 694 5064 dicam,
745 5011 855 5051 non
902 4995 1081 5052 fucata
1133 4977 1303 5050 forma
1333 4994 1628 5065 procedere
1671 4996 1713 5066 (l
1743 4996 1932 5050 Timot.
1965 5011 2037 5062 ιι,
2066 4997 2099 5052 9

492 5100 542 5147 et
594 5091 691 5157 10;
738 5089 760 5145 Ι
813 5088 960 5146 Petr.
1015 5105 1107 5157 ιιι,
1156 5089 1263 5162 5):
1317 5099 1412 5144 aut
1471 5089 1864 5145 circumdatam
1921 5103 2093 5156 auro,

493 5194 583 5240 aut
612 5195 764 5240 veste
795 5184 1076 5254 preciosa:
1132 5199 1240 5238 non
1295 5183 1518 5238 studere
1568 5184 1884 5255 capillorum
1940 5183 2100 5240 incri-

492 5275 985 5346 Spationibus.Sed
1032 5286 1088 5330 ut
1119 5275 1275 5331 decet
1322 5275 1571 5332 fteminas
1592 5277 1928 5331 Christianas
1974 5291 2099 5347 pro-

494 5370 773 5426 mittentes
801 5370 1105 5426 castitatem
1137 5385 1246 5426 non
1277 5378 1482 5424 tantum
1509 5369 1687 5426 verbis
1709 5411 1724 5438 ,
1753 5369 1846 5425 sed
1882 5385 1975 5440 per
2006 5370 2102 5426 bo-

504 5477 626 5540 nam
654 5453 1125 5518 conversationem
1189 5459 1258 5532 (Ι
1323 5459 1437 5516 Pet.
1490 5477 1561 5525 ιι,
1623 5462 1726 5526 1:2;
1776 5476 1855 5529 ιιι,
1900 5461 1953 5526 1,
2009 5461 2097 5532 2)

493 5551 640 5609 Sciat
680 5569 740 5610 se
781 5563 960 5611 tacere
996 5554 1200 5610 debere
1229 5553 1281 5609 in
1315 5553 1590 5621 Ecclesia;
1634 5554 1780 5626 loqui
1819 5558 1964 5610 enim
1994 5555 2104 5611 illis

495 5659 601 5702 non
623 5656 702 5702 est
721 5661 1020 5719 congruum
1059 5644 1106 5720 (l
1129 5643 1317 5702 Timot.
1347 5660 1416 5714 ιι,
1447 5647 1509 5702 11
1539 5658 1584 5701 et
1614 5647 1714 5714 1‘2;
1744 5655 1788 5702 et
1814 5646 1836 5700 l
1866 5644 2100 5702 Corinth.

495 5755 607 5808 xxv,
637 5738 753 5811 5.1).
775 5742 986 5799 Debere
1010 5740 1235 5812 obsequi
1255 5757 1365 5799 non
1393 5751 1597 5800 tantum
1622 5741 1920 5812 majoribus
1946 5750 2098 5812 natu,

2206 4635 2312 4690 que
2363 4631 2565 4677 mterna
2609 4625 2802 4679 sectari
2834 4643 2846 4677 :
2879 4625 3015 4682 Filio
3045 4628 3193 4698 ejus,
3230 4629 3458 4687 Domino
3486 4646 3704 4692 nostro.
3729 4635 3817 4689 di-

2206 4723 2364 4768 cente
2392 4713 2631 4784 (Matth.,
2665 4732 2739 4782 vt,
2771 4717 2864 4790 55)
2901 4736 2912 4771 :
2947 4719 3415 4790 Prinmmquazrite
3439 4741 3652 4797 regnum
3689 4727 3810 4792 Dei,

2205 4814 2251 4858 et
2284 4806 2392 4860 lucc
2428 4809 2601 4863 omnia
2639 4823 2962 4880 opponentur
3006 4814 3165 4869 vobis.
3201 4815 3355 4872 Unde
3409 4819 3542 4873 nulli
3585 4821 3813 4877 dubium

2204 4899 2339 4966 fore,
2371 4900 2455 4956 his
2484 4904 2695 4973 copiam
2747 4908 3174 4964 necessariarmn
3205 4925 3385 4966 rerum
3417 4913 3468 4968 in
3513 4916 3673 4970 terris
3702 4934 3812 4973 non

2205 4993 2527 5056 defuturam.
2577 4997 2774 5068 quibus
2827 5001 3069 5056 cmlesﬁa
3123 5016 3498 5075 praeparantur
3551 5006 3720 5076 (Ibid.
3761 5023 3814 5064 ct

2202 5101 2335 5142 vers.
2359 5085 2477 5157 51).
2501 5088 2645 5161 Ergo
2667 5091 2788 5162 quia
2817 5108 2847 5147 a
2876 5092 2989 5148 Deo
3016 5092 3134 5149 haec
3174 5098 3442 5165 speranda
3482 5110 3641 5168 sunt,
3674 5101 3812 5155 nulli

2203 5179 2610 5251 obsequendum
2671 5201 2684 5237 :
2737 5185 2846 5241 imo
2894 5187 3146 5243 omnibus
3193 5189 3638 5261 obsequendum,
3680 5195 3812 5263 quia

2204 5273 2346 5329 Deus
2369 5277 2482 5331 vult
2507 5296 2519 5331 :
2554 5293 2660 5334 non
2691 5280 2814 5350 quia
2841 5279 2910 5334 ab
2955 5282 3073 5350 ipso
3103 5288 3427 5355 temporaria
3455 5287 3664 5356 sperari
3704 5289 3811 5344 dc-

2201 5367 2326 5424 beat
2353 5369 2555 5440 aliquid
2584 5374 2790 5441 praemii
2819 5394 2833 5429 :
2866 5375 2960 5430 sed
2998 5377 3122 5448 quia
3170 5379 3261 5434 Dei
3290 5380 3450 5435 etiam
3484 5381 3538 5436 in
3569 5381 3651 5436 Itis
3677 5382 3816 5452 legi-

2201 5468 2331 5522 tima
2357 5470 2631 5539 complere
2648 5473 3026 5530 contendimus
3051 5475 3092 5543 (l
3117 5474 3264 5531 Petri
3285 5493 3343 5542 ιι,
3395 5477 3504 5548 15).
3523 5477 3815 5536 Postremo

2197 5558 2577 5628 gratulandum
2607 5561 2690 5617 bis
2711 5604 2724 5627 ,
2750 5564 2806 5618 in
2838 5564 3016 5634 primo
3054 5567 3280 5622 exordio
3327 5568 3484 5624 liberi
3523 5570 3734 5626 arbitrii
3764 5573 3814 5627 si

2198 5651 2266 5707 ad
2308 5653 2474 5708 Deum
2529 5658 2882 5722 accesserint,
2914 5675 3130 5715 onmem
3181 5669 3396 5718 aetatem
3456 5677 3608 5719 suam
3662 5665 3815 5720 bono

2202 5742 2325 5800 ﬁdei
2354 5757 2736 5816 comparantes
2769 5766 2782 5802 :
2813 5748 2958 5820 quod
3006 5766 3113 5808 non
3157 5765 3534 5812 consummata
3559 5764 3722 5815 attate
3751 5757 3814 5816 in
