4100 6196
343 264 533 324 745-

1522 263 1861 324 EPISTOLA
1899 263 2033 321 SEU
2079 263 2431 323 LIBELLUS.

3541 273 3648 334 746

342 396 552 445 errore,
574 387 831 435 utessent
852 377 1193 451 postmodum
1220 378 1361 449 quod
1384 379 1660 443 dolerent;
1684 379 1779 433 sed
1796 377 1939 448 quod
1968 387 2017 445 Α
2045 388 2188 450 agat.
2221 379 2277 436 Si
2308 381 2463 437 miles
2489 389 2590 449 est,
2647 382 2730 439 vel
2779 381 3046 450 ol'licialis,
3080 393 3174 440 aut
3201 384 3401 459 (Codex
3427 405 3523 444 ms.
3556 391 3650 444 ha-

342 472 520 528 adhuc
576 471 724 543 pueri
754 484 808 526 et
855 463 1195 536 innocentes,
1225 469 1291 523 ad
1341 470 1435 525 Dei
1478 486 1584 523 non
1616 478 1823 524 tantum
1857 485 1945 524 ve-

342 565 510 630 niam,
536 576 796 636 quantum
821 564 1048 635 gratiam
1079 563 1439 619 acceSsissent
1482 565 1942 635 consequendam.

412 656 553 715 XIII.
575 657 810 714 Juveues
842 672 972 714 vero
999 656 1102 713 hoc
1139 664 1268 712 sunt
1301 657 1625 711 admonendi
1657 657 1817 713 modo
1838 697 1853 721 ,
1887 664 1949 711 ut

341 753 388 809 si
420 766 620 808 uxores
649 750 872 819 habent,
904 750 1201 807 doceantur
1225 758 1374 806 caste
1397 750 1580 807 vivere
1606 766 1728 805 cum
1760 751 1948 807 uxori-

341 847 440 902 bus
472 846 608 902 suis.
637 844 886 902 Alieuam
920 847 1095 900 sciant
1121 844 1444 899 sceleratum
1480 858 1604 899 esse
1635 844 1948 914 contingere

344 937 388 1011 (Ι
412 937 648 995 Corinth.
684 952 781 1002 vlt,
808 937 883 1007 1).
925 936 983 991 lu
1016 937 1119 991 hoc
1136 934 1287 991 dabit
1319 935 1748 1007 experimentum
1770 945 1824 990 et
1851 933 1949 989 do-

343 1044 687 1099 cumentum,
723 1033 1067 1090 renuntiasse
1123 1049 1183 1090 se
1222 1048 1349 1089 vere
1380 1033 1504 1089 vitae
1546 1033 1868 1104 praeteritae,
1902 1032 1945 1088 si

342 1135 626 1199 postquam
653 1125 969 1190 crediderit,
1005 1125 1056 1181 in
1088 1125 1285 1180 melius
1315 1124 1437 1181 vitae
1488 1125 1558 1180 sit
1612 1125 1945 1181 reformatio.

342 1216 496 1275 Tunc
522 1219 667 1274 enim
713 1218 910 1273 desinit
941 1234 1064 1274 esse
1090 1218 1325 1289 gentilis,
1359 1229 1553 1275 etesse
1587 1220 1760 1273 initiat
1796 1217 1950 1273 Chri-

342 1311 583 1377 stiauus,
635 1312 680 1367 si
724 1311 973 1368 universa
1006 1312 1141 1383 legis
1170 1324 1325 1368 caute
1373 1312 1708 1381 custodiens,
1738 1322 1946 1368 castum

342 1420 404 1462 se
443 1405 695 1461 exhibeat
735 1414 791 1462 et
837 1405 1087 1477 pudicum
1121 1405 1161 1477 (1
1203 1405 1324 1462 Cor.
1372 1406 1513 1479 vn,).
1546 1408 1601 1463 Si
1644 1421 1773 1463 vero
1818 1422 1951 1461 uxo-

342 1513 432 1554 res
459 1514 566 1553 non
600 1498 820 1565 habent,
853 1499 1263 1569 constringeudi
1292 1509 1437 1564 sunt,
1470 1510 1527 1554 ut
1551 1509 1646 1555 aut
1692 1499 1946 1568 habeant,

342 1599 438 1647 aut
465 1591 686 1647 omnino
716 1607 777 1647 se
803 1592 1154 1656 contineant,
1188 1607 1256 1648 ne
1287 1602 1475 1664 putent
1517 1594 1618 1649 sibi
1653 1593 1841 1649 eadem
1886 1594 1940 1648 li.

342 1701 492 1753 cere,
524 1674 665 1758 quae
690 1685 918 1758 agebant
960 1698 1116 1740 antea
1148 1684 1367 1757 (Coloss.
1401 1703 1478 1749 tu,
1508 1688 1571 1753 5;
1606 1687 1742 1757 lfph.
1777 1704 1831 1753 v,
1863 1688 1945 1758 5).

2048 474 2149 539 bet,
2177 474 2271 546 an)
2299 474 2496 541 Iudex,
2532 484 2589 530 ut
2609 476 2939 533 moderetur.
2972 477 3248 545 Rusticus,
3271 492 3329 535 ut
3360 495 3465 537 neu
3496 498 3647 537 mur-

2049 578 2247 625 muret.
2282 569 2554 636 Urbanus,
2581 580 2635 624 ut
2665 586 2771 624 non
2804 570 3101 639 subdolus,
3136 580 3193 627 et
3227 572 3650 645 circumspector

2048 662 2150 728 sit,
2176 674 2230 718 et
2258 678 2325 719 ne
2370 663 2421 718 in
2466 665 2630 720 rebus
2661 664 2820 720 malis
2856 679 3013 721 suum
3058 675 3311 723 exerceat
3347 669 3643 739 ingenium.

2047 754 2395 826 Negotiator,
2426 764 2486 811 ut
2534 772 2639 811 non
2689 757 2915 827 pejeret.
2954 758 3238 829 Agricola,
3290 769 3349 814 ut
3376 775 3647 819 annonam

2052 862 2161 902 non
2188 854 2389 918 captet.
2423 846 2647 918 Opifex,
2681 855 2741 903 ut
2767 863 2872 904 non
2904 850 3120 915 illudut,
3154 863 3246 906 aut
3272 851 3427 908 fallat
3454 854 3577 911 185.

2121 939 2240 996 XV.
2282 940 2379 996 Est
2403 951 2583 996 autem
2614 941 2782 1007 ﬁdes,
2811 951 2869 997 ut
2909 942 3098 999 deﬁnit
3127 948 3405 1015 apostolus
3451 948 3651 1005 Paulus

2051 1031 2236 1105 (Hebr.
2269 1049 2353 1101 χι,
2405 1033 2481 1105 1),
2517 1034 2822 1089 Substantia
2864 1052 3073 1102 rerum,
3102 1055 3230 1107 quas
3269 1056 3534 1106 speramus
3556 1082 3570 1106 ,
3604 1047 3655 1095 et

2050 1125 2209 1180 index
2235 1142 2429 1192 rerum,
2469 1144 2597 1199 quas
2636 1144 2737 1182 non
2764 1129 3014 1185 videmus.
3038 1130 3275 1188 Credere
3304 1144 3359 1188 et
3400 1134 3502 1189 lide
3532 1136 3654 1205 quis

2050 1219 2210 1276 debet
2232 1262 2246 1287 ,
2267 1221 2409 1292 quod
2436 1222 2579 1277 Deus
2602 1238 2663 1277 ea
2697 1238 2815 1293 quae
2847 1224 3112 1291 promisit,
3146 1237 3335 1295 potens
3362 1239 3445 1282 est
3469 1237 3521 1282 et
3553 1229 3657 1282 im-

2054 1312 2223 1382 plere.
2266 1323 2320 1369 et
2346 1328 2497 1384 spem
2528 1329 2680 1370 suam
2714 1317 2765 1370 in
2800 1315 3036 1372 futurum
3076 1319 3391 1376 transferre.
3430 1321 3495 1376 Et
3526 1331 3653 1378 tunc

2054 1402 2158 1458 ﬁde
2189 1403 2342 1473 plena
2376 1406 2573 1474 poterit
2599 1407 2665 1461 ad
2690 1422 2910 1477 ea,qu:e
2935 1410 3197 1478 promissa
3226 1421 3372 1478 sunt,
3399 1412 3651 1469 facillime

2051 1496 2336 1565 pervenire
2359 1495 2518 1568 (Πρὸ.
2563 1497 2719 1571 xt,l).
2740 1499 2866 1556 Haec
2886 1502 3040 1557 nobis
3064 1503 3350 1560 invisibilia
3374 1516 3501 1563 ante
3522 1522 3651 1563 ocu-

2053 1589 2134 1645 los
2156 1592 2322 1661 ponit.
2352 1590 2433 1647 Ad
2465 1591 2603 1647 hanc
2633 1594 2884 1664 ingressi,
2903 1604 2957 1651 et
2986 1595 3217 1664 Diaboli,
3244 1609 3298 1654 et
3328 1609 3652 1668 potestatum

2052 1681 2212 1752 hujus
2243 1683 2451 1751 mundi,
2482 1692 2539 1740 et
2566 1684 2758 1741 harum
2803 1686 3143 1743 tenebrarum
3174 1689 3417 1747 univerSa
3450 1692 3655 1749 deseri-

342 1779 705 1836 Reuuntiasse
731 1795 791 1835 se
818 1778 1019 1835 debent
1042 1778 1184 1834 scire
1212 1778 1468 1845 Diabolo,
1495 1794 1602 1834 nou
1631 1780 1834 1847 verbis,
1853 1780 1948 1836 sed
1980 1787 2027 1848 Β
2054 1788 2174 1829 mus
2199 1772 2364 1845 (Eph.
2404 1791 2477 1844 vi,
2495 1776 2584 1842 11,
2604 1776 2760 1847 etc.):
2789 1778 2899 1834 Deo
2919 1794 3040 1835 cum
3066 1780 3254 1837 ﬁducia
3286 1785 3657 1854 proximamus

343 1869 525 1926 factis.
555 1870 995 1937 Admoneautur,
1026 1878 1080 1925 et
1110 1872 1282 1925 sciant
1313 1870 1597 1927 interdicta
1630 1886 1751 1928 esse
1784 1872 1953 1926 forni-

2056 1866 2181 1923 186.
2213 1866 2454 1925 Credere
2483 1870 2650 1937 enim,
2683 1879 2735 1927 et
2756 1886 2977 1942 sperare
3002 1890 3223 1933 necesse
3252 1888 3337 1933 est
3366 1895 3486 1950 qua:
3516 1881 3658 1938 Deus

346 1962 615 2018 catiouem
660 1971 716 2018 et
737 1961 1089 2017 adulterium.
1109 1960 1321 2018 Nullam
1348 1961 1599 2018 feminam
1633 1962 1798 2019 licere
1820 1978 1952 2019 con-
2048 1959 2229 2028 jussit,
2260 1974 2382 2014 cum
2401 1976 2521 2031 qua:
2550 1960 3140 2036 Diabolusioseruerat,
3159 1968 3508 2042 abnegamus.
3532 1973 3654 2030 187.

347 2054 575 2126 tingere,
598 2063 836 2125 excepta
869 2068 1060 2122 uxore,
1094 2063 1148 2108 et
1179 2055 1345 2124 ipsam
1371 2054 1564 2109 deilice
1583 2064 1949 2125 comparatam

347 2146 473 2202 176.
499 2147 682 2213 Itaque
696 2154 790 2201 aut
816 2145 923 2200 illis
945 2145 1188 2201 ducenda
1216 2156 1301 2201 est
1333 2162 1467 2200 uxor
1500 2146 1539 2218 (1
1563 2144 1823 2213 Corinth.,
1850 2163 1947 2212 vlt,

346 2241 404 2307 9,
439 2240 542 2306 Qui
568 2257 621 2294 se
664 2256 768 2293 non
822 2240 1105 2305 continent,
1165 2238 1382 2312 nubant)
1405 2282 1422 2308 ,
1451 2250 1543 2293 aut
1582 2240 1953 2312 amplectenda

346 2334 699 2390 continentia.
740 2335 883 2389 Sane
924 2350 992 2389 ne
1041 2333 1212 2390 territi
1255 2333 1415 2389 ﬁdem
1458 2332 1743 2400 dill'erant,
1781 2334 1956 2390 sciant

350 2425 553 2481 malum
582 2439 703 2481 esse
726 2435 949 2497 propter
990 2424 1384 2481 immunditiam
1410 2442 1516 2480 non
1544 2419 1906 2481 credere-I77
1938 2443 1950 2480 :

350 2521 591 2578 deterius
612 2535 731 2576 esse
758 2519 1079 2591 impudicos,
1105 2529 1388 2591 postquam
1416 2519 1770 2587 crediderint,
1802 2518 1955 2575 inve-

351 2614 477 2669 niri.
504 2612 972 2668 Considerandum
998 2611 1306 2683 juvenibus,
1333 2622 1391 2666 ut
1434 2612 1488 2667 iu
1530 2612 1781 2667 omnibus
1804 2613 1959 2667 laetis

352 2714 570 2761 etatem
602 2719 755 2761 suam
795 2714 1089 2775 superent,
1120 2705 1302 2759 animo
1337 2713 1391 2760 et
1428 2705 1624 2760 virtute
1652 2703 1823 2760 fortes
1860 2720 1873 2757 :
1905 2712 1960 2759 et

351 2799 494 2870 apud
520 2798 830 2854 interiorem
856 2798 1129 2853 hominem
1184 2796 1250 2871 (ll
1280 2794 1401 2853 Cor.
1450 2814 1521 2863 tv,
1577 2796 1665 2867 16)
1704 2796 1957 2867 juvenes;

353 2890 399 2964 (I
425 2890 658 2948 Corinth.
694 2907 802 2955 xiv,
856 2889 949 2964 20)
1018 2893 1158 2947 inter
1204 2905 1365 2947 senes
1413 2890 1520 2945 Deo
1558 2888 1741 2961 judice
1786 2888 1955 2944 collo-

352 2994 548 3040 eeutur
574 2984 699 3040 178.
727 2982 1121 3040 Gratulandum
1144 2982 1307 3039 etiam
1336 2981 1482 3054 quod
1505 2995 1610 3036 non
1633 2980 1780 3037 omni
1802 2991 1962 3036 suate

353 3089 732 3135 consummata
754 3120 769 3143 ,
797 3075 894 3133 sed
937 3078 993 3132 in
1024 3078 1142 3147 ipso
1182 3086 1399 3132 aetatum
1430 3076 1633 3137 calore.
1669 3083 1725 3131 et
1761 3075 1815 3130 in
1846 3074 1962 3147 ipsa

2126 2047 2266 2105 XVI.
2302 2048 2488 2107 Fidem
2517 2067 2644 2121 spes
2668 2055 2934 2124 sequitur.
2984 2058 3168 2129 Itaque
3197 2060 3264 2116 de
3309 2062 3424 2133 ipsa
3469 2063 3660 2136 loqua-

2054 2156 2195 2196 mur.
2230 2141 2325 2197 Est
2350 2143 2512 2212 igitur
2542 2159 2668 2215 spes
2692 2149 2980 2219 expectatio
3003 2167 3172 2205 rerum
3199 2155 3426 2209 onmium
3458 2160 3660 2228 futura-

2054 2248 2193 2296 rum,
2243 2250 2369 2304 quas
2417 2236 2471 2289 in
2516 2235 2623 2305 ﬁde
2668 2237 2965 2294 habemus:
3015 2256 3110 2310 per
3153 2259 3313 2311 quam
3363 2246 3659 2316 salvamur,

2057 2322 2224 2377 Paulo
2250 2326 2525 2383 scribente
2562 2332 2809 2399 apostolo
2840 2330 3180 2403 (Rom.,vtu,
3212 2334 3306 2408 24)
3332 2354 3351 2391 .·
3379 2338 3488 2408 Spe
3529 2342 3663 2396 enim

2057 2414 2243 2469 saluati
2268 2432 2464 2472 sumus.
2489 2417 2627 2488 Spes
2653 2430 2859 2488 autem,
2882 2441 3001 2494 quae
3022 2425 3253 2494 videlur,
3284 2444 3391 2485 non
3410 2439 3494 2486 est
3514 2446 3661 2502 spes.

2057 2508 2213 2577 Quod
2242 2522 2422 2567 autem
2450 2512 2617 2579 videt,
2652 2515 2771 2585 quis
2814 2519 3040 2585 sperat?
3072 2519 3129 2574 Si
3167 2532 3349 2577 autem
3379 2525 3524 2595 quod
3553 2543 3663 2583 non

2059 2600 2324 2668 videmus,
2355 2616 2771 2675 speramus,per
2794 2607 3107 2676 patientiam
3135 2624 3506 2684 expectamus.
3536 2618 3665 2676 Haec

2060 2692 2115 2746 in
2143 2706 2204 2747 se
2236 2692 2397 2748 habet
2420 2694 2666 2750 timorem
2698 2712 2711 2750 :
2737 2712 2842 2751 non
2868 2698 3014 2753 illum
3041 2699 3186 2767 dico,
3206 2705 3360 2771 cujus
3389 2705 3663 2777 oblivisci,

2060 2794 2116 2838 et
2146 2798 2306 2854 quem
2353 2783 2500 2841 foras
2545 2786 2707 2843 debet
2737 2789 2953 2845 mittere
2980 2792 3222 2863 quiSquis
3254 2796 3304 2850 in
3347 2796 3455 2853 ﬁde
3494 2799 3661 2866 vivit;

2062 2874 2157 2930 sed
2172 2874 2267 2946 qui
2286 2892 2424 2932 unus
2451 2877 2518 2933 de
2546 2880 2849 2949 spiritibus,
2879 2884 3074 2953 quibus
3096 2888 3336 2956 repletur
3361 2888 3540 2956 Jesus,
3560 2893 3666 2949 sic-

2063 2976 2124 3022 ut
2153 2967 2316 3024 lsaias
2346 2978 2572 3027 testatur
2626 2971 2761 3045 (lsa.
2792 2990 2868 3040 xl,
2896 2973 2949 3046 1)
2977 2993 2989 3029 :
3023 2975 3174 3033 Exiet
3196 2981 3340 3053 virga
3377 2982 3441 3038 de
3487 2985 3665 3042 radice

2062 3061 2240 3129 Iesse,
2289 3074 2335 3119 et
2379 3067 2478 3136 ﬂos
2529 3067 2593 3122 de
2630 3068 2805 3124 radice
2844 3072 2957 3139 ejus
2999 3074 3257 3142 ascendet,
3299 3086 3349 3130 et
3391 3079 3670 3148 requiescet

356 3171 726 3227 adolescentia
755 3169 1082 3240 ﬂagitiorum
1103 3170 1301 3224 auctori
1324 3169 1573 3231 Diabolo,
1599 3167 1962 3225 etimmundis
1991 3175 2036 3239 ρ
2065 3173 2219 3226 super
2262 3174 2379 3212 eum
2422 3160 2636 3230 spiritus
2680 3162 2966 3232 sapientiae,
2998 3174 3044 3219 et
3065 3167 3351 3222 intellectus
3376 3211 3391 3235 ,
3436 3172 3669 3241 spiritus,

356 3264 520 3321 factis
565 3262 1033 3320 renuntiaverint:
1074 3274 1129 3318 et
1156 3261 1397 3318 renovati
1429 3260 1721 3318 exhibeant
1758 3277 1817 3316 se
1852 3260 1965 3316 Deo

360 3371 531 3430 puros
559 3356 611 3410 in
640 3354 840 3410 malitia
861 3352 1054 3427 (Ibid)
1089 3372 1103 3408 :
1127 3353 1186 3409 In
1207 3353 1594 3410 tentationibus
1623 3353 1881 3424 juvenes;
1911 3352 1965 3408 in

364 3448 640 3517 consiliis,
673 3456 726 3505 et
756 3448 1172 3519 cogitationibus
1202 3461 1361 3502 senes
1382 3460 1572 3516 graves
1606 3446 1727 3501 179.
1762 3444 1827 3498 Et
1867 3442 1967 3498 hos

363 3560 556 3600 omnes
586 3541 886 3599 monendos
916 3556 1039 3595 es.~e
1077 3539 1354 3603 existimo,
1382 3548 1437 3593 ut
1466 3537 1718 3594 omnibus
1751 3544 1970 3607 propter

374 3639 547 3693 Deum
598 3637 965 3707 obsequantur
995 3632 1035 3706 (Ι
1081 3631 1225 3686 Petr.
1267 3647 1326 3696 ll,
1376 3631 1462 3701 15)
1501 3649 1514 3684 :
1560 3629 1779 3686 domum
1818 3644 1967 3683 suam

364 3731 505 3787 bene
530 3746 723 3801 regere
751 3731 963 3785 discant
988 3727 1033 3797 (Ι
1066 3725 1199 3782 Tim.
1244 3740 1279 3780 v
1300 3768 1313 3791 ,
1370 3723 1427 3784 4)
1455 3744 1467 3778 :
1504 3726 1546 3780 si
1580 3725 1720 3779 ﬁlios
1752 3723 1969 3787 habent,

364 3825 457 3897 pie
485 3832 718 3879 tractent
742 3820 931 3897 (Ibid.,
963 3838 1092 3876 vers.
1120 3820 1223 3887 lo;
1268 3818 1371 3875 Tit.
1413 3834 1470 3883 ιι,
1521 3815 1601 3887 4),
1627 3827 1681 3872 et
1708 3816 1976 3871 instruant

366 3919 533 3976 rebus
560 3917 805 3974 deiﬁcis:
840 3918 955 3972 haec
985 3917 1130 3971 enim
1158 3916 1310 3986 signa
1346 3922 1473 3969 sunt
1505 3912 1627 3968 ﬁdei
1659 3922 1890 3977 nostrae,
1926 3912 1973 3965 si

368 4027 480 4066 non
520 4011 694 4065 solum
746 4008 1174 4073 crediderimus,
1217 4022 1404 4063 verum
1444 4006 1608 4062 etiam
1650 4004 1798 4068 aliis,
1856 4019 1977 4075 qua:

368 4103 788 4167 crediderimus,
824 4101 1204 4158 tradiderimus
1233 4099 1355 4155 180.

444 4196 584 4253 XIV.
614 4195 808 4252 Milites
842 4194 1044 4250 Christi
1077 4195 1249 4250 sciant
1289 4208 1348 4249 se
1381 4192 1432 4248 in
1460 4207 1593 4263 pace
1621 4190 1821 4248 debere
1858 4204 1980 4246 esse

372 4291 672 4355 Sollicitos,
700 4296 755 4344 et
794 4289 847 4343 in
890 4288 1265 4359 persecutione
1307 4286 1651 4343 fortissimos.
1675 4284 1752 4340 Ita
1782 4300 1978 4340 nomen

372 4384 581 4439 militiae
608 4380 846 4446 dedisse,
876 4392 928 4436 et
957 4380 1208 4435 dunativa
1237 4380 1319 4435 vel
1352 4378 1616 4447 stipendia
1652 4378 1733 4435 sic
1759 4391 1982 4449 sperare

372 4479 500 4533 vita:
531 4487 748 4533 acterna:
778 4476 874 4531 181
902 4515 918 4541 ,
947 4483 1007 4529 ut
1045 4483 1241 4545 praeter
1277 4473 1583 4544 quotidiana
1634 4473 1784 4543 pacis
1809 4480 1983 4527 certa-

2070 3253 2295 3307 scientiw
2337 3263 2385 3308 et
2427 3254 2648 3323 pietatis,
2689 3265 2735 3309 et
2761 3254 2972 3325 replebit
3025 3258 3173 3312 illum
3224 3261 3437 3329 spiritus
3475 3264 3673 3318 timoris

2069 3344 2323 3401 Domini:
2365 3345 2518 3401 lllum
2552 3348 2832 3417 spiritum,
2877 3366 3036 3420 quem
3084 3351 3250 3408 David
3297 3356 3441 3410 canit
3485 3356 3674 3414 dicens

2071 3434 2245 3508 (Psal.
2300 3451 2510 3506 xxxut,
2564 3436 2653 3511 10)
2696 3456 2710 3492 :
2772 3439 2963 3497 Timete
3004 3441 3302 3511 Dominum,
3361 3444 3501 3503 Iusti
3541 3450 3668 3520 ejus.

2071 3527 2229 3585 Unde
2259 3539 2313 3584 et
2355 3529 2495 3585 beati
2522 3530 2857 3599 efﬁciuntur,
2889 3534 3081 3592 eodem
3114 3545 3469 3607 protestante,
3497 3549 3551 3595 et
3596 3541 3675 3596 di-

2072 3633 2232 3680 cente
2262 3623 2381 3696 (Ps.
2416 3641 2522 3691 cn,
2558 3624 2611 3698 1)
2657 3644 2671 3680 :
2705 3625 2893 3683 Beatus
2919 3630 2996 3684 vir
3015 3632 3104 3699 qui
3117 3631 3256 3686 tintet
3281 3629 3582 3688 Dominam.
3613 3635 3681 3690 ll—

2074 3720 2183 3776 lum
2214 3721 2461 3775 timorem
2493 3720 2751 3793 dicit,qui
2769 3731 2948 3779 castus
2979 3731 3062 3779 est
3082 3735 3132 3779 et
3151 3724 3397 3795 pudicus.
3417 3724 3676 3792 Quoniam

2078 3815 2230 3870 timor
2265 3814 2473 3869 Domini
2497 3826 2689 3883 castus,
2736 3817 2911 3887 inquit
2935 3817 3107 3873 David
3134 3818 3305 3891 (Psal.
3362 3836 3514 3885 xvut,
3549 3822 3639 3894 10)
3660 3864 3676 3888 ,

2078 3917 2339 3980 permanet
2372 3908 2427 3962 in
2454 3907 2699 3963 secutum
2727 3911 2922 3965 saeculi.
2955 3909 3098 3980 Ergo
3141 3910 3337 3980 duplex
3386 3923 3469 3967 est
3518 3913 3678 3969 etiam

2081 4002 2263 4069 timor,
2301 4012 2358 4059 et
2406 4017 2543 4057 unus
2588 4002 2924 4073 appetendos
2968 4014 3023 4058 et
3074 4003 3211 4060 alius
3247 4005 3552 4075 fugiendus.
3584 4007 3683 4063 Est

2081 4100 2242 4170 igitur
2294 4099 2454 4154 timor
2478 4097 2837 4170 appetendus,
2874 4098 3196 4165 admonitio,
3220 4108 3275 4155 et
3319 4102 3562 4157 custodia
3592 4118 3679 4158 re-

2082 4206 2201 4246 rum
2229 4190 2496 4257 ninnium,
2518 4205 2652 4258 quas
2679 4190 2953 4247 credimus
2990 4200 3082 4245 aut
3137 4205 3418 4262 Speramus
3448 4210 3461 4247 :
3492 4193 3682 4250 timea-

2085 4298 2206 4339 mus
2231 4284 2374 4340 cnim
2421 4282 2712 4352 Indicium,
2746 4285 2869 4353 quia
2920 4299 3237 4353 speramus;
3286 4298 3340 4341 et
3385 4298 3688 4345 metuamus

2085 4377 2397 4439 Dominum,
2427 4376 2552 4446 quia
2583 4378 2774 4433 fortem
2808 4378 2959 4433 illum
2991 4377 3237 4434 Iudicem
3268 4380 3562 4437 credimus.

2161 4469 2326 4526 XVII.
2367 4468 2477 4526 Sed
2501 4469 2757 4540 quoniam
2802 4478 2982 4527 castus
3007 4479 3093 4526 est
3132 4471 3295 4527 timor
3338 4473 3472 4540 Dei,
3509 4483 3563 4529 et
3601 4484 3686 4530 est

377 4571 548 4635 mina,
576 4584 699 4639 qua:
725 4569 866 4624 circa
895 4565 1177 4622 Diabolum
1202 4607 1215 4628 ,
1247 4566 1330 4620 cui
1362 4564 1807 4629 renuntiavimus,
1827 4563 1985 4634 .geri-
2015 4567 2062 4628 D
2088 4562 2309 4618 castitas
2334 4562 2543 4631 Species
2566 4565 2950 4628 continentiae;
2986 4563 3054 4619 de
3092 4565 3424 4620 continentia
3464 4573 3520 4619 et
3569 4566 3687 4633 ejus

380 4677 536 4727 mus,
568 4659 1052 4730 persecutiottioois
1093 4672 1323 4729 pugnam
1364 4668 1418 4711 et
1455 4656 1638 4726 praelia
1686 4657 1986 4726 cogitemus

386 4752 509 4809 182.
534 4751 650 4807 Non
681 4751 925 4821 corporis
955 4749 1217 4821 supplicia
1249 4748 1569 4814 metuenda;
1604 4748 1700 4804 sed
1741 4748 1991 4804 conside-

379 4844 551 4902 randa
576 4843 766 4899 merita
787 4884 804 4912 ,
834 4843 915 4898 vel
947 4842 1231 4912 promissa.
1255 4839 1552 4911 Captivitas
1582 4840 1757 4910 potius
1793 4846 1851 4895 et
1887 4838 1988 4895 sub

382 4938 542 4994 hoste
562 4938 816 5002 servitus,
839 4945 895 4992 et
928 4935 1146 4992 exilium
1178 4937 1416 4992 caelestis
1446 4934 1661 5000 Patriae,
1698 4944 1753 4988 et
1784 4935 1876 4988 Dei
1899 4933 1992 4989 Ju-

382 5027 614 5089 dicium‘.
649 5027 811 5084 etiam
846 5027 1121 5083 insultatio
1153 5026 1378 5092 inimici,
1406 5035 1461 5081 et
1491 5040 1641 5080 mors
1675 5034 1876 5081 teterna
1900 5067 1917 5091 ,
1938 5033 1995 5080 et

385 5129 588 5176 aeterna
618 5129 886 5175 tormenta
920 5118 1352 5190 pertimescenda
1383 5127 1510 5172 sunt
1559 5117 1683 5173 185.
1727 5114 1992 5171 Conside-

388 5227 595 5276 remus,
628 5228 728 5267 nos
756 5228 947 5266 onmes
968 5226 1087 5266 esse
1115 5211 1390 5274 mortales,
1417 5220 1471 5265 et
1502 5224 1723 5265 necesse
1751 5222 1874 5264 esse
1898 5222 1996 5264 nos

386 5307 552 5362 mori.
578 5306 749 5373 Quam
780 5304 1074 5377 gloriosum
1123 5314 1178 5358 et
1205 5303 1633 5374 praedicandum,
1657 5301 1703 5357 si
1730 5300 1872 5372 quod
1903 5316 1998 5356 uc-

389 5412 547 5455 cesse
570 5408 653 5453 eat
683 5395 812 5466 pati,
837 5407 1181 5467 expugnatur
1202 5396 1256 5451 in
1284 5395 1477 5466 gloria.
1509 5394 1791 5466 Aplandus
1820 5393 1997 5449 omnis

390 5489 652 5548 sermliad
670 5489 1093 5545 destructionem
1139 5488 1425 5556 idolatria‘,
1482 5499 1536 5543 et
1566 5487 1807 5559 martyrii
1836 5500 1994 5540 eoro-

391 5598 522 5640 nam
555 5583 891 5648 laudandam,
930 5592 986 5636 ut
1015 5581 1303 5637 omnifarie
1329 5580 1396 5637 ad
1428 5579 1842 5651 expugnandum
1873 5577 2001 5633 hos-

394 5689 529 5741 tem,
558 5689 612 5732 et
641 5677 757 5747 ejus
797 5676 978 5748 jacula
1006 5675 1315 5746 repellenda
1348 5676 1502 5730 miles
1525 5672 1726 5729 Christi
1766 5670 2004 5726 munitus

396 5770 614 5830 incedat
658 5771 781 5829 181.
825 5770 876 5826 ls
914 5772 1003 5842 qui
1055 5769 1417 5842 evangelizat,
1467 5769 1829 5842 interrogetur
1876 5765 2005 5840 quid

841 5869 1119 5931 Ρηκοι..
1169 5865 1253 5927 Χ.

2091 4654 2380 4709 virtutibus
2405 4669 2548 4708 llllllc
2576 4654 2912 4710 tractandum
2944 4664 3048 4710 est.
3075 4656 3170 4710 Est
3195 4666 3373 4711 autem
3404 4658 3688 4713 continen-

2094 4746 2164 4801 tia
2188 4745 2597 4814 appetendarum
2626 4745 2857 4799 omnium
2900 4762 3074 4800 rerum
3102 4746 3359 4801 malarum
3383 4750 3686 4819 refrenatio.

2094 4837 2358 4891 Maiarum
2392 4836 2514 4892 ideo
2551 4837 2768 4905 addidi,
2816 4852 2883 4893 ne
2911 4838 3131 4895 Iudices
3160 4849 3382 4911 putent,
3412 4840 3694 4900 dilﬁnitio—

2096 4945 2220 4986 nem
2245 4928 2402 4982 istam
2431 4942 2778 4983 communem
2809 4943 2931 4985 esse
2956 4930 3009 4984 in
3036 4930 3200 4987 rebus
3224 4933 3399 5000 bonis,
3433 4944 3488 4990 et
3512 4934 3692 4991 malis.

2098 5020 2231 5077 Nam
2259 5019 2351 5089 qui
2378 5035 2437 5076 se
2465 5035 2493 5074 a
2516 5019 2671 5076 bonis
2696 5020 2897 5076 retinet
2916 5062 2931 5087 ,
2965 5038 3071 5078 non
3103 5025 3243 5081 bene
3271 5037 3353 5082 est
3376 5028 3691 5096 continens;

2100 5113 2196 5168 sed
2216 5127 2249 5168 a
2273 5112 2464 5177 malis,
2496 5122 2666 5167 recte.
2694 5110 2799 5168 Sed
2848 5114 2901 5168 in
2955 5114 3206 5171 oumibus
3237 5131 3368 5174 sane
3415 5122 3698 5193 praeceptis

2101 5206 2300 5277 duplex
2331 5206 2733 5274 consideratio,
2775 5214 2834 5262 et
2862 5205 3109 5264 doctrina
3134 5223 3258 5266 esse
3288 5209 3470 5266 debet.
3505 5212 3571 5267 Et
3598 5213 3700 5270 hoc

2101 5298 2442 5356 retiuendmn
2493 5308 2546 5354 et
2576 5298 2978 5355 observandum
3008 5300 3063 5356 iu
3091 5302 3304 5357 caeteris
3331 5304 3588 5371 arbitror,
3615 5318 3695 5375 ut,

2105 5405 2227 5446 cum
2249 5404 2411 5445 uuam
2446 5397 2651 5459 partem
2687 5392 3006 5447 tractaveris
3029 5431 3045 5456 ,
3075 5394 3403 5449 contrariam
3433 5399 3649 5453 noveris
3682 5415 3700 5454 :
3729 5402 3746 5414 ‘

2107 5494 2159 5540 et
2189 5485 2258 5538 ita
2293 5499 2474 5538 rerum
2506 5484 2742 5554 ipsarum
2774 5483 3043 5539 institutio
3067 5485 3232 5554 exigit
3253 5527 3267 5549 ,
3298 5496 3378 5551 ut,
3408 5503 3529 5545 eum
3567 5492 3704 5547 alte-

2108 5589 2221 5630 ram
2257 5586 2464 5643 partem
2500 5577 2740 5630 tenueris
2764 5616 2778 5640 ,
2826 5577 3051 5631 alteram
3101 5590 3323 5632 necesse
3352 5591 3433 5634 est
3480 5581 3705 5640 deseras

2113 5666 2235 5723 188.
2268 5666 2529 5721 Malorum
2553 5683 2684 5722 sane
2714 5667 3070 5723 substantiam
3090 5668 3158 5723 ab
3178 5669 3329 5726 initio
3361 5674 3560 5731 nullam
3586 5693 3708 5735 esse

2112 5763 2513 5837 comperimus;
2544 5764 2744 5837 quippe
2795 5762 3278 5821 iuobedieutia.....
3322 5771 3480 5842 juxta
3527 5770 3713 5828 bonum

3037 5858 3116 5921 2b
