4100 6196
440 292 544 352 717

1638 280 1883 343 SANC'I‘I
1924 278 2184 342 HILARII
2224 274 2531 347 EPISCOPI

3640 284 3751 344 748

440 405 636 461 malum
659 412 735 460 est
761 399 1144 471 (Ecclesiastic.
1184 415 1390 468 xxxnt,
1425 399 1547 471 15).
1579 399 1651 456 Et
1687 415 1809 472 quae
1840 399 1884 455 si
1913 414 2041 456 nus-
2066 400 2120 463 Α
2145 400 2529 471 comprobari;
2559 400 2680 456 cum
2730 398 2796 455 ab
2841 399 2974 472 ipsis
3017 400 3168 471 prius
3209 398 3407 458 mentis
3436 401 3751 473 requiratur

444 514 604 571 quam
633 506 1014 569 comparentur
1038 495 1139 551 sibi
1177 512 1191 549 :
1225 493 1353 551 boni
1377 494 1544 549 tutela
1564 502 1817 549 servatur
1839 493 1965 549 189.

520 591 709 648 XVIII.
739 587 1087 647 Coutineutia
1112 585 1277 660 igitur
1303 586 1552 643 docenda
1580 597 1665 643 est
1702 594 1759 643 et
1809 585 2041 642 tenenda

449 687 503 741 in
525 683 682 740 malis
711 682 899 738 rebus.
929 681 988 736 In
1016 680 1174 738 bonis
1195 679 1426 736 aviditas
1451 679 1712 751 exigenda
1740 688 1844 735 est.
1875 676 2042 733 David

444 774 757 849 pronuntiat
789 783 845 831 et
906 774 1067 830 docet
1105 770 1291 830 dicens
1331 772 1507 847 (Psal.
1536 788 1653 841 cxx,
1690 770 1761 845 1)
1792 788 1807 828 :
1851 771 2044 827 Beatus

440 870 539 935 vir,
569 868 658 938 qui
687 868 831 921 timet
870 865 1152 922 Dominum
1184 881 1200 923 :
1230 868 1284 921 in
1320 866 1578 921 mandatis
1603 865 1713 938 ejus
1749 866 1916 939 cupiet
1960 866 2043 920 ni-

442 964 560 1018 mis.
593 962 724 1017 Item
753 961 1123 1017 continentem
1161 959 1366 1022 debere
1393 972 1515 1015 esse
1549 960 1601 1013 in
1629 958 1821 1027 malis,
1860 967 1915 1014 et
1942 974 2041 1028 ap-

443 1064 716 1129 petentem
763 1055 1029 1112 bonorum
1059 1097 1073 1119 ,
1107 1056 1158 1109 in
1188 1054 1296 1109 alio
1322 1063 1624 1125 praemonet
1666 1052 1911 1123 psalmo,
1964 1052 2045 1107 sic

437 1149 625 1206 dicens
681 1149 858 1223 (Psal.
901 1162 1102 1215 xxxttt,
1147 1147 1303 1216 14;:
1353 1145 1568 1202 Contine
1616 1145 1847 1216 linguam
1902 1152 2043 1198 tuam

440 1262 473 1300 α
495 1244 655 1310 malo,
679 1252 726 1298 et
742 1243 879 1297 labia
894 1253 982 1296 tua
997 1259 1057 1296 ne
1074 1241 1349 1311 loquantur
1361 1223 1629 1294 insidiosa.
1646 1234 1800 1292 Evita
1819 1255 1851 1292 a
1877 1238 2039 1304 malo,

438 1349 488 1393 et
510 1343 596 1410 fac
624 1337 842 1402 bonum;
864 1350 1034 1407 qurere
1056 1348 1229 1405 pacem
1250 1375 1266 1401 ,
1328 1342 1377 1388 et
1415 1331 1739 1402 consequeris
1770 1347 1879 1386 eam
1910 1329 2036 1386 I90.

512 1429 659 1486 XIX.
693 1430 875 1485 Placet
902 1427 1064 1484 etiam
1092 1428 1160 1482 de
1187 1424 1588 1482 continentibus
1608 1422 1861 1479 conferre
1893 1421 1991 1477 191
2023 1437 2038 1475 :

439 1527 642 1583 multos
668 1525 813 1581 enim
843 1524 1004 1581 video
1031 1522 1181 1593 juxta
1216 1522 1655 1590 conjunctionem
1699 1519 2038 1591 coniugalem

438 1620 782 1675 continentes
827 1614 1206 1671 tantummodo
1237 1614 1341 1670 192
1369 1655 1385 1681 ,
1415 1621 1473 1668 et
1501 1613 1553 1667 in
1592 1612 1817 1683 reliquis
1861 1610 2038 1666 conti-

438 1712 637 1768 nentia)
670 1711 911 1783 partibus
961 1708 1215 1765 omnibus
1242 1749 1257 1775 ,
1309 1705 1603 1778 gentilibus
1654 1720 1780 1762 esse
1810 1703 2041 1761 deterri-

2148 496 2428 566 integritas
2453 536 2469 562 ,
2499 509 2825 565 quamquam
2876 507 2977 549 nec
3014 492 3068 549 in
3114 508 3343 564 corpore
3370 494 3594 550 omnino
3619 510 3749 551 exa-

2148 587 2343 642 minari
2394 585 2624 657 possint.
2657 585 2771 640 Non
2802 585 2946 641 enim
2997 585 3343 642 conscientia:
3378 585 3615 643 latebras
3645 587 3747 642 ho-

2148 680 2386 737 minibus
2414 678 2555 736 scire
2581 721 2595 744 ,
2638 689 2729 735 aut
2757 678 2965 735 nudare
3000 676 3319 749 permissum
3358 687 3477 744 est,
3530 677 3751 735 dicente

2150 774 2424 844 Scriptura
2456 772 2509 845 (I
2532 767 2661 844 Reg.
2693 786 2786 827 xvr
2805 816 2819 839 ,
2847 772 2902 845 7)
2930 787 2946 827 :
2979 769 3149 826 Homo
3171 772 3308 826 videt
3334 773 3389 827 in
3412 772 3567 846 facie,
3607 772 3750 828 Deus

2147 880 2316 923 autem
2344 869 2398 922 in
2432 866 2605 922 corde.
2643 864 2787 921 Deus
2812 864 2954 921 solus
2976 866 3155 920 intima
3183 874 3235 920 et
3256 875 3449 920 secreta
3473 867 3748 936 conspicit.

2149 962 2256 1019 Sed
2285 960 2571 1018 manifesta
2601 969 2687 1017 est
2714 975 2817 1016 vox
2850 959 3063 1015 Domini
3088 959 3360 1016 monentis
3382 959 3612 1034 (Matth.
3637 974 3745 1029 vn,

2149 1058 2244 1131 20)
2279 1078 2292 1115 :
2322 1058 2367 1114 Α
2396 1058 2649 1129 fructibus
2677 1074 2855 1114 eorum
2897 1058 3216 1131 cognoscetis
3260 1075 3366 1115 eos.
3406 1057 3464 1115 Si
3493 1057 3749 1115 conside-

2148 1153 2279 1208 retis
2300 1194 2315 1219 ,
2356 1150 2531 1224 qualis
2560 1165 2754 1208 eorum
2784 1163 3066 1223 aspectus;
3095 1167 3257 1224 quam
3292 1151 3503 1208 turbata
3533 1151 3749 1222 fronte,

2147 1260 2310 1316 quam
2349 1244 2713 1302 inverecunda
2752 1246 3086 1317 respiciunt;
3126 1255 3387 1315 quantum
3425 1243 3666 1301 audacia:
3692 1244 3749 1301 in

2151 1338 2343 1402 vultu,
2397 1347 2657 1409 quantum
2703 1340 3025 1394 constantia:
3075 1347 3289 1409 gerunt,
3336 1337 3639 1409 impudicus
3694 1338 3749 1394 in

2148 1432 2466 1504 quibusdam
2496 1433 2696 1500 cultus,
2728 1441 2782 1488 et
2813 1431 3094 1488 affectatus
3132 1429 3376 1489 incessus
3412 1431 3750 1503 professione

2142 1524 2415 1594 jactantite
2436 1522 2558 1582 199.
2592 1524 2659 1579 Et
2685 1523 2753 1579 ad
2782 1525 2882 1579 hoc
2913 1523 3219 1595 hujusmodi
3253 1524 3605 1595 professionis
3636 1523 3752 1580 vel-

2146 1618 2223 1672 uti
2253 1616 2470 1673 devotio
2529 1616 2796 1687 procedit,
2829 1626 2886 1673 ut
2910 1627 3129 1688 propter
3158 1632 3377 1681 nomen,
3406 1616 3549 1687 quod
3571 1616 3751 1673 solum

2148 1719 2389 1781 portant,
2412 1711 2759 1787 virginitatis,
2784 1709 3100 1780 appetibiles
3129 1708 3276 1763 fiant.
3305 1706 3435 1764 Inde
3462 1719 3565 1773 est,
3600 1706 3749 1777 quod

437 1819 578 1862 mos.
617 1805 676 1861 Si
718 1804 863 1860 enim
906 1801 1255 1869 consideres,
1289 1816 1449 1872 quam
1478 1798 1694 1869 plurimi
1740 1799 1954 1854 illorum
1986 1805 2041 1854 et
2071 1802 2120 1865 Β
2151 1819 2211 1859 se
2241 1804 2518 1871 indicant,
2564 1818 2685 1859 eum
2735 1819 2793 1859 se
2840 1805 3017 1859 celare
3043 1802 3382 1866 debuerant,
3426 1801 3538 1857 Deo
3593 1800 3751 1857 exhi-

436 1898 678 1955 iracundi
702 1907 862 1961 sunt,
898 1904 954 1951 et
979 1894 1217 1961 ebriosi,
1246 1900 1299 1949 et
1340 1906 1632 1964 procaces,
1684 1899 1739 1947 et
1774 1891 2036 1962 superbi,

436 2002 486 2048 et
530 2002 599 2048 ex
652 1992 826 2045 lorum
865 1988 1031 2044 veluti
1064 1984 1414 2044 continentia:
1460 1984 1637 2056 magis
1676 1981 1843 2039 inilati
1867 2024 1881 2050 ,
1916 1998 2037 2054 per-

436 2098 723 2152 cnseores,
756 2082 1051 2147 maledici,
1102 2078 1318 2150 cupidi,
1370 2077 1597 2144 tumidi,
1669 2072 1895 2131 multum
1934 2074 2037 2131 sibi

435 2176 746 2247 placentes,
788 2183 849 2230 ut
889 2174 1061 2243 magis
1082 2170 1323 2241 judices,
1355 2169 1501 2225 illam
1549 2168 1720 2239 ipsam
1743 2208 1758 2234 ,
1787 2181 1947 2238 quam
1978 2181 2038 2221 se

433 2268 716 2340 proferunt
737 2268 941 2325 habere
966 2265 1070 2321 I95
1094 2261 1513 2329 continentiam,
1547 2260 1792 2316 fomitem
1814 2269 1869 2314 et
1891 2258 2039 2313 llam-

435 2381 617 2432 mam,
648 2374 704 2420 et
732 2361 1017 2417 materiam
1065 2359 1239 2429 magis
1265 2357 1542 2411 criminum
1592 2353 2038 2411 subministrasse

437 2459 561 2516 194.
590 2456 727 2513 Cum
768 2457 954 2525 utique
995 2454 1113 2508 haec
1168 2450 1516 2523 prmsecanda
1560 2448 1710 2517 sint,
1761 2449 1812 2504 in
1842 2449 2036 2520 quibus

432 2552 675 2625 qumidie
702 2549 1156 2621 reprehendimur
1180 2589 1195 2614 ,
1238 2557 1293 2605 et
1315 2557 1445 2603 tunc
1474 2548 1644 2618 magis
1674 2546 1728 2601 in
1759 2546 1885 2601 aliis
1913 2562 2035 2602 om-

429 2648 589 2704 nibus
611 2645 757 2702 vitiis
787 2644 960 2700 virtus
982 2641 1333 2699 continentiae
1363 2636 1649 2696 retinenda
1679 2655 1692 2691 :
1723 2647 1777 2694 et
1803 2637 1872 2693 ad
1902 2653 2034 2693 con-

429 2740 850 2799 summationem
888 2752 995 2794 non
1034 2737 1346 2806 conjunctlo
1382 2734 1687 2805 reSpuenda
1710 2775 1725 2799 ,
1754 2732 1847 2789 sed
1880 2732 2037 2805 pudi-

432 2836 563 2890 citia
610 2830 975 2905 pratponenda
1008 2837 1112 2886 est.
1159 2827 1294 2883 Nam
1337 2841 1460 2882 cum
1511 2825 1792 2896 apostolus
1831 2822 2035 2880 Paulus

429 2929 704 2985 Ecclesias
748 2931 1162 2989 commoneret,
1217 2937 1327 2977 non
1378 2921 1699 2976 uniformem
1757 2919 2034 2975 mandavit

429 3021 841 3087 continentiam,
868 3016 963 3074 sed
1003 3016 1055 3072 in
1081 3016 1276 3088 quibus
1302 3014 1605 3087 appetenda
1629 3024 1685 3071 et
1709 3013 2033 3069 invenienda

433 3115 539 3183 sit,
572 3115 653 3170 sic
691 3112 899 3168 monuit
933 3110 1119 3168 dicens
1155 3127 1168 3164 :
1203 3108 1271 3165 Ut
1301 3108 1406 3175 sil,
1461 3108 1637 3179 inquit
1677 3107 1730 3180 (Ι
1760 3106 1882 3164 Cor.
1923 3123 2028 3174 vn,

2143 1898 2334 1952 bentes
2364 1894 2737 1951 tantummodo
2767 1895 3084 1965 obsequium
3116 1908 3272 1949 suum
3293 1936 3308 1960 ,
3359 1907 3391 1949 a
3431 1907 3538 1960 quo
3562 1907 3747 1950 remu-

2144 1990 2482 2045 nerationem
2516 1986 2770 2058 pudicitia
2818 1997 3000 2056 sperat
3046 1985 3174 2043 200.
3223 1984 3353 2041 Ideo
3380 1984 3639 2057 ingressa:
3682 1986 3749 2042 li-

2142 2082 2283 2136 mina
2307 2082 2502 2137 domus
2526 2081 2617 2134 Dei
2634 2080 2698 2134 ad
2728 2079 3003 2135 orationes
3027 2080 3229 2134 intecto
3242 2081 3418 2149 capite
3440 2079 3746 2149 initiantur,

2141 2175 2563 2243 interpretantes
2618 2171 2938 2243 Apostolum
2989 2172 3402 2244 (cohibentibus
3459 2178 3749 2243 corrupto-

2140 2267 2289 2322 ribus
2310 2265 2455 2339 suis)
2487 2266 2555 2322 de
2574 2266 2889 2322 mulieribus
2908 2264 3197 2332 maritalis,
3222 2280 3330 2321 non
3352 2265 3422 2321 de
3442 2264 3745 2336 virginibus

2140 2362 2394 2416 statuisse
2425 2380 2438 2415 :
2475 2362 2781 2417 nescientes
2821 2359 2965 2432 quod
2996 2360 3194 2430 ubique
3231 2360 3504 2416 masculos
3548 2361 3744 2429 cujus~

2140 2455 2272 2510 libet
2292 2456 2470 2510 artatis
2505 2454 2661 2510 Viros
2708 2456 2991 2521 nominat;
3017 2469 3209 2510 omnes
3239 2453 3467 2510 feminas
3500 2454 3743 2510 Mulieri:

2138 2549 2508 2620 appellatione
2547 2549 2816 2620 designat.
2862 2546 2991 2605 Scio
3034 2562 3124 2606 me
3160 2562 3443 2605 excessum
3486 2547 3683 2605 fecisse
3708 2562 3743 2604 a

2139 2630 2416 2714 proposito
2446 2651 2675 2699 tractatu
2707 2641 3060 2700 continentiae
3102 2657 3117 2707 ;
3160 2642 3253 2697 sed
3297 2643 3603 2698 necessarie
3634 2660 3648 2696 :
3682 2651 3742 2696 ut

2137 2734 2393 2805 deinceps
2415 2751 2605 2791 omnes
2636 2735 2886 2791 homines
2916 2733 3205 2806 cujuslibet
3228 2751 3393 2792 sexus
3415 2735 3572 2806 plena
3604 2751 3742 2790 con-

2136 2830 2363 2884 tinentia
2387 2829 2531 2883 docti
2560 2829 2764 2896 sciant,
2793 2830 3061 2899 etquibus
3087 2844 3146 2885 se
3177 2830 3499 2898 abstineant,
3537 2841 3593 2886 et
3616 2845 3742 2902 qua:

2144 2920 2377 3000 debeant
2430 2922 2707 2976 custodire
2736 2937 2748 2974 :
2775 2929 2867 2975 aut
2903 2922 2949 2976 si
2983 2921 3035 2976 in
3067 2938 3171 2976 una
3227 2923 3407 2992 specie
3431 2963 3446 2986 ,
3496 2922 3743 2991 quolibet

2136 3029 2340 3083 genere
2391 3014 2741 3069 continentiae
2773 3014 2936 3070 fuerit
2977 3015 3327 3082 observator,
3360 3030 3460 3070 nec
3495 3015 3562 3070 ad
3605 3016 3742 3072 alias

2138 3107 2270 3163 velit
2300 3106 2537 3162 monitus
2558 3106 2842 3173 accedere,
2872 3122 2980 3162 non
3007 3123 3067 3162 se
3086 3106 3254 3178 jactet
3276 3106 3332 3163 in
3360 3122 3588 3163 numero
3614 3123 3742 3165 esse

430 3209 555 3282 54),
584 3216 759 3264 sancta
802 3220 1018 3277 corpore
1064 3212 1111 3259 et
1166 3202 1356 3274 spiritu
1390 3217 1408 3257 :
1433 3202 1697 3259 deﬁniens
1754 3217 1861 3257 non
1909 3215 2032 3258 esse
2060 3190 2106 3256 C
2137 3200 2529 3256 continentium
2564 3218 2577 3253 :
2605 3216 2673 3256 ne
2699 3208 2753 3255 et
2780 3201 2951 3270 ipsam
2980 3208 3210 3273 partem,
3241 3200 3293 3257 in
3317 3217 3422 3273 qua
3445 3201 3548 3258 sibi
3578 3202 3739 3274 plau-

428 3303 800 3361 continentem
826 3341 841 3367 ,
874 3300 964 3369 qui
995 3313 1103 3353 non
1135 3304 1365 3367 utraque
1414 3307 1567 3367 parte
1616 3294 2033 3351 continentissi-

431 3411 553 3452 mus
580 3392 967 3462 comprobatus
1014 3390 1087 3445 sit
1137 3386 1263 3444 195.
1297 3387 1494 3445 Multos
1534 3387 1621 3443 vel
1654 3387 1917 3461 plurimos
1953 3387 2033 3442 sic

432 3488 663 3559 ilagrare
698 3483 1115 3555 cupiditate.....
1166 3481 1326 3538 sicuti
1370 3482 1548 3538 exitus
1578 3482 1772 3551 docet,
1803 3493 1861 3536 ut
1906 3482 2024 3537 uni-

429 3595 587 3637 versa
612 3592 813 3650 genera
842 3590 1120 3648 poenarum
1160 3575 1373 3646 perpeti
1420 3575 1633 3643 velint,
1685 3574 1774 3630 vel
1826 3590 2025 3647 quam-

428 3676 560 3731 libet
594 3669 856 3730 Ecclcsiae
904 3671 1226 3727 sententiam
1259 3666 1569 3733 sustinere,
1603 3683 1764 3738 quam
1800 3683 1829 3723 a
1860 3667 2030 3732 fami—

429 3760 549 3816 liari
599 3757 1018 3815 conversatione
1091 3753 1376 3811 discedere
1423 3771 1436 3808 :
1498 3755 1809 3810 nescientes
1859 3752 2028 3807 Deum

429 3854 713 3925 prazscium
732 3850 936 3907 dixisse
965 3849 1033 3904 de
1056 3847 1256 3903 talibus
1283 3846 1499 3919 (Matth.
1526 3863 1580 3914 v,
1609 3846 1704 3917 28)
1734 3866 1746 3900 :
1782 3846 2031 3914 Quicum-

428 3964 524 4019 que
550 3945 833 4018 respexerit
858 3944 1121 3998 mulierem
1152 3942 1220 3995 ad
1250 3930 1715 4014 concupiscendum
1739 3957 1886 4012 eam,
1919 3944 2030 4013 iam

425 4044 704 4097 mae/tatus
734 4050 806 4095 est
845 4055 955 4092 eam
982 4038 1037 4091 in
1077 4034 1232 4092 corde
1252 4053 1368 4090 suo.
1402 4034 1515 4089 Non
1564 4044 1789 4105 possunt
1839 4034 2030 4105 hujus-

429 4134 573 4190 modi
604 4147 863 4189 excusare
889 4130 1103 4200 culpam
1139 4143 1324 4195 suam,
1369 4128 1512 4201 quod
1558 4143 1664 4184 non
1711 4127 1777 4183 ad
1823 4142 2028 4183 concu-

431 4227 747 4298 piscentiam
792 4224 980 4279 oculos
1028 4237 1156 4277 suos
1187 4222 1577 4292 porrexerint,
1613 4221 1911 4292 quandoct
1954 4222 2032 4278 si-

430 4320 542 4376 mul
564 4359 581 4387 ,
608 4328 664 4375 et
689 4319 788 4373 sub
815 4334 923 4373 uno
953 4317 1153 4372 cubant
1181 4326 1356 4384 tecto,
1390 4324 1482 4369 aut
1513 4317 1565 4370 in
1599 4331 1707 4370 uno
1751 4316 2031 4374 dormiunt

427 4418 568 4472 lecto
594 4431 607 4465 :
638 4411 794 4469 Unde
819 4422 873 4466 et
910 4409 1260 4479 reprehensi,
1308 4410 1661 4478 spiritualiter
1712 4411 1815 4465 hoc
1856 4426 2023 4483 agere

431 4506 770 4581 proﬁtentur,
798 4501 1114 4572 adjicicntes
1140 4501 1413 4555 extraneis
1466 4500 1683 4554 nomina
1740 4500 2028 4558 all‘ectunm

2136 3294 2334 3359 debat,
2367 3293 2733 3349 obstinatione
2769 3294 3017 3353 videatur
3058 3295 3328 3355 amittere.
3357 3296 3503 3368 Ergo
3532 3296 3622 3369 qui
3668 3296 3741 3353 ad

2135 3384 2523 3440 continentiam
2555 3385 2807 3454 docetur,
2844 3398 2899 3443 et
2926 3387 3041 3442 vult
3064 3389 3358 3458 accedere,
3390 3405 3496 3445 non
3528 3388 3583 3446 in
3614 3406 3745 3446 cor-

2135 3493 2271 3549 pore
2296 3521 2309 3545 ,
2338 3487 2432 3534 aut
2466 3480 2518 3534 in
2549 3494 2655 3534 una
2685 3492 2840 3551 parte
2881 3481 3126 3552 corporis
3167 3483 3538 3545 tantummodo
3576 3483 3745 3540 debet

2135 3571 2524 3627 continentiam
2553 3586 2820 3642 quaerere,
2856 3571 2952 3626 sed
2982 3572 3036 3628 in
3066 3580 3180 3629 toto
3205 3575 3370 3629 animi
3393 3584 3576 3649 motu,
3602 3590 3743 3632 con.

2135 3665 2379 3719 tinentiae
2422 3664 2585 3720 debet
2640 3665 3053 3721 observationes
3103 3680 3419 3736 agnoscere.
3460 3665 3595 3722 Nam
3645 3666 3740 3738 qui

2135 3756 2467 3812 iracundiam
2489 3757 2719 3820 retinet,
2768 3759 2815 3813 is
2845 3757 3016 3827 magis
3071 3766 3155 3812 est
3204 3758 3528 3827 continens,
3576 3774 3743 3830 quam

2135 3852 2228 3920 qui
2263 3850 2498 3921 linguam
2528 3865 2560 3904 a
2586 3849 2854 3919 convicio,
2888 3866 2919 3905 a
2947 3850 3236 3908 maledicto
3262 3894 3276 3919 ,
3302 3867 3335 3907 a
3359 3851 3701 3913 detractione
3718 3898 3737 3923 ,

2135 3954 2167 3994 a
2194 3942 2498 4009 mendacio,
2545 3956 2577 3995 a
2627 3941 2867 4013 perjurio
2914 3949 2970 3997 et
3016 3956 3047 3996 a
3085 3942 3297 4001 caeteris
3345 3943 3542 4015 lingua:
3582 3946 3743 4003 malis

2136 4034 2422 4091 ali'ectibus
2451 4035 2742 4090 subtrahit.
2773 4034 2875 4106 Qui
2914 4035 3089 4105 ipsum
3114 4035 3348 4109 denique
3383 4039 3677 4110 cogitatum
3707 4054 3745 4095 a

2137 4135 2248 4182 tota
2276 4127 2510 4197 nequitia
2542 4126 2877 4201 compescit,
2906 4134 2961 4182 et
2980 4126 3128 4181 omni
3156 4127 3391 4197 denegat
3418 4128 3689 4200 iniquitati
3718 4171 3737 4200 ,

2137 4220 2186 4277 is
2214 4221 2405 4291 plenus
2435 4230 2519 4276 est
2556 4223 2877 4286 continens,
2924 4228 2978 4275 et
3025 4220 3176 4275 illitm
3209 4237 3315 4276 non
3346 4237 3468 4278 cum
3501 4223 3738 4280 homini-

2139 4314 2238 4368 bus
2268 4327 2561 4382 comparo,
2611 4312 2708 4368 sed
2752 4329 2874 4369 cum
2908 4311 3132 4384 Angelis
3175 4315 3379 4371 sanctis
3404 4315 3741 4374 simillimum

2138 4419 2493 4476 rectignosco.

2211 4495 2331 4552 ΧΧ.
2374 4498 2529 4554 Nunc
2557 4497 2668 4569 jam
2696 4498 2853 4555 nobis
2884 4497 2952 4555 de
2998 4500 3256 4569 patientia
3286 4511 3341 4557 et
3369 4501 3437 4558 de
3478 4503 3596 4573 ejus
3619 4518 3743 4560 om-

431 4602 513 4658 vel
544 4597 778 4671 pietatis.
821 4597 964 4651 Sane
1007 4593 1264 4661 quoniam
1297 4602 1350 4647 et
1401 4592 1612 4646 Diaboli
1668 4592 2025 4650 substantiam
2055 4586 2108 4646 D
2136 4591 2295 4645 nibus
2329 4591 2486 4645 bonis
2512 4590 2841 4661 loquendum
2879 4603 2965 4647 est
2994 4589 3124 4648 201.
3156 4592 3254 4649 Est
3282 4594 3444 4665 igitur
3488 4597 3740 4669 patientia

434 4693 728 4764 accipimus
777 4686 1113 4760 spiritualem
1138 4727 1151 4748 .
1180 4685 1340 4741 debet
1368 4684 1492 4739 addi
1527 4685 1662 4740 :sed
1714 4688 1955 4759 nequitia:
1983 4694 2031 4742 et

434 4788 645 4842 malitia.-
683 4780 969 4854 spiritualis
1017 4776 1247 4853 (Ephes.
1284 4776 1503 4851 v1.12)
1561 4792 1592 4831 a
1649 4778 1760 4835 Deo
1810 4789 2030 4850 propter

434 4877 748 4937 scandalum
781 4873 1064 4937 Ecclesiae,
1095 4881 1149 4926 et
1178 4870 1389 4925 ruinam
1423 4872 1526 4926 196
1559 4887 1716 4926 :cum
1750 4887 1779 4927 a
1827 4888 1885 4928 se
1928 4887 2028 4930 nec

434 4969 805 5042 persuasione,
831 4980 932 5021 nec
960 4963 1250 5019 interdicto
1277 4962 1545 5032 majorum
1571 4974 1721 5028 nattt,
1750 4979 1851 5019 nec
1880 4975 2027 5022 metu

433 5061 717 5137 praesentis
738 5057 1041 5119 sententiae,
1071 5056 1154 5111 vel
1185 5056 1350 5111 l‘uturi
1372 5054 1566 5111 Judicii
1597 5055 1722 5110 inde
1751 5056 1877 5111 velli
1906 5071 2029 5127 pos-

430 5163 539 5215 sint
578 5176 591 5209 :
627 5169 747 5211 cum
789 5152 1121 5221 frequentius
1149 5150 1311 5205 etiam
1341 5162 1477 5219 quos
1522 5148 1774 5220 legitimm
1804 5149 2027 5219 capula-

430 5265 555 5306 vere
584 5246 818 5317 nuptim,
851 5244 970 5299 leve
1011 5242 1246 5312 iurgium
1296 5250 1514 5309 separet
1554 5241 1675 5296 197.
1732 5241 1870 5309 Quid
1923 5243 2025 5298 hoc

429 5343 553 5399 mali
579 5339 705 5397 est?
731 5336 858 5407 quid
887 5334 1014 5391 mali
1057 5332 1334 5388 individua
1362 5332 1618 5402 Charitas,
1650 5342 1707 5388 ιιι
1733 5334 1802 5388 ab
1831 5334 2031 5391 aliena!

430 5428 916 5503 consanguinitatis
948 5427 1141 5482 aiiectu
1162 5426 1405 5495 separari
1433 5440 1539 5479 non
1561 5426 1767 5494 possint
1787 5425 1813 5479 ’ἴ
1840 5425 2027 5497 Turpe

428 5540 511 5587 est
539 5527 754 5594 dicere,
804 5521 949 5596 quod
980 5522 1101 5578 illos
1142 5535 1248 5575 non
1283 5520 1449 5589 pudet
1488 5517 1689 5574 facere.
1723 5519 1882 5576 Certe
1934 5511 2022 5578 vel

429 5623 496 5679 ab
533 5622 716 5677 osculo
760 5619 1029 5674 imnmncs
1081 5628 1187 5669 non
1218 5625 1374 5681 sunt,
1415 5612 1553 5683 quod
1602 5623 1685 5669 est
1731 5614 1918 5684 pignus
1969 5623 2026 5671 et

424 5730 542 5770 arra
571 5712 839 5783 serpentis
863 5708 985 5764 I98.
1012 5705 1155 5763 Sane
1176 5721 1297 5762 cum
1323 5703 1688 5775 increpaveris
1707 5745 1722 5769 ,
1756 5718 1877 5760 mox
1905 5705 2022 5761 haec

424 5802 705 5879 proferunt
755 5800 915 5859 verba
947 5816 959 5854 :
989 5812 1148 5870 posse
1204 5797 1569 5869 integritatem
1627 5796 1712 5853 sui
1770 5801 2019 5866 corporis

2142 4686 2373 4739 omnium
2400 4685 2717 4757 injuriarum
2764 4696 2813 4740 et
2838 4686 3134 4756 passionum
3166 4687 3457 4755 tolerantia,
3484 4701 3533 4744 et
3553 4708 3742 4763 expec-

2140 4779 2395 4834 tationum
2452 4779 2681 4833 omnium
2764 4780 2877 4834 sine
2946 4782 3354 4851 prwcipitalione
3417 4783 3737 4851 suﬁcrentia.

2138 4871 2310 4941 Quam
2361 4872 2405 4927 si
2437 4873 2558 4943 quis
2608 4872 2967 4942 intellexerit,
3021 4882 3079 4930 et
3123 4875 3412 4947 habuerit,
3463 4882 3744 4939 contraria

2140 4964 2267 5021 vitae
2295 4965 2483 5035 gravia
2516 4964 2752 5036 bajulat;
2788 4966 2927 5022 bona
2958 4971 3137 5022 omnia
3178 4969 3427 5028 continet
3460 4972 3588 5028 202.
3631 4973 3740 5031 So-

2142 5074 2323 5114 rorem
2357 5059 2518 5114 habet
2546 5076 2696 5130 spem
2736 5060 2864 5116 205.
2894 5060 3230 5134 Quamquam
3282 5067 3535 5136 superius
3586 5084 3741 5126 eom-

2144 5152 2432 5223 prehendi,
2463 5151 2658 5208 al‘lines
2683 5168 2805 5209 esse
2834 5154 2938 5209 sibi
2964 5168 3052 5212 res
3084 5156 3257 5212 bonas
3286 5173 3496 5216 omnes.
3531 5160 3742 5221 Patitur

2139 5245 2287 5299 enim
2322 5243 2573 5309 libenter,
2602 5246 2726 5314 quia
2756 5255 2959 5315 sperat,
2988 5256 3045 5303 et
3066 5249 3332 5319 speranda
3364 5250 3559 5309 tolerat
3587 5270 3599 5305 :
3634 5254 3741 5310 im-

2143 5336 2411 5406 patienter
2435 5336 2581 5390 enim
2618 5337 2787 5392 fertur
2810 5379 2826 5403 ,
2857 5339 3001 5411 quod
3033 5358 3139 5396 non
3184 5352 3438 5414 speratur
3467 5362 3484 5399 :
3525 5356 3582 5409 et
3627 5346 3743 5406 201

2140 5427 2360 5498 quando
2394 5428 2531 5482 nihil
2572 5441 2829 5499 Speratur
2849 5430 2979 5488 205.
3012 5433 3170 5489 Omni
3201 5442 3386 5493 autem
3414 5436 3616 5495 virtute
3644 5456 3745 5512 pa-

2143 5520 2331 5576 tientia
2375 5519 2614 5591 perfert,
2659 5522 2804 5592 quod
2852 5539 2948 5596 spe
2979 5538 3246 5596 pereunte
3280 5529 3635 5601 dignoscitur.
3667 5534 3744 5592 At

2140 5615 2187 5670 si
2234 5630 2385 5684 spem
2416 5614 2623 5671 fructus
2673 5617 2945 5686 patientiae
2982 5620 3366 5694 subsequatur,
3396 5616 3515 5680 bare
3563 5638 3740 5686 matre

2134 5705 2337 5776 gaudet
2369 5706 2473 5762 ﬁde
2497 5749 2511 5773 ,
2556 5708 2978 5778 gubernaculum
3025 5709 3191 5769 habet
3238 5714 3331 5771 Dei
3354 5758 3368 5781 ,
3397 5701 3740 5777 continentia

2133 5815 2307 5871 genus
2334 5801 2808 5872 propinquitatem.
2853 5801 2982 5866 Inde
3026 5804 3195 5876 justi,
3253 5806 3382 5870 dum
3424 5810 3607 5869 omnia
3638 5826 3736 5884 pa-
