4100 6196
259 363 262 368 _
365 301 469 358 749

1550 307 1882 368 EPISTOLA
1919 305 2052 366 SEU
2090 307 2450 370 LIBELLUS.
3559 321 3666 381 750

365 419 564 476 tienter
591 431 883 493 operantur
908 421 1088 497 (Rom.
1113 439 1146 478 ν
1168 464 1183 491 ,
1210 425 1246 482 5
1275 433 1322 480 et
1349 425 1404 496 4)
1433 469 1448 492 ,
1478 427 1698 498 gloriosi
1730 427 1828 484 Dei
1861 437 1967 484 les-
1994 429 2041 489 Α
2072 427 2217 492 dum,
2249 428 2391 484 misit
2417 426 2623 482 unicum
2667 423 2833 497 ﬁlium
2863 442 3014 482 suum
3043 427 3098 484 in
3125 429 3462 489 similitudine
3500 437 3671 491 carnis

366 520 452 568 tes
474 513 810 583 efﬁciuntur,
844 516 970 592 dum
1003 516 1112 582 ﬁde
1139 517 1322 592 pleni,
1352 519 1480 576 dum
1511 521 1604 576 Dei
1637 522 1832 602 timore
1857 521 1967 578 sol-
2070 523 2265 594 peccati
2293 538 2312 575 :
2337 531 2390 576 ut
2413 521 2479 577 dc
2497 529 2708 597 peccato
2729 521 3095 580 condemnaret
3121 536 3389 594 peccatum
3413 526 3468 580 in
3491 542 3666 582 carne.

365 603 536 670 liciti,
565 607 692 662 dum
717 610 1069 668 continentiae
1095 609 1371 682 discipuli,
1395 609 1520 670 dum
1555 613 1647 670 lilii
1678 613 1795 686 spei
1827 611 1964 672 duce
2069 609 2200 673 Inde
2221 622 2276 674 et
2306 613 2505 670 Paulus
2539 616 2807 685 praeponit
2836 615 2982 672 illam
3011 615 3266 675 omnibus
3291 617 3448 674 bonis
3469 620 3666 688 rebus,

361 697 628 766 sapientia
684 701 1054 769 reperiuntur.
1108 701 1314 758 Deinde
1358 703 1672 760 cohmredes
1721 705 1961 774 Christi,
2067 701 2256 759 dicens
2287 705 2340 775 (1
2371 704 2492 762 Cor.
2550 721 2678 772 xm,
2714 706 2767 775 l)
2799 724 2813 760 :
2845 705 2914 760 Et
2949 708 2995 761 si
3045 708 3246 764 locutus
3290 713 3438 782 fuero
3477 711 3670 785 linguis

362 789 492 844 dum
533 791 683 846 illum
731 807 902 863 usque
952 795 1018 848 ad
1067 804 1299 850 mortem
1333 795 1444 870 (Si
1496 806 1665 854 tamen
1714 798 1964 871 compati—
2067 795 2328 852 hominum
2355 808 2404 854 et
2432 797 2751 869 angelorum,
2777 797 3080 854 charitatem
3112 811 3282 856 autem
3305 818 3406 856 non
3431 803 3664 871 habeam,

362 896 502 949 mur,
531 893 638 938 etc.
665 926 680 948 ,
725 901 998 956 sequamur
1030 887 1249 962 pestigia
1297 890 1414 962 ejus
1445 890 1463 961 )
1496 889 1767 959 patientiae
1795 889 1965 944 virtu-

363 975 510 1030 tibus
539 979 556 1046 (
575 954 798 1048 fortasse
817 954 1230 1053 certaminibus)
1257 954 1538 1038 imitantur
1563 983 1692 1039 206.

435 1067 580 1124 XXI.
624 1068 730 1125 Sed
771 1071 883 1139 jam
917 1071 983 1128 de
1008 1071 1218 1144 justitia
1250 1073 1600 1130 disseramus.
1655 1074 1756 1130 Est
1798 1073 1961 1145 igitur

361 1159 582 1216 Iustitia
621 1163 944 1235 singulorum
969 1181 1140 1222 rerum
1169 1207 1184 1231 ,
1217 1177 1268 1222 et
1291 1182 1632 1240 personarum
1667 1165 1961 1238 aequissima

364 1251 668 1309 distributio
690 1269 710 1308 :
737 1270 898 1325 quam
947 1255 996 1312 si
1039 1257 1160 1328 quis
1190 1257 1444 1314 obtinens
1467 1299 1484 1328 ,
1517 1268 1571 1316 et
1601 1258 1687 1316 cui
1715 1260 1836 1330 quis
1865 1259 1960 1315 ad-

361 1343 607 1413 haerens,
637 1348 804 1404 vitam
830 1365 985 1408 suam
1013 1358 1163 1407 recte
1191 1351 1509 1422 dispositam
1531 1392 1548 1420 ,
1579 1365 1636 1410 et
1672 1355 1792 1410 sine
1829 1368 1960 1410 eon-

363 1438 672 1496 turbatione
698 1449 1024 1509 conservat;
1075 1441 1313 1498 custodit
1350 1444 1403 1498 in
1441 1444 1694 1500 omnibus
1733 1446 1962 1516 aequita-

361 1539 511 1599 tem;
543 1531 676 1598 scit,
710 1531 840 1609 quid
873 1533 984 1592 Deo
1020 1535 1254 1604 debeat;
1287 1537 1417 1610 quid
1458 1539 1659 1596 sanctis
1705 1549 1761 1595 et
1813 1553 1956 1595 eoa:-

359 1628 609 1699 qualibus
643 1629 876 1699 reddat;
901 1631 1030 1701 quid
1059 1646 1166 1687 non
1191 1631 1423 1704 deneget
1460 1633 1817 1702 petestatibus
1857 1633 1959 1690 hu-

353 1719 445 1790 jus
475 1722 690 1788 saeculi;
720 1723 849 1794 quid
896 1723 1000 1780 sibi
1045 1725 1316 1792 retineat;
1349 1727 1478 1798 quid
1527 1728 1776 1798 proximo
1801 1743 1950 1784 com-

2063 889 2200 944 nihil
2225 904 2338 944 sum
2381 905 2400 945 :
2431 907 2493 946 ac
2521 892 2654 946 sicut
2684 901 3022 946 atramentum
3050 894 3274 950 tinniens
3296 935 3312 962 ,
3350 907 3440 951 aut
3460 897 3670 969 cymba-

2066 979 2173 1034 lum
2201 997 2532 1052 concrepans.
2572 982 2635 1037 Et
2666 987 2712 1037 si
2743 981 2969 1039 habuero
2999 983 3342 1057 Prop/lotium
3360 1030 3373 1053 ,
3401 999 3450 1044 et
3478 1006 3669 1061 cogno-

2066 1087 2180 1127 vero
2201 1075 2375 1128 omnia
2395 1078 2658 1146 mysteria,
2685 1085 2736 1146 et
2756 1094 2957 1132 onmem
2979 1078 3279 1147 scientiam;
3310 1090 3358 1136 et
3376 1082 3420 1136 si
3440 1083 3667 1140 habuero

2064 1163 2220 1232 fidens
2241 1206 2256 1232 ,
2281 1167 2353 1220 ita
2384 1177 2439 1220 ut
2461 1178 2658 1222 montes
2685 1172 2992 1240 transferam
3016 1186 3035 1236 ;
3063 1180 3113 1225 et
3151 1172 3196 1225 si
3224 1171 3532 1230 distribuere
3555 1193 3667 1231 ont-

2064 1255 2152 1313 nia
2199 1271 2312 1312 mea
2357 1257 2412 1312 in
2451 1257 2589 1314 cibos
2634 1273 2960 1332 pauperum;
3000 1269 3046 1314 et
3093 1261 3138 1314 si
3189 1263 3448 1320 tradidero
3476 1282 3667 1342 corpus

2063 1364 2233 1404 meum
2261 1357 2314 1402 ut
2333 1350 2564 1416 ardeam,
2591 1349 2896 1406 charitatem
2919 1361 3091 1408 autem
3112 1369 3214 1408 non
3240 1355 3463 1412 habuero
3487 1399 3504 1423 ,
3532 1359 3668 1414 nihil

2061 1457 2197 1496 sum.
2223 1440 2461 1498 Charitas
2480 1445 2810 1515 magnanima
2822 1454 2915 1499 est.
2931 1443 3170 1500 Charitas
3187 1445 3403 1520 benigna
3416 1458 3512 1505 est.
3528 1447 3666 1506 Cha-

2059 1532 2188 1588 ritas
2207 1549 2318 1588 non
2347 1535 2642 1603 temulatur,
2671 1549 2773 1589 non
2802 1535 3018 1606 inflatur
3037 1577 3053 1604 ,
3085 1552 3188 1591 non
3211 1539 3318 1609 agit
3355 1556 3662 1612 perperam,

2060 1642 2164 1682 non
2189 1626 2458 1695 irritatur,
2505 1644 2609 1682 non
2636 1627 2970 1702 confunditur
2992 1673 3007 1698 ,
3051 1646 3154 1685 non
3193 1633 3378 1702 quierit
3415 1649 3530 1704 quis
3567 1650 3666 1689 sua

2058 1727 2209 1786 sunt,
2242 1735 2346 1774 non
2385 1719 2575 1791 cogitat
2613 1723 2840 1786 malum,
2875 1737 2979 1776 non
3025 1723 3216 1793 gaudet
3254 1739 3410 1794 super
3454 1725 3666 1794 injusti-

359 1825 546 1889 ρειαις
578 1819 708 1890 quid
748 1819 942 1878 alienis
988 1821 1252 1881 concedat
1289 1833 1383 1879 θυι
1425 1833 1706 1896 congruat,
1739 1823 1952 1882 αυειυιη
1984 1823 2033 1884 Β
2059 1811 2183 1865 tiam
2211 1827 2230 1866 :
2255 1813 2442 1887 gaudet
2471 1821 2641 1866 autem
2679 1813 2910 1867 ueritate.
2961 1811 3150 1868 Omnia
3199 1817 3450 1882 sustinet,
3489 1819 3663 1870 omnia

357 1911 502 1967 enim
535 1922 621 1968 est
653 1913 820 1967 Deum
851 1913 1036 1969 colere
1073 1923 1129 1971 et
1177 1915 1404 1987 diligere
1433 1931 1501 1971 ex
1533 1925 1646 1972 tuto
1665 1917 1864 1982 corde,
1901 1926 1958 1974 et

357 2017 424 2060 ex
454 2011 564 2059 tota
596 2005 800 2071 anima,
833 2015 889 2062 et
918 2020 985 2062 ex
1018 2013 1126 2062 tota
1166 2009 1365 2064 virtute
1408 2026 1421 2062 :
1450 2018 1702 2076 sanctos;
1733 2021 1787 2066 et
1813 2025 1954 2066 corc-

355 2097 548 2165 quales
613 2097 888 2156 honorare
938 2117 953 2158 :
1013 2099 1216 2157 tributa
1282 2099 1524 2175 pendere
1598 2104 1954 2176 potestatibus

356 2187 546 2262 (Rom.
580 2207 673 2247 xm
695 2232 712 2257 ,
737 2191 791 2264 7)
826 2211 841 2247 τ
871 2195 1162 2263 superbum
1191 2210 1300 2252 non
1336 2212 1461 2254 esse
1481 2237 1496 2260 .
1519 2197 1617 2254 sed
1645 2197 1815 2269 magis
1847 2197 1953 2252 mi-

356 2289 464 2337 tem
490 2323 506 2347 ,
558 2290 615 2339 et
668 2283 927 2341 humilem
983 2286 1039 2357 (l
1085 2287 1232 2343 Petri
1273 2303 1308 2343 ιι
1333 2330 1346 2352 ,
1406 2289 1480 2345 15·
1505 2298 1556 2344 et
1595 2289 1686 2362 14)
1727 2308 1740 2344 :
1774 2292 1954 2361 proxi-

351 2387 471 2428 mos
531 2383 784 2448 tanquam
834 2391 892 2432 se
951 2377 1180 2450 diligere
1211 2378 1291 2450 (11
1319 2379 1541 2436 Timoth.
1577 2397 1666 2450 ιιι,
1691 2383 1789 2456 2):
1821 2383 1954 2440 alie-

350 2483 452 2523 nos
476 2480 530 2523 et
579 2471 828 2526 inimicos
857 2487 960 2527 non
993 2474 1244 2545 persequi
1272 2475 1420 2544 odio,
1445 2475 1540 2532 sed
1563 2491 1749 2533 amare
1781 2465 1951 2534 :sub-

343 2563 550 2634 jectum
607 2579 730 2620 esse
759 2565 1028 2636 prioribus
1069 2567 1155 2624 vel
1193 2577 1356 2624 aetate
1394 2570 1693 2638 majoribus
1722 2570 1772 2644 (1
1804 2569 1949 2626 Petri

349 2669 408 2728 ν,
441 2655 522 2727 5).
552 2655 688 2723 Quia
715 2665 770 2712 et
803 2658 1061 2714 Dominus
1083 2673 1203 2720 cum
1227 2673 1372 2717 esset
1395 2663 1637 2718 omnium
1667 2663 1943 2730 dominus,

344 2763 379 2804 a
409 2747 637 2816 Joanne,
671 2749 796 2820 quia
825 2750 972 2820 prior
1007 2751 1076 2808 ab
1116 2751 1212 2808 illo
1256 2752 1308 2807 in
1342 2753 1620 2809 nativitate
1665 2753 1944 2810 hominum

347 2852 471 2896 erat
493 2880 510 2905 ,
541 2841 842 2911 baptizatur
869 2840 1024 2915 (Luc.
1048 2857 1120 2898 νιι
1139 2885 1154 2907 ,
1180 2841 1296 2916 28).
1330 2853 1385 2900 et
1407 2845 1489 2900 sic
1513 2845 1718 2917 impleri
1746 2862 1946 2903 omnem

337 2934 609 3010 justitiam
647 2943 980 3006 protestatur
1005 2933 1220 3004 (Matth.
1250 2951 1307 2992 ιιι
1331 2977 1346 3000 ,
1377 2936 1492 3008 15).
1535 2937 1612 2992 Es
1654 2937 1754 2991 hac
1783 2939 1945 2992 mise-

342 3011 585 3088 ricordia
615 3029 877 3098 nascitur,
910 3029 1229 3100 obsequium
1255 3027 1504 3086 deiﬁcum
1539 3039 1853 3100 generatur.
1886 3030 1943 3087 in

341 3119 430 3178 his
459 3119 711 3178 omnibus
759 3121 1004 3192 quisquis
1043 3121 1354 3188 invenitur,
1410 3137 1516 3177 non
1568 3122 1838 3178 immerito
1889 3123 1942 3177 in

2058 1907 2254 1974 credit,
2284 1907 2457 1964 omnia
2484 1917 2675 1977 sperat.
2701 1906 2936 1964 Charitas
2983 1925 3246 1979 nunquam
3297 1906 3487 1966 excidit
3527 1909 3656 1965 216.

2057 1996 2203 2070 Ergo
2227 2002 2318 2070 qui
2349 1997 2489 2054 hanc
2520 1999 2684 2055 veluti
2711 2001 2948 2070 speciem
2971 2001 3205 2057 voluerit
3224 2001 3488 2069 invenire,
3526 2011 3652 2056 totae

2055 2089 2132 2144 illi
2160 2091 2458 2162 Scriptura:
2487 2102 2613 2147 sunt
2635 2093 2944 2148 reseranda:
2966 2105 2980 2146 :
3003 2093 3180 2149 omnis
3211 2091 3501 2163 aperienda
3531 2093 3616 2149 lex
3643 2109 3657 2146 :

2054 2198 2246 2245 omnes
2272 2183 2560 2254 PrOphetre
2590 2184 2899 2244 insinuandi
2922 2203 2937 2242 :
2963 2199 3152 2242 omnes
3180 2187 3412 2242 virtutes
3431 2186 3658 2257 Christi,

2053 2285 2242 2344 actus,
2275 2279 2527 2334 mandata
2582 2278 2946 2346 insinuanda,
2995 2279 3491 2351 Apostolorumque
3519 2277 3652 2337 doc-

2055 2372 2195 2428 trina
2223 2375 2516 2444 aperienda
2570 2375 2822 2444 penitus.
2871 2384 2928 2431 et
2970 2375 3238 2432 docenda.
3289 2374 3359 2430 Et
3407 2377 3658 2444 quamvis

2051 2481 2243 2524 omnes
2263 2509 2278 2532 ,
2307 2484 2442 2540 quas
2468 2483 2628 2538 supra
2662 2469 3014 2525 tractavimus
3042 2469 3256 2536 species
3281 2508 3296 2533 ,
3329 2467 3396 2522 ad
3431 2469 3653 2538 plenum

2052 2567 2338 2616 tractatum
2367 2561 2680 2620 hominibus
2703 2560 3291 2630 incomprehensibiles
3312 2561 3422 2616 sint
3442 2575 3458 2626 ;
3483 2562 3654 2618 multo

2049 2655 2222 2724 magis
2242 2669 2329 2721 ea,
2360 2655 2413 2710 in
2435 2670 2541 2724 qua
2569 2668 2762 2710 omnes
2783 2661 3256 2720 consummantur,
3285 2665 3338 2710 et
3366 2654 3606 2722 pendent
3636 2671 3650 2708 :

2047 2747 2286 2802 maxime
2311 2762 2430 2802 cum
2461 2743 2700 2803 Joannes
2729 2745 3070 2817 Evangelista
3100 2744 3442 2800 interdixerit
3490 2745 3650 2801 nobis

2047 2835 2101 2890 in
2131 2836 2374 2906 Epistola
2400 2852 2496 2893 sua
2523 2837 2800 2906 diSputare
2819 2879 2835 2901 ,
2867 2851 2990 2893 cum
3024 2835 3171 2891 illam
3198 2845 3254 2892 et
3295 2835 3386 2891 Dei
3436 2833 3605 2890 ﬁlium
3628 2878 3644 2904 ,

2047 2941 2101 2988 et
2145 2933 2239 2989 Dei
2270 2933 2484 2989 Patrem
2527 2935 2690 2991 docet
2741 2949 2900 3000 esse,
2962 2934 3042 2988 sic
3078 2932 3268 2990 dicens
3296 2931 3352 3004 (Ῑ
3377 2931 3537 2988 Joan.
3569 2947 3644 3002 ιν,

2045 3024 2142 3096 8):
2190 3024 2333 3080 Deus
2383 3026 2589 3082 dilectio
2644 3037 2738 3082 est.
2794 3026 2852 3082 Si
2913 3033 3090 3096 potest
3135 3025 3257 3096 quis
3305 3023 3374 3080 de
3414 3033 3530 3097 toto
3568 3024 3653 3081 di-

2045 3132 2170 3176 cere
2191 3119 2322 3184 Deo,
2347 3127 2528 3191 potest
2549 3128 2604 3176 et
2631 3117 2698 3176 de
2721 3116 3039 3182 dilectione,
3065 3129 3185 3186 quae
3208 3114 3351 3172 Deus
3373 3127 3480 3171 εει.
3506 3115 3648 3188 Ergo

338 3212 552 3270 Christo
603 3213 794 3267 dicitur
841 3229 1141 3284 permanere
1201 3213 1258 3282 (1
1305 3211 1466 3268 Joan.
1509 3229 1578 3282 ιι,
1633 3213 1698 3286 6)
1734 3232 1747 3268 :
1806 3229 1936 3284 quoo
1971 3215 2017 3278 C
2048 3211 2094 3266 si
2113 3211 2458 3282 sacrilegium
2481 3209 2655 3267 estde
2675 3210 2786 3265 Deo
2812 3217 3046 3276 titulum,
3069 3217 3330 3280 quantum
3361 3223 3467 3266 non
3489 3206 3642 3276 licet,

338 3305 488 3378 niam
555 3301 674 3366 haec
741 3304 923 3359 omnia
977 3306 1090 3380 ipse
1139 3303 1388 3360 Christus
1442 3313 1546 3360 est.
1595 3304 1795 3361 Paulus
1842 3321 1941 3362 nos

343 3399 626 3470 gloriosus
653 3397 758 3453 207
788 3395 1045 3454 informat
1070 3439 1085 3463 ,
1125 3408 1181 3455 et
1234 3397 1453 3454 instruit
1502 3400 1571 3456 de
1612 3398 1832 3456 Christo
1859 3399 1941 3456 di-

337 3502 472 3546 cens
501 3489 544 3561 (1
572 3488 805 3544 Corinth.
836 3505 886 3556 ι,
916 3489 1010 3560 '50)
1053 3507 1067 3542 :
1103 3489 1204 3558 Qui
1233 3500 1304 3545 est
1334 3491 1483 3545 nobis
1507 3507 1538 3546 a
1567 3491 1674 3545 Deo
1693 3493 1902 3566 justitia
1923 3535 1937 3561 ,

337 3593 385 3637 et
414 3579 756 3652 sanctiﬁcatio
779 3621 794 3646 ,
842 3591 889 3636 et
917 3581 1219 3654 redemptio.
1271 3581 1394 3637 Alio
1430 3582 1557 3638 item
1593 3583 1712 3638 loco
1746 3581 1940 3656 (Judte

337 3672 414 3742 ιι)
445 3689 460 3726 :
489 3671 594 3738 Qui
617 3681 693 3728 est
719 3672 1076 3728 misericordia
1097 3713 1111 3740 ,
1133 3690 1238 3745 pax
1260 3715 1274 3740 ,
1315 3683 1362 3730 et
1388 3673 1593 3730 dilectio
1619 3674 1746 3744 208,
1778 3692 1937 3747 quam

338 3765 510 3822 (it-ieci
539 3768 739 3840 ἀγάπην
765 3776 962 3822 Vocant
1007 3765 1145 3834 209;
1178 3767 1245 3824 ad
1283 3782 1446 3837 quam
1475 3784 1626 3826 nunc
1642 3771 1934 3827 transitum

335 3857 622 3927 iaciamus,
655 3858 784 3932 quia
813 3859 866 3915 in
902 3861 1156 3915 omnibus
1185 3860 1362 3932 major
1388 3872 1470 3917 est
1501 3865 1642 3919 inter
1665 3872 1888 3920 Crateras
1920 3881 1935 3920 :

335 3949 418 4006 sic
459 3947 661 4010 fatetur
732 3951 920 4010 beatus
983 3949 1278 4022 Apostolus
1330 3950 1385 4026 (l
1433 3952 1554 4010 Cor.
1608 3971 1731 4022 xm,
1787 3953 1936 4028 1'5):

337 4040 556 4100 Manent
574 4051 746 4100 autem
802 4044 906 4098 tria
934 4042 1064 4110 hate,
1110 4042 1309 4112 Fides,
1353 4045 1518 4114 Spes,
1569 4044 1784 4102 Dilectio
1805 4047 1934 4104 210.

411 4128 577 4189 XXII.
623 4133 717 4190 Est
735 4149 867 4205 ergo
897 4133 1119 4190 Dilectio
1148 4137 1408 4192 uinculum
1434 4139 1746 4208 animorum,
1770 4149 1933 4208 casta,

337 4236 386 4281 et
414 4229 650 4296 sincera,
701 4237 746 4285 et
797 4231 906 4284 sine
931 4232 1258 4288 azmulatioue
1287 4248 1306 4287 :
1337 4233 1574 4290 Charitas
1606 4244 1679 4292 est
1705 4252 1938 4292 consum-

337 4323 500 4382 matio
520 4324 746 4381 omnium
775 4322 1156 4380 mandatorum.
1197 4324 1323 4386 llaec
1355 4326 1435 4382 vis
1457 4327 1698 4384 omnium
1731 4344 1940 4399 praece-

339 4423 583 4484 ptorum,
614 4431 773 4487 quam
798 4417 919 4488 quis
945 4433 1069 4474 cum
1097 4417 1352 4493 habuerit
1377 4461 1390 4486 ,
1421 4421 1595 4475 omnia
1623 4421 1772 4476 habet
1794 4420 1932 4488 2H;

338 4509 459 4578 sine
505 4511 642 4576 hac,
695 4509 867 4564 malus
918 4521 1165 4568 remanet
1222 4519 1278 4567 et
1335 4511 1705 4583 imperfectus.
1761 4513 1831 4568 Et
1881 4521 1939 4569 ut

2045 3301 2344 3373 disputare,
2383 3309 2588 3369 tacere,
2618 3302 2931 3373 religiosum
2957 3299 3064 3356 217
3090 3318 3105 3369 ;
3135 3309 3190 3358 et
3215 3301 3549 3357 alienum...
3575 3300 3646 3357 de

2043 3393 2338 3452 dilectione
2364 3395 2732 3456 sentiendum.
2784 3394 2956 3451 Tanta
2982 3393 3126 3450 enim
3158 3391 3226 3450 de
3253 3395 3366 3468 ipsa
3388 3435 3402 3460 ,
3445 3401 3646 3466 quanta

2043 3489 2111 3546 de
2142 3490 2287 3557 Deo;
2315 3489 2572 3562 quoniam
2601 3489 2736 3544 Deus
2757 3490 2964 3545 dilectio
2985 3498 3151 3545 est....
3183 3487 3312 3545 218.
3343 3485 3646 3558 Unusquis-

2043 3599 2149 3655 que
2175 3585 2337 3656 igitur
2375 3599 2435 3640 se
2473 3593 2798 3655 cognoscat;
2830 3586 2956 3654 quia
2982 3583 3028 3638 si
3049 3585 3170 3654 quis
3196 3583 3363 3639 habet
3390 3584 3444 3638 in
3474 3599 3535 3639 se
3560 3577 3648 3639 di-

2041 3675 2331 3732 lectionem
2356 3717 2372 3742 ,
2399 3674 2766 3730 habitaculum
2794 3683 2877 3731 est
2898 3675 2992 3730 Dei
3013 3717 3029 3741 ,
3062 3676 3188 3746 quia
3227 3675 3371 3731 Deus
3393 3715 3408 3740 ,
3439 3676 3527 3744 qui
3559 3675 3640 3728 di-

2043 3767 2191 3823 lectio
2217 3778 2291 3824 est
2309 3812 2326 3837 ,
2358 3779 2523 3825 manet
2547 3769 2598 3823 in
2617 3769 2710 3824 illo
2736 3767 2862 3824 219.
2900 3769 3064 3824 Decet
3083 3767 3194 3840 jam
3226 3767 3388 3838 linem
3413 3767 3628 3839 specie-

2042 3873 2159 3914 rum
2188 3901 2202 3924 ,
2237 3860 2289 3914 in
2313 3859 2618 3916 dilectionis
2666 3858 3040 3929 plenitudine,
3081 3869 3135 3914 et
3185 3861 3428 3914 omnium
3457 3875 3640 3916 rerum

2043 3953 2304 4008 bonarum
2335 3969 2718 4010 consummare
2740 3994 2756 4020 ,
2793 3952 3028 4012 maxime
3050 3967 3172 4008 cum
3210 3956 3391 4010 omnia
3417 3955 3527 4010 sint
3553 3969 3644 4011 re.

2043 4053 2270 4102 tractata
2295 4045 2436 4105 220:
2457 4056 2548 4102 aut
2569 4047 2612 4101 si
2637 4045 2764 4116 quid
2784 4046 3208 4116 praetermissum
3238 4057 3342 4122 cst,
3371 4047 3426 4104 in
3454 4047 3644 4104 mundi

2042 4137 2376 4208 plenitudine
2407 4137 2657 4193 videatur
2697 4152 2822 4193 esse
2848 4137 3189 4196 conclusum.
3247 4139 3467 4196 Veniam
3510 4151 3637 4198 ante

2040 4246 2232 4288 omnes
2262 4231 2516 4305 (fortasse
2553 4239 2679 4286 ante
2707 4231 2922 4302 omnia)
2947 4247 2980 4286 a
3011 4237 3105 4287 tuo
3137 4234 3338 4303 populo
3375 4234 3634 4292 sinceris-

2040 4323 2177 4380 sima
2206 4323 2492 4380 sanctitate
2517 4337 2680 4380 orans
2699 4363 2713 4389 ,
2746 4332 2804 4378 u'.
2829 4332 2914 4376 tua
2941 4323 3213 4384 Sanctitas
3235 4367 3250 4392 ,
3281 4325 3368 4382 cui
3413 4328 3639 4396 peritior

2038 4415 2129 4471 via
2147 4432 2177 4471 a
2205 4416 2317 4472 Deo
2337 4457 2353 4483 ,
2378 4426 2432 4471 et
2451 4417 2692 4472 sanctior
2727 4417 3081 4490 comprobata
3121 4428 3232 4485 est,
3260 4421 3314 4476 in
3353 4423 3637 4487 omnibus,

2041 4511 2095 4566 in
2125 4509 2320 4582 quibus
2348 4510 2693 4566 mediocritas
2725 4525 2842 4566 mea
2884 4511 2966 4566 vel
2993 4512 3376 4582 praetermisit,
3421 4514 3508 4569 vel
3555 4515 3638 4569 in-

336 4612 634 4672 cognoscat
659 4613 838 4662 vestra
871 4605 1176 4675 prudentia,
1197 4614 1457 4677 quantum
1475 4607 1713 4664 charitas
1733 4609 1933 4690 valeat,
1967 4608 2014 4670 D
2039 4613 2198 4660 venta
2232 4603 2442 4674 plenius
2471 4602 2766 4673 explanare
2796 4619 2904 4658 non
2939 4603 3152 4674 potuit,
3186 4611 3433 4660 correcta
3461 4605 3636 4661 refor-

337 4692 584 4764 legamus
615 4711 936 4766 responsum
969 4697 1183 4753 Domini
1228 4698 1283 4752 in
1327 4699 1617 4770 Evangelia
1655 4700 1884 4756 dicentis
1919 4717 1933 4755 :

336 4795 462 4842 cum
478 4793 917 4862 interrogaretur,
937 4791 1017 4848 sic
1028 4788 1272 4864 sit(Mat.
1303 4807 1438 4856 xxii,
1457 4793 1549 4850 57)
1575 4810 1588 4847 :
1613 4791 1811 4865 Diliges
1831 4793 1936 4848 Do-

2041 4712 2224 4762 mare,
2253 4705 2308 4753 et
2337 4696 2590 4766 supplere
2624 4696 2878 4764 dignetur
2921 4713 2934 4749 :
2961 4705 3056 4751 aut
3099 4697 3145 4752 si
3189 4697 3504 4766 probaveris
3529 4739 3544 4766 ,
3577 4711 3636 4756 ut

2038 4799 2124 4846 est
2149 4805 2178 4844 a
2201 4789 2358 4844 nobis
2380 4789 2698 4857 opusculum
2721 4799 2958 4859 coeptum
2983 4795 3038 4844 te
3064 4793 3377 4861 poteritequ
3405 4789 3520 4846 Deo
3545 4792 3640 4848 ad-

337 4880 534 4958 mittunt
551 4881 716 4942 Deum
736 4894 878 4939 tuum
893 4901 956 4939 ex
975 4893 1078 4939 toto
1095 4885 1249 4938 corde
1274 4893 1422 4940 tuoet
1444 4895 1622 4940 extota
1646 4887 1820 4940 anima
1847 4895 1938 4942 tua
2033 4880 2259 4952 iuvante
2301 4879 2598 4952 Ρεΐῖοθιυω
2620 4920 2636 4948 ν
2669 4896 2776 4936 ηοῐι
2807 4879 3010 4936 habere
3039 4879 3183 4952 (ἰυοά
3213 4881 3386 4948 des“.
3420 4885 3472 4938 in
3509 4900 3638 4941 οη-

338 4981 387 5026 et
419 4988 481 5027 ea:
502 4981 604 5027 tota
631 4975 816 5034 uirtute
837 4985 960 5040 tua;
995 4987 1042 5032 et
1061 4975 1244 5049 diliges
1261 4976 1550 5048 proximum
1571 4977 1660 5032 tibi
1679 4988 1935 5050 tamquam

334 5076 410 5122 te.
437 5064 466 5122 1
469 5083 506 5122 u
517 5066 600 5124 liis
612 5067 814 5125 duobus
823 5071 1092 5144 prcceptis
1120 5080 1228 5126 tota
1245 5073 1328 5126 les:
1346 5072 1549 5141 pendet,
1572 5083 1619 5127 et
1635 5070 1930 5139 Prophettv.

337 5156 506 5215 Vides
531 5159 582 5216 in
614 5160 716 5216 hac
755 5163 868 5218 sola
894 5164 1146 5220 universa
1170 5163 1304 5235 legis
1325 5165 1499 5238 capita
1542 5165 1783 5234 pendere
1803 5167 1932 5222 2l2.

339 5252 484 5318 Vere
507 5255 746 5328 quisquis
776 5257 914 5315 hanc
940 5257 1121 5328 habet,
1146 5257 1256 5330 jam
1287 5257 1453 5324 Deus,
1481 5268 1534 5314 et
1563 5257 1655 5319 Dei
1679 5259 1935 5316 liliusdici

336 5354 519 5415 potest
543 5345 670 5402 215.
689 5346 770 5403 Ex
796 5349 898 5405 hac
915 5349 1030 5405 sola
1056 5349 1172 5405 Deo
1188 5359 1239 5405 te
1261 5349 1491 5408 similem
1509 5366 1630 5410 esse
1651 5351 1936 5408 considera

330 5425 572 5509 244.ρυί
589 5441 755 5498 Deum
773 5443 968 5513 diligit,
985 5443 1246 5516 numquid
1261 5445 1470 5516 sperat?
1483 5445 1742 5516 numquid
1760 5447 1936 5504 timet?

334 5534 598 5614 nmquid
627 5535 782 5602 ﬁdit?
811 5535 930 5612 hicn
961 5555 976 5592 :
1006 5537 1102 5599 sed
1147 5546 1355 5597 tantum
1393 5538 1572 5614 diligit
1598 5539 1726 5600 215.
1763 5539 1934 5607 Deus,

336 5611 516 5700 inquit
543 5626 741 5686 Paulus
787 5627 980 5703 (Rom.
1008 5646 1133 5700 ιἰιι,
1175 5630 1268 5703 5),
1318 5647 1435 5690 cum
1481 5611 1744 5691 dilexisset
1784 5648 1936 5690 mun-

2041 4974 2280 5030 tionibus
2333 4982 2441 5028 tam
2487 4973 2594 5030 tuis
2635 4975 2878 5041 sanctis,
2907 4989 3069 5045 quam
3115 4975 3359 5031 Omnium
3407 4976 3634 5034 fratrum

2039 5069 2360 5125 memoriam
2393 5067 2502 5124 mei
2531 5068 2734 5125 habeas
2766 5085 2782 5123 :
2817 5069 2885 5124 Et
2909 5069 3084 5124 sciant
3103 5069 3283 5125 tumuli
3307 5070 3432 5127 ﬁdei
3464 5088 3596 5128 mea:
3617 5115 3634 5142 ,

2041 5161 2338 5232 prmstitam
2380 5163 2677 5227 rationem,
2708 5169 2763 5214 et
2799 5161 3092 5216 convenire
3126 5175 3249 5216 cum
3281 5161 3526 5219 Ecclesia
3551 5181 3638 5224 re-

2042 5265 2374 5328 cognoscant
2395 5253 2523 5320 221,
2556 5263 2612 5312 et
2632 5255 2805 5326 magis
2833 5255 3149 5329 mysterium
3177 5269 3414 5322 sumant.
3447 5269 3505 5314 ut
3528 5275 3637 5316 non

2041 5349 2217 5403 solum
2245 5349 2582 5420 gratulemur
2610 5365 2708 5405 nos
2750 5349 3050 5406 credidisse
3071 5391 3087 5416 ,
3113 5365 3302 5411 verum
3341 5352 3505 5411 etiam
3539 5354 3640 5410 ali-

2043 5439 2364 5511 quantulum
2400 5439 2634 5498 inimicis
2657 5483 2672 5509 ,
2715 5449 2772 5499 et
2799 5441 3150 5499 credentibus
3186 5443 3456 5514 profuisse
3502 5444 3632 5504 222.

2629 5582 3053 5651 W
