4100 6196
270 280 381 337 πε

940 279 1006 337 IN
1046 280 1302 340 HILARII
1339 280 1723 340 EPISTOLMI
1766 278 1898 339 SEU
1941 281 2293 341 LIBELLUM
2334 284 2881 344 ANNOTATIONES.

3470 288 3573 346 786

266 396 321 471 in
348 395 602 471 Calirielc
628 396 836 471 locutus
863 406 964 471 est.
989 396 1093 471 Sed
1116 398 1160 452 si
1193 397 1470 453 brachium
1495 397 1737 465 Domini,
1765 413 1861 453 seu
1891 403 1944 462 Α
1969 413 2127 468 care,
2156 402 2411 471 quidnam
2441 405 2550 460 sint
2591 406 2787 462 saecula
2818 405 3125 463 invisibilia.
3159 408 3241 463 An
3272 420 3335 463 ea
3377 407 3573 462 stecula

266 466 360 521 Dei
406 469 638 529 dicitur,
667 483 733 521 an
784 469 1030 535 fortitudo
1077 484 1182 522 non
1220 470 1468 525 dicetur?
1498 471 1684 525 Patres
1732 484 1864 526 sane

265 539 397 603 hac,
432 540 534 593 nisi
562 540 748 601 fallor,
779 539 848 594 de
877 555 1037 594 causa
1062 540 1335 595 brachium
1358 541 1454 595 Dei
1478 585 1491 608 ,
1528 556 1621 596 seu
1655 540 1864 595 Domini
1892 584 1902 594 .

260 610 539 680 Christum
588 610 866 679 appellare
909 612 1129 665 minime
1177 613 1446 667 dubitant.
1494 612 1674 680 Qitid?
1718 612 1864 680 quod

268 679 451 753 finus
494 698 597 736 vox
642 696 943 753 synonyma
999 684 1210 737 videtur
1258 699 1379 739 esse
1420 679 1540 737 voci
1590 683 1859 751 fortitudo.

260 751 501 808 Titulum
530 751 693 823 porro
724 751 863 807 hunc
884 754 1183 821 saepissime
1211 754 1398 809 Patres
1441 755 1678 807 trilmunt
1704 755 1860 808 Chri-

256 832 369 896 sto.
404 824 577 896 Unum
626 824 712 879 hic
740 824 990 878 Bulinum
1042 825 1222 879 indico
1268 827 1383 881 hinc
1424 826 1720 896 tradentem
1771 825 1863 896 (In

258 893 501 967 Symboli
549 896 884 967 expositione,
924 912 1043 966 pag.
1078 896 1288 967 75edit.
1323 894 1599 967 Vallarsii)
1633 913 1645 948 :
1679 914 1698 948 ι
1731 893 1863 964 Quae

256 978 345 1038 est
376 978 556 1021 autem
590 966 759 1038 virtus
785 967 1078 1029 Altissimi,
1108 966 1208 1021 nisi
1232 968 1348 1038 ipse
1365 968 1610 1023 ChriSIus
1630 1009 1645 1032 ,
1672 968 1762 1034 qui
1780 977 1863 1022 est

258 1036 359 1091 Dei
378 1040 637 1103 virtus,et
669 1036 764 1092 Dei
778 1038 1082 1105 sapientia?
1108 1057 1125 1087 ι
1153 1036 1270 1093 Alia
1307 1039 1521 1093 Patrttm
1551 1040 1665 1093 loca
1690 1040 1734 1090 si
1762 1054 1859 1089 cu-

256 1111 367 1176 pis,
397 1125 459 1161 ea
494 1109 585 1164 tibi
614 1110 876 1178 praebebit
903 1107 1127 1165 Clariss.
1170 1110 1347 1165 editor
1388 1110 1626 1178 Opi-rum
1674 1107 1732 1163 S.
1765 1108 1860 1163 Hi~

255 1180 380 1254 larii
410 1178 654 1254 (Prurfat.
702 1182 758 1254 in
781 1189 1025 1254 tomum}
1045 1223 1058 1245 ,
1091 1181 1236 1254 iniit
1268 1190 1313 1234 et
1341 1179 1496 1254 seq).
1541 1182 1861 1254 (Σιιιιιλιιοστο

255 1266 321 1305 ea
358 1251 471 1306 loca
515 1251 777 1310 iudicavi.
813 1252 864 1305 in
907 1252 1102 1317 quibus
1131 1252 1378 1307 Christus
1407 1251 1605 1306 dicitur
1647 1251 1817 1304 vinum
1840 1291 1857 1317 ,

253 1321 370 1376 duo
398 1322 611 1388 notavi,
648 1337 843 1387 nempe
869 1322 1108 1379 Matthtei
1142 1339 1192 1377 tit
1213 1365 1227 1387 ,
1256 1323 1318 1376 l7
1341 1365 1355 1388 ,
1384 1335 1439 1378 et
1466 1322 1627 1377 Joau.
1654 1338 1719 1375 xv
1738 1363 1752 1383 ,
1784 1322 1811 1375 1
1841 1364 1856 1387 ,

253 1395 310 1447 in
339 1410 571 1464 quorum
598 1392 776 1465 primo
802 1394 916 1449 haec
942 1402 1263 1449 occurrunt:
1290 1410 1449 1461 neque
1469 1395 1674 1447 mittunt
1689 1392 1860 1447 vinum

251 1481 449 1519 novum
474 1465 527 1518 in
557 1464 697 1519 utres
741 1475 950 1520 veteres.
1002 1464 1266 1521 Nimirum
1319 1467 1426 1519 viui
1475 1465 1765 1534 allegoria,
1796 1479 1861 1519 ac

253 1537 524 1591 vocabulo
550 1535 634 1591 lex
677 1535 1031 1607 Evangelica,
1064 1537 1292 1607 ideoque
1334 1537 1453 1605 ejus
1493 1548 1680 1591 auctor
1707 1534 1861 1607 Chri-

252 1618 375 1661 stus
402 1607 706 1663 intellectus
731 1619 815 1662 est
838 1605 874 1659 ε
906 1605 1217 1661 veteribus!
1245 1606 1303 1660 lu
1336 1609 1509 1663 altero
1540 1621 1669 1661 vero
1699 1623 1712 1661 :
1751 1605 1860 1675 Ego

252 1694 375 1732 sum
423 1679 539 1732 uitis
564 1694 701 1733 vera.
738 1677 871 1732 Vitis
915 1689 1092 1733 autem
1137 1679 1244 1732 vini
1289 1693 1520 1747 parens,
1553 1687 1612 1732 ut
1656 1676 1727 1730 ita
1775 1679 1859 1730 lo-

252 1765 424 1819 quar,
454 1760 557 1805 est.
588 1748 856 1804 Caeterum
882 1749 1085 1811 lateor,
1110 1751 1385 1817 respicere
1412 1750 1656 1817 potuisse
1684 1748 1859 1819 adhuc

256 1792 520 1875 l'lilariuui
543 1819 608 1875 ad
637 1837 697 1874 ea
720 1792 1131 1875 Proverbioru‘tn
1159 1792 1281 1888 cap.
1327 1837 1382 1875 ix
1413 1792 1540 1875 'lnca
1564 1820 1712 1891 (vers.
1746 1818 1805 1887 2)
1841 1838 1855 1874 :
1890 1792 1936 1852 Β

252 1893 604 1959 sapientia....
632 1893 830 1946 miscuit
877 1894 1149 1946 vinum...
1196 1892 1348 1963 (vers.
1373 1890 1430 1963 5)
1462 1890 1672 1956 Venite,
1696 1906 1862 1963 come-

253 1963 367 2016 dite
393 1980 576 2035 panem
602 1978 771 2035 meum
788 2006 804 2029 ,
834 1976 877 2017 et
906 1963 1059 2017 bibite
1084 1962 1257 2017 vinum
1281 2004 1296 2029 ,
1326 1964 1463 2033 quod
1491 1964 1670 2035 miscui
1700 1962 1858 2015 vobis.

256 2035 475 2089 Etenim
506 2034 592 2089 bis
632 2034 811 2089 verbis
854 2046 1257 2089 sacrosanctum
1307 2036 1495 2090 altaris
1541 2034 1862 2088 Sacramen-

257 2116 373 2159 tum
393 2147 409 2172 ,
437 2110 489 2159 iu
515 2120 624 2176 quo
649 2106 852 2160 scilicet
870 2106 973 2160 sub
992 2106 1174 2176 specie
1203 2105 1357 2174 panis
1405 2114 1459 2160 et
1479 2105 1591 2176 vini
1615 2102 1861 2159 Christus

256 2179 379 2248 ipse
420 2175 607 2241 extat,
663 2175 1055 2246 praenuntiari',
1122 2176 1487 2247 probatissimi
1538 2175 1862 2248 interpretes

254 2245 499 2302 docent:
543 2245 811 2317 respicere
861 2250 1098 2314 potuisse
1124 2245 1331 2315 pariter
1372 2248 1439 2301 ad
1485 2248 1662 2301 locum
1709 2245 1861 2299 illum

260 2319 496 2373 Matthari
519 2316 833 2391 (musa):
858 2317 987 2372 Dico
1002 2329 1171 2373 autem
1195 2319 1353 2384 vobis,
1374 2334 1475 2391 non
1496 2317 1661 2391 bibam
1673 2316 1862 2391 amoth

258 2392 325 2444 de
346 2392 441 2445 hoc
462 2386 714 2458 genimine
737 2392 881 2444 vivis.
910 2391 1120 2445 Etenim
1146 2393 1391 2456 genimen
1426 2388 1576 2447 vitis.
1600 2389 1754 2455 cujus
1776 2386 1863 2442 hic

258 2460 557 2526 mcntioiit,
572 2470 654 2515 est
670 2462 970 2530 ipsissiinns
985 2460 1231 2515 Christus
1243 2460 1343 2515 sub
1356 2459 1654 2529 vinispecic
1669 2459 1859 2513 latens.

333 2533 421 2587 75.
465 2530 599 2587 Cum
624 2532 927 2587 incarnatio
958 2535 1069 2601 ipsa
1101 2541 1321 2601 propter
1348 2532 1594 2586 homines
1613 2530 1715 2594 sit,
1743 2543 1865 2599 pro-

260 2612 384 2672 pter
431 2603 682 2658 homines
718 2606 822 2659 erit
853 2605 1054 2674 pariter
1078 2601 1327 2660 Christus
1356 2604 1461 2657 vita
1508 2608 1691 2656 nostra
1712 2642 1729 2666 ,
1774 2601 1864 2656 lux

260 2684 446 2745 nostra
468 2716 483 2738 ,
517 2685 702 2745 pastor
734 2684 935 2730 uoster.

332 2744 423 2799 74.
467 2744 708 2814 Respicit
740 2746 807 2801 ad
853 2746 1345 2801 celebratissimum
1392 2744 1545 2800 Pauli
1598 2745 1865 2798 monitum

257 2817 402 2944 Sict.
430 2833 542 2873 xvn
565 2858 577 2878 .
607 2815 704 2886 28)
734 2836 747 2872 :
779 2816 845 2871 1η
874 2819 988 2888 ipso
1008 2818 1254 2879 vivimus,
1284 2830 1567 2879 movemur,
1591 2823 1640 2867 et
1663 2831 1862 2868 sumus.

304 2898 518 2944 ortasse
567 2888 731 2943 etiam
778 2889 843 2943 ad
873 2903 935 2942 ca
966 2889 1185 2944 respicit
1225 2890 1375 2944 loca.
1429 2889 1482 2939 in
1523 2887 1719 2944 quibus
1765 2886 1862 2940 vita

304 2898 518 2945 ortasse
567 2888 731 2943 etiam
778 2889 843 2943 ad
873 2886 935 2942 ea
966 2889 1185 2954 respicit
1225 2890 1375 2950 loca,
1429 2889 1482 2939 in
1523 2887 1719 2955 quibus
1765 2886 1869 2940 vita

257 2970 474 3027 nostra,
524 2971 615 3013 aut
666 2964 805 3030 ινοιιο⁸
835 2960 971 3024 ιδὶιίε,
1031 2960 1146 3030 fons
1194 2974 1342 3030 aqua:
1371 2956 1605 3011 salientis
1633 2958 1687 3010 in
1710 2957 1865 3010 vitam

258 3042 510 3086 (sternam
548 3028 747 3086 dicitur
773 3028 1043 3086 Christus.

333 3102 424 3157 75.
469 3101 525 3156 Id
549 3110 675 3157 est;
707 3116 806 3169 ea,
838 3118 956 3168 qua:
984 3103 1053 3157 de
1080 3102 1296 3157 Christo
1334 3100 1602 3163 diximus,
1633 3099 1863 3169 ideoque

1972 471 2202 548 iudicat,
2231 489 2351 545 quae
2390 476 2479 530 alii
2523 478 2830 547 imaginaria
2871 478 3208 548 appellarunt
3236 520 3252 542 .
3300 479 3416 548 ipse
3446 493 3576 534 vero

1972 542 2478 623 Hilariusulempora
2509 542 2795 623 _app'ellat,
2841 542 2957 623 qua!
3000 551 3244 623 Opinione
3281 542 3578 623 complecti.

1967 630 2084 667 mur
2130 613 2271 693 (Lib.
2308 633 2385 693 itii
2406 618 2479 693 _tl_e
2508 613 2819 693 Trinit.,_n.
2853 613 2922 675 '27
2944 663 2958 683 ,
3008 613 3130 693 ῥας.
3181 618 3348 693 Lai),
3381 613 3576 693 finiuit)

1967 688 2275 769 expressius
2296 686 2471 769 _(Ibid.
2498 701 2542 745 et
2570 690 2754 769 ἰε-28)
2784 686 3018 769 τριηρονᾴ
3039 686 3232 746 talenta
3284 686 3396 764 (a)?
3427 692 3577 746 Alie-

1967 771 2094 809 num
2142 758 2402 824 judicium
2436 773 2572 814 esto.
2611 762 2707 817 Hic
2735 758 2903 828 porro
2946 758 3571 828 advertamus'oportet,

1966 829 2229 908 ευξιιίοεξνί
2279 844 2378 883 nos
2433 845 2623 899 posse,
2655 848 2779 908 eum
2828 834 2940 889 lucc
2970 836 3043 888 ait
3075 833 3357 908 Hilarius:
3396 851 3415 884 ι
3452 832 3570 888 Non

1965 899 2109 953 enim
2163 896 2380 975 fas_est
2432 896 2503 975 ex,
2540 896 2618 959 eo
2667 904 2831 960 Deum
2864 915 3147 975 operatum
3196 905 3457 965 credere.
3503 919 3570 958 ex

1965 984 2071 1037 quo
2112 970 2345 1052 mundus
2387 974 2649 1052 geuiturat
2678 990 2791 1052 sua;
2830 970 2971 1030 idem
3028 976 3325 1052 nativitatis
3353 975 3571 1029 initium

1965 1044 2213 1122 sumpsit,
2245 1061 2264 1094 i
2286 1045 2339 1097 in
2361 1044 2617 1122 caluisse
2634 1048 2912 1122 opinione,
2926 1063 3048 1122 quae
3071 1047 3402 1117 Angelorum
3419 1061 3575 1101 crea-

1966 1117 2168 1192 tionem
2186 1117 2535 1192 praecessisse
2556 1118 2715 1173 docet
2760 1118 3073 1192 visibilium_
3096 1131 3257 1189 atque
3281 1189 3290 1192 _
3316 1127 3542 1192 aspecta
3552 1148 3570 1157 -

1965 1183 2150 1264 biliuni
2184 1184 2381 1264 harum
2420 1202 2601 1241 rerum
2658 1191 3010 1264 creationem.
3041 1183 3421 1264 Quaiquidem
3452 1187 3574 1264 opi-

1966 1258 2055 1306 nio
2102 1269 2224 1329 cum
2266 1258 2565 1329 multorum
2595 1268 2835 1314 veterum
2889 1260 3323 1329 Theologorutu,
3361 1274 3424 1313 ac
3473 1258 3575 1329 Pa-_-

1965 1333 2104 1377 trum
2140 1324 2334 1399 fuerit,
2378 1342 2448 1399 ac
2498 1332 2799 1399 pnrsertim
2847 1324 3162 1386 Graecoru'm
3210 1328 3327 1399 (b),
3380 1327 3573 1383 Hilarii

1967 1398 2151 1470 procul
2182 1397 2347 1452 dubio
2371 1397 2469 1454 luit
2491 1397 2510 1453 ἑ
2537 1401 2736 1455 etenim
2769 1402 2883 1456 hrec
2906 1403 3122 1470 scriptis
3154 1397 3391 1470 prodidit
3415 1400 3576 1461 (Con-

1964 1467 2309 1543 gaduatent,
2343 1486 2395 1523 η.
2430 1470 2490 1539 6)
2517 1489 2530 1525 :
2570 1490 2588 1522 ι
2619 1476 2723 1527 Aut
2756 1467 3056 1543 regenerati
3084 1467 3272 1526 omnes
3304 1485 3413 1525 non
3443 1484 3575 1524 vere

1969 1536 2061 1596 Dei
2089 1536 2184 1593 ﬁlii
2219 1550 2378 1614 sunt,
2411 1536 2501 1596 aut
2543 1544 2731 1613 Angeli
2766 1536 2986 1605 omnes,
3023 1558 3120 1614 per
3148 1542 3425 1597 Christum
3467 1552 3573 1614 uti-

1964 1623 2068 1677 que
2092 1609 2330 1691 conditi,
2356 1627 2468 1691 _non
2494 1626 2618 1668 ante
2635 1609 2823 1691 omnia
2853 1609 3096 1685 tempora
3119 1654 3134 1679 ,
3162 1622 3217 1668 et
3236 1622 3363 1668 ante
3388 1612 3571 1667 omnia

1964 1682 2185 1732 omnino
2210 1682 2404 1736 saecula
2434 1694 2560 1737 sunt
2588 1687 2794 1739 creati?
2830 1704 2849 1737 ι

2038 1750 2125 1825 77.
2167 1752 2224 1807 Si
2250 1756 2314 1805 ad
2346 1754 2471 1807 illud
2499 1770 2669 1825 genus
2703 1756 3075 1821 operationum
3098 1796 3112 1822 ,
3143 1768 3276 1825 quas
3305 1754 3569 1825 Theoiogi

1965 1821 2033 1874 ad
2059 1822 2197 1876 intra
2244 1821 2525 1892 appellzini
2543 1868 2558 1888 ,
2594 1828 2707 1881 haec
2740 1827 2922 1883 Hilarii
2945 1829 3107 1882 verba
3136 1821 3340 1880 referas
3362 1867 3376 1890 ,
3413 1823 3572 1879 facile

1964 1893 2256 1961 explicaliis
2284 1914 2297 1949 :
2344 1905 2584 1963 perStant
2620 1899 2761 1951 enim
2796 1898 3158 1952 immutabiles
3182 1911 3261 1950 ea:
3288 1897 3529 1951 actiones
3551 1937 3567 1962 ,

1965 1979 2087 2032 quae
2114 1974 2332 2019 aeterna:
2361 1968 2577 2022 luerunt
2598 2010 2611 2031 ,
2640 1979 2695 2023 et
2724 1971 2775 2024 in
2806 1980 3070 2024 aeternum
3101 1976 3237 2023 sunt
3253 1968 3527 2022 duratura:
3551 1983 3566 2019 :

1965 2050 2122 2105 quam
2154 2037 2223 2090 ob
2266 2052 2519 2106 causam,
2570 2048 2629 2094 ut
2671 2044 2781 2108 jam
2825 2040 3158 2111 Augustinus
3195 2039 3404 2111 monuit
3449 2036 3525 2107 (c)
3552 2079 3566 2103 ,

1965 2114 2207 2180 tempora
2237 2118 2427 2164 cuncta
2471 2108 2959 2180 comprehenduui.
3003 2113 3059 2165 Si
3106 2124 3236 2165 vero
3284 2108 3349 2163 ad
3396 2122 3567 2180 genus

1965 2177 2096 2231 illud
2136 2180 2432 2244 actionum,
2465 2177 2612 2249 quas
2642 2184 2983 2243 extrinsecus.
3013 2196 3109 2237 seu
3150 2181 3217 2235 ad
3246 2177 3567 2235 extra’dici-

1966 2263 2086 2323 inus
2105 2265 2127 2323 ;_
2148 2249 2194 2301 si
2226 2261 2350 2305 ante
2378 2252 2634 2305 mundum
2664 2253 3046 2323 aSpectabilem
3073 2251 3314 2323 condidit
3331 2249 3568 2320 Angelos

1966 2319 2130 2390 (quod
2155 2334 2286 2374 sane
2309 2323 2521 2377 censuit
2559 2319 2816 2389 Hilarius)
2838 2366 2853 2389 ,
2888 2324 3053 2378 Deum
3076 2321 3347 2379 credimus
3372 2319 3567 2390 opera-

1968 2388 2273 2467 tumluisse
2291 2434 2305 2453 ,
2339 2404 2626 2467 antequam
2656 2388 2888 2450 mundus
2914 2396 3164 2467 geniturae
3193 2408 3302 2467 sua:
3326 2388 3564 2467 sampsa

1966 2464 2033 2536 rit
2079 2462 2332 2536 initium:
2373 2463 2484 2520 Nec
2528 2468 2740 2536 operari
2793 2462 3004 2528 cessat.
3042 2480 3163 2520 cum
3206 2462 3565 2536 infundendas

1967 2534 2020 2586 in
2076 2532 2304 2587 humana
2362 2532 2589 2604 corpora
2645 2537 2857 2592 animas
2917 2538 2969 2591 in
3025 2543 3296 2590 momenta
3336 2532 3568 2604 _singula

1966 2616 2143 2669 creet,
2167 2616 2220 2659 et
2243 2615 2433 2660 cuncta
2452 2602 2736 2661 conservet
2755 2651 2765 2668 .
2787 2617 2842 2662 et
2862 2606 3221 2661 administret.
3254 2602 3386 2659 Vide
3410 2602 3526 2658 loca
3548 2644 3562 2667 ,

1966 2689 2086 2756 qua:
2132 2684 2261 2730 noto
2290 2674 2344 2729 in
2366 2677 2513 2730 calce
2542 2677 2749 2748 pagina:
2776 2676 2878 2803 (t3.
2910 2678 3168 2746 Quasnam
3212 2688 3343 2729 vero
3371 2675 3442 2728 sit
3479 2688 3569 2728 re-

1967 2760 2126 2803 quies
2154 2748 2343 2801 interni
2378 2748 2551 2802 Patris
2572 2790 2584 2803 .
2619 2753 2778 2803 docet
2859 2750 3041 2802 tlarius
3069 2764 3124 2802 η.
3155 2748 3188 2802 8
3223 2752 3565 2799 commenta-

1967 2744 2126 2814 quies
2154 2748 2343 2801 interni
2378 2744 2584 2805 Patris.
2615 2744 3041 2803 itocet'Hdai-ius
3069 2764 3124 2802 n.
3155 2748 3188 2802 8
3223 2752 3565 2799 commenta-

1968 2816 2169 2891 r_io_rum
2202 2818 2255 2891 in
2282 2832 2362 2891 p_s_.
2395 2833 2483 2873 xei
2511 2817 2673 2891 (Pag.
2700 2820 2808 2875 269
2829 2829 2954 2891 tom.
2980 2835 3030 2891 ι,
3060 2819 3195 2886 Quia
3243 2830 3361 2887 ergo
3381 2829 3567 2891 opera

1969 2885 2067 2959 Dei
2088 2928 2102 2952 ,
2133 2886 2287 2959 etc.).
2311 2888 2380 2945 Ut
2408 2885 2567 2944 voces
2596 2885 2715 2944 illas
2735 2933 2751 2956 ,
2783 2889 2913 2944 nihil
2953 2890 3033 2944 illi
3061 2885 3258 2959 semper
3283 2885 3561 2959 acciderit:

1967 2955 2288 3031 sedsemper
2325 2961 2421 3026 sit,
2455 2961 2612 3030 plane
2644 2962 2936 3031 intelligas,
2964 2961 3144 3015 recole
3168 2955 3285 3029 quae
3318 2972 3469 3031 num.
3495 2955 3564 3011 59

1969 3028 2231 3084 diximus.
2259 3030 2413 3099 Quod
2440 3028 2482 3085 si
2506 3046 2669 3088 voces
2696 3032 2794 3086 has
2816 3028 2839 3098 ζ
2861 3047 3061 3099 semper
3078 3033 3142 3085 sit
3160 3028 3271 3096 ,ita
3295 3028 3528 3098 accipias
3547 3064 3564 3089 ,

1970 3108 2028 3154 ut
2053 3103 2248 3156 doceat
2279 3103 2548 3168 Hilarius,
2594 3103 2908 3158 attributum
2957 3103 3057 3156 hoc
3106 3100 3237 3156 Esse
3277 3114 3401 3155 esse
3439 3111 3566 3168 pro-

259 3188 357 3229 eos
388 3175 535 3242 ipsos
554 3213 569 3237 ,
595 3188 731 3244 quos
761 3168 1138 3229 recensuimus
1158 3215 1174 3240 ,
1205 3174 1391 3227 titulos
1413 3212 1429 3237 ,
1456 3186 1524 3226 ex
1550 3168 1863 3239 Scriptura-
1888 3168 1932 3230 C
1967 3172 2142 3244 prium
2173 3173 2306 3239 Dei,
2342 3173 2571 3244 ideoque
2600 3174 2812 3239 Patris;
2843 3189 2910 3230 eo
2948 3189 3110 3228 sensu
3154 3170 3398 3244 proiecto
3424 3171 3566 3244 acci-

258 3260 383 3300 rum
413 3245 643 3300 lectione
681 3254 1019 3315 assequetur.

336 3315 427 3371 76.
475 3318 628 3371 llunc
656 3311 836 3370 inesse
866 3317 1042 3371 verbis
1072 3316 1154 3369 his
1176 3329 1399 3370 sensum
1433 3324 1583 3382 puto.
1617 3311 1673 3368 Si
1701 3313 1863 3383 igitur

261 3390 539 3443 revelantc
577 3386 859 3458 Scriptura
904 3387 1266 3454 conﬁtemur,
1321 3387 1413 3458 Dei
1465 3382 1656 3437 Filium
1706 3382 1862 3439 nobis

264 3474 388 3514 esse
412 3456 722 3529 cognitum,
750 3458 952 3529 scimus
977 3461 1141 3514 etiam
1172 3460 1335 3512 Deum
1362 3456 1571 3529 Patrem
1598 3469 1693 3525 per
1714 3470 1864 3529 eum-

264 3529 389 3583 dem
423 3526 590 3585 lilium
620 3528 930 3585 condidisse
959 3530 1154 3583 sarcula
1190 3540 1298 3583 tum
1331 3527 1560 3581 visibilia
1582 3568 1596 3592 ,
1631 3535 1741 3579 tum
1774 3526 1861 3581 in-

263 3601 545 3656 visibilia:
591 3614 767 3671 neque
815 3601 958 3656 enim
1011 3602 1090 3654 fas
1136 3610 1216 3654 est
1280 3608 1470 3671 putare
1527 3598 1692 3651 Deum
1749 3607 1859 3652 tum

268 3673 499 3741 cwpisse
544 3669 793 3740 cperari,
838 3686 959 3727 cum
1002 3673 1233 3726 mundus
1285 3669 1547 3725 conditus
1598 3680 1719 3735 est,
1774 3679 1865 3723 aut

271 3758 518 3799 cessasse
562 3754 842 3812 postquam
893 3752 975 3797 est
1017 3743 1308 3796 conditus:
1341 3742 1708 3812 etenimgeum
1758 3756 1864 3795 non

269 3814 499 3869 desiisse
527 3810 754 3869 testatur
786 3816 1042 3868 Dominus
1066 3817 1179 3883 ipse
1200 3855 1214 3877 ,
1243 3828 1366 3867 cum
1393 3815 1465 3865 ait
1491 3828 1506 3866 :
1538 3810 1696 3883 Pater
1722 3828 1864 3866 meus

272 3901 431 3955 usque
461 3884 612 3939 modo
637 3896 877 3955 operatur
897 3926 912 3948 ,
944 3894 1050 3939 etc.
1087 3881 1151 3939 Si
1194 3888 1551 3955 sa-culorum”
1572 3881 1862 3955 visibilium

271 3969 325 4011 et
347 3953 713 4011 invisibilium
747 3956 1005 4010 vocabulo
1051 3965 1325 4009 creaturas
1383 3953 1620 4007 visibiles
1647 3965 1701 4007 et
1731 3953 1866 4008 invi-

271 4027 457 4082 sibiles
501 4027 785 4098 intelligit,
829 4026 881 4080 id
933 4026 1107 4095 ipsum
1155 4028 1242 4081 hic
1287 4027 1478 4090 docet,
1524 4026 1666 4098 quod
1709 4035 1864 4098 antea

272 4098 549 4154 docuerat.
577 4094 709 4161 Vide
733 4094 1010 4152 numerum
1031 4140 1043 4162 ,
1069 4114 1162 4151 seu
1186 4099 1584 4150 annotationem
1612 4096 1697 4149 18.
1722 4094 1863 4150 Sane

274 4185 367 4223 cas
414 4181 687 4223 creaturas
732 4170 1029 4239 intelligere
1071 4169 1152 4222 his
1184 4167 1458 4221 vocabulis
1515 4168 1717 4227 potuit;
1771 4182 1867 4236 per

274 4240 654 4311 synecdochen
682 4241 917 4303 scilicet,
948 4256 1050 4311 qua
1078 4249 1391 4294 contentum
1419 4239 1745 4293 continentis
1777 4254 1871 4292 vo-

274 4314 469 4365 ealmln
497 4313 803 4366 denomtur.

346 4382 417 4437 At
442 4386 486 4436 si
532 4383 727 4436 s:ecula
771 4384 880 4452 ipsa
926 4372 1211 4452 iutelﬁgit,
1259 4382 1419 4451 paulo
1446 4381 1728 4436 obscurior
1758 4389 1867 4435 tum

276 4452 335 4508 ﬁt
379 4458 527 4507 locus
561 4455 681 4508 iste.
728 4454 791 4508 Et
839 4453 1071 4507 visibilia
1101 4453 1313 4524 quidem
1348 4454 1544 4507 stccula
1586 4454 1866 4520 novimus,

274 4538 338 4578 ea
370 4525 608 4586 scilicet,
650 4541 768 4594 qua:
810 4541 908 4595 per
949 4526 1116 4589 solis,
1163 4524 1579 4592 stellarumque,
1611 4540 1674 4578 ac
1702 4524 1872 4579 coelo—

1969 3238 2085 3311 pies
2107 3284 2120 3309 ,
2147 3238 2306 3313 quem
2341 3245 2442 3299 alia
2476 3238 2659 3301 Hilarii
2686 3238 2828 3301 dicta
2860 3246 3014 3299 valde
3061 3238 3567 3314 probabilem_red—

1967 3309 2241 3389 didgruut.
2278 3315 3010 3389 Nimirumaliquandoihatc
3060 3309 3280 3389 scripsit
3323 3309 3567 3389 (Lib._x1t

1968 3385 2032 3438 de
2060 3384 2246 3459 Τνὶηἰιζ
2278 3387 2433 3459 11.23
2458 3398 2504 3441 et
2531 3388 2606 3442 24
2625 3430 2639 3452 ,
2664 3381 2820 3459 ’ρα9.
2849 3386 2951 3442 421
2985 3396 3109 3441 tam.
3142 3387 3203 3453 tt)
3244 3400 3257 3437 :
3286 3402 3305 3435 ι
3335 3381 3492 3459 Quod
3524 3381 3569 3434 si

1969 3470 2186 3527 semper
2215 3456 2361 3512 Patri
2392 3458 2664 3529 proprium
2696 3453 2788 3514 est
2818 3459 2958 3529 quod
3004 3472 3220 3527 semper
3259 3465 3344 3529 est
3375 3453 3571 3516 Pater;

1970 3526 2195 3583 necesse
2219 3538 2302 3582 est
2332 3526 2545 3599 semper
2574 3528 2710 3584 Filio
2737 3526 3014 3599 proprium
3038 3526 3160 3584 esse
3186 3526 3326 3591 quod
3351 3537 3571 3591 semper

1970 3609 2052 3653 est
2080 3599 2267 3654 Filius.
2298 3599 2365 3653 Et
2390 3600 2660 3670 quomodo
2685 3600 2738 3653 iu
2770 3615 3076 3655 sermonem
3104 3610 3352 3653 nostrum
3371 3635 3384 3655 .
3409 3602 3573 3662 atque

1970 3670 2379 3740 intelligentiam
2401 3672 2589 3735 cadet,
2616 3680 2673 3725 ut
2703 3687 2807 3725 non
2838 3669 3031 3732 fuerit,
3061 3678 3351 3740 antequam
3383 3677 3573 3740 hasce:

1971 3751 2121 3813 retur
2140 3731 2173 3807 ξ
2183 3744 2265 3796 ειιί
2295 3731 2587 3813 proprium
2604 3751 2688 3797 est
2711 3755 2927 3811 semper
2952 3755 3073 3795 esse
3100 3731 3428 3813 qutidtiatus
3451 3731 3573 3813 est?

1972 3804 2221 3866 Formam
2254 3804 2433 3880 itaque
2474 3822 2636 3882 atque
2692 3804 2978 3882 imaginem
3009 3804 3417 3882 invisiliilis_l_)ei
3451 3804 3595 3859 uuir

1969 3885 2183 3952 genitus
2219 3884 2270 3936 in
2300 3877 2358 3936 se
2393 3877 2880 3944 Deus'continen's,
2923 3884 2974 3936 in
3018 3881 3269 3936 omnibus
3298 3877 3384 3932 bis
3405 3916 3418 3932 .
3451 3888 3571 3952 quae

1968 3947 2181 4028 propria
2214 3954 2335 4028 Deo
2376 3952 2516 4009 Patri
2562 3964 2858 4028 sunt,__per
2889 3952 3286 4028 plenitudinem
3327 3961 3472 4028 verae
3517 3947 3571 4027 in

1971 4017 2031 4080 se
2071 4017 2368 4085 divinitatis
2416 4037 2680 4094 aequatur.
2707 4017 2977 4091 ’Nam,'ut
3003 4020 3375 4094 superioribus
3421 4017 3573 4094 libris

1973 4097 2285 4162 docuimus,
2320 4112 2416 4166 per
2438 4087 2688 4151 virtutem
2711 4137 2724 4160 ,
2753 4106 2808 4151 et
2835 4087 3238 4149 venerationem
3256 4133 3272 4166 ,
3301 4091 3438 4145 sicut
3467 4087 3574 4166 Pa:

1977 4177 2060 4221 ter
2087 4175 2143 4221 et
2178 4155 2523 4222 honorandus
2545 4209 2559 4232 ,
2592 4177 2648 4236 et
2678 4155 2869 4236 potens
2895 4175 2979 4221 est
3004 4183 3019 4219 :
3052 4167 3123 4219 ita
3155 4175 3210 4236 et
3245 4164 3408 4236 ineo
3431 4155 3577 4228 quod

1974 4238 2135 4292 Pater
2161 4252 2378 4307 semper
2415 4249 2499 4294 est
2521 4231 2614 4303 ,εἰ
2642 4231 2855 4308 quoque
2884 4237 2936 4291 in
2962 4234 3211 4308 eo_quod
3245 4231 3415 4308 Filius
3439 4238 3538 4308 est
3558 4269 3577 4308 ε

1976 4309 2116 4364 Filio
2153 4298 2371 4376 semper
2399 4298 2532 4365 esse
2558 4298 2846 4364 commune
2873 4318 2978 4363 est.
3011 4298 3143 4362 Nam
3174 4304 3474 4376 secundum
3507 4298 3579 4354 ad

1976 4381 2195 4453 Moysen
2224 4374 2426 4453 dictum
2452 4399 2467 4437 :
2502 4381 2644 4453 Misit
2666 4395 2749 4433 me
2777 4381 2845 4434 ad
2863 4395 2962 4432 eos
2988 4380 3033 4453 is
3061 4379 3147 4439 aui
3175 4386 3247 4431 est
3270 4419 3284 4441 ,
3317 4374 3431 4429 Deo
3460 4384 3584 4453 pro-

1979 4449 2151 4522 prium
2185 4465 2305 4507 esse
2336 4451 2388 4506 id
2443 4452 2586 4520 quod
2627 4461 2710 4507 est
2732 4492 2746 4514 .
2780 4465 2887 4506 nou
2918 4451 3199 4520 ambigens
3237 4460 3430 4522 sensus
3457 4449 3581 4497 est:

1980 4518 2100 4592 quia
2132 4523 2192 4598 id
2230 4518 2534 4598 quodest,
2570 4539 2675 4579 nou
2704 4529 2884 4598 potest
2928 4518 3188 4598 intelligi,
3220 4518 3433 4586 dicique
3459 4525 3586 4598 non

274 4611 396 4651 rum
423 4590 1171 4652 conversiones'dimetimur.
1208 4598 1276 4649 At
1319 4590 1538 4650 difﬁcile
1578 4605 1662 4650 est
1700 4596 1874 4665 expli-
1898 4590 1954 4651 D
1977 4590 2120 4649 esse.
2157 4595 2289 4649 Esse
2316 4597 2494 4660 enim,
2523 4609 2577 4650 et
2622 4590 2728 4649 non
2761 4590 2882 4650 cisse
2908 4590 3181 4649 contraria
3210 4598 3337 4643 sunt
3363 4604 3376 4640 :
3408 4594 3587 4653 neque

350 4756 430 4832 (a)
476 4776 494 4810 ι
518 4759 606 4832 7A_t_
623 4769 753 4811 vero
780 4770 902 4810 cum
928 4754 982 4808 in
1011 4753 1102 4808 Dei
1124 4752 1311 4815 rebus,
1342 4750 1393 4806 id
1422 4752 1579 4832 est_in
1611 4751 1701 4832 Dei
1730 4752 1869 4832 nanti-I

275 4822 449 4885 vitate
479 4828 609 4884 nihil
638 4844 742 4883 non
788 4835 913 4881 ante
957 4836 1168 4893 tempus
1192 4833 1451 4878 aeternum
1484 4823 1621 4877 sit...
1657 4822 1881 4892 intelligi

277 4918 391 4958 non
440 4910 608 4973 potest
653 4899 883 4969 ccepisse
915 4908 1035 4973 post
1077 4897 1310 4973 aliquid,
1354 4894 1445 4964 qui
1487 4909 1610 4948 esse
1631 4895 1883 4973 .sitvante

279 4963 525 5043 tempora
573 4963 777 5028 aeterna
822 4963 1183 5043 con—litendusI
1224 4966 1280 5021 Si
1326 4963 1644 5043 ergo_nasci
1679 4963 1884 5043 aliquid

276 5036 412 5101 ante
437 5052 681 5113 tempora
708 5052 909 5097 aeterna
938 5036 1113 5109 neque
1153 5040 1205 5091 in
1238 5037 1447 5113 naturis
1474 5036 1723 5113 humanis
1754 5046 1884 5113 _est_,

281 5133 463 5186 neque
496 5107 562 5169 in'
590 5113 976 5186 intelligentia;
1007 5107 1064 5166 et
1105 5118 1283 5186 tamen
1303 5109 1365 5186 in
1410 5108 1511 5161 hoc
1539 5107 1890 5186 professioni-

279 5178 392 5243 bus
411 5187 479 5241 de
500 5201 560 5241 se
589 5186 681 5240 Dei
706 5178 946 5238 creditur
970 5201 984 5237 :
1009 5183 1279 5251 quomodo
1302 5178 1353 5233 id
1376 5221 1389 5244 ,
1414 5182 1555 5251 quod
1586 5181 1703 5233 sine
1730 5193 1895 5233 sensu

282 5257 660 5326 intelligentia'
682 5269 901 5311 internae
928 5265 1110 5309 natum
1139 5266 1353 5326 semper
1374 5292 1388 5315 ,
1419 5250 1470 5305 id
1497 5261 1581 5326 est
1610 5261 1735 5305 ante
1760 5259 1896 5326 tein-

285 5346 420 5403 pora
453 5322 653 5383 ἐξίει-ηπ
702 5341 854 5403 esse.
887 5327 1181 5395 apostolica
1224 5324 1358 5377 ﬁdes
1397 5337 1518 5403 cum
1565 5324 1743 5377 locuta
1789 5322 1894 5388 sit,

284 5393 340 5457 id
378 5415 563 5455 rursus
607 5413 714 5452 non
751 5393 942 5463 fuisse,
988 5407 1272 5465 antequam
1317 5393 1589 5461 nascitur,
1626 5410 1722 5463 per
1764 5409 1890 5447 sen-

284 5489 414 5529 sum
442 5475 692 5524 humana:
719 5470 1086 5529 intelligentia-
1116 5466 1287 5519 nostri
1319 5468 1576 5534 temporis
1609 5465 1897 5519 inlitlelitas

286 5542 601 5613 eloquitur?
627 5556 748 5595 cum
772 5541 914 5610 quod
939 5551 1062 5613 ante
1096 5548 1306 5604 tempus
1340 5545 1525 5589 natum
1546 5546 1625 5589 est
1648 5576 1663 5599 ,
1686 5549 1901 5605 semper

287 5630 381 5671 εει
406 5610 589 5668 natum
620 5629 635 5667 :
667 5614 790 5682 quia
824 5610 1167 5685 id_quod.es.t
1198 5620 1321 5685 ante
1355 5617 1614 5685 internum
1648 5617 1901 5685 tempus,

286 5690 404 5744 hoc
428 5700 643 5753 semper
670 5675 774 5739 est.
804 5700 823 5733 ι
850 5675 1026 5736 Hilar.
1063 5675 1173 5735 loc'o
1200 5681 1386 5745 citato,
1413 5678 1469 5732 id
1499 5690 1571 5732 est
1590 5694 1643 5732 η.
1662 5676 1731 5733 27
1749 5675 1902 5745 et28,

288 5757 387 5813 lib.
422 5770 497 5811 xtl
522 5755 589 5811 dc
618 5753 871 5810 Trinitat.

2056 4748 2133 4823 (b)
2183 4748 2309 4802 Vide
2333 4746 2507 4823 Petav.
2537 4748 2605 4823 de
2626 4747 2815 4823 Auge”
2957 4760 2997 4808 ι,
3016 4760 3134 4823 cap.
3164 4741 3252 4797 15.
3286 4736 3589 4823 itide‘etiaui

1985 4807 2157 4876 nolam
2184 4820 2472 4891 appositam
2499 4818 2660 4872 verbis
2698 4807 2810 4891 illis
2836 4807 3117 4891 Novatiani
3137 4828 3263 4891 cap.
3305 4810 3330 4864 1
3357 4809 3491 4891 libri
3519 4807 3590 4863 de

1984 4892 2180 4948 Trinit.
2217 4882 2277 4944 Ξ’‹
2314 4890 2647 4956 Quamquam
2695 4888 2855 4941 etiam
2888 4882 3289 4956 superioribus,
3318 4890 3424 4956 etc_._
3457 4895 3475 4930 ι

2061 4965 2138 5037 (ο)
2180 4960 2294 5016 Lib.
2316 4950 2519 5037 contra.
2550 4974 2705 5037 serat.
2762 4950 3153 5037 Arioniam}:
3204 4951 3308 5037 :2-4,
3354 4950 3587 5037 aliusnu:

1989 5019 2095 5100 ‘20‘,
2122 5019 2248 5104 'pag.
2307 5031 2412 5104 MD
2450 5030 2600 5104 tanti
2642 5044 2733 5082 vin
2779 5026 2901 5104 edit.
2951 5023 3069 5104 PP.
3101 5019 3164 5079 Β.
3197 5021 3391 5077 Mauri.
3422 5038 3448 5103 ι.

1995 5096 2218 5160 moveat'
2254 5103 2396 5171 quod
2444 5101 2603 5174 futuri
2632 5098 2891 5174 temporis
2906 5096 3154 5174 “verbum
3195 5104 3310 5174 est,
3342 5096 3591 5174 accipiet,

1999 5176 2151 5247 quasi
2203 5162 2440 5229 nondum
2484 5173 2714 5247 haberet
2738 5162 2761 5235 ξ
2785 5168 3152 5247 indiderenter
3182 5168 3379 5237 quippe
3408 5162 3597 5245 dicun-

2000 5241 2088 5302 t'ur
2114 5248 2369 5316 temporis
2388 5244 2545 5300 verba
2558 5285 2571 5307 ,
2586 5242 2831 5316 quamvis
2859 5241 2979 5296 sine
3005 5250 3253 5316 tempore
3262 5298 3263 5301 η
3280 5248 3498 5316 manere
3524 5241 3598 5286 iu-

2006 5305 2272 5388 telligatur
2317 5305 2617 5388 aeternitas:
2655 5312 2788 5388 Nam
2828 5324 2883 5388 et
2910 5305 3133 5388 accepit
3167 5308 3398 5388 quia-Ide
3440 5305 3600 5388 Patre

2002 5378 2302 5460 processit,
2327 5396 2382 5441 et
2411 5386 2605 5460 accipit
2628 5428 2643 5451 ,
2674 5386 2796 5454 quia
2820 5384 2896 5460 de
2934 5383 3091 5438 Patre
3119 5378 3393 5460 procedit,
3426 5385 3483 5460 et
3509 5389 3600 5458 ac-

2001 5450 2162 5530 cipiet
2183 5502 2196 5525 ,
2220 5450 2341 5528 quia
2362 5459 2430 5513 de
2453 5450 2613 5532 Paire
2632 5450 2929 5532 procedere
2960 5467 3228 5532 nunquam
3253 5450 3498 5532 desinet:
3529 5450 3604 5532 si:

2003 5515 2094 5588 ctit
2121 5515 2257 5587 Deus
2280 5538 2336 5585 et
2360 5538 2443 5584 est
2460 5572 2474 5594 ,
2497 5539 2551 5582 et
2579 5515 2704 5600 fuit,
2730 5538 2784 5580 et
2810 5528 2911 5581 erit
2930 5534 3030 5600 ,_et_
3047 5515 3225 5600 tamen
3252 5520 3461 5600 initium
3479 5558 3497 5600 ε
3511 5515 3603 5600 vel

2010 5605 2167 5658 linem
2204 5590 2471 5670 temporis
2490 5614 2589 5654 nec
2621 5590 2800 5659 habet.
2822 5611 2919 5652 nec
2945 5594 3153 5670 habuit,
3179 5606 3276 5646 nec
3307 5590 3598 5670 habebit._i

2083 5672 2163 5747 (ά)
2203 5658 2330 5729 [Διί
2353 5687 2426 5727 vn
2470 5670 2538 5725 de
2563 5658 2863 5747 'l‘riuit.,n.
2913 5668 3000 5731 l7,
3032 5675 3079 5720 et
3100 5658 3153 5719 in
3189 5680 3269 5734 ps.
3299 5677 3408 5729 xei,
3440 5678 3493 5715 n.
3535 5658 3606 5726 5,

2016 5749 2041 5799 ἆ
2067 5740 2219 5811 (ὅθι
2247 5759 2349 5813 seq.
2370 5787 2383 5808 ,
2415 5759 2533 5813 pag.
2568 5740 2674 5794 “266
2708 5740 2827 5793 tomi
2861 5753 2897 5793 ιι
