4100 6196
390 279 497 333 789

1101 274 1166 333 lN
1205 258 1464 333 lllLAllll
1502 273 1890 333 EPISTULAM
1930 275 2063 335 seu
2105 274 2449 334 LIBELLUM
2478 272 3024 335 ANNOTA‘I‘IONES.

3582 276 3687 336 790

386 394 588 454 saecula
609 394 906 468 Sapientia.
932 392 1115 466 Neque
1142 396 1317 451 solum
1342 395 1517 468 adest,
1542 396 1637 452 sed
1658 399 1821 452 etiam
1837 411 1984 453 com-
2016 399 2061 459 Α
2089 396 2348 465 scriptum
2398 406 2503 461 est,
2554 395 2801 451 animalis
2840 396 3104 468 cujusque
3136 396 3315 452 anima
3346 397 3563 468 sanguis
3594 398 3675 468 ip-

383 468 557 545 ponit.
610 467 708 545 Est
748 482 879 545 ergo
914 480 1263 545 componens
1288 467 1461 545 apud
1486 469 1706 545 ‘ipsuul.
1735 468 1979 545 Intelligo

380 536 819 610 compositionis,
843 536 932 610 vel
958 536 1334 610 dispositionis
1358 536 1615 594 ofﬁcium.
1650 539 1811 595 Pater
1832 536 1976 595 enim

379 614 435 668 in
466 607 534 667 eo
553 609 698 679 quod
752 609 1010 682 loquitur,
1050 607 1264 682 efﬁcit;
1299 609 1467 665 Filius
1505 612 1557 664 in
1582 625 1647 682 e9
1674 610 1819 682 quod
1848 627 1979 681 ope-

379 692 552 747 ratur,
601 696 749 765 quin.
778 679 1049 765 ﬁerisunt
1070 679 1236 765 dicta,
1266 682 1569 765 componit.
1613 679 1977 765 Personarum

377 765 562 810 autem
615 749 690 809 ita
722 749 862 807 facta
893 750 1172 807 distinctio
1202 761 1306 817 est,
1358 749 1414 805 ut
1457 766 1593 820 opus
1614 752 1885 808 referatur
1909 752 1976 809 ad

375 837 689 892 utrumque.
716 822 848 878 Nam
879 823 1030 895 in‘eo
1059 822 1454 895 quoddicitur,
1485 824 1759 894 faciamus,
1790 833 1843 879 et
1860 823 1971 895 jus-

374 899 464 954 sio
490 904 825 966 exmquatur,
850 903 901 948 et
931 892 1163 949 factum:
1208 893 1260 947 in
1292 909 1359 949 eo
1383 892 1670 966 veroquod
1694 892 1971 953 scribitur:

378 969 542 1024 Erant
580 965 720 1032 apud
741 966 885 1018 illum
930 980 1261 1034 romponens,
1298 981 1404 1019 non
1434 965 1735 1021 Solitarium
1782 981 1843 1022 se
1873 968 1977 1023 sibi

375 1055 504 1097 esse
526 1039 579 1093 iu
609 1037 926 1100 operatione
942 1037 1230 1106 signiﬁcat.
1260 1037 1354 1090 iln
1378 1039 1626 1092 eumdem
1657 1052 1872 1092 sensum
1890 1038 1974 1092 lo-

372 1123 535 1166 cutus
564 1108 695 1163 mihi
740 1107 954 1162 videtur
980 1107 1122 1162 idem
1168 1106 1403 1162 Hilarius
1432 1124 1486 1163 η.
1545 1107 1616 1163 45
1656 1109 1775 1163 libri
1807 1124 1882 1163 xit
1908 1110 1974 1165 de

372 1181 665 1243 Trinitate,
709 1194 869 1248 quem
903 1193 1034 1248 rogo
1054 1181 1330 1233 consulas.
1354 1179 1490 1234 Tum
1522 1195 1651 1233 vero
1683 1178 1845 1240 scies,
1878 1195 1976 1235 cur

372 1194 665 1243 'I'rtnitate,
749 1194 869 1233 uem
903 1194 1034 1248 rogo
1054 1194 1330 1233 consulas.
1354 1194 1490 1234 't'um
1522 1195 1651 1233 vero
1683 1195 1845 1240 scies,
1878 1195 1971 1235 cur

370 1254 640 1307 artiﬁcem
671 1194 835 1305 etiam
865 1248 1101 1305 Verbum
1150 1252 1425 1317 nominet;
1454 1250 1577 1318 quia
1616 1251 1823 1306 scilicet
1850 1267 1971 1307 rum

370 1323 631 1388 sapientia
658 1322 727 1375 sit
755 1321 893 1376 ﬁlius
937 1321 1055 1385 Dei,
1094 1322 1373 1392 sapientize
1405 1322 1504 1392 ipsi
1533 1322 1696 1375 veluti
1720 1321 1973 1392 ilirigenti

370 1394 801 1464 tribuituropus.
829 1394 1056 1464 ideoque
1077 1390 1240 1445 etiam
1274 1390 1526 1459 mundus,
1556 1390 1974 1464 eximium'pro-

371 1406 677 1450 trtbuttttro
720 1408 801 1449 IIS.
829 1406 1056 1460 ideoque
1077 1406 1240 1445 etiam
1274 1406 1526 1459 mundus,
1556 1408 1817 1447 eximium
1849 1409 1971 1464 pro-

371 1468 517 1521 fecto
568 1406 853 1534 opinatam.
904 1463 1088 1534 Neque
1128 1464 1178 1516 in
1234 1473 1416 1518 nostra
1441 1465 1547 1534 hac
1582 1463 1819 1534 Epistula
1852 1476 1971 1520 tan-

372 1531 936 1603 tummodoartiﬁcem
973 1531 1035 1589 ea
1067 1533 1134 1587 de
1161 1548 1325 1606 causa
1354 1531 1590 1590 Verbum
1612 1531 1851 1606 divinum
1880 1550 1973 1606 ap-

371 1609 543 1678 pellat
577 1624 591 1662 :
625 1621 813 1678 verum
846 1606 1010 1678 etiam
1058 1620 1208 1659 num.
1239 1607 1272 1659 4
1314 1605 1439 1678 libri
1478 1621 1552 1678 xit
1594 1607 1661 1661 de
1684 1605 1968 1673 Trinitate,

369 1675 429 1751 in
459 1692 568 1751 quo
598 1675 826 1751 quidem
845 1676 962 1751 loco
991 1678 1211 1746 copiose
1246 1677 1355 1751 agit
1381 1677 1449 1731 dc
1483 1676 1657 1731 Verbo
1692 1679 1783 1731 Dei
1813 1694 1971 1751 mun-

368 1746 502 1805 dum
530 1746 855 1818 creante(a).
872 1746 1027 1803 Hunc
1044 1761 1258 1818 quoque
1275 1746 1597 1813 locum,oro,
1622 1758 1679 1801 ut
1692 1750 1967 1803 consulas.

444 1821 551 1877 Sed
580 1835 677 1875 cur
703 1819 890 1874 Patres
916 1827 1122 1874 tantum
1148 1818 1445 1891 all‘erimus,
1473 1829 1527 1875 et
1549 1819 1831 1891 hymnum,
1865 1835 1973 1890 quo

369 1892 617 1948 Ecclesia
663 1890 854 1962 utitur,
880 1889 1265 1962 praeterimus?
1308 1889 1435 1946 Hinc
1483 1889 1692 1946 scilicet
1734 1889 1976 1948 Ecclesia

366 1964 615 2020 concinit
642 1960 758 2036 (b):

620 2053 873 2117 Nascente
894 2053 977 2117 qui
1002 2052 1182 2117 mundo
1205 2051 1349 2104 faber

690 2114 960 2166 Imaginem
988 2114 1149 2165 vultus
1171 2117 1240 2165 tui

684 2177 909 2229 'l‘radens
927 2177 1112 2227 Adamo
1128 2216 1141 2238 ,
1168 2177 1382 2227 nobilem

688 2240 827 2291 Limo
846 2241 1030 2302 jugasti
1050 2240 1294 2302 spiritum.

622 2304 742 2356 (itm
768 2301 923 2364 llvor,’
937 2309 990 2352 et
1010 2301 1145 2351 fraus
1166 2302 1411 2352 daemonis

696 2365 954 2415 Fmduset
977 2368 1236 2413 humanum
1258 2377 1451 2426 genus:

690 2428 763 2478 Tu
786 2439 936 2478 carne
958 2430 1161 2489 amictus
1183 2426 1423 2489 perditam

689 2489 915 2541 Formam
936 2488 1174 2539 reformas
1185 2487 1394 2539 artifex.

375 2576 532 2645 Quod
562 2576 717 2644 plane
741 2574 999 2645 congruit
1018 2588 1139 2628 cum
1169 2588 1235 2629 eo
1282 2573 1505 2644 hymno,
1537 2588 1643 2643 quo
1687 2582 1976 2641 antequam

374 2644 794 2703 eccelesiasticis
821 2644 1035 2718 hymnis
1054 2645 1416 2718 elegantiores
1438 2658 1697 2718 numeros
1723 2646 1973 2704 Urbanus

374 2718 494 2775 Vill
524 2720 801 2786 tribueret,
830 2716 1106 2772 Romanus
1134 2717 1321 2772 Clerus
1348 2716 1616 2772 utebatur.

721 2812 813 2924 ἓιᾶἱ
837 2811 1007 2863 mundi
1029 2813 1081 2861 in
1105 2809 1368 2884 primordio

803 2888 882 2924 am
906 2874 1151 2924 ulasmasti
1177 2873 1368 2923 homrne

770 2875 882 2925 dam
906 2873 1151 2937 plasmasti
1177 2873 1444 2934 hominem,

723 2971 789 3050 iit
806 2971 1068 3050 boutiuen;
1086 2970 1401 3057 redimerem.
1469 2970 1485 2985 ’

721 3061 881 3123 Quem
904 3061 1138 3124 anteiam
1156 3060 1503 3124 plasmaveras,
1532 3065 1628 3110 etc.

2005 1791 2052 1851 B

2086 469 2201 523 sius
2250 468 2341 535 sit,
2385 468 2606 538 sanguis
2645 475 2827 522 autem
2874 476 3159 523 concretus
3179 469 3353 524 soleat
3380 469 3436 523 in
3455 482 3674 538 carnem

2085 540 2451 605 transmutari,
2490 534 2629 593 caro
2682 553 2813 594 vero
2852 549 3105 610 corrupta
3130 538 3185 594 in
3214 550 3413 595 terram
3440 534 3678 596 resolva-

2084 620 2205 666 tur:
2232 610 2355 681 jure
2381 625 2443 665 ac
2475 610 2673 666 merito
2701 616 2786 666 est
2819 608 2952 680 quid
2979 608 3253 666 terrenum
3280 611 3458 665 anima
3488 610 3679 667 bruto-

2080 680 2526 753 rumﬁPraducat
2566 682 2727 753 igitur
2746 688 2885 735 terra
2912 682 3139 737 animam
3166 683 3433 738 uiuentem.
3463 681 3675 739 Anima:

2080 752 2544 825 videamnitatem
2588 753 2998 822 cumsanguiue
3046 753 3324 825 sanguinis
3341 767 3464 808 cum
3488 766 3673 820 carne,

2079 823 2258 881 carnis
2278 839 2402 881 cum
2427 824 2650 896 tellure:
2678 834 2732 878 et
2763 840 2952 879 rursus
2992 823 3184 881 ordine
3211 827 3430 880 inverso
3457 838 3556 896 per
3576 841 3671 881 ea-

2080 896 2204 951 dem
2252 894 2540 967 regredere
2576 910 2609 965 7a
2638 903 2780 967 terra
2831 896 2898 949 ad
2939 910 3181 961 carnem,
3214 914 3242 949 a
3269 910 3434 951 carne
3458 894 3525 951 ad
3551 911 3677 951 sau-

2078 966 2323 1036 guinem,
2351 982 2380 1021 a
2411 967 2674 1037 sanguine
2695 966 2763 1020 ad
2785 967 3021 1022 animum
3042 1007 3058 1030 .
3078 975 3134 1022 et
3160 981 3414 1036 pecorum
3441 968 3676 1022 animam

2082 1048 2353 1094 terrenam
2383 1054 2506 1094 esse
2544 1039 2865 1107 comperies.
2919 1038 3064 1093 Cave
3111 1041 3411 1098 existimes.
3441 1038 3675 1094 animam

2078 1124 2201 1165 esse
2230 1110 2474 1179 corporis
2503 1111 2745 1180 ipsorum
2771 1111 3159 1164 constitutione
3189 1110 3560 1165 vetustiorcm.
3578 1126 3597 1163 ι

2150 1180 2333 1236 Altera
2362 1195 2523 1248 porro
2565 1181 2856 1247 explicatio
2896 1180 3087 1236 eodem
3123 1196 3339 1303 ﬂuitque
3366 1180 3571 1235 Basilio
3592 1180 3677 1235 in-

2150 1252 2290 1303 titur.
2320 1266 2481 1303 auem
2510 1252 2699 1303 audire
2723 1260 2943 1303 nrmstat
2974 1253 3090 1303 huic
3163 1261 3409 1303 ocentem
3439 1250 3677 1303 (Hexae-

2077 1252 2481 1324 nititur,_qnem
2510 1252 2699 1324 audire
2723 1260 2943 1324 praestat
2963 1253 3090 1324 huic
3119 1250 3409 1324 docentem
3439 1250 3677 1324 (Hexae-

2077 1338 2228 1388 mer.,
2268 1321 2466 1377 Homil.
2493 1337 2568 1384 tx,
2593 1340 2645 1376 η.
2678 1322 2734 1388 2,
2764 1339 2884 1394 pag.
2914 1322 3028 1394 81).
3061 1341 3080 1374 t
3110 1321 3378 1376 Producat
3403 1321 3539 1377 terra
3564 1323 3679 1376 ani-

2077 1409 2215 1447 mam
2248 1395 2493 1464 viventem
2542 1392 2809 1464 pecorum,
2836 1392 2900 1447 'et
2949 1392 3248 1457 bestiarum,
3296 1402 3342 1448 et
3391 1393 3673 1464 reptilium.

2076 1464 2372 1519 Considera
2401 1463 2494 1519 Dei
2524 1463 2714 1519 vocem
2744 1478 2839 1533 per
2880 1479 2971 1519 res
3000 1476 3213 1519 creatas
3263 1463 3673 1535 pervadentem,

2076 1551 2198 1606 quae
2239 1545 2294 1591 et
2351 1547 2475 1589 tunc
2504 1536 2725 1604 incepit,
2758 1544 2814 1589 et
2859 1549 3028 1603 usque
3048 1534 3225 1590 adhuc
3252 1534 3446 1591 efﬁcax
3478 1544 3581 1606 est,
3612 1550 3679 1589 ac

2078 1605 2131 1660 in
2188 1606 2348 1661 ﬁnem
2382 1606 2675 1677 transitura
2711 1613 2815 1673 est,
2867 1607 3011 1677 quod
3055 1615 3471 1662 consummatus
3514 1605 3680 1661 fuerit

2076 1677 2331 1732 mundus.
2372 1676 2839 1744 Quemadmodum
2874 1676 3032 1748 enim
3085 1678 3280 1748 globus
3316 1692 3439 1731 cum
3485 1692 3515 1731 a
3547 1693 3681 1747 quo-

2119 1749 2221 1802 iam
2273 1749 2437 1803 fuerit
2474 1757 2653 1803 motus
2684 1788 2697 1808 .
2743 1762 2808 1803 ac
2853 1747 3115 1818 deinceps
3135 1748 3406 1805 declivem
3435 1748 3672 1818 aliquem

2099 1835 2256 1874 ocum
2310 1829 2501 1875 nactus
2545 1818 2725 1883 fuerit,
2758 1826 2893 1874 etex
2926 1820 3140 1889 propria
3185 1828 3478 1883 structura,
3509 1828 3563 1873 et
3609 1834 3677 1875 ex

2080 1890 2183 1946 loci
2210 1890 2884 1962 Opportunitatedeorsum
2910 1889 3099 1956 fertur,
3130 1891 3403 1960 neeiprius
3420 1890 3675 1960 quiescit,

2078 1976 2240 2031 quam
2283 1961 2536 2032 planities
2580 1961 2760 2032 aliqua
2789 1962 2965 2031 ipsum
3016 1963 3332 2030 exceperitz-
3372 1962 3444 2015 ita
3477 1973 3675 2017 rerum

2079 2042 2273 2089 natura
2303 2049 2410 2089 uno
2440 2045 2712 2104 praecepto
2736 2033 2977 2099 incitata,
3006 2046 3095 2088 res
3123 2033 3371 2089 conditas
3398 2032 3682 2100 aequaliter
3720 2050 3725 2054 λ

2080 2104 2133 2158 in
2166 2106 2538 2173 generatione,
2567 2105 2687 2159 etin
2718 2105 3068 2171 corruptione
3096 2113 3364 2173 penetrat.
3390 2113 3678 2173 servatque

2080 2189 2180 2257 per
2214 2174 2623 2257 similitudinem
2641 2177 3045 2257 “successiones
3090 2190 3372 2257 generum,
3411 2174 3587 2230 donec
3610 2175 3677 2229 ad

2079 2244 2596 2321 ipsumpervenerit
2638 2244 2844 2321 ﬁn_em._
2863 2245 2997 2301 Nam
3018 2244 3216 2321 equum
3247 2247 3678 2321 equigsuccesso-

2080 2330 2196 2371 rem
2253 2316 2397 2383 l'a'cit,
2450 2318 2664 2372 leonem
2705 2316 2909 2382 leonis,
2963 2317 3197 2387 aquilam
3243 2317 3436 2385 aquila
3467 2332 3481 2369 :
3511 2316 3678 2370 immo

2081 2388 2291 2458 singula
2322 2387 2575 2444 animalia
2598 2389 3055 2458 consequentibus
3077 2387 3514 2445 successionibas
3543 2400 3668 2441 con-

2082 2470 2295 2513 servata
2326 2475 2500 2530 usque
2531 2460 2596 2515 ad
2622 2459 2871 2530 Universi
2918 2462 3447 2514 consummationem
3496 2466 3676 2513 trans~

2081 2531 2262 2585 mittit.
2296 2529 2532 2599 Tempus
2578 2532 2782 2585 nullum
2814 2529 3048 2585 destruit
3091 2530 3403 2585 animalium
3433 2530 3679 2599 propr-iec-

2083 2609 2249 2658 tates:
2282 2602 2378 2661 sed
2412 2611 2665 2670 tanquam
2688 2615 2859 2670 nuper
2875 2602 3168 2655 constituta
3194 2610 3383 2655 natura
3401 2602 3493 2665 sit,
3535 2612 3680 2655 sem-

2081 2687 2177 2742 per
2196 2687 2387 2727 recens
2407 2687 2511 2726 una
2537 2686 2657 2728 cum
2686 2682 2931 2739 tempore
2959 2672 3222 2727 excurrit.
3249 2671 3514 2742 Produeat
3544 2681 3680 2725 terra

2079 2741 2305 2797 animam
2328 2745 2592 2798 viventem.
2622 2743 2734 2813 lloc
2754 2751 3083 2813 praeceptum
3108 2751 3270 2798 terra!
3300 2741 3542 2808 inhaesit,
3572 2752 3676 2797 nec

2080 2828 2141 2869 ea
2173 2814 2415 2869 Creatori
2439 2814 2637 2870 desinit
2665 2812 2980 2869 famulari.»

2151 2884 2488 2955 Quamquam
2561 2886 2607 2940 si
2666 2886 2788 2956 quis
2834 2884 2967 2956 illud
3043 2884 3410 2956 generationis
3451 2894 3626 2956 genus
3656 2923 3672 2949 ,

2079 2957 2224 3025 quod
2255 2953 2595 3026 spontaneum
2644 2953 2841 3011 vetusti
2886 2953 3200 3025 Philosophi
3234 2955 3530 3026 appellant,
3555 2953 3672 3008 sive

2080 3024 2144 3082 ea:
2178 3024 2353 3111 putri:
2401 3028 3022 3111 hiccommeinoratunt
3068 3027 3233 3091 dicet,
3264 3024 3386 3111 rem
3446 3024 3600 3109 dicet
3640 3038 3671 3111 ξ

2077 3095 2355 3154 verisimili
2380 3100 2603 3154 minime
2649 3099 2911 3153 alienam:
2937 3107 3152 3154 veteres
3193 3098 3338 3152 enim
3365 3095 3674 3167 huiusmodi

447 3167 537 3242 8_8.
565 3166 620 3242 Ali
651 3165 868 3242 quibus
894 3163 1090 3242 placet,
1122 3163 1321 3242 Patres
1341 3162 1405 3242 iu_
1424 3161 1758 3242 explicandis
1787 3163 1966 3242 S_crip-
1998 3172 2044 3236 Ο
2076 3172 2453 3242 generationes
2477 3183 2651 3242 aquae,
2682 3169 3045 3242 imbriumque
3090 3168 3346 3242 subsidio,
3362 3161 3544 3242 peragi
3571 3179 3673 3242 po-

373 3239 513 3295 turis
562 3232 704 3309 ipsis
743 3232 1019 3291 Platonem
1062 3235 1261 3362 Lquoad
1293 3235 1405 3289 ﬁeri
1456 3232 1509 3289 id
1554 3232 1761 3305 posset)
1802 3232 1970 3291 fuisse

373 3319 611 3362 secutos.
655 3308 883 3362 minime
931 3322 1058 3362 vere
1100 3317 1263 3361 untur
1318 3306 1577 3362 Hilarium
1627 3305 1742 3361 hinc
1771 3321 1969 3362 nrouo-

372 3305 611 3375 secutos,
655 3308 883 3364 minime
931 3305 1263 3362 verebuntur
1318 3306 1577 3362 Hilarium
1627 3305 1742 3361 haec
1771 3321 1969 3377 propo-

373 3390 629 3438 nentem:
681 3382 856 3434 anima
898 3377 1137 3433 uidelicet
1166 3381 1306 3446 ipsas
1350 3376 1589 3431 materias
1629 3376 1968 3442 animaverat.

374 3466 432 3508 ut
465 3452 786 3507 nascentibus
813 3449 1141 3522 postmodum
1160 3448 1504 3522 animantibus
1516 3450 1717 3503 animos
1744 3465 1966 3522 commo-

373 3525 577 3594 darent,
631 3519 923 3579 Platonicis
972 3521 1306 3594 adscribere.
1340 3520 1410 3594 At
1453 3519 1520 3576 iis
1553 3521 1790 3594 minime
1820 3521 1968 3576 illum

370 3591 787 3666 adscripseriin:
840 3594 963 3648 novi
1012 3594 1157 3666 enim
1203 3591 1804 3666 Platoiiica__dogmata,
1851 3608 1972 3666 qua:

372 3662 572 3723 mundi
592 3667 849 3731 animam,
876 3675 930 3720 et
953 3665 1054 3717 alia
1081 3663 1353 3717 hisatﬁnia
1377 3662 1658 3721 exhibent.
1692 3678 1799 3718 non
1832 3665 1974 3720 mul-

373 3749 487 3793 tum
537 3737 711 3793 laudis
749 3736 888 3808 apud
929 3734 1513 3808 Orthodoxos__liabere
1546 3750 1724 3808 posse.
1757 3735 1972 3808 Duobus

369 3810 556 3879 itaque
586 3808 762 3863 modis
786 3806 1124 3863 sententiam
1177 3806 1581 3879 explicaret-im.
1631 3806 1725 3861 Vel
1766 3806 1973 3879 scilicet

372 3877 483 3946 dic,
507 3896 574 3936 ex
620 3879 809 3935 Hilarii
865 3879 1133 3934 sententia
1184 3879 1351 3933 Deum
1400 3877 1662 3934 indidisse
1712 3880 1864 3948 aquis
1893 3878 1970 3945 id,

370 3953 757 4022 quodcumque
797 3950 1017 4006 tandem
1049 3950 1178 4006 illud
1206 3951 1296 4015 sit,
1319 3965 1426 4018 quo
1450 3950 1782 4022 pisciuinpet
1806 3949 1972 4022 reptio

370 4020 531 4090 lium,
560 4031 615 4079 et
638 4020 940 4078 volatilium
973 4023 1169 4075 anima:
1191 4029 1445 4075 constant
1469 4037 1483 4074 :
1515 4029 1676 4091 atque
1697 4020 1827 4075 illud
1856 4022 1973 4090 qui-

370 4094 522 4158 dem,
573 4095 703 4151 licet
735 4109 767 4147 a
799 4094 955 4147 nobis
1000 4094 1275 4164 ignoretur
1300 4091 1518 4159 modus,
1553 4108 1660 4162 quo
1677 4091 1739 4164 id
1774 4094 1970 4164 factum

370 4167 467 4232 sit,
493 4176 671 4221 tamen
701 4174 980 4236 peractum
1005 4163 1153 4219 certe
1174 4172 1290 4236 est:
1316 4176 1581 4233 excepere
1600 4163 1745 4218 enim
1774 4163 1971 4233 pisces,

372 4235 769 4307 ctreptilia,et
815 4248 964 4301 aves,
996 4250 1160 4306 quum
1199 4235 1382 4307 vivere
1430 4237 1973 4307 coeperunt,animas

371 4310 443 4364 ab
466 4306 626 4381 aquis
630 4309 749 4381 jam
776 4307 960 4381 divina
976 4308 1221 4381 iussione
1239 4306 1691 4381 fecundati_s_.__Vcl
1721 4306 1809 4362 dic
1835 4306 1976 4381 indi-

370 4390 456 4435 tas
481 4377 591 4451 jam
626 4377 792 4435 fuisse
812 4380 1020 4435 animas
1051 4377 1973 4451 piscibus,et_reptilibus,etavihus

372 4466 441 4507 ex
471 4449 663 4521 quibus
691 4453 864 4522 pisces
896 4459 951 4507 et
971 4465 1118 4522 aves,
1140 4460 1191 4502 et
1220 4449 1451 4519 reptilia,
1479 4449 1747 4522 nascitura
1764 4450 1973 4505 animas

372 4520 589 4594 quoque
623 4520 749 4578 suas
762 4534 1042 4591 receptura
1059 4520 1271 4593 forent(
1281 4534 1453 4594 neque
1474 4521 1616 4594 enim
1638 4522 1885 4594 piscium,
1914 4528 1971 4576 et

373 4591 644 4664 reptilium
659 4596 851 4649 anima:
863 4601 1115 4647 creantur
1131 4602 1185 4646 ct
1199 4591 1550 4646 infunduntur
1562 4591 1612 4646 in
1625 4606 1848 4661 corpora
1862 4592 1972 4661 jam

368 4667 600 4721 formata
616 4683 630 4722 :
648 4682 769 4720 nam
790 4665 891 4720 hoc
906 4675 1111 4718 tantum
1128 4666 1178 4717 in
1204 4664 1420 4718 homine
1436 4664 1635 4728 evenit;
1660 4664 1754 4717 sed
1773 4679 1865 4733 per
1882 4678 1975 4733 ge-

375 4738 719 4793 nerationem
736 4735 1681 4805 cominunicanturexcipiunturque)
1694 4733 1820 4789 .Cur
1833 4736 1976 4790 enim

370 4808 445 4864 de
476 4809 700 4878 piscium
726 4809 1013 4863 animabus
1058 4807 1110 4861 id
1128 4808 1324 4878 dicere
1363 4824 1468 4860 non
1504 4805 1706 4878 licebit,
1734 4806 1877 4878 quod
1904 4807 1972 4861 de

374 4875 657 4937 brutorum
699 4880 983 4934 animabus
1023 4877 1244 4934 tradidit
1270 4876 1537 4933 Basilius?
1564 4875 1730 4945 Cujus
1752 4875 1968 4946 quidem

374 4952 543 5006 verba
590 4951 911 5005 laudabilem
979 4950 1266 5020 paritatetn
1315 4950 1472 5003 nobis
1521 4948 1779 5020 pra‘hcnt.
1834 4948 1971 5020 Ecce

372 5037 543 5093 porro
585 5023 712 5093 quid
762 5018 996 5077 Basilius
1045 5023 1145 5077 hoc
1188 5021 1277 5093 de,
1304 5028 1622 5093 argumento
1663 5018 1856 5093 doceat
1897 5018 1969 5091 (ο)

374 5091 616 5166 priorem
645 5094 791 5149 illam
818 5093 1238 5166 expliCationem
1270 5091 1409 5147 haud
1423 5091 1972 5166 ~obscureiudicans.

384 5160 687 5221 iProditeat
709 5177 847 5220 terra
868 5160 1097 5219 annonam
1111 5165 1378 5219 viventem.
1412 5160 1525 5218 Cur
1554 5164 1805 5232 producit
1834 5173 1981 5217 terra

376 5238 615 5293 animam
662 5237 967 5293 viventem?
998 5248 1077 5300 ut,
1107 5235 1235 5304 quid
1285 5237 1424 5289 inter
1453 5236 1688 5288 animam
1730 5232 1974 5302 pecudis,

377 5318 437 5365 et
462 5311 601 5364 inter
642 5310 878 5364 animam
922 5306 1160 5362 hominis
1191 5305 1425 5372 intersit,
1447 5305 1646 5361 discas.
1698 5304 1980 5373 Quomodo

380 5380 618 5435 hominis
665 5381 843 5433 anima
884 5380 1111 5434 [armata
1141 5379 1233 5443 sit,
1266 5380 1426 5448 paulo
1473 5388 1588 5445 post
1620 5379 1794 5448 scies:
1842 5390 1982 5448 nunc

380 5466 514 5508 vero
537 5453 607 5508 de
650 5450 933 5507 brutmum
961 5451 1140 5505 anima
1168 5445 1314 5505 audi.
1357 5445 1492 5504 Cum
1526 5448 1679 5519 juxta
1737 5447 1790 5504 id
1838 5447 1982 5518 quod

457 5562 533 5640 (a)
576 5563 738 5620 Testis
763 5572 835 5640 est
861 5564 1044 5622 Petrus
1075 5565 1149 5620 ita
1176 5565 1400 5621 scribens
1424 5581 1442 5619 :
1464 5564 1803 5640 Quasgi‘ﬁdeli
1824 5578 1978 5640 crea-

385 5636 489 5695 tori
516 5636 972 5693 'commcndantes
1016 5640 1224 5692 animas
1255 5647 1483 5692 vestras.
1515 5636 1654 5705 Quid
1687 5636 1862 5707 operis
1909 5650 2002 5691 no-

382 5724 497 5765 men
515 5709 702 5780 opiﬁci
731 5709 1082 5780 imponimus?
1111 5718 1215 5764 etc.

459 5779 536 5855 (ὁ)
558 5777 629 5837 'ln
662 5777 869 5854 hymno
898 5783 965 5837 ad
997 5788 1189 5838 matut.
1223 5789 1387 5851 temp.
1420 5777 1603 5851 pasch.

2078 3239 2341 3296 iissimum
2395 3239 2819 3296 arbitrabantur.
2870 3239 3006 3295 lliiic
3061 3240 3289 3295 Basilius
3312 3239 3469 3310 (libet
3495 3240 3667 3310 enim,

2073 3312 2329 3382 quoniam
2372 3316 2652 3381 superiora
2705 3311 2849 3367 illius
2894 3312 3219 3368 auctoritate
3277 3309 3510 3382 ﬁrmavi,
3566 3309 3670 3382 hoc

2073 3379 2291 3455 quoque
2321 3379 2563 3455 ejusdem
2608 3384 2931 3455 auctoritate
2969 3379 3352 3453 comprobare)
3396 3380 3672 3455 hinc,iin-

2073 3453 2285 3538 quam,“
2317 3453 2542 3538 Basilius
2591 3454 2834 3538 proxime
2881 3466 3010 3538 post
3034 3455 3313 3522 superiora
3355 3453 3517 3508 verba
3556 3454 3672 3538 meo

2073 3525 2319 3595 subiicit:
2350 3544 2369 3579 ι
2393 3526 2507 3580 Alia
2521 3524 2664 3581 enim
2691 3540 2755 3580 ex
2774 3524 3122 3581 successione
3142 3539 3352 3589 eorum,
3381 3538 3501 3593 quae
3526 3524 3674 3590 prius

2074 3598 2324 3656 extitere.
2367 3599 2770 3668 producuntur:
2809 3597 2912 3651 alia
2946 3612 3074 3651 vero
3100 3611 3166 3651 ex
3191 3598 3302 3664 ipsa
3332 3606 3475 3650 terra
3505 3595 3669 3668 etiam

2075 3683 2219 3723 nunc
2262 3663 2437 3723 adhuc
2493 3670 2658 3724 vitam
2708 3669 2955 3737 accipere
2998 3663 3342 3737 compertum
3394 3676 3496 3719 est.
3550 3663 3667 3737 Non

2074 3740 2216 3793 enim
2246 3740 2419 3794 solum
2450 3740 2645 3810 pluvio
2676 3736 2920 3810 tempore
2955 3738 3070 3793 edit
3088 3736 3321 3804 cicadas,
3345 3745 3439 3791 aut
3458 3737 3562 3791 alia
3589 3736 3675 3789 lno

2076 3824 2301 3865 numera
2326 3812 2627 3865 volatilium
2683 3812 2736 3864 in
2787 3825 2915 3865 aere
2959 3810 3264 3880 vagantium
3287 3821 3507 3879 genera,
3539 3820 3673 3880 quog

2074 3897 2193 3935 rum
2224 3882 2454 3952 plurima
2485 3892 2707 3953 propter
2748 3877 3063 3937 tenuitatem
3091 3877 3504 3953 suntanonlma
3526 3893 3539 3941 ;
3561 3877 3669 3953 sed

2077 3948 2259 4023 mures
2286 3948 2549 4015 etiamfet
2576 3948 2737 4008 ranas
2790 3966 2856 4006 ex
2883 3967 2942 4006 se
2972 3954 3084 4022 ipsa
3113 3951 3340 4023 profert.
3367 3948 3500 4023 liam
3526 3948 3668 4003 circa

2075 4022 2289 4079 Thebas
2330 4023 2633 4095 Egyptias,
2657 4024 2755 4095 ubi
2811 4024 2863 4077 in
2910 4021 3323 4095 aestibuslarge
3354 4021 3511 4095 pluit,
3557 4027 3669 4095 sta-

2075 4038 2289 4079 sneuas
2330 4038 2748 4095 mgypuasmni
2811 4038 2863 4077 in
2910 4038 3132 4079 nasutius
3176 4038 3323 4093 large
3390 4038 3511 4087 tun,
3557 4038 3669 4074 sta-

2075 4098 2170 4149 tim
2199 4096 2593 4164 campestribus
2605 4092 2847 4149 muribus
2868 4096 3016 4166 regio
3040 4038 3477 4162 expletur.6uiu
3507 4091 3670 4166 etiam

2077 4161 2344 4237 anguillas
2376 4167 2607 4221 vidimus
2658 4181 2766 4220 non
2798 4161 2956 4221 aliter
2985 4161 3147 4236 quam
3193 4180 3260 4219 ex
3302 4165 3432 4219 limo
3455 4161 3663 4218 consti-

2077 4239 2174 4298 tui,
2205 4252 2268 4292 ac
2287 4239 2561 4309 generari,
2590 4252 2817 4309 quarum
2852 4238 3257 4309 successionem
3285 4249 3458 4306 neque
3478 4242 3642 4288 ovum

2078 4270 2174 4298 ιιιι,
2205 4270 2268 4292 at.
2287 4270 2506 4309 genu...
2525 4270 2561 4301 .,
2590 4270 2817 4309 ενι-ιιι...
2852 4270 3257 4293 δυιισευιυησ...
3285 4270 3458 4306 ..υπιυυ
3478 4270 3641 4288 um...

2077 4323 2255 4380 neque
2285 4309 2425 4365 ullus
2454 4308 2594 4364 alios
2624 4310 2815 4363 modus
2855 4307 3099 4380 conﬁcit,
3133 4308 3228 4363 sed
3262 4310 3391 4378 ipsae
3419 4319 3489 4361 ex
3520 4270 3666 4361 terni

2078 4379 2256 4434 ortum
2284 4380 2505 4437 habent.
2540 4380 2810 4435 Producat
2839 4387 2981 4435 terra
3011 4379 3273 4445 animum,
3302 4389 3411 4447 etc.
3450 4395 3471 4429 ι

2151 4450 2328 4521 Atque
2359 4452 2441 4508 his
2476 4451 2953 4521 explicationibus,
2976 4466 3097 4506 mea
3124 4450 3343 4521 quidem
3358 4448 3649 4521 sententia,

2081 4520 2336 4578 illustrari
2360 4523 2519 4581 facile
2542 4520 2764 4593 possunt
2784 4537 2869 4589 ea,
2897 4537 3019 4593 quia
3047 4520 3420 4593 allegavimus,
3446 4520 3672 4593 huiusce

2082 4593 2335 4663 Epistula:
2364 4590 2553 4660 verba,
2575 4610 2746 4664 neque
2763 4590 3026 4663 cogimur,
3053 4600 3121 4665 ut
3139 4590 3383 4648 dicamus
3410 4590 3669 4665 animam,

2077 4662 2232 4734 cujus
2263 4667 2349 4719 hic
2380 4670 2580 4721 mentio
2628 4662 2707 4731 ﬁt,
2741 4662 2862 4719 esse
2895 4666 3067 4732 ipsum
3102 4664 3362 4735 Spiritum
3407 4662 3662 4735 Sanctum

2080 4731 2462 4790 fecitiidantem
2490 4750 2689 4805 aquas:
2732 4750 2853 4804 qua:
2900 4731 3080 4789 tamen
3118 4731 3304 4800 o'piuio
3339 4741 3404 4805 et
3432 4731 3669 4805 Steuclio

2079 4815 2266 4861 nostro
2298 4801 2567 4876 placuisse
2600 4805 2708 4860 visa
2750 4801 2852 4865 est,
2886 4815 2941 4876 e_t
2973 4806 3251 4876 veteribus
3299 4801 3483 4876 multis
3510 4815 3670 4876 aper-

2080 4871 2312 4931 tissime'
2361 4877 2585 4948 placuit,
2632 4889 2858 4948 eamque
2907 4874 3137 4948 fortasse
3194 4873 3381 4948 innuit
3412 4871 3669 4948 Basilius,

2079 4964 2200 5002 cum
2232 4948 2346 5003 ba-c
2360 4940 2578 5016 scripsit
2591 4945 2671 5019 (ά)
2697 4964 2709 4999 :
2737 4963 2755 4997 ε
2774 4940 2894 4999 Non
2913 4944 3089 4999 solum
3108 4959 3305 5019 corpus
3334 4943 3455 5019 ejus
3468 4940 3671 5019 ‘(ho‘tni-

2080 5018 2181 5144 nisi?
2208 5012 2620 5089 circumja'cens',
2652 5012 2706 5071 et
2736 5027 2902 5071 msms
2930 5017 3176 5086 corporis
3208 5012 3511 5085 ’tranqmlla
3539 5013 3670 5071 sint.

2082 5105 2140 5144 se
2223 5091 2385 5144 etiam
2427 5086 2685 5144 uuiduuid
2716 5087 2907 5144 ambit.
2935 5092 2989 5143 et
3038 5087 3523 5144 circumplectitur.
3554 5092 3670 5138 cte-

2082 5086 2177 5144 sed
2223 5091 2385 5144 etiam
2414 5086 2685 5160 quidquid
2716 5087 2907 5152 ambit,
2935 5092 2989 5143 et
3038 5087 3523 5160 circumplectitur,
3554 5092 3673 5160 cte-

2083 5162 2192 5215 lum
2226 5155 2499 5227 videlicet,
2532 5155 2702 5227 terra,
2728 5174 2901 5226 mare,
2932 5168 2987 5214 et
3012 5174 3134 5229 qua:
3156 5159 3211 5213 in
3235 5157 3316 5214 eis
3341 5166 3471 5212 sunt
3498 5155 3668 5211 ratio-

2084 5234 2344 5309 nalia._Et
2397 5232 2656 5309 intelligat
2711 5231 2994 5301 adimpleri
3052 5236 3258 5309 omnia,
3310 5229 3672 5309 spiritumque

2085 5303 2363 5361 undelibet
2414 5296 2722 5373 super’ipsa
2754 5296 2919 5367 stare,
2966 5316 3068 5357 ceu
3121 5296 3404 5373 illapsuiit,
3429 5306 3487 5355 et
3535 5296 3674 5355 inlu-

2083 5390 2227 5442 sum,
2259 5387 2314 5432 et
2361 5368 2643 5430 undelibet
2681 5373 3100 5446 ingredientem,
3160 5368 3676 5446 atqueillucescen-

2088 5439 2231 5502 tem:
2260 5462 2385 5503 nam
2417 5447 2604 5502 urbem
2629 5439 2895 5502 terrarum
2925 5444 3160 5517 Spiritus
3182 5439 3397 5500 Domini
3424 5439 3681 5512 replevit.

2162 5561 2234 5633 (ε)
2276 5562 2671 5629 Hexaemeron,
2721 5562 2919 5618 Homil.
2948 5576 3061 5629 vm,
3085 5578 3139 5618 n.
3163 5561 3220 5630 2,
3250 5576 3369 5633 pag.
3403 5560 3468 5616 7i
3497 5569 3626 5616 tom.
3665 5574 3683 5615 ι

2104 5632 2359 5690 editionis
2389 5635 2601 5690 Patrum
2633 5636 2690 5691 S.
2718 5633 2905 5690 Mauri.

2106 5705 2576 5834 sagdzoAdversus
2593 5706 2914 5763 Eutiomium
2943 5704 3037 5763 lib.
3063 5721 3116 5774 v,
3166 5719 3286 5777 cap.
3324 5702 3537 5775 ultimo,
3568 5716 3691 5779 pag.

2303 5794 2374 5833 m.
2408 5794 2444 5833 ι.
