4100 6196
349 276 454 347 eos

1023 288 1092 346 1N
1125 270 1382 347 lllLARll
1422 267 1809 346 sptsromtt
1848 287 1959 347 εει

2069 270 2369 349 teeLLuu
2411 288 2962 351 mammonae.

3542 282 3650 350 806

348 409 526 481 parari
556 409 631 466 ait
663 426 684 485 τΔ
709 418 910 485 perstat
937 409 1083 467 enim
1134 410 1441 467 individuus
1487 411 1719 479 animus,
1749 428 1947 483 corpus
1976 422 2027 481 Α
2053 428 2394 470 communem
2462 414 2748 485 quamdam
2827 412 3257 470 exhortationem
3317 410 3393 485 ad,
3460 412 3647 469 ﬁdeles

347 480 481 537 vero
509 480 804 555 constituto
834 498 865 536 a
891 484 999 555 Deo
1030 491 1277 555 tempore
1296 492 1562 555 resurget,
1594 492 1650 539 et
1670 486 1737 538 ab
1770 480 1943 539 nni—ma

348 563 685 622 assumptum
728 552 946 608 Christo
970 553 1135 623 judici
1161 570 1222 608 se
1242 555 1416 608 sistet.
1444 552 1703 623 Quaenam
1751 558 1822 611 sit
1866 557 1947 611 vis

351 639 542 679 vocum
566 626 779 689 harum,
802 640 905 679 non
929 626 1136 679 interire
1157 625 1434 691 hominem,
1456 626 1545 680 sed
1574 627 1825 696 separari,
1859 643 1945 682 as-

349 696 598 766 sequeris
627 711 694 753 ex
720 713 867 750 num.
899 697 1022 753 lilii.
1058 696 1275 759 Recole.
1298 696 1549 760 obsecro,
1589 698 1750 751 verba
1800 699 1886 754 illa
1929 716 1944 751 ι

356 785 375 819 s
411 769 512 835 Qui
544 783 674 823 vero
704 766 1018 838 praedicabit
1041 771 1238 822 anima:
1265 783 1388 823 cum
1410 783 1639 837 corpore
1667 784 1943 833 occasum,

348 841 535 893 audiet
559 839 794 895 animam
826 854 932 893 non
958 853 1081 894 esse
1111 848 1407 904 terrenam,
1437 841 1532 896 sed
1555 854 1619 895 es
1642 840 1824 895 afﬂatu
1852 841 1946 896 Dei

350 921 521 965 ortam
576 911 861 982 eletnentis
901 909 1143 982 corporis
1186 910 1471 966 admisceri
1521 928 1534 964 :
1591 920 1818 968 mortem
1845 927 1946 967 au-

351 989 460 1036 tem
504 997 614 1037 non
660 981 937 1037 interitum
988 996 1130 1048 esse,
1175 982 1271 1038 sed
1320 981 1707 1039 discessionem
1756 983 1873 1055 ejus
1914 998 1944 1037 a

350 1068 598 1110 ςοτυητθ.
632 1071 654 1110 1

685 1123 875 1181 codice
919 1123 998 1194 ad,
1034 1124 1177 1179 hunc
1225 1124 1442 1179 modum
1490 1124 1684 1194 legitur
1717 1143 1730 1180 t
1763 1126 1851 1180 sed
1876 1126 1946 1179 ad

350 1197 734 1251 restm'ectionis
782 1196 924 1250 tintet
970 1193 1067 1249 Dei
1115 1196 1370 1265 iudicium
1400 1193 1649 1250 reservari
1685 1213 1704 1251 :
1731 1212 1941 1262 errore,

350 1283 438 1322 me
461 1269 679 1337 quidem
705 1266 905 1338 judice,
942 1265 1265 1322 manifesto:
1294 1282 1418 1323 cum
1448 1268 1633 1337 procul
1674 1268 1838 1323 dubio
1871 1270 1947 1324 le.

384 1341 580 1394 endum
609 1337 796 1405 sit,’atl
822 1339 1205 1393 resurrectionis
1232 1337 1365 1392 diem
1382 1338 1642 1410 judicium
1670 1340 1940 1394 reservari.

374 1411 536 1466 )elevi
562 1421 744 1465 autem
776 1424 962 1464 vocem
989 1411 1148 1471 timet,
1175 1412 1297 1478 quia
1325 1419 1540 1466 veteres
1565 1425 1755 1467 omnes
1774 1452 1789 1476 ,
1819 1425 1941 1466 cum

350 1480 418 1536 de
439 1483 621 1537 divino
659 1481 865 1552 judicio
894 1482 1092 1551 agitur,
1126 1482 1362 1535 timorem
1389 1482 1789 1537 inculcaveruut
1818 1485 1896 1552 (α)
1926 1499 1940 1536 :

354 1551 479 1607 hinc
522 1557 705 1609 ttotula
756 1551 934 1609 addita
964 1564 1048 1609 est
1071 1592 1087 1616 ,
1120 1564 1178 1606 ut
1208 1562 1334 1622 puto
1364 1593 1378 1617 ,
1408 1552 1462 1624 in
1490 1553 1731 1624 margine
1753 1594 1767 1619 ,
1799 1551 1940 1619 time,

352 1640 471 1688 seu,
495 1626 538 1679 si
567 1625 670 1689 vis,
704 1625 864 1689 timet,
913 1639 942 1677 a
991 1625 1230 1695 margine
1272 1639 1402 1680 vero
1438 1623 1629 1693 illapsu
1673 1634 1757 1679 est
1796 1640 1946 1679 ama-

354 1696 576 1751 nuettsis
598 1697 806 1752 inscitia
839 1697 890 1750 in
922 1696 1207 1764 epistolam
1248 1696 1437 1765 ipsam.
1470 1696 1572 1762 Qui
1606 1704 1818 1751 veteres
1846 1712 1955 1750 ραι..

352 1766 502 1821 dices
524 1769 837 1836 pervolvere
856 1775 1272 1829 consueverunt,
1302 1767 1601 1835 saepissime
1633 1768 1685 1821 in
1726 1768 1840 1822 lucc
1861 1767 1945 1823 oi-

353 1812 609 1893 σέιῖἷιῖιῖιῖξ
631 1812 836 1894 ita;
847 1812 1079 1893 ιῖιῖἶὶἷεὶῖι
1096 1812 1685 1907 Ξὲιιιοὶιῧαῆἷίίιεςῖιηῗ
1702 1812 1944 1894 υιὶὲἷειῖιίιι
1976 1812 2021 1876 Β

354 1925 486 1963 sane
513 1910 772 1969 sutitjsta
803 1925 818 1962 :
853 1926 942 1963 nec
976 1924 1235 1964 assumere
1287 1911 1526 1963 materias
1578 1911 1831 1963 hominem
1886 1926 1948 1965 ea:

354 1982 538 2050 quibus
585 1997 769 2048 corpus
796 1990 870 2036 est
901 1979 1224 2051 fabricatum.
1272 1981 1356 2036 An
1388 1980 1476 2035 hic
1506 1995 1694 2036 eorum
1739 1982 1953 2049 opinio-

356 2066 481 2106 nem
514 2052 707 2121 rejicit,
746 2054 838 2123 qui
881 2059 1004 2121 post
1052 2060 1280 2107 mortem
1331 2053 1501 2118 repeti
1550 2053 1618 2106 ab
1669 2053 1951 2123 animabus

358 2124 540 2191 priora
565 2122 794 2193 corpora
824 2123 1248 2187 arbitrabantur,
1293 2136 1347 2177 et
1383 2122 1518 2178 Deos
1549 2139 1742 2190 manes,
1782 2122 1948 2179 Deos-
1980 2184 1981 2189 η

355 2211 454 2261 que
474 2196 691 2250 lemures
718 2210 780 2250 ea
809 2195 877 2250 de
901 2208 961 2251 te
988 2194 1400 2265 contingebant?
1447 2196 1529 2250 Att
1580 2195 1756 2263 potius
1796 2196 1953 2251 docet

361 2268 659 2332 hominem,
685 2283 808 2321 cum
838 2272 1104 2336 resurget,
1137 2282 1242 2320 non
1276 2265 1581 2319 habiturum
1622 2267 1763 2320 illius
1789 2280 1953 2336 gene-

360 2339 439 2391 ris
467 2353 686 2407 corpus,
709 2354 773 2393 es
791 2353 899 2406 quo
918 2338 1166 2405 primitus
1185 2336 1460 2391 constitit?
1484 2336 1613 2404 Quis
1640 2339 1784 2392 enim
1811 2337 1954 2393 dicet

360 2423 462 2463 nos
515 2409 719 2465 luteum
761 2408 1041 2464 habituros
1070 2423 1192 2463 esse
1220 2422 1438 2478 corpus,
1469 2422 1590 2462 cum
1620 2425 1684 2462 ea:
1712 2408 1820 2462 luto
1851 2408 1951 2462 hu-

360 2495 577 2551 manum
607 2495 805 2550 corpus
831 2480 982 2551 fuerit
1025 2478 1350 2550 fabricatum,
1381 2490 1434 2534 et
1463 2492 1675 2533 moneat
1721 2478 1955 2551 Aposto-

362 2550 479 2617 lus,
538 2552 647 2606 Deo
691 2549 848 2607 caros
899 2552 952 2605 in
1012 2549 1409 2606 resurrectione
1465 2551 1828 2605 itnmntandns
1880 2549 1954 2621 (ὁ)

365 2622 415 2676 id
464 2632 596 2693 est,
639 2623 811 2677 multo
864 2624 1207 2693 prteslatttius
1248 2636 1445 2692 corpus
1492 2622 1768 2677 habituros
1798 2622 1956 2675 esse?

436 2692 562 2749 M6.
612 2694 894 2749 [lationem
936 2693 1136 2761 reddit,
1168 2709 1264 2749 cur
1291 2707 1517 2756 omnes,
1552 2694 1701 2747 nullo
1735 2706 1958 2762 prorsus

363 2774 613 2834 excepto,
648 2764 830 2820 divino
853 2763 1020 2835 judici
1050 2765 1494 2833 praesentahimur
1525 2781 1537 2816 :
1576 2779 1698 2818 Clllll
1730 2767 1873 2835 enim
1902 2773 1959 2818 et

365 2852 463 2907 pro
490 2836 742 2892 omnibus
782 2834 1026 2891 mortuus
1053 2836 1233 2901 luerit,
1265 2843 1321 2891 et
1353 2836 1593 2891 omnium
1623 2843 1734 2889 tum
1782 2834 1959 2907 homi-

364 2905 515 2973 num,
551 2918 663 2962 tum
690 2908 1017 2977 Angelorum
1037 2907 1206 2963 Judex
1235 2909 1440 2962 electus
1471 2907 1541 2960 sit
1573 2906 1831 2960 Dominus
1860 2905 1956 2961 Je-

363 2995 481 3045 sus,
514 2979 694 3035 nullus
718 2981 841 3045 erit,
887 2978 979 3049 qui
1023 2980 1091 3032 ab
1136 2978 1256 3048 ejus
1298 2977 1521 3049 judicio,
1554 2978 1695 3047 quod
1743 2989 1963 3048 prepte-

363 3066 454 3105 rea
500 3051 828 3117 universale,
878 3061 934 3106 et
960 3058 1293 3120 postremum
1326 3052 1477 3117 erit,
1530 3064 1591 3104 se
1635 3059 1797 3120 queat
1852 3050 1961 3105 eri-

363 3138 513 3193 pere.

2049 501 2263 556 omnes,
2294 484 2523 556 quorum
2553 486 2730 556 munia
2765 487 3051 553 percurrit,
3084 500 3285 556 eosque
3333 484 3400 539 ad
3448 498 3648 555 marty-

2050 559 2187 611 rium
2219 555 2286 629 (si
2314 554 2449 629 opus
2478 554 2658 629 fuerit)
2688 556 3023 629 subeundum
3056 554 3278 629 incitat,
3307 564 3360 629 et
3389 556 3454 611 ad
3495 554 3649 610 ever-

2049 627 2257 682 sionem
2278 627 2622 683 idololatriae:
2648 638 2757 681 tum
2782 628 3115 684 brevissimis
3138 628 3358 684 monitis
3391 628 3652 695 perstrin—

2048 700 2147 768 git,
2178 699 2448 770 quomodo
2482 700 2532 752 in
2560 714 2627 753 eo
2656 700 3027 773 vita:_genere,
3060 700 3110 753 in
3141 714 3250 773 quo
3279 698 3650 773 unusquisque

2049 769 2317 841 versatur,
2378 785 2438 824 se
2485 778 2633 825 recte
2673 784 2736 824 ac
2776 769 3117 826 laudabiliter
3162 769 3343 841 gerat.
3377 769 3434 825 In
3465 770 3647 839 quinta

2049 840 2283 910 denique
2309 840 2377 896 de
2406 841 2697 896 virtutibus
2735 841 2973 898 disserit.
3007 840 3244 896 Tametsi
3289 856 3449 910 porro
3499 842 3653 896 dein-

2048 926 2177 981 ceps
2207 914 2375 967 multo
2404 916 2616 980 parcior
2646 914 2697 967 in
2725 912 3164 969 annotationibus
3195 912 3530 982 apponendis
3561 912 3644 966 fu-

2050 991 2201 1057 turus
2231 986 2329 1057 sim
2361 983 2501 1057 (fere
2543 984 2686 1057 enim
2741 986 3019 1054 persiiicua
3060 999 3155 1053 per
3206 999 3264 1041 se
3298 994 3444 1057 (sunt
3470 1025 3484 1050 ,
3530 998 3651 1057 qua:

2049 1055 2207 1127 docet
2239 1055 2515 1127 llilarius),
2555 1056 2762 1127 aliquas
2793 1064 2992 1122 tamen,
3023 1070 3145 1127 cum
3196 1055 3423 1127 scilicet
3453 1055 3653 1111 conve-

2050 1124 2204 1181 niens
2235 1126 2287 1181 id
2322 1124 2659 1210 iudicavero,
2691 1126 3004 1210 adiungam.
3038 1126 3180 1210 hoca
3210 1141 3373 1199 porro
3403 1126 3649 1210 Scripta:

2046 1212 2144 1322 Inc.
2172 1213 2294 1266 quae
2322 1197 2375 1252 in
2404 1198 2553 1254 calce
2584 1202 2793 1268 paginae
2822 1197 3022 1265 iudico,
3055 1199 3171 1268 ipse
3201 1197 3294 1268 per
3318 1199 3650 1265 seconsulet

2067 1276 2238 1322 cctor.

2067 1276 2238 1323 cctor.

2124 1340 2244 1394 M9.
2277 1338 2355 1395 En
2383 1340 2655 1410 quomodo
2696 1338 3029 1411 superiorem
3062 1338 3211 1396 Pauli
3242 1339 3417 1395 locum
3449 1337 3646 1411 Vulga-

2049 1416 2134 1464 tus
2162 1409 2429 1482 interpres
2442 1411 2694 1466 exhibeat
2724 1428 2737 1465 :
2764 1409 3021 1465 Divitibus
3044 1413 3200 1477 huius
3228 1412 3405 1465 saeculi
3433 1409 3653 1481 principe

2048 1498 2150 1534 non
2179 1482 2394 1536 sublime
2419 1496 2620 1551 sapere,
2647 1498 2808 1551 neque
2828 1496 3036 1552 sperare
3055 1484 3108 1537 in
3130 1484 3322 1537 incerto
3354 1483 3654 1537 divitiarum

2048 1567 2282 1617 suarum,
2331 1553 2421 1607 sed
2463 1556 2516 1607 in
2563 1552 2673 1607 Deo
2720 1556 2851 1616 vivo,
2894 1553 2984 1623 qui
3028 1563 3240 1623 prtcstut
3289 1554 3433 1608 nobis
3481 1555 3656 1609 omnia

2048 1623 2250 1696 abunde
2286 1624 2354 1678 ad
2378 1626 2675 1695 fruendum,
2722 1623 2847 1679 bene
2872 1640 3039 1696 agcre,
3073 1625 3254 1680 divites
3285 1626 3395 1693 ﬁeri
3425 1626 3477 1678 in
3511 1626 3655 1679 bonis

2048 1695 2309 1759 operibus,
2363 1698 2515 1763 facile
2555 1697 2814 1763 tribucre,
2865 1695 3261 1758 cetnmttnicare,
3312 1698 3656 1752 thesaurizare

2049 1766 2147 1820 sibi
2175 1767 2564 1830 fundamentum
2591 1767 2778 1839 bonum
2799 1768 2852 1821 in
2883 1767 3153 1838 futurum,
3185 1776 3240 1821 ut
3266 1767 3657 1839 apprehendant

2053 1846 2222 1891 verant
2250 1839 2425 1909 vitam.
2459 1837 2612 1905 Quod
2645 1853 2808 1909 porro
2835 1839 3090 1908 deinceps
3124 1840 3305 1907 paucis
3336 1837 3513 1894 docet
3562 1841 3658 1892 lli-

2055 1909 2251 1974 larius,
2294 1907 2421 1964 alibi
2479 1907 2799 1965 lttculentius
2843 1907 3175 1980 exsequitur.
3224 1911 3300 1964 En
3380 1909 3655 1979 quomodo

2063 1999 2081 2032 ι
2122 1980 2320 2035 Divites
2347 1980 2607 2050 quosdam
2634 1982 2928 2039 insolentes
2958 1997 3081 2037 esse
3110 1991 3329 2052 prmstat
3357 1982 3651 2050 epulcntia,

2055 2061 2109 2106 et
2153 2055 2385 2106 maxime
2425 2054 2671 2105 timorem
2720 2053 2810 2106 Dei
2868 2053 3171 2107 divitiarum
3223 2052 3414 2107 llducia
3472 2054 3648 2109 inanis

2056 2123 2250 2195 avertit
2283 2139 2297 2175 τ
2325 2126 2493 2185 stulti.
2529 2138 2633 2177 non
2659 2123 3041 2195 intelligentes.
3076 2127 3178 2179 hoc
3218 2138 3279 2181 se
3324 2124 3496 2195 magis
3529 2124 3657 2179 reli-

2057 2194 2239 2266 giosos
2261 2204 2513 2266 oportere
2539 2208 2682 2259 esse,
2724 2194 2863 2266 quod
2906 2196 3103 2249 divites
3147 2207 3304 2266 sunt;
3362 2194 3484 2264 quia
3531 2208 3657 2266 gra-

2060 2264 2185 2317 tiam
2228 2270 2430 2319 rel‘erre
2475 2265 2713 2333 largitori
2757 2265 3022 2321 bonorum
3072 2265 3175 2321 sibi
3216 2264 3656 2323 desiderabll'ium

2058 2336 2349 2389 conveniat
2394 2353 2406 2388 :
2459 2345 2513 2390 et
2558 2341 2661 2389 hoc
2708 2336 2879 2407 magis
2910 2338 3291 2395 inexcusabilis
3321 2337 3559 2393 avaritiae
3589 2339 3661 2395 sit

2062 2414 2262 2494 reatus,
2288 2407 2413 2494 quin
2447 2408 2687 2461 avaritia:
2719 2409 3096 2494 necessitatem
3129 2422 3234 2490 non
3272 2419 3495 2494 excuset
3525 2426 3658 2494 opu-

2062 2477 2249 2532 lentia.
2278 2477 2393 2533 Jam
2432 2493 2562 2532 vero
2591 2494 2750 2549 quam
2794 2479 2977 2533 infelix
3008 2480 3196 2535 liducia
3220 2491 3303 2536 est
3333 2483 3409 2536 rei
3441 2477 3616 2537 inanis
3642 2499 3656 2536 :

2064 2549 2228 2602 Deum
2253 2559 2605 2603 contemnere
2631 2549 2881 2603 habendo
2909 2565 3097 2604 aurum
3116 2592 3130 2619 ,
3157 2554 3306 2619 quasi
3335 2566 3524 2607 aurum
3552 2567 3658 2608 non

2061 2634 2126 2673 ex
2159 2619 2251 2694 Dei
2272 2619 2342 2694 sit
2362 2620 2657 2694 creaturis;
2685 2630 2777 2674 aut
2805 2621 3037 2692 aliquem
3070 2619 3263 2694 perid,
3285 2622 3661 2694 judiciosauzc

2064 2692 2289 2765 mentis,
2332 2693 2502 2745 beata:
2544 2692 2670 2765 vita:
2712 2692 3323 2765 acquiratproleetum',
3370 2693 3512 2765 quod
3559 2695 3662 2752 sibi

2063 2763 2447 2836 aurumjaceat
2478 2761 2802 2836 atillpssttnt;
2851 2774 2902 2836 et
2931 2762 3055 2818 hinc
3098 2764 3190 2819 iiut
3238 2781 3343 2820 non
3390 2761 3663 2836 generalis

2062 2833 2278 2895 animae,
2302 2844 2353 2886 et
2378 2834 2623 2903 corporis
2647 2834 2831 2896 homo,
2858 2834 3100 2907 aliusque
3124 2837 3292 2906 possit
3326 2833 3470 2903 esse,
3497 2852 3658 2907 quam

2064 2914 2223 2957 natus
2250 2915 2362 2967 est;
2395 2918 2483 2959 aut
2508 2918 2627 2959 cum
2654 2907 2760 2960 vita
2784 2906 3031 2974 excedat,
3056 2923 3189 2963 auro
3225 2923 3324 2963 suo
3359 2907 3430 2963 sit
3469 2906 3664 2964 usurus

2066 2976 2119 3028 in
2151 2977 2355 3030 morte!
2392 2975 2579 3032 Utetur
2607 2977 2784 3046 plane,
2819 2977 2863 3031 si
2894 2992 2961 3031 eo
2985 2989 3132 3034 recte
3160 2988 3341 3034 utetur
3380 2980 3433 3035 in
3461 2982 3588 3044 vita,
3617 2981 3664 3036 si

2065 3048 2396 3103 esurientem
2439 3063 2576 3116 pane
2628 3063 2727 3102 suo
2774 3048 2985 3112 aluerit,
3035 3049 3081 3104 si
3126 3050 3328 3107 nudum
3375 3062 3527 3108 veste
3566 3067 3662 3107 sua

2070 3120 2288 3197 texerit,
2321 3127 2413 3173 aut
2437 3134 2639 3197 {egrum
2668 3129 2886 3197 sumptu
2918 3134 3023 3197 suo
3042 3121 3340 3197 reloveril,‘
3362 3132 3456 3179 aut
3497 3124 3668 3197 capti-

390 3254 395 3255 ,
439 3195 562 3250 147.
589 3192 846 3249 Fortasse
870 3193 1055 3248 vocula
1097 3210 1218 3248 nam
1247 3191 1314 3247 ad
1345 3207 1466 3265 cum
1491 3192 1710 3247 modum
1743 3191 1832 3246 hic
1867 3191 1962 3245 ad-
1988 3194 2033 3257 C
2071 3204 2194 3265 vum
2219 3189 2465 3265 libertati
2482 3206 2594 3246 sua:
2618 3189 2953 3265 reddiderit,
2982 3191 3075 3246 lla:
3116 3201 3243 3248 sunt
3291 3193 3449 3265 plane
3490 3189 3665 3249 auibi—

366 3263 599 3328 hibetur.
631 3281 742 3335 quo
763 3281 908 3334 stupe
951 3266 1003 3319 itt
1056 3265 1350 3334 Scripturis
1381 3264 1487 3335 (c);
1533 3265 1603 3318 ita
1641 3265 1868 3329 scilicet,
1902 3274 1961 3318 ut

364 3334 704 3402 superiorum
732 3337 999 3391 dictorum
1033 3339 1293 3391 rationem
1339 3334 1560 3391 minime
1612 3334 1829 3399 reddat,
1862 3335 1960 3389 sed

367 3411 514 3464 vices
542 3408 736 3464 habeat
768 3408 1044 3476 particula:
1088 3407 1175 3462 Et.
1211 3406 1440 3461 Verbum
1473 3407 1681 3477 expiugi
1711 3409 1728 3475 (
1764 3407 1808 3461 si
1839 3406 1963 3461 nul-

366 3482 452 3533 lus
466 3480 814 3535 amauueusis
841 3494 998 3535 error
1023 3479 1108 3534 hic
1137 3481 1297 3545 inest)
1318 3477 1398 3533 sic
1421 3479 1626 3545 accipe,
1647 3487 1707 3532 ut
1727 3477 1963 3533 Hilarius

366 3554 659 3619 sumpserit
688 3550 849 3606 verba
894 3550 983 3604 illa
1017 3550 1164 3605 Pauli
1197 3568 1210 3602 :
1248 3548 1436 3603 Omnes
1481 3550 1615 3603 enim
1654 3566 1746 3605 nos
1794 3549 1963 3603 mani-

366 3621 544 3690 [θείω-ί
570 3634 766 3692 Oportet
804 3632 924 3675 ante
953 3622 1177 3676 tribunal
1206 3619 1422 3685 Christi,
1470 3632 1523 3673 ut
1566 3624 1753 3690 referat
1805 3636 1964 3692 unus-

364 3692 577 3763 quisque
605 3691 815 3764 propria
841 3695 1092 3764 corporis,
1122 3704 1273 3764 prout
1299 3692 1455 3764 gessit
1499 3692 1602 3764 sive
1623 3694 1831 3757 bonum,
1860 3691 1965 3764 sive

368 3762 561 3818 malum
593 3763 663 3833 (li
688 3763 806 3820 Cor.
843 3781 896 3831 v,
924 3762 1034 3836 l0),
1064 3762 1216 3834 quasi
1242 3762 1343 3836 vos
1375 3762 1463 3817 illa
1499 3762 1688 3836 referat
1719 3764 1860 3818 idem
1892 3762 1965 3817 sit

368 3850 433 3888 ac
457 3846 805 3904 repraesentet,
838 3852 933 3891 seu
964 3834 1216 3902 eirlubeat,
1244 3835 1382 3890 adeo
1411 3842 1469 3888 ut
1494 3845 1619 3889 nota
1647 3834 1823 3889 futura
1855 3836 1966 3887 sint

367 3909 621 3962 omnibus
672 3922 835 3976 Opera
887 3916 1092 3971 nostra,
1154 3921 1506 3976 quacumque
1554 3907 1643 3960 illa
1670 3906 1798 3966 sint,
1848 3905 1966 3960 sive

370 3978 532 4045 bona,
580 3977 696 4033 sive
734 3978 893 4033 mala.
940 3978 1113 4034 Voces
1142 3978 1271 4043 illm,
1330 3977 1609 4031 secundum
1656 3978 1968 4030 voluntatem

367 4050 503 4121 ejus,
527 4059 620 4104 aut
638 4049 1166 4120 pra-destinationem
1192 4050 1450 4105 denotant
1475 4046 1554 4121 (ά)
1579 4089 1591 4110 ,
1615 4058 1707 4121 aut
1731 4048 1970 4121 indicant

368 4117 511 4185 illos,
563 4117 655 4190 qui
713 4132 857 4176 recta
904 4131 1186 4191 gesserunt
1232 4135 1417 4191 opera,
1465 4117 1774 4191 id'egisse,
1824 4117 1967 4189 quod

370 4193 606 4247 maxime
631 4201 781 4262 optat
809 4190 950 4249 Deus
978 4211 991 4247 :
1020 4192 1130 4246 ltazc
1155 4202 1225 4247 est
1241 4190 1378 4262 enim
1401 4192 1635 4246 voluntas
1659 4190 1755 4245 Dei
1777 4190 1969 4245 sancti-

370 4261 545 4329 ﬁcatto
585 4261 774 4330 vestra,
828 4264 997 4332 inquit
1051 4263 1251 4320 Paulus
1319 4261 1412 4335 (e).
1467 4262 1564 4318 illa
1617 4277 1799 4332 porro,
1848 4277 1969 4331 qua:

370 4346 618 4406 extremo
650 4337 770 4390 loco
811 4335 1121 4391 habentur:
1156 4336 1292 4390 unde
1334 4352 1427 4389 nos
1466 4346 1791 4406 appetamus,
1834 4342 1967 4398 ete.,

374 4403 608 4462 hortatio
636 4406 878 4476 quaedam
903 4417 1051 4473 sunt,
1094 4422 1158 4462 ex
1194 4403 1565 4475 superioribus
1593 4406 1752 4461 dictis
1780 4419 1974 4460 conse-

370 4491 565 4546 quens,
589 4489 643 4532 et
665 4478 820 4533 valde
849 4490 971 4546 apta
999 4479 1066 4534 ad
1104 4478 1419 4533 excitandos
1456 4477 1702 4532 homines
1725 4477 1793 4531 ad
1824 4487 1973 4532 reeta

370 4563 556 4673 spira.
587 4549 788 4606 Recole
812 4549 972 4605 etiam
993 4588 1009 4616 ,
1040 4550 1085 4606 si
1116 4554 1218 4617 vis,
1244 4567 1362 4622 quae
1390 4564 1445 4603 n.
1475 4550 1509 4604 8
1532 4593 1546 4615 ,
1579 4550 1649 4602 27
1675 4558 1730 4603 et
1758 4548 1828 4603 εδ
1858 4558 1967 4602 tra-

411 4634 427 4671 l
469 4635 629 4673 imus.

411 4634 629 4676 tutmus.

447 4689 574 4746 148.
616 4690 1019 4751 Dilﬁcilioribus
1047 4694 1303 4756 emensis,
1339 4692 1496 4762 longa
1528 4691 1723 4752 adhuc,
1757 4689 1973 4762 tametsi

373 4762 553 4817 minus
586 4778 797 4833 aspera.
828 4772 1078 4832 superest
1123 4765 1226 4819 via.
1262 4760 1495 4817 Traditis
1526 4762 1765 4823 scilicet,
1797 4760 1973 4829 capti-

370 4844 617 4904 cattsque
637 4832 692 4890 in
717 4836 1086 4904 superioribus
1111 4836 1319 4889 duabus
1347 4835 1591 4903 epistola:
1616 4832 1864 4904 partibus
1879 4846 1971 4885 or-

372 4901 626 4962 thodoxa:
650 4907 775 4962 lidei
788 4901 1085 4976 dogmatis,
1116 4906 1182 4960 ad
1213 4901 1394 4961 mores
1424 4901 1756 4974 personarum
1789 4901 1973 4974 (Nunc

370 4992 509 5059 ergo
612 4993 853 5060 persona
875 4977 1170 5047 tractemus)
1198 4990 1345 5034 recte
1376 4976 1733 5059 instituendos
1757 4993 1816 5028 se
1843 4990 1974 5060 cou-

370 5048 531 5117 vertit
564 5048 817 5112 Hilarius,
842 5049 1249 5104 instructionem
1274 5064 1428 5104 suam
1459 5049 1510 5102 iu
1532 5048 1767 5117 quinque
1789 5056 1973 5117 partes

368 5116 648 5185 dividens,
676 5136 903 5190 quarum
935 5121 1106 5189 prima
1132 5121 1197 5175 ad
1224 5121 1420 5175 divites
1446 5129 1499 5174 et
1548 5116 1813 5189 pauperes
1842 5117 1977 5190 diri;

369 5190 536 5258 gitur.
566 5191 649 5251 Ad
678 5188 857 5249 mares
914 5188 971 5246 et
1016 5192 1268 5248 heminas
1297 5192 1486 5247 altera.
1536 5188 1593 5244 lu
1640 5191 1795 5245 tertia
1846 5188 1979 5258 quid

372 5262 665 5334 unicuique
716 5264 863 5325 aetati
916 5264 1203 5321 conveniat
1251 5264 1505 5333 ex‘plicat.
1562 5261 1737 5318 Habet
1786 5270 1979 5332 quarta

459 5441 524 5514 La)
545 5442 592 5514 ᾼ
606 5442 807 5514 judicis
826 5442 929 5514 tuis
959 5441 1128 5509 timui,
1154 5451 1261 5508 etc,

469 5461 502 5498 a
545 5453 592 5499 A
606 5453 807 5514 juatcts
826 5453 929 5501 Ms
959 5453 1128 5509 timui,
1154 5453 1261 5508 etc,

449 5453 524 5588 ib)
548 5513 740 5588 Omnes
755 5508 959 5584 quidem
989 5530 1332 5588 resurgemus,
1353 5512 1442 5570 sed
1462 5529 1563 5570 non
1587 5529 1762 5571 omnes
1785 5513 1973 5569 itumit‘

371 5584 615 5642 labimur.
651 5587 667 5640 Ι
700 5584 822 5643 Cor.
854 5602 944 5652 xv,
973 5587 1063 5652 51,
1095 5584 1201 5643 etc.

450 5657 525 5742 (ρ)
563 5654 703 5742 qam
730 5658 783 5712 in
813 5654 1018 5742 Christo
1044 5656 1171 5714 Iesu
1192 5674 1286 5742 ego
1313 5672 1402 5714 vos
1429 5657 1584 5742 genui
1615 5673 1635 5712 :
1663 5655 1751 5714 hic
1778 5670 1974 5742 nempe

376 5728 637 5801 particula
677 5745 798 5784 nam
828 5730 1091 5802 rationem
1145 5728 1363 5786 minime
1408 5728 1584 5791 reddit
1629 5728 1971 5802 superiorum

371 5800 649 5858 dictorum
679 5815 696 5858 ς
737 5800 881 5872 quod
910 5800 1038 5859 alibi
1066 5814 1210 5872 sape
1240 5802 1344 5871 tiu,

2070 3261 2222 3314 tioste
2260 3261 2402 3336 apud
2446 3263 2629 3336 Deum
2657 3264 2873 3319 humani
2921 3263 3155 3336 thesauri
3202 3261 3518 3336 legationes,
3547 3268 3664 3321 lucc

2070 3335 2304 3408 potentia
2329 3333 2791 3408 deprecandorum
2815 3335 3125 3402 crimiuum,
3147 3347 3199 3391 et
3230 3333 3356 3401 νῖν-ει
3386 3337 3662 3408 suffragia.

2068 3402 2159 3459 Sic
2183 3419 2313 3477 auro
2336 3402 2758 3471 de’tuutahimur,
2789 3418 2843 3461 ut
2874 3423 2947 3477 ex,
2972 3410 3202 3477 terrenis
3227 3408 3500 3477 caelestes,
3524 3402 3583 3465 ei
3601 3424 3669 3464 ex

2067 3474 2387 3552 mortalibus
2418 3478 2585 3532 simus
2615 3480 2804 3532 aeterni
2836 3496 2854 3529 ι
2900 3476 2991 3550 (In
3014 3476 3161 3533 Psal.
3195 3493 3267 3546 ιι,
3302 3495 3355 3534 n.
3390 3474 3566 3552 21,12.
3600 3481 3671 3539 90

2073 3554 2193 3599 tom.
2220 3550 2282 3616 t).
3208 3606 3215 3613 .

2143 3620 2270 3673 150.
2314 3616 2492 3672 Innult
2517 3616 2746 3682 fortasse
2772 3619 3005 3675 llilarius
3028 3620 3203 3676 locum
3234 3622 3380 3678 illutn
3412 3618 3672 3682 Epistolas

2068 3687 2764 3766 Pa‘uliApostuliprimtead
2791 3690 3135 3766 Timotheum
3168 3695 3263 3765 (Vl,
3290 3694 3346 3765 9)
3377 3711 3390 3747 :
3427 3687 3673 3766 Numqui

2068 3758 2246 3837 volunt
2256 3762 2438 3837 divites
2601 3763 2829 3837 incidunt
2850 3758 3267 3837 intentationem,
3280 3758 3336 3837 ei
3354 3766 3406 3820 in
3434 3758 3673 3837 laqueum

2070 3831 2336 3897 diaboli,et
2356 3833 2409 3884 in
2431 3833 2683 3885 desideria
2708 3834 2872 3887 multa
2897 3834 3125 3901 inutilia,
3142 3847 3244 3890 etc.
3270 3835 3416 3892 Sane
3441 3831 3673 3893 lli'larius

2073 3903 2126 3956 in
2150 3903 2395 3957 eamdem
2419 3906 2739 3957 sententiam
2764 3904 2895 3959 alibi
2921 3924 2938 3962 :
2963 3923 2984 3957 α
3014 3906 3117 3962 Sed
3140 3908 3292 3962 radix
3316 3909 3547 3964 maxime
3572 3908 3675 3964 ini-

2070 3973 2335 4052 quitatqu
2369 3975 2442 4052 in_
2473 3976 2714 4052 pecuniae
2755 3975 3047 4052 cupiditate
3097 3989 3188 4052 est
3221 3995 3234 4032 :
3277 3994 3436 4049 quam
3466 3981 3553 4052 qui
3578 3995 3674 4052 ap-

2076 4049 2248 4120 petit,
2295 4046 2642 4120 gravissimae
2680 4049 3015 4120 tempestatis
3056 4046 3336 4120 naufragio
3389 4046 3667 4120 mergitur.

2073 4115 2327 4190 sequitur
2352 4118 2496 4190 enim
2531 4134 2545 4170 :
2589 4115 2769 4172 Nolite
2794 4115 3088 4190 sperarem
3111 4115 3412 4190 iniquitate,
3435 4130 3482 4177 et
3502 4115 3555 4177 in
3584 4139 3675 4176 ra-

2077 4188 2230 4257 pinas
2272 4189 2431 4242 nolite
2480 4188 2881 4264 concupiscere:
2923 4188 3132 4264 Divitiae
3172 4188 3217 4247 si
3262 4194 3461 4264 ﬂuant,
3518 4194 3681 4251 nolite

2076 4275 2167 4314 cor
2216 4275 2493 4332 apponere.
2532 4261 2734 4330 Magnae
2774 4263 2918 4316 enim
2969 4263 3019 4316 iu
3051 4262 3198 4320 hisce
3228 4261 3482 4321 tleslderii
3512 4266 3594 4321 Sui
3623 4276 3681 4322 et

2077 4331 2291 4408 amoris
2328 4331 2598 4408 illecebra;
2644 4333 3049 4408 suutzrapiunt
3076 4335 3311 4406 ingenia,
3359 4346 3681 4408 mentesque

2078 4402 2338 4480 pendulas
2412 4403 2846 4480 apprehenduut.
2897 4402 3035 4480 Non
3107 4402 3516 4480 solutn’itaque
3569 4402 3677 4463 non

2081 4476 2528 4549 concupiscenda:
2585 4491 2769 4549 earum
2820 4477 3026 4549 rapina:
3069 4489 3225 4545 sunt,
3254 4476 3440 4537 verum
3481 4481 3550 4534 ab
3596 4480 3680 4535 his

2083 4547 2334 4621 voluntas
2405 4557 2611 4613 nostra,
2676 4546 2901 4621 etiamsi
2968 4550 3309 4618 prmbeantur
3380 4550 3673 4621 libantque,

2086 4618 2367 4695 relerenda
2420 4628 2535 4695 est;
2586 4633 2654 4673 ne
2699 4618 3029 4695 desiderata:
3058 4623 3360 4695 cupita-que
3394 4618 3680 4679 dominen-

2087 4700 2193 4742 tur.
2239 4688 2355 4742 Non
2405 4690 2548 4743 enim
2597 4689 2797 4759 spebus
2839 4690 3039 4744 nostris
3071 4688 3209 4746 bona
3233 4688 3676 4761 stiutcoa-terna,

2083 4775 2261 4829 neque
2309 4760 2591 4814 nobiscum
2650 4771 2744 4814 aut
2784 4761 3227 4831 condescendunt
3279 4763 3331 4817 in
3381 4760 3675 4831 internum,

2083 4828 2185 4884 aut
2223 4839 2615 4904 conresurgunt
2666 4833 2734 4886 de
2792 4830 3024 4904 inferno.
3055 4828 3237 4895 Fides,
3275 4835 3469 4904 pietas,
3507 4828 3682 4891 conti;-

2082 4903 2288 4965 neutia,
2348 4903 2650 4974 benignitas
2711 4903 3014 4974 expetenda
3075 4915 3192 4968 εει,
3223 4903 3290 4958 eti
3320 4910 3551 4962 tnaxlme
3580 4904 3681 4963 Dei

2082 4975 2322 5041 cognitio
2373 4972 2628 5048 sectanda
2678 4972 2798 5028 esti
2828 4972 3094 5048 Czeteruni
3133 4973 3252 5031 haec
3296 4988 3452 5036 vana.
3483 4982 3537 5033 et
3584 4992 3682 5048 per

2082 5056 2327 5099 naturam
2380 5047 2460 5098 sui
2521 5045 2586 5117 ad
2637 5060 2870 5117 omnem
2886 5044 3239 5117 iniquitatum
3300 5044 3676 5117 necessitatem

2082 5118 2344 5188 captiosa,
2379 5114 2595 5192 vitanda
2642 5128 2765 5192 sunt
2797 5135 2816 5169 ι
2850 5113 2942 5192 (lin
2977 5113 3065 5192 Ps.
3104 5131 3309 5192 th,_t_t.
3342 5121 3398 5187 8,
3426 5114 3679 5192 1:09.169

2082 5185 2206 5241 tom.
2239 5192 2322 5262 ﬁt).
2380 5185 2622 5262 Denique
2643 5185 2869 5262 indicat
2894 5186 3030 5262 (nisi
3057 5205 3144 5262 me
3173 5189 3310 5245 fallit
3331 5185 3567 5262 animus)
3600 5188 3681 5248 lo-

2082 5275 2205 5315 cum
2235 5261 2385 5315 illum
2414 5259 2727 5330 Evangelii:
2756 5257 2932 5316 Estote
2960 5261 3337 5329 misericordes,
3365 5263 3496 5316 sicut
3523 5257 3685 5317 Pater

2157 5441 2240 5511 (ά)
2272 5440 2336 5496 In
2363 5457 2461 5513 quo
2484 5439 2748 5514 (Christo)
2764 5442 2919 5496 etiam
2941 5451 2992 5497 et
3012 5458 3107 5499 uos
3133 5442 3269 5513 forte
3290 5445 3456 5499 vocati
3480 5459 3684 5514 mutus,

2084 5514 2434 5587 prodestiuati
2459 5514 2740 5587 secundum
2766 5515 3104 5587 propositum
3130 5516 3264 5584 ejus,
3306 5516 3395 5584 qui
3441 5527 3688 5587 operatur

2083 5584 2257 5711 omnem
2303 5585 2582 5643 secundum
2632 5584 2906 5641 consilium
3289 5598 3418 5643 sua.
3477 5584 3685 5660 Ephee.

2084 5672 2142 5714 ι.
2232 5697 2245 5713 .
3374 5684 3379 5697 κ

2128 5684 2281 5800 ’(3.1
2313 5726 2539 5805 Thessa.
2573 5729 2733 5805 |_Y,_3.
2765 5726 2963 5805 Aflinia
2990 5729 3152 5787 tradit
3202 5729 3344 5788 idem
3374 5684 3691 5805 ‘Apostoltts

2091 5798 2248 5856 Rom.
2282 5815 2379 5869 xu,
2408 5801 2462 5869 2,
2496 5807 2551 5859 et
2580 5799 2722 5873 Eph.
2751 5814 2806 5867 v,
2841 5800 2928 5857 17.
