4100 6196
390 263 493 321 817

1051 267 1116 323 ΙΝ
1157 264 1411 326 ιιιιΑιιιι
1451 267 1840 327 EPISTOLAM
1883 267 1968 327 SE

2079 268 2413 326 .lllElLUM
2455 268 3000 337 ANNOTATIONES.

3579 277 3684 334 8l8

387 383 680 464 scriptione
701 380 916 440 Gruteri
940 384 1039 460 (ιι).
1073 384 1308 442 Verbum
1335 388 1588 444 moderari
1617 388 1829 445 videtur
1853 390 1990 446 sumi
2019 391 2075 454 Α
2097 390 2330 464 ξῃῃὶεεηι.
2372 390 2708 464 Quamquam
2739 394 3016 464 suspicor,
3052 395 3122 450 ita
3150 409 3211 451 re
3246 409 3373 452 vera
3403 397 3686 462 scripsisse

389 473 490 528 pro
516 455 832 528 moderatum
860 455 988 512 esse.

465 528 587 582 186.
619 527 733 604 Ea,
767 544 886 604 qua:
919 530 969 604 in
1001 529 1243 604 epistula:
1275 531 1659 604 calceAnotavi,
1697 531 1991 604 Scriptura}

388 599 506 677 loca
537 599 826 677 pet-spicae
861 599 1124 677 indicant,
1165 601 1231 657 ad
1261 620 1387 677 qua:
1425 602 1661 677 Hilarius
1691 599 1984 677 perspexit.

387 669 472 727 Ad
517 669 619 724 alia
651 671 814 726 etiam
861 673 1166 736 respexisse
1195 669 1428 729 arbitror
1465 693 1478 728 :
1507 675 1602 730 sed
1633 669 1755 730 cum
1789 669 1848 731 ea
1893 693 1988 732 ex-

387 756 713 816 presseuon
746 741 1014 816 allegarit,
1045 743 1236 816 Lector
1267 761 1328 800 ea
1355 762 1450 816 per
1469 762 1526 802 se
1559 749 1854 816 perquirat.
1895 748 1986 804 Fi-

389 815 503 870 dem
542 811 902 890 plenamlﬁde
941 814 1114 885 plena)
1147 817 1286 870 |iaud
1329 811 1531 872 temere
1559 811 1690 874 eam
1723 821 1986 890 intelligo,

390 903 512 953 qua:
540 883 706 951 opera
750 883 952 940 habet:
987 883 1206 941 vacuam
1248 903 1342 942 seu
1376 899 1640 946 mortuam
1675 907 1796 946 esse
1833 883 1984 952 eain,

389 957 902 1101 ιιξὲξ)ορρνίὺιιι
935 957 1026 1024 sit,
1059 961 1399 1030 assxtquimur
1427 977 1494 1016 ex
1526 961 1730 1018 Jaeoho
1759 963 1912 1034 (Cap.
1947 978 1982 1028 l,

392 1031 457 1083 17
485 1040 538 1083 et
561 1031 677 1083 26).

467 1101 588 1176 187.
635 1099 718 1157 Ad
759 1116 1068 1176 expressam
1108 1103 1249 1176 illam
1278 1145 1293 1164 ,
1340 1103 1747 1176 solemnetnque
1789 1123 1988 1160 renun-

388 1171 676 1245 riatiouem
718 1174 940 1241 respicit
982 1172 1217 1245 Hilarius
1243 1215 1258 1240 ,
1288 1191 1446 1245 quam
1489 1171 1746 1232 adversus
1777 1182 1984 1233 daemo-

391 1259 515 1300 nem
545 1241 881 1314 prolitemur,
909 1259 1032 1298 cum
1065 1241 1326 1314 baptisma
1354 1247 1700 1312 suscipimus.

465 1315 588 1370 i88.
615 1313 927 1386 Lrgendum
945 1313 1212 1385 suSpicor,
1237 1334 1352 1388 spes
1374 1334 1702 1390 eorum.qua:
1727 1319 1981 1382 videntur,

389 1403 494 1440 non
531 1397 607 1441 est
639 1403 792 1455 spes;
821 1403 943 1443 nam
977 1400 1132 1441 antea
1177 1405 1318 1456 spem
1357 1391 1422 1444 dc
1453 1389 1610 1445 rebus
1645 1392 1838 1446 futuris
1863 1407 1984 1447 esse

389 1460 464 1510 ait
495 1475 510 1512 :
541 1457 720 1513 futura
749 1467 911 1528 porro
936 1475 1042 1514 non
1073 1457 1342 1514 videntur.
1374 1461 1506 1526 Quia
1533 1471 1708 1518 tamen
1734 1460 1862 1518 ferri
1903 1474 1984 1516 ut-

390 1543 624 1604 cumque
658 1541 881 1604 poterat
901 1530 1103 1585 codicis
1152 1531 1322 1604 nostri
1369 1533 1562 1604 lectio,
1611 1548 1730 1588 eam
1765 1534 1976 1604 reliqui.

389 1598 587 1676 Lector
626 1598 810 1676 si’vult
836 1641 850 1661 .
901 1617 1018 1656 eam
1059 1603 1333 1656 emendet.
1369 1598 1556 1660 Delevi
1603 1621 1767 1676 porro
1795 1598 1979 1660 vocem

389 1672 516 1742 quid
542 1673 770 1748 positam
819 1681 937 1742 post
985 1687 1171 1728 vocem
1211 1676 1329 1748 quis
1371 1677 1532 1745 (quis
1571 1672 1694 1745 quid
1723 1687 1894 1748 sperat
1911 1676 1978 1748 ?),

388 1759 514 1816 quia
539 1745 882 1816 manifestum
908 1745 1256 1816 amanuensis
1281 1763 1524 1801 errorem
1552 1765 1612 1801 ea
1644 1745 1759 1816 prie
1768 1763 1828 1802 se
1843 1745 1980 1803 lere-

392 1813 502 1890 Ital.
538 1813 638 1871 Ubi
671 1817 884 1886 vulgata
909 1817 1104 1884 legitin
1128 1814 1224 1890 ‘Ps.
1255 1832 1386 1890 xvtn
1414 1817 1482 1871 ab
1515 1813 1716 1890 llilario
1747 1820 1981 1890 allegato

395 1884 570 1939 Timor
596 1884 834 1960 sanctus,
867 1888 1230 1960 vetustissima
1267 1887 1370 1943 alia
1412 1889 1590 1945 versio
1629 1891 1758 1960 legit
1783 1931 1798 1954 ,
1831 1884 1984 1945 timor

389 1969 581 2011 castus.
615 1957 764 2014 llauc
791 1959 1050 2032 llilarius,
1082 1973 1181 2014 nec
1209 1969 1436 2025 ten-ere,
1459 1957 1722 2032 sequitur.
1753 1961 1980 2032 Reliqua

391 2043 488 2098 per
515 2045 574 2084 se
597 2041 799 2104 patent.
825 2031 1006 2104 Deleri
1038 2040 1157 2104 post
1177 2045 1362 2104 vocem
1383 2031 1590 2104 judices
1614 2075 1628 2095 ,
1659 2049 1845 2088 vocem
1885 2031 1982 2104 pu-

388 2109 633 2176 te_s,_qute
674 2102 728 2176 _iu
762 2101 953 2158 codice
983 2103 1246 2176 habetur;
1276 2101 1435 2176 facile
1463 2105 1658 2174 quippe
1697 2101 1977 2176 intelligis,

385 2171 456 2246 ab
493 2172 750 2241 imperito
778 2173 1092 2246 amauueusi
1119 2187 1238 2246 eam
1282 2175 1334 2228 in
1370 2171 1655 2246 epistolam
1691 2171 1980 2246 ipsam'in-

387 2241 605 2298 ductam
650 2260 794 2300 esse.
837 2244 1042 2300 Vereor
1073 2260 1140 2300 ne
1183 2245 1234 2298 in
1277 2241 1594 2301 deﬁnitione
1631 2241 1979 2304 continentia:

385 2315 532 2369 desit
560 2331 658 2370 vos
689 2315 887 2384 aliqua.
911 2317 1074 2370 veluti
1101 2317 1410 2387 complexio,
1440 2329 1554 2384 aut,
1581 2319 1627 2374 si
1651 2320 1751 2383 vis,
1781 2319 1980 2376 deside-

383 2388 544 2452 rium,
585 2404 753 2450 antor,
802 2387 1082 2458 cupiditas,
1133 2403 1217 2441 aut
1249 2388 1450 2458 aliquid
1491 2391 1673 2444 alliue.
1713 2390 1844 2446 Vide
1883 2409 1974 2447 ca-

385 2469 479 2527 put.
533 2459 598 2516 17
644 2460 888 2533 ρῐοξίιιιιξ
913 2475 1147 2530 sequens
1177 2459 1271 2525 (In
1303 2459 1448 2533 bonis
1482 2461 1701 2516 aviditas
1726 2463 1978 2533 exigenda

380 2540 494 2594 est,
529 2529 695 2604 etc.).
739 2529 894 2587 Ferri
939 2529 1116 2586 tamen
1163 2542 1342 2603 potest
1387 2532 1474 2588 hic
1515 2549 1730 2604 quoque
1773 2529 1978 2590 cudicis

382 2603 554 2657 nostri
583 2603 760 2659 lectio.

455 2674 581 2729 189.
615 2673 1037 2732 Ρνειιειιιιιὶεεὶιιιιι
1063 2688 1194 2730 sane
1227 2683 1354 2730 sunt
1394 2675 1492 2732 ista
1524 2673 1712 2730 Hilarii
1751 2676 1914 2731 verba
1958 2694 1973 2732 :

383 2743 648 2799 Malorum
676 2763 801 2801 sane
825 2745 1160 2803 substantiam
1199 2747 1263 2800 ab
1292 2747 1440 2800 initio
1468 2748 1666 2801 nullam
1695 2765 1800 2804 esse
1837 2765 1976 2802 cont-

378 2817 609 2888 perimus
635 2833 657 2872 :
684 2819 870 2888 quippe
895 2818 948 2870 in
977 2817 1331 2873 obedientia...
1358 2821 1508 2888 juxta
1539 2819 1748 2878 bonum.
1781 2819 1976 2873 malum

376 2885 564 2960 est.ltt
598 2885 780 2958 priori
807 2885 970 2956 porro
1012 2889 1172 2958 hujus
1199 2885 1486 2960 sententiae
1517 2900 1666 2960 parte
1710 2890 1976 2945 indicatur

379 2959 602 3028 pariter.
640 2971 696 3016 et
732 2960 998 3016 refellitur
1027 2961 1246 3030 impium
1284 2959 1476 3030 dogma
1507 2959 1928 3017 Maniehteorom
1953 3003 1972 3030 ,

378 3031 470 3098 qui
504 3030 629 3086 mali
658 3031 921 3099 originem
953 3047 980 3083 a
1013 3033 1273 3101 principio
1301 3035 1441 3086 malo
1471 3034 1807 3102 repetebant.
1834 3033 1971 3088 Dum

379 3102 498 3156 lure
537 3103 754 3172 suhjicit
796 3121 809 3156 :
841 3103 1029 3173 quippe
1071 3102 1411 3157 inobedientia
1436 3145 1452 3169 ,
1498 3119 1600 3160 etc.
1623 3145 1638 3170 ,
1671 3105 1971 3160 indubitate

2099 460 2359 536 Hilarium
2386 460 2406 526 ,
2449 465 2526 518 uti
2560 460 2720 520 habet
2765 460 2950 521 noster
2993 460 3197 533 codex;
3229 469 3301 522 ita
3344 460 3586 536 scilicet,
3630 480 3688 524 ιιι

2095 533 2239 588 nulla
2270 549 2528 596 expressa
2559 537 2828 591 sermonis
2850 541 3052 593 mentio
3080 538 3362 594 habeatur.
3392 539 3524 594 Nam
3548 533 3682 596 sitn-

2095 606 2306 682 pliciter
2333 605 2648 661 Collationes
2675 622 2706 661 a
2743 605 3002 663 Cassiano
3031 610 3286 679 appellati
3320 621 3448 666 sunt
3471 612 3542 682 pii
3571 612 3684 667 Mo-

2093 681 2386 730 nachorutu
2415 692 2696 734 sermones
2723 689 2779 733 et
2799 690 2999 736 mutuae
3019 684 3439 736 exhortationes.

2165 747 2288 818 192.
2325 747 2576 803 Proxime
2607 758 2726 818 post
2753 765 2938 806 Vocem
2971 755 3124 816 hanc,
3161 753 3531 811 tantummodo.
3569 754 3686 810 ltzec

2093 816 2358 896 habentur
2387 819 2439 874 in
2471 816 2662 896 n_o~tro
2689 821 2822 876 codi-
2845 837 2877 877 e
2901 839 2914 896 ς
2937 824 3060 888 quia
3082 823 3512 896 contemplatione
3543 822 3684 880 Deus

2080 887 2289 962 judicat
2338 894 2702 966 conscientiam
2736 887 3058 966 singulorum
3105 911 3122 948 :
3172 887 3458 950 manifesto
3501 896 3686 964 uti-tne

2091 975 2300 1036 errore.
2339 967 2415 1016 An
2445 964 2782 1036 vet-oglossa
2813 964 3058 1032 qua-dam
3087 976 3168 1020 cst
3203 967 3329 1020 olttu
3360 968 3412 1020 in
3443 971 3684 1036 margine

2089 1032 2332 1111 apposita
2360 1035 2538 1111 verbis
2567 1032 2670 1111 illis
2696 1077 2708 1096 ,
2734 1036 2892 1105 juxta
2910 1038 3327 1111 conjunctionem
3361 1032 3682 1111 eonjngulem

2089 1105 2442 1178 continentes?
2472 1122 2539 1160 an
2566 1107 2616 1160 itt
2635 1107 2977 1178 autographo
2999 1107 3304 1178 conscripta
3328 1124 3392 1162 ea
3415 1105 3543 1164 sunt
3566 1119 3686 1178 post

2091 1175 2180 1229 illa
2215 1177 2375 1250 verba
2398 1220 2416 1250 ,
2455 1193 2573 1247 quae
2615 1175 2880 1247 deinceps
2900 1179 3167 1232 habentur
3195 1175 3342 1233 {non
3374 1175 3684 1250 uniformem

2090 1245 2350 1320 mandavit
2383 1245 2518 1303 lteus
2539 1245 2903 1320 continentiam
2927 1267 2944 1302 :
2973 1262 3066 1303 aut
3087 1251 3248 1304 etiam
3279 1259 3402 1320 post
3425 1245 3536 1312 illa,
3560 1266 3683 1320 quae

2090 1315 2346 1386 deinceps
2375 1322 2576 1384 etiam,
2625 1321 2722 1375 sed
2755 1319 2984 1387 longiori
3027 1315 3308 1374 interVaIIo
3341 1322 3542 1388 pariter
3581 1315 3682 1378 lia-

2091 1389 2332 1461 henturr:
2376 1388 2517 1445 Deus
2553 1389 2697 1444 solus
2744 1391 2926 1444 intima
2947 1430 2962 1455 ,
3013 1402 3060 1444 et
3087 1403 3282 1446 secreta
3310 1394 3599 1461 conspicit,
3630 1405 3686 1448 et

2087 1473 2215 1536 casti
2259 1460 2440 1530 aliquo
2472 1463 2540 1536 in_
2568 1461 2793 1536 t-pistult
2847 1463 2960 1536 ipsa
3007 1463 3076 1518 ab
3102 1471 3322 1532 antiquo
3365 1460 3681 1518 amanuensi

2086 1531 2314 1604 omissa,
2339 1543 2393 1604 et
2419 1532 2664 1602 conjecta
2689 1535 2740 1604 in
2773 1533 3092 1603 marginem,
3123 1531 3250 1587 nota
3273 1536 3538 1602 apposita,
3563 1551 3681 1604 quae.

2089 1601 2265 1656 locum
2305 1601 2596 1669 iudicaret,
2633 1603 2724 1659 ubi
2757 1620 2818 1657 ea
2847 1601 3100 1659 collocari
3125 1601 3458 1660 debuissent.
3495 1622 3522 1658 a
3560 1601 3684 1672 pos-

2089 1675 2273 1746 teriori
2315 1676 2663 1746 atnanuensi.
2698 1692 2858 1742 quem
2892 1690 3044 1746 saepe
3086 1677 3388 1744 imperitum
3420 1675 3680 1746 diximus,

2009 1780 2058 1842 ιε
2090 1745 2262 1842 Wst:
2293 1745 2587 1842 '2351'1'15’.
2605 1745 3141 1842 asstrictis?

2161 1815 2286 1892 195.
2315 1816 2406 1892 Sic
2431 1832 2592 1892 porro
2619 1805 2946 1892 interpretbr
2974 1805 3250 1892 διες-9³111³
3279 1836 3292 1870 :
3324 1818 3392 1874 Et
3421 1836 3486 1874 ea:
3510 1824 3681 1892 forma

2083 1887 2236 1960 uoluti
2267 1887 2596 1960 continentia:
2623 1887 2786 1960 magis
2815 1889 3005 1958 inﬂati.
3037 1888 3115 1942 Ex
3145 1889 3246 1942 hac
3265 1891 3466 1958 specie,
3510 1887 3587 1954 et,
3619 1903 3679 1946 ut

2083 1956 2198 2030 fere
2227 1959 2478 2024 dicimus,
2508 1956 2843 2030 apparentia,
2871 1956 2924 2014 et
2958 1960 3101 2014 larva
3131 1956 3478 2016 continentia:
3507 1979 3520 2014 :
3553 1978 3678 2018 vera

2083 2028 2228 2102 enim
2251 2072 2266 2098 ,
2313 2041 2368 2086 et
2397 2028 2592 2102 solida
2611 2031 2942 2086 continentia
2989 2047 3094 2084 non
3124 2040 3206 2084 est
3226 2071 3240 2096 ,
3271 2033 3471 2102 quippe
3498 2035 3676 2088 conti-

2084 2101 2264 2155 nentia
2293 2144 2306 2168 ,
2364 2103 2407 2156 si
2453 2101 2659 2158 Hilario
2704 2104 2976 2160 credimus
3013 2117 3131 2156 eam
3167 2103 3324 2170 patilo
3369 2101 3497 2158 ante
3542 2105 3679 2159 deli-

2084 2173 2284 2240 nienti,
2323 2173 2729 2245 appetendarum
2765 2175 2990 2228 onmium
3017 2188 3184 2245 rerum
3215 2173 3470 2228 malarum
3497 2184 3681 2245 estre-

2082 2245 2305 2316 frenatio
2335 2243 2444 2299 :ex
2477 2246 2607 2310 hac,
2641 2248 2856 2316 inquam
2878 2289 2890 2308 ,
2921 2243 3268 2316 continentia:
3297 2248 3477 2315 specie
3505 2244 3678 2300 iut'lati

2081 2315 2389 2387 despiciunt
2427 2317 2566 2387 alios
2591 2359 2607 2382 ,
2648 2315 2845 2387 quibus
2881 2331 2911 2370 a
2955 2315 3066 2370 Deo
3102 2329 3421 2387 conceSsum
3463 2332 3567 2370 non
3596 2329 3681 2372 est

2081 2385 2282 2442 donum
2310 2386 2451 2442 istud
2473 2430 2488 2454 ,
2519 2385 2954 2458 percutiuutque,
2987 2385 3270 2442 maledicta
3300 2387 3355 2442 in
3387 2403 3483 2444 eos
3507 2389 3678 2458 conji-

2079 2461 2246 2525 ciunt,
2271 2473 2378 2514 etc.

2152 2531 2274 2585 194.
2329 2529 2428 2585 Ubi
2477 2531 2631 2600 posui
2659 2529 3047 2598 continentiam
3092 2531 3149 2585 in
3201 2528 3389 2600 codice
3439 2530 3672 2586 habetur

2078 2599 2604 2672 conscientiam.Sed
2646 2601 2832 2669 procul
2873 2601 3036 2670 dubio
3068 2599 3354 2671 legendum
3385 2607 3475 2655 est
3513 2603 3675 2656 couti-

2079 2673 2306 2743 nentinm
2336 2690 2350 2726 :
2384 2671 2585 2743 quippe
2610 2671 2680 2727 de
2705 2671 2771 2728 iis
2803 2672 3059 2740 loquitur,
3091 2672 3180 2741 qui
3203 2673 3490 2740 proferunt,
3523 2673 3674 2726 idest

2073 2740 2325 2813 jactitant
2351 2740 2634 2799 scitabere
2663 2745 3050 2798 continentiam
3078 2759 3090 2794 :
3115 2740 3237 2813 cum
3271 2751 3448 2795 tamen
3471 2757 3534 2798 ea
3558 2744 3691 2813 ipsa,

2079 2812 2408 2869 continentia
2426 2857 2442 2880 ,
2476 2831 2633 2886 quam
2659 2813 2880 2876 habent,
2910 2812 3306 2886 tantumabsit,
3333 2819 3393 2886 ut
3419 2812 3674 2886 eos_vere

2078 2887 2419 2940 continentes
2441 2928 2456 2950 ,
2494 2883 2559 2940 ut
2596 2887 2774 2956 potius
2800 2886 3022 2940 vitiosos
3062 2883 3291 2948 etliciat;
3321 2883 3403 2937 sic
3427 2890 3492 2938 ἰιι
3515 2883 3674 2956 fomi-

2080 2964 2186 3010 tem
2234 2964 2288 3010 et
2332 2955 2614 3012 materiam
2671 2957 2937 3012 criminum
2969 2956 3216 3010 videatur
3258 2967 3358 3020 ea,
3388 2970 3546 3022 quam
3577 2955 3675 3009 lia-

2078 3025 2207 3080 bent
2226 3029 2579 3096 continentia,
2609 3026 3039 3083 subministrare.
3071 3025 3264 3081 Addidi
3290 3041 3474 3080 vocem
3499 3029 3674 3080 critici-

2077 3114 2199 3150 num
2227 3115 2246 3152 :
2271 3099 2425 3155 deest
2456 3101 2599 3156 enim
2627 3102 2678 3153 itt
2705 3100 2922 3162 codice,
2957 3099 3111 3166 cujus
3134 3099 3208 3152 rei
3239 3099 3520 3152 materiam
3543 3099 3671 3153 sult-

377 3174 571 3228 Adami
612 3164 1030 3230 iuohedientiam
1065 3174 1258 3241 innuit,
1291 3191 1385 3242 per
1405 3164 1562 3244 quam
1597 3164 1776 3232 mors.
1805 3183 1970 3232 au'eo-
1998 3164 2043 3228 C
2077 3169 2342 3226 lltilllSII‘el
2383 3173 2524 3226 larva
2555 3170 2670 3226 haec
2712 3182 2765 3226 et
2810 3164 3422 3244 (speciescoutinentiat.
3453 3168 3558 3224 Sed
3599 3183 3668 3223 ex

375 3261 482 3314 que
513 3246 654 3300 mala
677 3248 855 3300 omnia
884 3245 937 3298 iu
963 3246 1220 3299 mundum
1245 3255 1370 3300 sunt
1397 3246 1716 3302 introducm.
1750 3246 1966 3304 Utinam

375 3319 584 3388 reliqua
606 3323 882 3374 exstarent
918 3316 972 3371 in
1003 3317 1227 3388 codice,
1272 3333 1394 3388 quae
1437 3318 1503 3372 de
1543 3318 1732 3374 eadem
1776 3320 1968 3374 Adami

377 3387 741 3444 iuohetlientia
770 3388 1008 3442 Hilarius
1035 3387 1390 3442 tradiditlEa
1437 3403 1566 3444 sane
1605 3389 1926 3446 haberemus
1949 3431 1964 3454 ,

373 3459 574 3526 qmbus
605 3477 712 3516 non
745 3461 904 3514 modo
934 3459 1211 3514 Manichzci
1237 3501 1252 3524 ,
1309 3475 1496 3514 verum
1530 3462 1690 3515 etiam
1716 3460 1755 3516 ii
1780 3476 1969 3517 omnes

375 3531 806 3600 revincerentur,
836 3533 924 3600 qui
943 3535 1084 3586 circa
1111 3533 1312 3599 peccati
1337 3533 1598 3600 originem
1623 3542 1964 3588 erraverunt.

375 3599 482 3656 Sed
517 3599 867 3674 intercapedo
892 3605 1124 3656 fortasse
1159 3599 1516 3674 noumodiea,
1551 3611 1606 3658 et
1631 3605 1967 3674 subsequen-

376 3674 507 3728 tittm
553 3673 856 3729 obscuritas
884 3673 953 3728 ab
984 3673 1388 3727 amanuensium
1427 3674 1632 3740 inscitia
1661 3716 1674 3736 ,
1731 3688 1780 3728 ut
1817 3673 1962 3742 puto,

376 3745 722 3815 provenicns,
744 3747 1168 3800 emolumentum
1197 3749 1295 3800 hoc
1315 3743 1470 3800 ttoliis
1486 3745 1728 3800 demunt.
1755 3747 1866 3800 Duo
1891 3757 1970 3800 ta—

375 3830 498 3870 men
523 3824 712 3872 nntare
739 3832 904 3885 opere
946 3817 1174 3884 pretium
1217 3831 1337 3871 reor
1366 3835 1378 3868 :
1410 3817 1615 3872 scilicet
1643 3817 1966 3871 sentctniam

376 3886 524 3942 illam
561 3889 748 3956 :juxta
786 3889 973 3942 bonum
1001 3886 1196 3940 malum
1214 3897 1308 3946 est.
1331 3887 1658 3956 ip-issimam
1689 3896 1810 3943 ess‘e
1840 3887 1969 3956 (nisi

375 3959 534 4027 plane
580 3959 837 4030 fallimur)
882 3969 1052 4030 atque,
1089 3973 1230 4030 eam,
1277 3974 1396 4030 quae
1441 3959 1634 4030 legitur
1681 3961 1731 4013 in
1779 3959 1966 4013 Eccle-

372 4031 591 4089 siasliCo
625 4029 782 4100 (Cap.
811 4045 959 4090 um.
991 4029 1082 4094 15)
1113 4050 1123 4083 ;
1157 4028 1347 4084 Contra
1372 4028 1556 4084 bonum
1581 4029 1773 4083 malum
1801 4039 1896 4097 est,
1923 4039 1968 4084 et

372 4111 554 4156 contra
589 4112 804 4157 mortem
841 4101 944 4156 vita
973 4117 992 4154 :
1025 4101 1116 4156 Sic
1154 4112 1198 4154 et
1227 4109 1402 4155 contra
1432 4104 1596 4155 uirum
1621 4103 1814 4162 iustum
1852 4119 1966 4173 pec-

372 4183 532 4228 calor.
560 4174 804 4230 Alterum
838 4190 854 4228 :
880 4173 1098 4236 nesciri,
1123 4173 1188 4226 ad
1221 4188 1380 4242 quem
1406 4173 1564 4227 linem
1597 4174 1871 4228 all'eratur.
1902 4178 1972 4226 At

372 4259 561 4300 catum
589 4289 601 4306 ,
635 4261 756 4316 quas
802 4247 1126 4316 sequuntur,
1161 4261 1265 4298 non
1304 4245 1464 4298 modo
1505 4251 1702 4316 metam
1732 4285 1746 4306 ,
1781 4259 1966 4298 rerum

370 4317 534 4370 etiam
577 4314 798 4370 sensum
837 4317 993 4384 plane
1033 4315 1343 4383 ignoramus
1387 4334 1401 4370 :
1443 4317 1572 4385 quin
1599 4314 1760 4370 etiam
1787 4356 1800 4375 ,
1831 4329 1967 4381 quo—

375 4389 516 4442 niam
550 4390 737 4444 vitiosa
770 4386 954 4457 procul
977 4387 1139 4440 dubio
1160 4401 1347 4442 eorum
1375 4388 1536 4442 lectio
1559 4398 1660 4450 est,
1697 4385 1970 4441 nescimus

373 4459 564 4528 plane,
612 4474 843 4530 quanam
887 4459 1096 4530 ratione
1139 4458 1414 4530 etneudari
1451 4473 1512 4511 ea
1564 4459 1792 4530 possint.
1837 4457 1968 4530 Quis

369 4527 514 4584 enim
546 4527 690 4586 recte
720 4533 974 4584 emendet
1007 4529 1164 4599 hujus
1197 4529 1338 4583 modi
1369 4530 1527 4584 verba
1563 4545 1576 4582 :
1609 4527 1673 4581 Et
1699 4545 1812 4598 quae
1833 4527 1966 4599 (vel,

371 4612 416 4656 et
445 4601 614 4670 quod;
647 4604 727 4656 vel
752 4643 766 4662 ,
795 4611 841 4654 et
866 4599 1055 4672 quam)
1082 4598 1134 4653 si
1163 4617 1414 4668 nusquam
1437 4612 1795 4665 comparentur
1826 4598 1962 4666 sibi,

370 4671 489 4726 boni
509 4675 670 4728 tutela
691 4672 956 4727 servntur?
979 4671 1303 4740 quamquam
1334 4673 1728 4726 subotloramur
1748 4711 1764 4736 ,
1795 4672 1965 4724 tradi-

369 4744 517 4800 disse
549 4745 634 4798 ltic
678 4745 935 4798 llilariutn
978 4760 1082 4797 non
1107 4743 1358 4809 compelli
1386 4757 1706 4811 quamquam
1747 4741 1813 4796 ad
1855 4758 1968 4795 tua-

368 4816 477 4870 lutn
503 4856 520 4884 ,
569 4815 662 4870 sed
708 4818 758 4870 itt
793 4827 976 4868 uoStra
1023 4830 1145 4870 esse
1189 4823 1454 4884 potestate
1491 4813 1810 4882 probitatem
1850 4828 1966 4867 am-

365 4885 532 4960 plet-ti
556 4929 572 4953 ,
611 4902 666 4960 et
695 4889 746 4941 in
778 4904 838 4940 ea
870 4883 1200 4960 persistere,
1245 4883 1554 4960 vindicaute
1585 4884 1834 4960 nimirum
1865 4899 1965 4960 nos

365 4956 432 5011 ab
463 4958 758 5020 illecebris,
789 4971 841 5013 et
873 4956 1263 5012 tentationihus
1285 4957 1462 5010 divina
1495 4956 1686 5024 gratia,
1719 4970 1820 5025 qua
1847 4956 1966 5025 qui:

366 5029 490 5082 dein
519 5032 770 5099 protecti,
796 5031 931 5084 bona
954 5028 1114 5082 tutela
1137 5044 1398 5082 servamur
1429 5043 1448 5099 ς
1476 5043 1594 5086 seu,
1623 5029 1668 5082 si
1701 5024 1804 5099 vis,
1836 5024 1965 5080 bOni

368 5097 589 5158 tutelam
631 5115 914 5158 servamus
943 5099 1041 5169 :id
1070 5109 1155 5154 est
1177 5140 1192 5166 ,
1229 5116 1334 5153 ttou
1371 5097 1725 5169 relinquimus
1763 5098 1963 5152 bonum

364 5174 508 5243 quod
540 5176 773 5238 amplexi
803 5175 916 5244 jam
950 5168 1168 5244 fuimus.

441 5246 566 5301 190.
612 5239 1015 5303 Continentiam
1066 5243 1152 5296 hic
1199 5242 1458 5298 latissime
1499 5243 1665 5296 sumit
1707 5239 1964 5296 Hilarius.

367 5319 696 5374 Aviditatem
753 5335 882 5374 vero
931 5329 1028 5382 pro
1085 5314 1356 5370 desiderio
1400 5314 1783 5369 ardentissimo
1831 5327 1966 5382 ope-

367 5390 520 5445 ramli
563 5392 704 5446 bona
735 5390 948 5460 accipit.
989 5385 1064 5440 De
1090 5387 1420 5441 continentia
1447 5387 1668 5454 copiose
1696 5400 1818 5440 mox
1851 5383 1968 5438 dis-

365 5473 516 5516 serit.

444 5533 568 5588 191.
597 5533 728 5588 Post
749 5537 938 5604 vocem
963 5537 1202 5604 conferre
1229 5531 1460 5584 fortasse
1479 5529 1633 5582 deest.
1659 5543 1764 5604 vos;
1793 5542 1982 5604 sermor

368 5619 506 5660 netu.
543 5604 684 5660 Hinc
713 5607 766 5659 in
799 5597 1100 5675 Evangelii)
1129 5623 1144 5658 :
1171 5617 1446 5666 sermones,
1471 5616 1602 5672 quos
1635 5599 1879 5671 confertis
1905 5597 1974 5652 ad
2015 5609 2024 5616 ‘

2073 3255 2236 3295 sensu
2277 3249 2461 3313 utique
2487 3252 2738 3309 constat,
2769 3239 3020 3296 vitiorum
3078 3240 3475 3308 criminumque
3501 3249 3671 3294 mate-

2074 3313 2210 3366 riam
2236 3316 2304 3366 ah
2323 3328 2388 3368 ea
2411 3313 2828 3370 subministrari.

2145 3382 2268 3439 195.
2307 3383 2406 3440 Ubi
2447 3386 2598 3453 posui
2631 3403 2644 3438 :
2671 3402 2788 3438 cum
2820 3385 2992 3453 utique
3025 3383 3134 3438 Iuec
3167 3379 3502 3451 prwsccanda
3523 3381 3624 3434 sint
3648 3421 3665 3447 ,

2073 3455 2125 3526 in
2157 3456 2344 3526 codice
2381 3452 2608 3526 legitur,
2637 3473 2750 3510 cum
2772 3452 2944 3524 utique
2984 3453 3096 3509 haec
3138 3452 3508 3526 perseverantia
3542 3453 3668 3506 sint.

2070 3524 2176 3580 Sed
2217 3527 2337 3597 Quis
2375 3522 2631 3582 id'lerat?
2671 3527 2728 3582 Si
2773 3522 3107 3596 probabilius
3141 3522 3398 3597 emendet
3426 3522 3626 3578 Lector
3651 3565 3666 3589 ,

2074 3597 2216 3651 illius
2236 3596 2672 3654 emendationem
2693 3597 2944 3666 equidem
2969 3596 3304 3666 approbabo.

2146 3667 2262 3723 196.
2307 3668 2364 3723 Ιιι
2405 3668 2567 3738 priori
2610 3669 2698 3724 illa
2729 3663 3056 3722 sententia!
3077 3664 3264 3738 multos
3307 3664 3386 3719 vel
3415 3663 3665 3738 plurimos

2071 3741 2147 3794 sic
2178 3737 2416 3812 ﬂagrare
2438 3741 2816 3812 cupiditate...
2846 3739 2978 3812 sicut
3007 3737 3175 3791 exitus
3199 3737 3376 3812 docet,
3411 3737 3664 3788 nonnulla

2073 3808 2454 3880 proculdubio
2493 3808 2707 3866 desunt.
2751 3809 2859 3866 Sed
2905 3823 3139 3880 quanam
3178 3808 3388 3880 ratione
3415 3819 3480 3860 ea
3515 3820 3666 3880 repa-

2071 3878 2209 3947 rem,
2246 3883 2400 3949 plane
2433 3883 2640 3953 ignoro.
2671 3878 3084 3953 Sensustameu
3113 3879 3438 3953 omissurum
3457 3878 3666 3953 verbo-

2073 3969 2189 4007 rum
2226 3947 2310 4008 hic
2355 3947 2520 4009 fuisse
2553 3954 2765 4008 videtur
2807 3970 2821 4006 :
2872 3949 3066 4004 Multos
3107 3950 3184 4004 vel
3213 3951 3381 4016 potius
3413 3947 3662 4016 plurimos

2071 4023 2731 4100 sicuﬂngrareAcupiditate
2774 4025 3150 4100 comperimus;
3192 4029 3248 4100 ut
3284 4037 3316 4072 a
3355 4017 3661 4100 uirginibus,

2070 4091 2371 4166 quibuscum
2401 4095 2808 4166 fantiliarissime
2846 4093 3048 4158 vivunt,
3090 4092 3243 4166 auelli
3284 4091 3663 4166 uulla_ration_e

2071 4160 2266 4238 possint
2290 4185 2308 4222 :
2334 4160 2484 4234 atque
2527 4166 2580 4219 id
2603 4165 2810 4234 quidem
2854 4173 3058 4238 eventus
3079 4163 3239 4238 docet
3273 4178 3309 4238 :_
3329 4160 3510 4214 etenim
3548 4160 3664 4238 uni-

2071 4232 2214 4294 uersa
2244 4232 2507 4302 pomorum
2537 4232 2743 4309 genera,
2776 4245 2883 4291 etc.
2907 4235 2963 4289 lu
2989 4234 3179 4309 codice
3213 4235 3430 4304 legitur,
3457 4240 3543 4284 aut
3569 4232 3664 4284 sub

2071 4323 2176 4364 uno
2203 4310 2384 4364 cubent
2425 4305 2575 4363 tecto.
2621 4309 2677 4364 Si
2709 4309 2759 4362 in
2792 4318 2948 4380 typos
2986 4305 3208 4375 irrepsit
3262 4319 3364 4359 vox
3429 4312 3476 4356 ct
3500 4343 3515 4368 ,
3545 4316 3665 4356 eam

2071 4381 2321 4438 emendet
2351 4383 2563 4438 Lector.

2147 4454 2270 4508 197.
2309 4451 2655 4508 Interdictum
2696 4453 2952 4524 majorum
2990 4456 3152 4524 natu;
3201 4447 3382 4510 idest,
3414 4443 3669 4524 sacerdo-

2077 4535 2210 4592 ttttn,
2241 4539 2377 4595 quos
2403 4513 2828 4595 presbyterorum,
2861 4536 2960 4595 sru
2980 4513 3237 4595 majorum
3255 4529 3380 4572 natu
3406 4513 3669 4595 vocabulo

2075 4591 2482 4652 ltoucsiatos'ex
2528 4591 2698 4650 sacris
2737 4596 2865 4664 ipsis
2898 4591 3075 4646 lnhliifs
3118 4592 3366 4664 novimus
3415 4604 3427 4637 :
3460 4594 3554 4638 aut
3581 4599 3668 4638 sc-

2074 4669 2287 4722 niorutn
2326 4677 2485 4720 atlale
2507 4707 2522 4728 ,
2561 4661 2788 4734 quorum
2818 4675 3004 4732 utpme
3035 4661 3313 4734 prudentie
3341 4697 3356 4721 ,
3387 4665 3454 4734 .et
3474 4670 3663 4734 rerum

2073 4738 2403 4806 experientia
2448 4726 2816 4806 prmstantiutn
2846 4726 3139 4806 auctoritas
3175 4726 3519 4806 inulicclesia
3557 4741 3666 4806 n_on

2072 4796 2204 4864 levis
2231 4819 2344 4864 erat
2375 4824 2388 4860 :
2413 4796 2464 4862 hi
2483 4807 2650 4870 enim,
2671 4804 2864 4875 quibus
2897 4801 3110 4857 licentia
3137 4801 3206 4854 alt
3228 4799 3431 4854 Hilario
3454 4796 3542 4852 lttc
3571 4799 3666 4852 de-

2071 4880 2271 4948 scripta
2310 4879 2433 4951 jure
2473 4876 2775 4951 meritoque
2803 4875 3138 4951 _displit_:el_tnt
3162 4913 3177 4937 ,
3207 4879 3465 4951 quantum
3501 4877 3666 4950 pote-

2071 4943 2211 5023 rant.
2239 4943 2531 5009 cauebant,
2549 5020 2558 5023 ’
2576 4964 2644 5002 tte
2675 4943 2920 5015 Virgines
2949 4944 3165 5000 Christo
3192 4943 3384 5023 dicata:
3414 4943 3544 4994 viris
3567 4957 3662 5023 ea-

2075 5021 2421 5085 ltabitarent,
2455 5020 2732 5087 multoque
2770 5012 2938 5086 magis
2968 5033 3036 5071 ne
3067 5031 3175 5070 uno
3207 5012 3406 5070 lectulo
3441 5025 3564 5087 eum
3601 5012 3668 5087 iis

2072 5095 2354 5164 degerent.
2392 5083 2507 5147 Hoc
2543 5083 2674 5146 sine
2721 5107 2825 5145 non
2861 5083 3005 5164 leve
3035 5089 3234 5142 malutn
3275 5083 3506 5164 vetustis
3534 5083 3670 5164 ipsis

2075 5153 2408 5234 temporibus
2437 5165 2610 5234 vidit,
2647 5171 2713 5236 et
2731 5161 3036 5236 reprobavit
3054 5201 3069 5224 ,
3097 5160 3432 5236 summisque
3458 5153 3667 5236 viribus

2074 5231 2310 5294 θνυΙΙιϊθ
2332 5231 2584 5293 Ecclesia
2599 5234 2824 5308 studuit.
2855 5233 3030 5308 Pauca
3057 5232 3122 5308 ad
3146 5231 3452 5308 exemplum
3475 5231 3668 5308 inuito.

2073 5310 2309 5366 Console
2335 5311 2514 5379 itaque
2567 5323 2678 5364 un
2709 5303 2966 5379 Cypriani
2991 5295 3453 5379 epistolam—Lina:
3475 5297 3530 5351 in
3551 5295 3672 5379 edi-

2078 5326 2309 5366 UOIISIIIC
2335 5326 2400 5365 ιιςι
2449 5326 2514 5364 ue
2567 5326 2678 5364 ιλιι
2709 5326 2966 5378 υγυτιιιιιι
2991 5326 3299 5373 ειηειυιὶηιι,
3333 5326 3453 5361 Ilua:
3477 5326 3530 5351 ιιι
3551 5326 3672 5379 ιῖιιι-

2078 5384 2224 5438 tione
2256 5326 2456 5437 Baluz‘ii
2484 5381 2794 5451 inscribitur
2825 5371 3208 5451 deVirginibus
3229 5367 3674 5451 Pomponium

2084 5455 2228 5526 (pag.
2269 5454 2378 5511 2l9
2429 5452 2655 5508 edition.
2689 5448 2932 5526 Venet),
2968 5438 3149 5526 inlqua
3188 5444 3402 5526 quidem
3434 5438 3673 5526 epistola

2082 5511 2204 5580 bare
2233 5527 2530 5594 prasertittt
2559 5537 2718 5579 notes
2747 5511 2955 5595 velini;
2986 5511 3493 5595 tPiitnojgiturniti
3515 5511 3632 5595 loco
3656 5551 3672 5595 ζ

2079 5579 2249 5652 irate]:
2272 5579 2596 5662 carissime,
2628 5603 2683 5650 et
2723 5591 3053 5664 praepositis,
3083 5597 3139 5644 et
3186 5579 3323 5657 plebi
3361 5583 3496 5638 nihil
3527 5579 3676 5635 aliud

445 5787 522 5859 (tr)
566 5785 838 5857 Ofﬁciales
863 5787 976 5857 ejus
1017 5780 1304 5856 (consulis)
1335 5781 1623 5837 Prouincia:
1659 5779 1970 5851 Aquitaniae.
1995 5780 2244 5850 lnscript.
2271 5781 2426 5836 Grut.
2457 5794 2578 5852 pag.
2609 5777 2736 5841 422.
2764 5795 2818 5835 ιι.
2848 5779 2901 5831 7.
