4100 6196
296 276 403 335 8⁸Ξῆ

890 275 959 332 ΙΝ
999 275 1258 335 HILARII
1296 274 1684 334 EPISTULMI
1728 272 1860 331 SEU
1900 271 2241 330 “BELLUM
2288 270 2752 329 DISSEHTATIO
2792 272 3026 331 PRIMA.

3505 270 3608 327 896

363 390 491 447 220.
526 390 586 447 Id
613 400 697 448 est
731 407 743 444 :
776 392 1031 447 convenit
1061 391 1179 462 (seu
1210 408 1423 462 a‘qmmi
1447 390 1591 462 reor)
1631 401 1887 447 virtutum
1916 404 1963 462 Α
1994 393 2156 463 eligat
2207 393 2397 448 lector.
2422 392 2575 461 Quod
2605 393 2807 449 attinet
2828 392 2892 447 ad
2922 393 3186 448 rationem
3217 390 3508 463 pra‘stitatn
3541 392 3606 444 ti-

292 464 668 519 tractationem
721 463 771 515 in
816 463 1148 528 plenitudine
1192 463 1528 526 dilec1i0nis,
1561 474 1613 518 et
1645 465 1885 517 omnium

295 549 476 590 rerum
514 535 774 606 bonarum
807 533 1078 589 desinere.
1115 535 1263 590 Hanc
1307 533 1695 606 plenitudinem
1728 534 1895 588 dilec-

290 606 479 732 (tiionis,
511 617 674 676 atque
702 605 840 661 adeo
864 621 1045 661 rerum
1079 605 1322 661 omnium
1341 606 1395 661 in
1429 606 1539 661 Deo
1560 620 1701 671 esse,
1733 616 1893 661 antea

330 687 530 732 txerat.

330 677 530 732 ixerat.

361 747 491 804 221.
524 747 700 802 Verba
729 748 827 800 ista
860 765 872 799 :
902 757 992 800 aut
1021 748 1063 801 si
1089 748 1213 816 quid
1243 749 1644 816 pratermissum
1669 758 1744 802 est
1770 790 1785 805 .
1837 748 1889 802 in

293 820 470 893 mundi
495 819 837 893 plenitudine,
871 819 1101 893 ridentur
1137 835 1243 874 esse
1277 820 1595 893 conclusum,
1623 819 1895 893 obscuris-

295 892 454 952 sima,
490 890 610 944 ineo
639 890 855 959 quidem
882 890 1107 956 judicio,
1136 903 1282 945 sunt.
1326 890 1407 947 An
1435 906 1589 945 error
1620 891 1813 959 aliquis
1837 892 1890 945 in

290 978 479 1015 vocem
515 962 658 1015 illatn
702 962 880 1016 mundi
911 961 1163 1029 irrepsit,
1197 963 1267 1015 ita
1314 972 1369 1017 ut
1413 962 1557 1017 aliud
1602 963 1891 1028 quodpiam

290 1033 549 1087 substitui
574 1032 765 1087 debeat
785 1034 809 1083 τ
840 1032 947 1088 Sed
980 1033 1106 1101 quid
1140 1033 1387 1088 subSIittti
1412 1033 1631 1098 debeat,
1654 1048 1754 1102 ego
1771 1033 1893 1101 qui-

290 1103 411 1159 detn
442 1105 653 1174 ignoro.
682 1102 763 1159 Au
790 1114 1003 1159 retenta
1030 1119 1160 1159 voce
1191 1105 1280 1159 illa
1323 1104 1521 1165 mundi,
1554 1104 1620 1159 ad
1650 1103 1890 1159 Verbum

293 1175 543 1230 Divinum
592 1176 836 1228 omnium
876 1174 1212 1230 conditorem
1267 1177 1382 1231 haec
1434 1176 1594 1231 verba
1649 1176 1894 1230 referes?

289 1247 427 1302 adeo
471 1259 529 1302 ut
576 1247 863 1300 verborum
894 1245 1122 1301 istorum
1172 1246 1259 1300 hic
1287 1261 1481 1302 sensus
1522 1248 1590 1300 sit
1626 1265 1637 1299 :
1667 1245 1722 1301 Si
1764 1246 1893 1313 quid

289 1316 428 1374 forte
449 1318 500 1371 in
522 1333 701 1370 rerum
721 1318 1130 1387 enumeratione
1151 1318 1457 1383 emisimus,
1484 1317 1613 1372 illud
1637 1332 1893 1387 expresse

290 1404 394 1444 non
425 1399 919 1443 commemorantes
941 1430 957 1454 ,
988 1389 1206 1443 otnnino
1236 1401 1414 1445 tamen
1450 1406 1554 1443 non
1599 1399 1681 1443 εει
1722 1389 1891 1442 mnis-

286 1475 407 1515 sum
440 1478 454 1514 :
487 1459 765 1529 Siquidem
792 1474 912 1514 cum
941 1460 1235 1513 dixerimus
1264 1503 1277 1525 ,
1309 1459 1488 1515 omnia
1517 1478 1543 1512 ει
1578 1461 1686 1513 Deo
1727 1459 1893 1514 fuisse

288 1532 532 1597 condita,
559 1531 673 1584 hzet:
696 1530 834 1598 ipsa,
861 1545 1024 1600 quaea
1056 1532 1210 1585 nobis
1238 1532 1594 1600 praetermissii
1628 1532 1894 1600 putabun-

291 1612 398 1667 tur,
433 1603 654 1656 minime
684 1600 884 1654 emissa
916 1613 1062 1657 sunt.
1107 1603 1212 1658 Sed
1238 1615 1442 1672 quanto
1470 1602 1757 1658 intervallo
1810 1600 1891 1656 di-

289 1682 437 1727 stant
468 1678 604 1738 haec,
628 1687 750 1739 qut?
780 1687 921 1727 nunc
947 1672 1096 1738 dicit,
1122 1673 1280 1728 abiis
1314 1689 1433 1744 quae
1465 1685 1620 1727 antea
1658 1673 1724 1727 de
1755 1673 1888 1735 Deo,

286 1744 357 1800 de
393 1744 587 1803 Verbo.
613 1753 667 1797 et
695 1744 878 1796 mundi
906 1744 1180 1799 creatione
1211 1744 1457 1798 dixerat?
1483 1754 1536 1798 et
1559 1753 1736 1798 tamen
1761 1758 1892 1797 con-

1999 462 2111 528 dei,
2144 473 2200 519 et.
2231 465 2479 529 :emulos,
2525 480 2756 533 quorum
2792 463 2877 519 hic
2908 466 3185 529 meminit,
3241 462 3442 525 recole,
3489 476 3610 531 qua:

2000 551 2227 590 numero
2258 547 2531 601 postremo
2559 537 2748 601 capitis
2776 536 2813 591 2
2842 536 3171 604 prml’ationis
3200 533 3461 590 diximus.

2069 606 2201 660 212.
2241 606 2483 662 Obscura
2531 617 2652 662 sunt
2684 622 2899 678 quoque
2945 607 3107 678 verba
3156 606 3249 678 illa
3285 624 3299 658 :
3331 604 3400 658 Et
3445 604 3610 678 "togis

2002 678 2304 749 mysterium
2331 688 2537 750 sumant
2566 677 2775 750 (a-muli
2804 677 3166 750 scilit-ettidei
3196 678 3375 745 meae).
3406 679 3497 750 _An
3533 677 3611 750 Ie-

1998 746 2231 818 gendum
2265 758 2349 805 est
2392 746 2609 817 potius,
2669 760 2981 803 momentum
3011 749 3085 819 (id
3113 758 3211 819 est
3241 746 3607 819 occasionem)

1998 817 2248 875 sumant?
2294 825 2371 875 An
2400 820 2541 875 aliud
2579 820 2777 889 aliquid
2822 817 3092 875 oceasioni
3133 818 3336 874 affine?
3365 818 3517 885 Quod
3559 817 3605 871 si

1997 892 2224 963 omnino
2248 907 2434 945 vocem
2463 894 2766 963 mysterium
2815 893 3049 946 retinere
3096 892 3201 958 vis,
3230 892 3307 963 s_ic
3332 889 3606 963 explicare

1999 962 2139 1086 finea
2173 962 2391 1031 quidem
2420 961 2700 1032 opinione)
2733 965 2850 1018 lucc
2881 977 3163 1031 possumus
3198 981 3208 1012 :
3246 961 3349 1031 Ipsi
3393 974 3605 1031 quoque

2018 1035 2119 1086 idei
2153 1049 2286 1086 meze
2316 1035 2500 1086 aemuli
2525 1033 2929 1086 ϐοιιῖθκείοηθιιι
2958 1033 3239 1086 excipiant
3268 1047 3443 1086 meam
3470 1075 3486 1086 .
3523 1029 3601 1085 fa-

2018 1035 2119 1088 idei
2153 1029 2286 1087 mea:
2316 1029 2500 1091 iBlllllii
2525 1029 2929 1089 confessioneitt
2958 1033 3239 1102 eXcipiant
3268 1029 3443 1086 meam
3470 1075 3486 1093 ,
3518 1029 3601 1085 Ta-

2001 1112 2324 1176 teanturque
2351 1122 2435 1159 me
2465 1108 2622 1176 plane
2646 1121 2767 1176 cum
2798 1104 3039 1161 Ecclesia
3067 1105 3463 1176 convenit-eaet
3493 1102 3604 1176 jam

1997 1174 2249 1245 denique
2272 1174 2540 1232 rationem
2573 1175 2825 1231 noverint
2849 1217 2864 1239 ,
2913 1178 2982 1229 ob
3013 1190 3172 1245 quam
3204 1177 3255 1228 in
3281 1174 3438 1228 libris
3468 1174 3605 1228 meis

1999 1248 2254 1302 nonnulla
2286 1248 2574 1304 obscurius
2601 1247 2823 1311 tradidi,
2854 1248 3134 1301 involucro
3150 1246 3388 1315 quodam
3419 1260 3482 1299 ea
3509 1245 3607 1298 ob-

2000 1331 2185 1387 tegens
2216 1337 2229 1373 :
2260 1334 2325 1374 ne
2352 1319 2563 1375 scilicet
2591 1319 2918 1373 inﬁrmiores
2940 1317 3293 1371 tim-nderem.
3313 1316 3430 1370 .Iam
3459 1316 3604 1370 enim

2000 1405 2122 1443 cum
2171 1405 2329 1445 senSa
2389 1407 2504 1444 mei
2557 1389 2863 1459 explicandi
2915 1387 3139 1442 facultas
3176 1403 3239 1441 se
3283 1387 3519 1459 obtulit,
3543 1402 3605 1440 ea

2002 1461 2163 1531 plane
2189 1461 2473 1526 eitplicavi.
2493 1460 2613 1525 Vol,
2631 1456 2682 1512 si
2707 1463 2807 1519 vis,
2836 1460 3063 1531 mysterii
3090 1460 3306 1513 nomine
3326 1456 3607 1531 {annulum

1997 1529 2119 1600 ﬁdei
2148 1531 2412 1601 intelligo,
2446 1544 2501 1587 et
2526 1542 2637 1585 tum
2669 1531 2779 1598 dic,
2809 1529 3000 1599 optare
3030 1530 3316 1593 Hilarium,
3342 1529 3604 1601 uttentuli

1999 1602 2121 1674 lidei
2152 1618 2268 1656 sua:
2299 1600 2595 1674 mysterium
2622 1614 2860 1666 smnaut,
2895 1602 2944 1674 id
2960 1610 3051 1674 est
3073 1600 3466 1674 eamdem/idid
3494 1601 3607 1670 {or-

1998 1673 2211 1735 mulam.
2242 1676 2291 1728 in
2324 1670 2428 1743 qua
2453 1687 2561 1728 tum
2587 1676 2721 1742 ipse,
2760 1685 2868 1727 tum
2900 1672 3061 1727 iidem
3082 1675 3258 1725 Lentuli
3289 1670 3448 1743 plane
3470 1684 3604 1743 con-

2000 1746 2245 1808 veniant;
2278 1741 2397 1815 qu'm
2424 1741 2638 1811 quidem
2686 1744 2809 1799 tidei
2864 1745 3085 1797 formula
3130 1741 3474 1812 apertissime
3503 1741 3602 1795 dc-

289 1816 589 1886 tinuatum,
630 1815 1088 1886 conjuttctumqne
1136 1830 1357 1869 sensum
1406 1816 1605 1884 ubique
1653 1815 1887 1870 retinere
1918 1807 1968 1869 B
1994 1817 2183 1880 claret,
2214 1807 2516 1871 orthodoxe
2545 1816 2773 1871 credere
2806 1815 3066 1869 Hilarium
3102 1831 3115 1869 :
3145 1807 3377 1886 proderit
3420 1822 3601 1866 autem

287 1888 501 1942 vidi-tur
530 1885 781 1941 Hilariu~.
828 1889 908 1939 Au
938 1886 1126 1941 desunt
1155 1886 1357 1957 aliqua,
1399 1888 1594 1956 quibus
1628 1888 1696 1940 ah
1732 1900 1882 1940 ama-

287 1960 477 2012 nuensi
506 1957 721 2011 omissis
764 1957 1092 2025 interruptus
1135 1966 1359 2025 apparet
1385 1957 1616 2013 sensus?
1651 1960 1704 2010 lu
1738 1966 1884 2011 tanta

285 2043 468 2084 rerum
489 2028 837 2093 obscuritate,
883 2029 932 2082 id
961 2028 1103 2099 quod
1146 2030 1315 2099 magis
1340 2028 1616 2099 probabile
1646 2029 1880 2094 duxerit,

1994 1898 2049 1941 et
2078 1888 2322 1953 inimicis,
2348 1898 2403 1942 et
2426 1888 2749 1943 credentibus
2767 1929 2784 1953 ,
2819 1896 3086 1957 quatenus
3107 1885 3297 1940 omnes
3329 1885 3383 1938 in
3440 1899 3602 1939 unam

1993 1958 2353 2027 eamdemque
2396 1957 2739 2022 apertissime
2783 1960 3032 2028 mysteria
3078 1957 3357 2028 religionis
3400 1964 3599 2010 nostra:

1993 2028 2359 2084 declarantem
2393 2030 2678 2085 formulam
2715 2030 3061 2085 Convenient.

300 2183 3598 2209 WW-

1083 2328 2198 2479 DISSERTAT
2215 2325 2563 2476 lON
2576 2326 2808 2472 ES

612 2580 785 2710 IN
884 2577 1921 2712 EPISTOLAM
2010 2577 2318 2737 SEU
2407 2573 3357 2702 LIBELLUM

1234 2815 1806 2921 SANCTI
1940 2811 2563 2921 HlLARll
2593 2873 2631 2912 .

1652 3004 2257 3041 ____________....

722 3129 1172 3190 DISSERTATIO
1214 3128 1380 3184 [‘RIM
1394 3130 1451 3181 Α.

288 3270 370 3324 Ad
418 3270 534 3324 lucc
587 3269 829 3338 epistola:
881 3266 1065 3322 Hilarii
1118 3265 1282 3320 verba
1326 3265 1433 3331 (α).
1468 3277 1537 3317 υτ
1572 3275 1736 3316 ETIAM
1757 3272 1894 3323 onoo

426 3377 668 3416 PROPTER
705 3374 802 3416 N03
840 3374 1158 3416 Ροετιίουωί
1181 3372 1373 3413 FUEBIT
1401 3367 1763 3409 FABRICATUM.

369 3476 422 3532 Ν
429 3493 513 3531 um
541 3476 762 3530 hominis
791 3492 949 3528 causa
976 3472 1235 3528 sensibilin
1265 3471 1457 3536 omnia,
1485 3487 1520 3524 a
1559 3466 1737 3538 Moyse
1800 3463 1895 3518 de-

865 3566 1093 3634 scripta,
1126 3562 1332 3617 condita
1357 3562 1479 3615 sint.

367 3682 903 3747 LAdnotationibus,
918 3694 1051 3751 quas
1066 3678 1253 3733 Hilarii
1271 3675 1525 3746 Epistulae
1541 3672 1738 3742 adieci,
1756 3686 1899 3726 nunc

292 3779 512 3834 demum
545 3774 951 3847 dissertationes
979 3772 1212 3841 adpmgo
1236 3811 1250 3833 ,
1298 3769 1494 3837 quibus
1518 3767 1727 3822 scilicet
1758 3779 1896 3819 non-

296 3871 443 3927 nulla
466 3867 829 3940 qumstiouum
860 3867 1033 3930 capita
1057 3868 1472 3932 pertractat-tur,
1498 3873 1617 3929 qua:
1643 3856 1899 3913 brevibus

300 3963 411 4019 illis
436 3962 686 4027 monitis,
738 3974 857 4030 qum.
887 3956 1262 4012 adnutationes
1293 3959 1616 4022 exposcunt,
1648 3965 1900 4021 compre-

303 4057 467 4114 hendi
494 4062 789 4125 nequeunt.
811 4052 869 4107 In
902 4051 1073 4122 prima
1102 4064 1265 4119 porro
1307 4046 1690 4102 dissertatione
1712 4042 1900 4112 expla-

307 4150 446 4204 nabo
489 4149 651 4203 verba
682 4146 770 4201 illa
808 4161 822 4199 :
875 4140 945 4197 Ut
975 4142 1130 4195 etiam
1156 4137 1293 4209 quod
1323 4144 1531 4207 propter
1558 4152 1651 4189 nos
1678 4145 1903 4203 postmo-

301 4240 423 4294 dum
449 4242 606 4311 fuerit
634 4238 936 4304 fabricatum
953 4250 972 4299 ;
1004 4242 1059 4286 et
1079 4231 1365 4302 inquiram,
1392 4245 1516 4281 num
1538 4228 1702 4301 (quod
1737 4227 1901 4281 verba

301 4334 391 4388 illa
426 4332 690 4399 indicant)
722 4328 942 4383 hominis
970 4342 1127 4381 causa
1155 4323 1416 4378 scnsibilia
1459 4321 1630 4375 omnia
1660 4337 1693 4374 α
1726 4319 1906 4389 Moyse

301 4427 583 4498 descripta,
604 4423 811 4478 condita
830 4423 952 4476 sint.

1921 3122 1968 3186 C
2001 3123 2159 3177 tustis
2188 3137 2403 3192 quoque
2438 3122 2788 3181 Hebraeorum
2815 3122 3132 3179 doctoribus
3176 3132 3231 3179 et
3254 3123 3502 3180 Pati-ibus
3518 3140 3608 3180 ar-

2002 3216 2143 3270 risit.
2179 3215 2260 3271 Ex
2292 3218 2522 3272 vetustis
2562 3217 2910 3273 Hebraeorum
2958 3218 3273 3273 doctoribus
3314 3218 3604 3273 Philonem

2000 3309 2193 3380 selige;
2218 3309 2416 3381 quippe
2460 3310 2513 3364 in
2568 3311 2722 3376 libro,
2756 3326 2916 3381 quem
2945 3310 3008 3363 de
3049 3310 3226 3365 mundi
3264 3311 3476 3380 api/icio
3519 3312 3602 3365 itt-

2000 3401 2239 3469 scripsit,
2267 3400 2386 3456 htec
2433 3402 2509 3455 ait
2539 3400 2620 3471 (II)
2646 3419 2659 3453 :
2694 3419 2713 3453 ι
2743 3401 2959 3469 Quaeret
3006 3400 3094 3455 hic
3128 3402 3324 3472 aliquis
3354 3418 3598 3467 causam,

2007 3505 2106 3545 cur
2133 3492 2377 3547 ultimum
2423 3507 2650 3561 operum
2682 3493 2752 3547 sit
2792 3492 2958 3547 homo
2990 3495 3040 3548 in
3079 3493 3267 3548 tuundi
3294 3495 3607 3549 creatione?

2004 3583 2136 3639 Nam
2181 3596 2301 3654 post
2330 3586 2513 3640 omnia
2546 3600 2669 3641 eum
2695 3585 2949 3640 conditor
2973 3602 3035 3640 ac
3064 3585 3227 3640 Pater
3256 3585 3404 3649 fecit,
3431 3598 3487 3640 ut
3510 3587 3612 3641 do-

2002 3686 2129 3733 cent
2164 3693 2334 3733 sacrae
2363 3678 2577 3732 litterae.
2609 3678 2710 3744 Qui
2745 3678 2919 3748 legem
2954 3680 3222 3732 rimantur
3262 3676 3601 3746 profundius,

2004 3786 2234 3841 eamque
2259 3786 2419 3840 quam
2451 3771 2685 3826 maxime
2714 3770 2829 3825 ﬁeri
2877 3781 3055 3839 potest
3081 3771 3366 3826 excutiunt
3395 3785 3629 3847 summa

2006 3865 2302 3934 diligentia,
2334 3865 2521 3920 dicunt
2541 3907 2557 3931 ,
2603 3865 2746 3934 quod
2783 3876 3062 3934 postquam
3091 3866 3229 3921 Deus
3252 3865 3524 3920 hominem
3553 3865 3606 3920 in

2007 3974 2161 4013 suam
2215 3959 2592 4028 cognationem
2646 3957 2867 4013 admisit
2907 3961 3116 4015 ratione
3161 3958 3419 4014 d0natttm
3465 3958 3611 4013 dono

2009 4051 2164 4121 longe
2193 4053 2420 4121 optimo,
2458 4066 2526 4105 ne
2555 4060 2751 4107 cretera
2793 4052 3009 4116 quidem
3041 4052 3092 4108 ei
3138 4038 3377 4107 invidit:
3419 4051 3515 4107 sed
3556 4060 3616 4106 tit

2007 4141 2227 4197 animali
2271 4143 2688 4198 lamiliarissimo
2737 4143 3179 4213 amicissimoque
3239 4144 3419 4200 omnia
3493 4160 3615 4215 qure

2010 4236 2215 4292 nnmdo
2238 4239 2618 4302 continentur,
2669 4237 3015 4307 praeparavit,
3058 4239 3284 4300 volens,
3336 4248 3395 4294 tit
3417 4253 3612 4294 recens
3672 4262 3684 4267 -

2010 4341 2232 4384 creatus
2269 4329 2416 4403 nulla
2446 4344 2505 4384 re
2546 4338 2780 4394 careret,
2815 4347 2933 4396 qua:
2975 4330 3039 4387 ad
3072 4332 3258 4395 vitam,
3285 4342 3447 4402 atque
3472 4316 3612 4387 adeo

2013 4422 2154 4476 bene
2187 4423 2478 4477 vivendum
2525 4422 2789 4483 conferat.
2825 4424 3067 4490 Quorum
3113 4425 3343 4481 alterum
3396 4434 3618 4493 praestat

371 4519 428 4574 2.
461 4516 843 4573 Vetustissima
877 4516 990 4568 lucc
1028 4510 1258 4583 quaestio
1287 4519 1392 4572 est,
1420 4523 1650 4578 quaeque
1686 4506 1896 4563 Graecos

2011 4513 2167 4583 Copia
2203 4514 2531 4585 ubertasque
2561 4531 2740 4569 rerum
2764 4515 2830 4569 ad
2853 4516 3136 4571 fruendum
3160 4524 3467 4584 paratarum
3490 4510 3509 4567 Ξ
3532 4515 3580 4568 al
3597 4544 3612 4556 -

304 4614 446 4667 inter
474 4608 830 4681 philosophos
854 4621 1070 4677 quoque
1109 4603 1307 4674 agitata
1340 4600 1461 4655 iuit.
1489 4600 1657 4657 Stoici
1696 4600 1905 4655 scilicet

302 4706 477 4763 omnia
501 4704 663 4759 nostri
684 4719 841 4757 causa
870 4702 1050 4772 fecisse
1079 4696 1239 4752 Deum
1262 4695 1579 4750 asserebant
1607 4690 1706 4763 (ὁ),
1731 4693 1908 4747 οὺείερ

305 4799 545 4855 tentihus
564 4796 868 4865 Epicureis.
888 4804 940 4847 et
968 4790 1325 4854 Academicis,
1353 4803 1416 4842 ac
1448 4786 1632 4857 primis-
1657 4786 1896 4855 quidem,

303 4897 433 4963 quia
467 4892 559 4946 Dei
580 4904 706 4957 erga
738 4902 835 4942 nos
855 4882 1248 4957 providentiam
1279 4879 1598 4945 irridebant,
1626 4877 1910 4933 Academi-

306 4983 393 5038 cis
421 4995 574 5046 vero,
601 4979 725 5049 quia
754 4978 803 5031 id
838 4977 1016 5033 minus
1042 4982 1250 5031 certum
1280 4986 1403 5027 esse
1430 4970 1712 5041 putabant,
1746 4984 1907 5040 quam

305 5076 564 5133 dicerent
585 5071 773 5128 Stoici.

386 5167 590 5222 Horum
632 5175 814 5220 tamen
859 5162 1044 5228 Opinio
1081 5167 1137 5216 et
1181 5159 1301 5215 aliis
1329 5156 1665 5227 philosoiihis
1692 5156 1916 5227 placuit,

307 5262 481 5319 veluti
505 5258 786 5317 Aristoteli
831 5256 903 5330 (c)
935 5255 1173 5312 manenti
1202 5295 1219 5320 ,
1267 5251 1525 5307 hominem
1566 5267 1675 5309 esse
1728 5251 1918 5319 ﬁnem,

308 5363 525 5428 propter
555 5369 707 5425 quem
725 5352 928 5422 reliqua
946 5347 1118 5405 omnia
1142 5347 1210 5411 .in
1236 5355 1421 5400 natura
1454 5353 1571 5398 sunt
1608 5346 1747 5415 facta
1778 5359 1797 5396 :
1825 5357 1921 5399 ve-

386 5515 467 5590 (α)
493 5513 624 5590 βψ·
657 5512 711 5581 δ’
746 5510 925 5590 p159:

392 5573 472 5660 ξοδ
503 5573 850 5660 [ιτιῖξῑπῐὶῑξάιξ
871 5580 1046 5660 divino
1071 5579 1286 5660 ῥςωηιίο
1326 5577 1465 5650 (qui
1512 5576 1731 5647 quidem
1788 5573 1926 5630 liber

316 5652 690 5732 septi'musest
722 5652 923 5732 Instit.)
940 5664 1057 5732 cap.
1091 5654 1148 5707 Ἰ.

397 5729 759 5807 (ί;)-Ιιξὶ).“ιι⁸
792 5717 1024 5807 l’hy'sic;
1079 5739 1198 5795 cap.
1257 5722 1314 5778 2.
1363 5720 1431 5777 Et
1474 5719 1567 5776 lib.
1612 5735 1628 5774 1
1684 5717 1923 5789 Metaph.

320 5796 461 5876 ωρί
478 5803 536 5857 9.
561 5800 628 5857 Et
644 5799 809 5857 Polit.
831 5796 952 5868 cap.
980 5796 1036 5851 5.

2013 4615 2186 4661 terum
2211 4607 2602 4674 contemplatio
2626 4607 2954 4671 C(Blcslium,
2984 4622 3088 4678 qua
3115 4606 3334 4675 quidem
3368 4605 3612 4675 perculsa

2013 4714 2170 4754 meus
2193 4715 2434 4754 amorem
2468 4714 2533 4755 ac
2574 4698 2903 4754 desiderium
2935 4699 3176 4753 scientia:
3224 4713 3404 4753 rerum
3439 4697 3625 4767 hujus-

2015 4791 2161 4848 modi
2193 4791 2451 4859 concipit.
2482 4809 2501 4842 ι
3442 4842 3449 4847 _

2090 4882 2141 4936 5.
2170 4880 2334 4948 Eam,
2381 4881 2448 4935 de
2483 4896 2587 4951 qua
2615 4879 2855 4949 agimus,
2885 4878 3211 4934 Christianis
3250 4879 3501 4941 omnibus
3541 4878 3625 4933 in—

2019 4975 2244 5043 hazsisse
2272 4975 2606 5045 opinionem,
2639 4991 2705 5029 ex
2736 4989 2804 5030 eo
2828 4982 2996 5044 patet,
3019 4973 3160 5043 quod
3190 4969 3381 5027 Celsus
3402 4986 3520 5027 eam
3548 4970 3619 5024 ob

2022 5084 2138 5123 rem
2182 5066 2522 5123 Chrisnauos
2570 5066 2830 5132 irrideat,
2876 5066 3271 5136 redarguatque
3317 5064 3413 5138 (ε).
3469 5065 3627 5118 Addit

2025 5160 2205 5215 Celsus
2234 5162 2431 5234 (inquit
2460 5160 2747 5230 Origenes)
2776 5177 2868 5216 nos
2889 5161 3059 5215 dicere
3087 5176 3106 5214 :
3133 5157 3323 5214 Omnia
3345 5157 3489 5212 nobis
3518 5174 3630 5212 ser-

2025 5253 2132 5308 vire
2166 5254 2490 5325 jussagsunt.
2521 5253 2631 5310 Nec
2674 5265 2853 5309 tamen
2896 5254 2946 5309 id
2998 5262 3159 5324 negat
3208 5254 3322 5321 ipse
3364 5250 3628 5322 Origenes

2027 5345 2243 5402 Celsum
2271 5347 2533 5413 remtans,
2564 5346 2660 5402 sed
2696 5355 2902 5403 tantum
2928 5346 3026 5411 ait,
3052 5346 3280 5405 fortasse
3312 5344 3362 5400 id
3382 5345 3627 5401 .minime

2106 5507 2184 5585 (ιζ)
2214 5508 2514 5580 Interpretc
2549 5507 2797 5585 Gelenio,
2841 5524 2958 5579 pag.
3014 5508 3081 5563 15
3136 5507 3265 5562 edit.
3311 5507 3627 5577 Lugd.anni

2035 5579 2396 5722 15ῗέίϐοιιιιθει
2420 5649 2665 5714 Celsum.
2693 5653 2785 5707 lih.
2815 5669 2887 5721 tr,
2920 5668 2973 5708 ιι.
2996 5652 3092 5720 9.0,
3126 5665 3245 5722 pag.
3274 5650 3381 5707 523
3432 5652 3560 5708 tomi
3613 5666 3633 5707 ι

2032 5723 2286 5781 editionis
2315 5725 2490 5783 Caroli
2521 5724 2590 5784 de
2621 5725 2670 5781 la
2699 5723 2835 5782 Rue.
