4100 6196
534 254 637 316 851

1262 259 1333 319 ΙΝ
1368 258 1627 318 HILARII
1666 260 1884 320 EPIST.
1925 261 2055 319 SEU
2097 219 2316 319 LlBliL.
2362 260 2816 323 DISSERTATIO
2852 262 3085 322 PRIMA.

3734 266 3838 324 83?.

532 376 747 450 psalmo
778 396 792 435 :
827 374 1015 435 Omnia
1044 377 1302 453 subjeciin
1340 379 1436 457 sub
1476 379 1687 459 pedibus
1729 383 1841 453 ejus
1862 422 1876 447 ,
1927 390 2131 435 etc.....
2164 382 2215 440 Α
2240 381 2570 449 argumentis
2596 381 2921 448 declaratur,
2946 382 3038 437 lilii
3059 397 3189 454 erga
3211 390 3465 453 parentes
3488 382 3630 455 grati
3653 385 3841 449 animi,

533 470 668 528 Nam
699 480 754 529 et
785 472 871 528 hic
899 482 1038 539 cete,
1071 480 1127 527 et
1152 472 1281 527 ferte
1313 472 1695 543 prretcrtnissa:
1720 480 1899 528 sunt.»
1933 473 2139 540 Quibus

533 566 749 638 positis.
782 568 977 620 mirum
1006 580 1110 620 non
1135 573 1241 630 est,
1271 565 1317 619 si
1337 565 1402 620 ad
1431 566 1762 635 serpentium
1791 580 1855 620 ac
1905 563 2137 620 ferarum

533 668 810 727 aSpectum
844 655 1217 721 formidemus,
1251 655 1534 729 fugamque
1564 658 1861 728 cupiamus.
1895 656 2142 714 Ostendit

534 748 586 805 id
614 748 844 809 scilicet.
882 749 1178 820 prun-alere
1209 749 1329 805 illas
1356 750 1532 814 nobis,
1563 764 1667 804 non
1701 749 1808 805 illis
1836 765 1954 806 nos.

609 839 697 896 is.
728 841 834 897 Sed
863 857 1038 912 neqtte
1077 852 1451 913 argumentum
1486 842 1589 897 hoc
1626 840 1982 896 dissimulavit
2009 843 2142 898 Ber«

535 940 774 1005 nardus,
817 940 1018 1011 quippe
1062 939 1178 996 haec
1221 939 1443 995 tradidit
1492 940 1704 1013 (Serm.
1754 958 1771 997 ι
1807 942 1869 995 de
1897 939 2137 1006 diversis,

535 1049 675 1087 num.
711 1031 768 1102 6)
796 1049 809 1086 :
847 1050 865 1083 ι
887 1030 996 1088 Sed
1023 1033 1200 1088 adhuc
1223 1032 1415 1100 multa,
1435 1033 1906 1106 inquies.gravitcr
1935 1034 2144 1105 inquie-

537 1131 684 1191 tant,
718 1125 884 1179 multa
929 1124 1233 1180 evidentius
1264 1127 1624 1181 adversantur
1655 1145 1667 1179 :
1702 1137 1757 1181 et
1786 1127 1973 1189 miror,
2007 1143 2139 1197 quo-

537 1217 700 1272 modo
729 1219 907 1272 omnia
937 1217 1060 1273 data
1106 1234 1397 1284 memores,
1430 1219 1626 1290 quibus
1653 1220 1767 1276 fere
1794 1222 1937 1276 nulla
1976 1221 2146 1276 tamn-

537 1309 722 1365 lantur
751 1310 817 1365 ad
846 1320 1050 1365 votum.
1084 1311 1306 1368 Servire
1337 1312 1494 1367 nobis
1519 1313 1771 1370 videntur
1807 1314 1981 1384 aliqua
2001 1360 2017 1385 ,
2049 1314 2146 1370 sed

538 1416 662 1459 cum
698 1403 886 1459 labore
928 1413 1145 1470 nostro;
1181 1420 1278 1459 nec
1329 1405 1429 1459 nisi
1475 1406 1625 1475 prius
1664 1407 2013 1462 servierimus
2043 1407 2143 1463 eis.

539 1495 791 1552 Iumenta
822 1496 934 1567 ipsa
958 1536 973 1562 ,
1016 1496 1117 1551 nisi
1155 1495 1355 1551 fuerint
1383 1513 1411 1551 a
1453 1498 1607 1553 nobis
1635 1497 1832 1553 nutrita
1853 1540 1868 1566 ,
1901 1498 2003 1554 nisi
2046 1494 2171 1554 d0?

543 1591 672 1647 tnita
693 1634 708 1657 ,
741 1592 842 1647 nisi
875 1590 1079 1647 fuerint
1108 1593 1303 1663 pabulo
1342 1602 1642 1649 sustentata
1665 1636 1681 1661 ,
1734 1609 1840 1649 non
1867 1593 2143 1665 adjuvant.

540 1682 714 1739 Terra
741 1685 880 1755 ipsa,
911 1700 1031 1756 quae
1059 1685 1323 1742 debuerat
1348 1686 1505 1741 nobis
1533 1701 1657 1742 esse
1682 1687 2011 1758 germanior,
2040 1704 2145 1742 non

2240 474 2465 537 amoris,
2498 487 2659 545 atque
2682 475 2929 542 obsequii
2953 476 3181 531 vinculis
3207 476 3515 549 arctissime
3529 475 3848 531 devinciun-

2243 575 2350 620 tur.
2385 564 2463 621 Ex
2505 582 2611 636 qua
2638 583 2769 623 sane
2802 582 2882 634 re,
2918 567 3145 637 plurima
3169 611 3182 629 ,
3225 584 3396 637 eaque
3428 567 3845 639 prmclarissima

2244 657 2479 715 humano
2502 662 2687 732 generi
2711 661 2996 718 commoda
3014 704 3029 729 ,
3076 671 3238 734 atque
3264 664 3626 719 emolumenta
3659 678 3849 734 prove-

2244 753 2419 808 niunt.
2437 753 2713 810 .Czetcrum
2743 755 2807 809 ad
2837 755 3163 825 abigendttm
3191 755 3379 828 frigus,
3403 766 3456 810 et
3484 757 3725 827 reliquas
3748 757 3848 812 hu-

2239 845 2326 915 jus
2356 847 2572 918 generis
2601 849 2899 916 molestias,
2931 865 3153 904 necesse
3180 864 3283 904 non
3315 859 3399 905 est
3429 849 3704 904 hominem
3735 850 3851 922 pel-

2246 939 2385 994 libus
2411 941 2664 995 amictum
2688 983 2701 1007 ,
2732 950 2824 995 aut
2855 942 3033 1012 pluma
3068 950 3372 1014 protectum
3401 946 3582 1014 enasci
3613 943 3851 1014 (quibus

2244 1046 2376 1087 sane
2421 1047 2484 1087 ea
2532 1035 2978 1102 prastantissima
3022 1035 3232 1103 Species
3277 1033 3695 1101 deformaretur,
3742 1049 3852 1105 qua

2244 1135 2493 1180 ornatum
2521 1126 2792 1182 hominem
2817 1143 2940 1182 esse
2965 1127 3134 1182 voluit
3154 1126 3441 1198 supremus
3461 1127 3701 1198 artifex),
3724 1142 3852 1184 cum

2247 1219 2725 1288 illnmintellectu,
2754 1235 2816 1275 ac
2837 1221 3047 1276 ratione
3072 1220 3347 1284 ditaverit,
3378 1220 3573 1288 quibus
3603 1218 3854 1291 profecto

2248 1311 2584 1371 incutmmoda
2616 1316 2822 1384 qumvis
2845 1330 3034 1369 arcere
3062 1314 3222 1370 facile
3246 1323 3442 1384 potest,
3467 1314 3680 1381 sibique
3705 1331 3859 1371 com-

2238 1405 2405 1460 moda
2439 1404 2667 1475 plurima
2693 1421 3031 1476 comparare.
3086 1426 3103 1458 ι
3141 1406 3337 1462 Pulere
3382 1405 3697 1463 Lactantius
3749 1405 3771 1480 (
3795 1409 3859 1462 de

2251 1496 2466 1568 0piﬁc.,
2497 1514 2615 1567 cap.
2649 1494 2705 1569 τ)
2739 1516 2751 1551 :
2789 1498 2923 1554 (Ubi
2951 1508 3130 1554 autem
3158 1498 3378 1565 ratio,et
3399 1513 3592 1553 manus
3616 1510 3722 1563 est,
3746 1506 3857 1552 tant

2250 1605 2354 1644 non
2386 1600 2465 1645 est
2500 1590 2549 1644 id
2582 1591 2970 1658 necessarium,
2997 1607 3156 1662 quam
3181 1592 3560 1647 indumentum
3591 1592 3857 1660 pilorum;

2250 1681 2387 1738 adeo
2426 1681 2479 1737 in
2512 1698 2615 1738 suo
2652 1699 2868 1755 quoque
2896 1698 3095 1754 genere
3122 1684 3401 1754 aptissime
3429 1692 3767 1753 congruunt,
3802 1690 3864 1737 ut

541 1778 660 1833 sine
708 1777 907 1834 sudore
939 1779 1116 1833 vultus
1167 1781 1335 1835 nostri
1389 1795 1580 1851 panem
1630 1781 1786 1836 nobis
1832 1781 2103 1835 ministrat
2131 1799 2144 1836 :
2178 1766 2227 1826 Β
2256 1789 2429 1844 neque
2460 1775 2604 1829 nudo
2628 1775 2997 1845 (tuadruttede,
3026 1791 3201 1845 neque
3224 1775 3440 1830 homine
3473 1784 3618 1829 tecto
3642 1775 3864 1845 excogi-

544 1868 655 1934 imo
683 1879 737 1924 et
765 1885 887 1924 cum
917 1872 1247 1925 coluerimus
1277 1886 1420 1937 eam,
1449 1872 1654 1941 spinas,
1684 1882 1739 1926 et
1770 1871 1996 1928 tribulos
2022 1888 2149 1942 ger-

547 1963 718 2018 minat
743 1962 921 2018 nobis.
954 1963 1021 2019 Et
1046 1975 1241 2019 creti-ra
1271 1966 1451 2020 omnia
1476 1965 1746 2034 denique,
1778 1966 1824 2021 si
1863 1963 2151 2037 diligenter

544 2055 974 2123 consideremus,
999 2058 1276 2112 servitium
1299 2072 1329 2112 a
1352 2058 1508 2113 nobis
1532 2060 1703 2130 magis
1724 2059 1969 2129 exigunt,
1988 2075 2149 2131 quam

547 2148 810 2204 exhibent
840 2149 997 2204 nobis
1026 2167 1039 2205 :
1068 2158 1127 2205 ut
1151 2166 1214 2205 ea
1244 2150 1462 2206 interim
1504 2152 1731 2219 sileam,
1761 2168 1882 2223 qua:
1908 2163 2031 2207 sunt
2060 2168 2153 2223 pa-

545 2250 663 2295 rata
689 2255 905 2307 nocere,
940 2252 998 2296 ut
1019 2250 1104 2298 est
1132 2243 1270 2313 ignis
1290 2242 1357 2298 ad
1385 2244 1744 2311 exurendum,
1772 2260 1911 2313 aqua
1936 2245 2003 2299 ad
2027 2246 2155 2301 sub—

548 2334 925 2402 mergendum,
960 2333 1069 2389 fera
1097 2333 1164 2390 ad
1195 2335 1565 2393 lacerandum.
1598 2339 1665 2394 Et
1692 2338 1809 2394 hac
1834 2339 2052 2411 quidem
2079 2341 2152 2395 ita

544 2439 606 2479 se
635 2423 889 2480 habent.)

623 2516 714 2572 15.
771 2516 880 2573 Sed
937 2517 1135 2574 minori
1186 2519 1415 2575 fortasse
1464 2535 1690 2577 numero
1740 2525 1899 2578 noxia
1950 2523 2152 2580 homini

547 2616 707 2675 sunt,
740 2624 899 2678 quam
942 2610 1056 2665 sint
1093 2611 1325 2666 inutilia.
1374 2611 1528 2681 Quod
1561 2613 2017 2672 emolumentum.
2051 2617 2153 2671 oh—

547 2716 725 2768 secro,
754 2701 861 2765 dic,
891 2703 1114 2772 percipit
1143 2703 1306 2759 homo
1331 2706 1399 2758 ab
1428 2706 1714 2761 innumero
1741 2708 1995 2775 culicum,
2022 2709 2155 2766 alio-

544 2809 774 2861 rumque
819 2795 1185 2852 exillimorum
1220 2798 1546 2854 inscctorum
1597 2800 1869 2868 exercitu,
1911 2816 2020 2871 quo
2056 2817 2157 2857 nos

548 2888 788 2952 obsitos,
822 2890 1010 2944 malive
1043 2891 1341 2960 praesertim
1374 2901 1645 2963 tempore.
1671 2894 1977 2948 cernimus?
2004 2892 2156 2949 Anti-

548 2995 653 3052 qua
676 2994 757 3036 est
782 2985 897 3038 lttec
917 2983 1156 3053 quidem,
1183 2983 1276 3039 sed
1304 2995 1482 3041 tamen
1510 2987 1746 3042 nondum
1765 2987 2028 3044 dissoluta
2054 2988 2157 3044 dil-

548 3074 793 3143 ﬁcultas,
826 3092 989 3147 quam
1032 3077 1292 3133 adversus
1336 3079 1549 3135 Stoicos
1595 3081 1928 3136 intorsernnt
1954 3083 2155 3136 vetusti

2254 1869 2353 1924 lari
2382 1868 2671 1939 quidquam
2705 1870 2911 1939 turpius
2934 1879 3133 1940 posset.
3152 1891 3171 1922 ι

2328 1963 2415 2018 18.
2459 1961 2645 2018 Fletus
2667 2005 2681 2029 ,
2712 1979 2740 2016 a
2786 1978 2894 2035 quo
2924 1964 3049 2018 vitae
3077 1962 3361 2019 exordium
3401 1976 3619 2017 sumere
3648 1960 3865 2016 videtur

2255 2053 2438 2119 homo,
2472 2055 2695 2121 inutilis,
2723 2064 2885 2126 atque
2910 2056 3046 2111 adeo
3073 2054 3233 2110 etiam
3267 2055 3411 2110 noxii
3434 2054 3682 2109 humoris
3708 2065 3867 2108 natu-

2254 2128 2382 2201 ralis
2411 2146 2656 2218 quaedam
2687 2148 2965 2217 expressio
2993 2156 3108 2214 est,
3146 2162 3373 2215 quaeque
3412 2147 3620 2200 nullum
3654 2145 3743 2199 vel
3790 2144 3865 2200 le-

2255 2240 2534 2296 vissimum
2567 2239 2728 2296 habet
2754 2238 3185 2296 incommodum.
3212 2239 3284 2294 At
3304 2236 3389 2293 fac
3418 2235 3640 2292 habere.
3671 2235 3867 2292 Nonne

2255 2330 2386 2386 illud
2420 2332 2607 2387 matris
2631 2373 2643 2396 ,
2680 2332 3014 2402 nutricisque
3056 2346 3184 2386 cura
3230 2328 3473 2384 tollitur?
3509 2326 3689 2395 Quid?
3720 2328 3868 2399 quod

2255 2424 2530 2481 hominem
2575 2427 2642 2479 ab
2681 2425 3039 2489 innocentiae,
3074 2425 3304 2496 ideoque
3331 2423 3607 2479 felicitatis
3635 2439 3871 2479 summa:

2254 2525 2397 2573 statu
2419 2559 2434 2582 ,
2464 2533 2527 2573 ac
2569 2517 2904 2572 sublimitate
2938 2516 3277 2588 prolapsum,
3310 2516 3604 2572 munitorum
3642 2516 3866 2572 Patrum

2250 2609 2477 2679 judicio,
2511 2611 2670 2667 fletus
2702 2613 2791 2667 ille
2820 2610 3040 2677 indicat,
3077 2609 3305 2680 ideoque
3333 2608 3608 2665 hominem
3640 2620 3866 2675 monet,

2257 2710 2315 2757 ttt
2345 2702 2454 2757 Deo
2474 2704 2542 2758 de
2571 2705 2916 2771 reparatione
2942 2711 3157 2772 recepta
3179 2702 3382 2772 gratias
3404 2711 3551 2772 agat,
3576 2710 3632 2757 et
3653 2700 3722 2756 ad
3743 2716 3870 2756 eum

2257 2810 2360 2866 per
2385 2810 2575 2865 preces
2615 2812 2776 2867 suas,
2810 2795 2993 2850 auxilii
3025 2796 3250 2865 opisque
3278 2792 3639 2865 assequendae
3669 2808 3869 2861 causa,

2255 2888 2548 2958 confugiat.

2331 2981 2419 3035 19.
2467 2979 2727 3047 Vincula,
2775 2994 2896 3051 quae
2940 2984 3333 3037 commemorat
3371 2976 3619 3042 Plinius,
3663 2976 3868 3033 homini

2255 3089 2364 3129 non
2392 3073 2655 3139 ofﬁciunt,
2693 3073 2787 3131 sed
2816 3074 2962 3130 illum
2989 3072 3200 3144 juvant,
3236 3082 3309 3138 et,
3339 3081 3397 3127 ut
3421 3071 3491 3127 de
3518 3073 3860 3129 emolumen-

547 3167 880 3225 Academiei.
922 3189 942 3223 ε
965 3170 1095 3239 Quae
1120 3182 1264 3227 tanta
1294 3173 1522 3241 utilitas,
1545 3173 1860 3245 inquiebant
1888 3174 2152 3248 illi(Refe-
2180 3154 2227 3218 (ἶ
2260 3170 2327 3225 lis
2354 3168 2568 3225 cmleris
2611 3186 2677 3226 ex
2708 3186 2771 3225 ea
2815 3186 2874 3224 re
2916 3167 3361 3248 ιπονθηῑεηιὶὺηε
3400 3165 3590 3222 Sileam
3614 3208 3630 3233 9
3670 3181 3867 3236 corpus

544 3272 688 3316 rente
727 3260 994 3318 Lactantio
1017 3264 1072 3318 in
1103 3264 1192 3318 lib.
1226 3264 1290 3317 de
1310 3263 1401 3318 Ira
1433 3264 1528 3320 Dei
1548 3306 1563 3331 ,
1596 3282 1712 3337 cap.
1748 3267 1860 3340 15),
1891 3278 2067 3337 potest
2102 3269 2154 3323 in

552 3357 829 3424 muribus,
873 3357 924 3410 in
970 3357 1182 3418 blattis,
1230 3357 1283 3411 in
1326 3356 1679 3428 serpentibus
1705 3359 2038 3429 reperirii...
2075 3363 2155 3416 An

548 3449 817 3503 medicina
865 3450 916 3503 in
945 3448 1030 3505 his
1058 3448 1235 3522 aliqua
1268 3451 1426 3519 latet,
1458 3467 1578 3523 quae
1604 3457 1645 3507 si
1677 3462 1786 3521 est,
1822 3452 2158 3510 inveniretur

548 3540 876 3610 aliquando?
905 3560 925 3595 ι

622 3634 710 3690 16.
743 3635 850 3691 Sed
900 3636 1132 3705 bestias,
1181 3648 1237 3695 et
1282 3640 1586 3696 animantes
1624 3641 1894 3711 quaslibet
1937 3642 2157 3698 Oﬁlilla-

550 3744 692 3785 mus.
721 3730 1005 3798 Quodnam
1053 3733 1480 3789 emolumentum
1523 3751 1588 3789 ex
1638 3735 1946 3807 praeruptis,
1997 3747 2156 3807 atque

550 3822 874 3891 inaccessis,
925 3823 1096 3893 iisque
1144 3825 1322 3880 saxeis
1366 3827 1640 3882 montibus
1685 3827 1849 3883 homo
1897 3828 2156 3899 percipit?

550 3914 830 3983 Quodnam
865 3916 932 3970 ab
960 3916 1142 3973 herbis
1162 3958 1176 3983 ,
1209 3933 1342 3986 quas
1373 3934 1473 3974 nec
1502 3923 1615 3990 ipse
1645 3912 1902 3986 comedit,
1934 3934 2034 3976 nec
2064 3936 2157 3976 co-

551 4007 775 4062 medunt
820 4008 1021 4079 pariter
1074 4009 1301 4065 bestite‘?
1354 4010 1624 4068 Hactenus
1674 4014 1765 4084 qui
1815 4027 1974 4069 secus
2024 4028 2152 4070 sen-

553 4101 710 4156 tiunt.

625 4192 712 4245 17.
754 4191 998 4264 Magnam
1029 4209 1192 4262 porro
1223 4194 1453 4259 habent,
1487 4196 1681 4272 fateor,
1713 4199 1846 4263 haec.
1877 4202 1932 4255 et
1971 4199 2154 4255 aflinia

551 4282 660 4339 alia
700 4284 842 4352 apud
871 4284 1099 4341 Veteres
1136 4288 1621 4345 verisimilitudinis
1651 4292 1922 4363 Speciem;
1955 4293 2156 4348 verita-

550 4387 659 4433 tem
702 4389 877 4434 tamen
911 4380 1130 4434 minime
1161 4380 1378 4437 habent.
1425 4383 1479 4435 lu
1528 4397 1595 4437 eo
1634 4383 1779 4452 quod
1812 4385 2043 4454 primum
2088 4401 2152 4439 ex

548 4472 826 4540 Lucretio,
856 4483 909 4527 et
937 4473 1111 4528 Plinio
1136 4474 1480 4544 desumptutn
1505 4486 1591 4531 est
1610 4518 1625 4543 ,
1656 4476 1943 4533 levissimas
1974 4476 2157 4534 insunt

548 4568 713 4621 vires.
760 4569 836 4620 Ac
879 4569 1058 4620 statim
1101 4566 1396 4621 notandum
1424 4575 1541 4630 est,
1574 4582 1692 4622 eam
1730 4568 1904 4638 ipsam
1933 4610 1947 4635 ,
1991 4585 2153 4641 quam

550 4672 650 4714 nos
677 4659 991 4722 asserimus,
1028 4657 1340 4727 opinionem
1376 4658 1549 4713 Plinio
1577 4659 1679 4728 ipsi
1711 4661 1933 4715 minime
1961 4663 2151 4735 displi-

550 4754 747 4816 cuisse,
776 4750 902 4807 dum
937 4750 1054 4807 haec
1074 4751 1294 4822 scripsit
1317 4752 1404 4825 (in
1425 4752 1723 4823 prtefatione
1751 4754 1843 4809 lib.
1873 4755 1968 4826 vn)
1998 4774 2012 4811 :
2054 4773 2073 4807 ‹
2094 4755 2153 4811 Si

551 4845 767 4914 quidem
807 4859 928 4898 cum
978 4843 1158 4899 omnia
1200 4845 1426 4914 exsequi
1466 4845 1735 4902 humanus
1774 4854 2006 4917 nequeat
2038 4849 2156 4903 ani-

554 4956 704 5006 tnus,
734 4939 1057 5009 principium
1086 4938 1210 5008 jure
1250 4940 1515 4996 tribuetur
1541 4939 1781 5008 homini,
1814 4942 1969 5013 cujus
1993 4957 2151 4998 causa

555 5033 764 5087 videtur
790 5041 983 5087 cuncta
1012 5033 1115 5087 alia
1141 5034 1394 5103 genuisse
1425 5041 1613 5089 natura
1668 5032 1775 5090 Sed
1802 5044 1980 5091 tamen
2002 5016 2158 5108 quid-

553 5126 679 5197 quid
713 5126 802 5182 ille
832 5127 1082 5189 senserit,
1114 5126 1413 5181 indubitata
1444 5142 1528 5182 res
1550 5137 1652 5190 est,
1678 5129 1747 5184 ab
1771 5131 1859 5196 iis,
1888 5144 2008 5200 quae
2030 5130 2156 5185 sub

549 5219 698 5289 jicit,
743 5227 798 5273 et
826 5228 982 5272 antea
1015 5217 1224 5283 objecta
1256 5230 1380 5274 sunt
1421 5217 1610 5292 (recole
1642 5238 1787 5274 num.
1819 5221 2156 5293 9),'minime

556 5312 879 5368 sententiam
913 5318 1149 5366 nostram
1172 5309 1453 5366 infirmari.
1486 5313 1723 5377 Scilicet.
1754 5308 1857 5369 nisi
1881 5315 2153 5371 hominem

549 5414 745 5461 “natura
778 5401 994 5459 fecisset
1022 5404 1305 5470 inermem,
1335 5405 1437 5458 nisi
1464 5420 1680 5477 quoque
1706 5405 1894 5461 alienae
1924 5408 2043 5475 Opis
2074 5409 2157 5464 in-

554 5496 736 5568 digum
769 5495 1170 5562 constituisset;
1205 5499 1529 5567 paratiorem
1558 5497 1708 5553 illum
1740 5499 1958 5556 fecisset
1986 5500 2051 5555 ad
2079 5502 2156 5555 la-

556 5590 833 5657 ciendam,
863 5607 1023 5661 quam
1054 5593 1119 5648 ad
1150 5592 1516 5663 repellendam
1553 5589 1803 5665 injuriam
1834 5614 1846 5652 :
1879 5610 1982 5652 nec
2009 5611 2072 5652 ea
2100 5599 2154 5653 in

556 5684 843 5751 puerulum
859 5693 1136 5752 parentum
1164 5685 1399 5741 charilas
1425 5698 1790 5753 exerceretur;
1807 5704 1907 5757 qua
1938 5688 2154 5759 quidem

560 5773 688 5829 dum
731 5775 960 5832 eximius
1008 5787 1293 5847 parentum
1336 5794 1493 5837 amor
1517 5795 1645 5851 erga
1676 5781 1819 5837 filios
1856 5791 1963 5838 tam
1990 5785 2157 5842 certis

2258 3263 2403 3318 illius
2431 3263 2645 3317 firmant
2672 3262 3058 3331 robomntque.
3088 3268 3144 3316 et
3169 3246 3329 3327 qttam
3349 3260 3429 3313 illi
3462 3259 3605 3314 Dens
3636 3260 3867 3331 dignita-

2260 3367 2364 3412 tem
2397 3355 2621 3422 tribuit,
2661 3370 2782 3411 cum
2811 3371 2866 3409 os
2896 3355 3094 3409 homini
3123 3354 3341 3408 sublime
3368 3354 3508 3408 dedit
3526 3394 3540 3414 .
3585 3354 3867 3423 coelumque

2259 3449 2426 3516 turri,
2458 3460 2511 3502 ut
2546 3448 2777 3503 retineat
2798 3463 2863 3502 ac
2887 3455 3104 3512 servet,
3138 3446 3377 3502 efﬁciunt
3404 3463 3417 3500 :
3450 3446 3653 3501 etenim
3682 3447 3726 3501 si
3750 3447 3865 3501 vin-

2258 3543 2396 3597 culis
2428 3540 2714 3612 fasciisque
2757 3544 2808 3595 in
2840 3540 3085 3611 pueritiae
3125 3538 3363 3595 exordiis
3407 3538 3630 3611 (quibus
3661 3539 3863 3593 scilicet

2260 3645 2536 3698 erectum,
2564 3632 2902 3704 rigidumque
2930 3633 3137 3703 puerile
3164 3633 3545 3704 corpusculum
3571 3631 3861 3703 detinetur)

2261 3726 2483 3781 minime
2534 3726 2917 3791 devinciretur,
2982 3724 3210 3794 pedibus
3258 3725 3374 3794 ipse
3421 3740 3639 3796 quoque
3706 3727 3861 3780 homo

2258 3829 2518 3893 reptaret,
2551 3821 2733 3890 illique
2760 3820 3090 3875 adimeretur
3117 3818 3311 3874 eximia
3340 3817 3433 3872 illa
3475 3818 3689 3874 Boethii
3718 3834 3863 3875 com-

2259 3913 2531 3968 mendatio
2564 3913 2649 3982 (de
2678 3909 2888 3967 Consul.
2923 3927 2976 3975 v,
3010 3911 3065 3976 5,
3098 3911 3158 3981 8)
3187 3929 3202 3967 :

2353 4050 2507 4100 Unica
2532 4064 2659 4115 gens
2682 4050 2931 4100 hominum
2951 4049 3085 4100 levat
3105 4050 3254 4115 altius
3269 4064 3526 4115 cacumen,

2356 4121 2511 4179 @que
2536 4114 2661 4163 levis
2683 4121 2823 4164 recto
2847 4121 2943 4164 stat
2964 4126 3193 4177 corpore,
3219 4114 3532 4179 despicitque

2351 4174 2553 4224 Terras.

2329 4302 2418 4356 20.
2455 4304 2521 4356 At
2561 4302 2626 4356 ad
2674 4301 2899 4357 alteram
2945 4301 3304 4370 objectionem
3348 4316 3448 4357 nos
3486 4312 3861 4358 convertamus

2259 4404 2477 4464 oportet
2511 4412 2565 4449 n.
2600 4396 2667 4450 10
2696 4395 3045 4465 propositam.
3083 4396 3234 4451 Dicat
3265 4411 3428 4466 porro
3465 4399 3691 4469 quisque
3717 4395 3858 4466 quod

2261 4484 2431 4541 libet:
2464 4501 2564 4558 ego
2595 4480 2809 4555 quidem
2845 4486 3053 4542 facilius
3073 4530 3088 4551 ,
3136 4496 3192 4543 et
3230 4488 3616 4559 ohsequentius
3643 4488 3858 4543 credam

2261 4577 2577 4648 Scriptum,
2606 4578 2657 4632 in
2685 4594 2789 4647 qua
2822 4595 2920 4634 nos
2948 4580 3108 4636 doet-t
3137 4580 3304 4643 Deus,
3340 4597 3503 4649 quam
3534 4580 3857 4648 hominibus,

2260 4672 2476 4727 tametsi
2524 4671 2772 4727 doctrina
2825 4674 3234 4742 praestantibus,
3283 4674 3372 4744 qui
3420 4688 3580 4729 secus
3608 4672 3859 4729 sentiant.

2258 4763 2430 4820 POl‘l‘O
2460 4763 2576 4820 haec
2603 4765 2655 4819 in
2691 4763 2966 4838 Scriptura
2994 4767 3221 4839 legimus
3243 4765 3457 4841 (Cenes.
3486 4783 3526 4834 ι,
3558 4769 3641 4829 iri,
3674 4765 3756 4829 15.
3790 4764 3862 4821 16

2258 4866 2306 4913 et
2339 4856 2424 4927 17)
2456 4875 2469 4910 :
2508 4844 2652 4912 Dixit
2694 4867 2862 4912 autem
2906 4857 3045 4914 Deus
3077 4876 3096 4913 :
3126 4859 3255 4928 ﬁant
3284 4860 3560 4914 luminaria
3587 4859 3639 4913 in
3679 4859 3864 4929 ﬁrma-

2256 4961 2429 5006 mento
2451 4950 2586 5015 caeli,
2618 4962 2667 5005 et
2690 4951 2918 5006 dividant
2943 4953 3077 5006 diem
3102 4970 3162 5007 ac
3183 4940 3399 5019 noctem,
3414 4964 3470 5007 ἐι
3497 4955 3599 5007 sint
3617 4953 3666 5007 in
3688 4953 3864 5020 signa,

2262 5053 2309 5098 et
2330 5022 2584 5113 tempora,
2609 5054 2656 5098 et
2679 5044 2809 5110 dies,
2840 5053 2887 5099 et
2913 5060 3116 5100 annos:
3147 5055 3204 5099 ut
3232 5047 3434 5100 luceant
3462 5046 3516 5099 in
3547 5047 3866 5113 [irritamento

2262 5137 2407 5204 caeli,
2437 5146 2485 5192 et
2523 5137 2814 5193 illuminent
2845 5147 3065 5207 terram,
3096 5147 3204 5193 etc.
3246 5137 3313 5194 Et
3342 5138 3471 5193 alibi
3518 5136 3634 5212 (Ps.
3661 5151 3862 5204 cxxxv,

2263 5232 2317 5293 7,
2346 5230 2403 5296 8,
2437 5228 2493 5302 9)
2524 5251 2536 5285 :
2574 5228 2676 5297 Qui
2705 5232 2836 5315 fecit
2874 5234 3152 5311 luminaria
3190 5250 3446 5302 magna...
3483 5233 3639 5287 solem
3673 5232 3723 5286 in
3757 5248 3870 5301 pa-

2260 5332 2489 5377 testatem
2537 5323 2709 5378 dici...
2757 5316 3045 5390 lunam,'et
3093 5327 3268 5381 stellas
3308 5326 3365 5380 in
3411 5334 3703 5399 potestatem
3732 5339 3869 5376 noc-

2261 5417 2358 5483 tis,
2389 5408 2492 5472 etc.
2538 5418 2608 5473 Et
2654 5434 2838 5474 rursus
2864 5414 3041 5493 (Deut.
3085 5436 3175 5486 xv,
3211 5420 3336 5490 19):
3372 5416 3455 5473 Ne
3485 5424 3617 5493 forte
3655 5420 3867 5474 eleuatis

2262 5510 2425 5565 oculis
2467 5511 2536 5566 ad
2578 5508 2795 5573 etclam;
2845 5506 3018 5567 videas
3045 5513 3231 5576 solem,
3284 5523 3330 5566 et
3374 5512 3573 5573 lunam,
3604 5521 3650 5567 et
3685 5511 3867 5566 omnia

2262 5612 2403 5658 astra
2426 5605 2539 5658 cazli
2557 5646 2571 5669 ,
2603 5613 2649 5658 et
2689 5597 2861 5659 errore
2900 5604 3141 5671 deceptus
3166 5602 3352 5659 adores
3378 5621 3470 5666 ca,
3501 5616 3545 5660 ct
3573 5605 3705 5659 colas
3738 5617 3870 5671 ante

2263 5697 2449 5750 creavit
2479 5693 2735 5751 Dominus
2765 5690 2907 5752 Deus
2936 5708 3057 5752 tuus
3079 5698 3129 5751 in
3152 5697 3497 5753 ministerium
3521 5700 3704 5752 cunctis
3724 5710 3870 5761 gen-

2262 5787 2398 5844 tibus
2417 5830 2433 5856 ,
2461 5804 2576 5859 quia
2603 5788 2697 5844 sub
2722 5790 2849 5845 cmlo
2884 5798 3023 5847 sunt.
3053 5789 3109 5847 Si
3140 5790 3345 5847 creavit
3371 5792 3425 5845 in
3463 5786 3816 5847 ministerium
3843 5828 3868 5854 ,

3022 5910 3047 5935 3³
