4100 6196
301 283 410 337 8'55

301 410 420 467 qua:
449 394 551 450 sub
578 391 720 448 coelo
743 400 887 456 sunt,
923 395 1091 448 nostri
1124 408 1257 449 sane
1287 408 1451 449 causa
1483 409 1545 448 ca
1572 392 1834 448 condidit.

370 488 464 542 21.
510 486 788 542 Postrema
819 480 983 539 Plinii
1011 487 1194 551 verba,
1251 485 1371 540 Non
1396 502 1490 540 nos
1514 501 1669 539 causa
1704 483 1905 538 Mundo

304 597 498 641 sumus.
528 590 667 643 etc.,
697 578 830 633 nihil
857 577 1058 635 ltabent
1089 580 1230 651 qttod
1273 588 1472 635 nostra:
1509 569 1795 635 sententia:
1822 578 1906 633 of-

302 673 467 729 ﬁciat.
522 672 737 728 Etenim
782 670 836 725 in
865 687 932 726 eo
961 672 1141 741 capite
1173 671 1401 737 irridet,
1434 672 1721 742 rejicltque
1758 670 1904 742 vulgi

303 765 669 834 sententiam,
701 767 845 837 quod
897 766 1113 838 quidem
1163 765 1550 832 existimabat,
1584 766 1756 821 sidera
1793 766 1903 819 sin-

302 858 441 930 gulis
485 856 727 938 attributa
765 858 910 911 nobis
932 898 946 923 ,
980 858 1125 911 clara
1155 857 1428 923 divitibus,
1459 858 1662 911 minora
1710 873 1903 929 paupe-

306 952 475 1017 ribus,
524 953 743 1006 obscura
771 951 1011 1021 defectis,
1063 962 1111 1005 et
1141 967 1235 1021 pro
1266 960 1402 1005 sorte
1445 954 1691 1023 cujusque
1732 952 1908 1005 lucen-

307 1046 413 1113 tia,
462 1054 512 1098 et
551 1044 799 1099 attributa
828 1044 1152 1099 mortalibus.
1212 1045 1413 1099 llormn
1465 1044 1675 1100 scilicet
1715 1059 1744 1097 a
1775 1058 1907 1099 vero

306 1137 730 1193 remotissimam
761 1136 1073 1209 opinionem
1103 1137 1187 1190 his
1213 1138 1402 1193 verbis
1425 1136 1610 1191 statim
1640 1137 1859 1207 repellit
1886 1151 1900 1189 :

304 1230 426 1299 quia
446 1245 537 1283 nec
557 1245 675 1283 cum
703 1245 796 1284 suo
822 1245 1038 1300 qumque
1068 1230 1274 1283 homine
1314 1241 1429 1285 orta
1459 1235 1751 1285 moriuntur
1770 1273 1784 1295 ,
1817 1245 1908 1283 nec

304 1322 503 1387 aliquid
528 1324 759 1391 extingui
788 1323 1006 1376 deciduo
1030 1322 1326 1395 signiﬁcant
1360 1334 1520 1377 :‘tunt
1548 1322 1640 1377 illa
1663 1323 1903 1392 subiicit,

304 1430 427 1485 qua:
460 1424 588 1469 sunt
610 1412 822 1483 obieeta
858 1432 871 1467 :
907 1413 1031 1468 Non
1071 1425 1215 1468 tanta
1244 1416 1356 1469 caeli
1388 1415 1609 1468 societas
1638 1414 1906 1468 nobiscum

301 1516 400 1572 est,
432 1514 489 1559 ut
514 1515 691 1560 nostra
721 1507 832 1577 fato
854 1506 1089 1560 mortalis
1117 1508 1181 1561 sit
1208 1506 1299 1561 ille
1318 1522 1521 1578 quoque
1547 1506 1774 1560 siderum
1794 1505 1904 1574 [αι.

302 1615 421 1670 gor.
465 1598 597 1666 Qua:
625 1599 845 1668 quidem
900 1602 1101 1654 monita
1151 1616 1311 1670 quant
1369 1602 1624 1671 prmelara
1668 1609 1794 1655 sunt
1837 1600 1904 1656 ad

300 1711 422 1751 eam
456 1695 822 1761 refutandam,
854 1711 1014 1764 quam
1046 1697 1364 1767 persuingit
1390 1696 1505 1762 ille,
1535 1699 1857 1751 sententiam
1885 1711 1901 1762 ;

982 278 1048 335 IN
1091 279 1345 338 HILARII
1388 276 1610 336 EPIST.
1652 277 1785 336 SEU
1827 276 2052 334 LIBEL.
2097 276 2551 336 DISSERTATIO
2589 278 2824 336 PRIMA.

3499 274 3607 334 854

1935 397 1989 459 Α
2016 392 2212 448 nielem
2243 403 2498 449 vorarent
2533 439 2549 464 ,
2579 394 2717 449 Deus
2743 395 2992 449 conclusit
3023 411 3114 447 ora
3143 388 3346 448 leonum
3375 392 3607 465 (Daniel.

2007 501 2084 550 γι,
2112 486 2183 540 27
2208 498 2256 540 et
2282 485 2376 559 22)
2397 527 2413 552 ,
2443 503 2536 542 nec
2556 496 2838 541 nocuerunt
2868 487 2913 541 ei
2937 485 3179 555 (Danieli
3200 486 3239 557 ),
3269 496 3317 541 et
3343 485 3491 540 nulla
3521 486 3611 540 la:-

2006 577 2083 632 sio
2108 578 2309 632 inventa
2337 589 2411 633 est
2436 580 2489 632 in
2512 595 2590 647 eo,
2623 581 2746 647 quia
2776 579 2995 635 credidit
3020 578 3130 634 Deo
3170 595 3283 633 suo.
3328 578 3437 646 Et,
3470 585 3528 632 nt
3556 578 3609 634 in

2009 670 2228 725 Dauicle
2257 670 2585 738 consistam,
2618 672 2746 743 quid
2790 671 3162 727 admirabilius
3182 714 3197 738 ,
3224 670 3455 741 ideoque
3479 668 3609 740 quid

2007 759 2074 814 ad
2104 760 2193 815 Dei
2228 762 2621 831 providentiam
2664 777 2790 833 erga
2830 764 3029 833 probos
3051 764 3197 819 viros
3225 764 3606 819 declarandam

2006 853 2187 922 aptius
2217 866 2304 919 eo,
2335 853 2478 924 quod
2506 855 2574 909 de
2614 855 2805 910 eodem
2850 855 3073 911 Daniele
3113 855 3410 910 discimus?
3448 865 3609 927 atque

2009 945 2060 1000 id
2085 946 2301 1016 quidem
2349 949 2478 1018 ipsis
2525 948 2823 1019 Scriptura:
2863 951 3043 1007 verbis
3072 950 3277 1008 referre
3304 952 3434 1007 lihet
3465 950 3611 1026 (Da-

2009 1039 2132 1094 uiel.
2163 1054 2252 1094 xw
2276 1040 2392 1104 ,⁸29
2412 1084 2427 1107 ,
2465 1040 2590 1114 etc.)
2613 1061 2628 1098 :
2670 1041 2805 1097 Vidit
2831 1061 2950 1114 ergo
2976 1061 3086 1110 rex,
3115 1046 3254 1116 quod
3276 1046 3528 1100 irruerent
3556 1048 3611 1101 in

2009 1146 2124 1184 eum
2154 1132 2471 1187 vehementer
2500 1133 2889 1208 (Babylonii),
2923 1146 2969 1190 et
3000 1138 3297 1192 necessitate
3318 1139 3610 1207 compulsus

2009 1222 2226 1276 tradidit
2255 1223 2330 1278 eis
2361 1224 2647 1281 Danielem.
2682 1229 2783 1293 Qui
2810 1229 3058 1281 miserunt
3090 1246 3203 1282 eum
3232 1230 3284 1282 in
3314 1230 3479 1299 lacum
3507 1230 3612 1284 leo-

2012 1332 2155 1382 num,
2191 1328 2237 1373 et
2263 1330 2371 1373 erat
2392 1319 2464 1374 ibi
2491 1321 2668 1376 diebus
2704 1337 2813 1376 sex.
2847 1321 3015 1377 Porro
3038 1324 3088 1377 in
3123 1323 3236 1376 lacu
3267 1334 3410 1377 erant
3441 1326 3611 1379 leones

2009 1421 2232 1477 septem,
2278 1420 2327 1464 et
2366 1411 2625 1466 dabantur
2648 1414 2720 1467 eis
2749 1413 2852 1467 duo
2875 1430 3093 1485 corpora
3130 1417 3358 1486 quotidie
3378 1459 3392 1483 ,
3422 1427 3469 1470 et
3495 1416 3613 1473 date

2010 1520 2146 1571 oves,
2180 1516 2226 1561 et
2252 1515 2372 1561 tunc
2393 1525 2493 1561 non
2516 1510 2638 1562 data
2664 1519 2810 1574 sunt,
2839 1520 2894 1563 ut
2914 1511 3214 1565 devorarent
3245 1510 3606 1568 Danielem....

2010 1596 2218 1670 (v.59).
2265 1598 2409 1654 Venit
2431 1618 2549 1671 ergo
2578 1617 2671 1655 rex
2699 1601 2783 1655 die
2810 1604 3056 1674 septimo,
3093 1611 3148 1656 ut
3178 1605 3371 1675 lugeret
3412 1603 3607 1660 Danie-

2009 1691 2139 1757 lem,
2173 1703 2219 1745 et
2252 1693 2383 1747 venit
2413 1695 2480 1746 ad
2510 1694 2716 1761 lacum,
2747 1705 2792 1749 et
2820 1696 3164 1765 introspexit,
3190 1707 3233 1750 et
3266 1714 3381 1752 ecce
3421 1698 3611 1753 Daniel

304 1798 413 1844 tam
438 1790 619 1860 inepta
646 1796 803 1856 sunt,
833 1788 878 1843 si
901 1789 1166 1845 adversus
1195 1789 1246 1844 id
1264 1831 1278 1854 ,
1309 1788 1377 1843 de
1398 1804 1505 1858 quo
1531 1791 1740 1861 agimus
1764 1830 1778 1855 ,
1811 1790 1907 1843 ad-
1935 1801 1984 1861 Β
2011 1786 2189 1840 sedens
2219 1784 2273 1838 in
2305 1785 2469 1840 medio
2502 1787 2725 1841 leonum.
2758 1786 2827 1840 Et
2846 1789 3147 1843 exclamavit
3170 1805 3288 1843 voce
3312 1806 3501 1861 magna
3520 1805 3611 1843 rex

303 1884 591 1938 ducantur.

374 1975 464 2030 22.
510 1974 733 2033 Senecae
766 1990 932 2043 porro
958 1974 1143 2047 opinio
1175 1985 1327 2030 tanto
1352 1976 1404 2029 in
1448 1978 1621 2045 pretio
1658 1975 1905 2032 habenda

302 2082 413 2123 non
445 2079 530 2123 est
551 2108 566 2130 ,
598 2076 656 2121 ut
695 2067 997 2133 Lactantii,
1030 2064 1343 2137 Augustini,
1376 2075 1539 2137 atque
1563 2067 1702 2123 adeo
1721 2066 1908 2137 Scrip-

305 2170 441 2217 tum
474 2161 644 2230 ipsius
672 2161 895 2215 monitis
927 2170 1292 2231 praipouatur.

374 2253 468 2309 23.
514 2252 780 2323 Pleraque
807 2268 1021 2321 eorum,
1042 2269 1164 2323 qua:
1195 2253 1476 2308 immensis
1497 2253 1761 2310 caelorum
1786 2267 1912 2325 spa-

308 2349 397 2404 tiis
422 2347 977 2417 comprehenduntur,
1010 2345 1252 2417 ignorari
1272 2362 1300 2399 a
1330 2346 1508 2413 nobis,
1538 2345 1678 2401 haud
1712 2347 1911 2400 invitus

310 2442 511 2498 fateor.
541 2441 650 2498 Sed
688 2448 824 2513 quot
865 2440 1021 2495 uoltis
1050 2451 1315 2510 prosunt,
1380 2440 1489 2494 imo
1514 2441 1677 2495 etiam
1736 2439 1911 2494 inser-

306 2538 457 2593 viunt
480 2579 493 2602 ,
522 2551 752 2608 quorum
791 2545 1077 2601 naturam,
1115 2549 1171 2590 et
1207 2550 1490 2589 numerum
1550 2549 1775 2605 prorsus
1811 2550 1906 2589 ne-

307 2630 548 2686 scimus?
575 2634 656 2684 An
702 2630 846 2685 aeris
869 2670 885 2697 ,
941 2645 1008 2683 au
1043 2628 1183 2699 ignis
1208 2669 1222 2693 ,
1279 2629 1621 2697 aliorumque
1645 2669 1660 2694 ,
1715 2628 1912 2699 quibus

307 2723 551 2795 quotidie
581 2723 785 2779 utimur
809 2764 824 2789 ,
863 2733 1109 2777 naturam
1162 2724 1448 2786 novimus,
1481 2730 1570 2774 aut
1610 2719 1912 2775 multitudi—

307 2816 472 2871 nem?
502 2816 613 2871 Deo
639 2814 935 2878 credimus,
971 2814 1126 2884 cujus
1153 2812 1464 2870 testimonio
1492 2812 1774 2877 discimus,
1797 2826 1911 2865 om.

304 2910 396 2963 nia
446 2920 588 2962 astra
627 2907 742 2962 cali
796 2908 864 2963 ab
917 2920 984 2962 eo
1013 2916 1193 2961 creata
1249 2905 1417 2961 fuisse
1467 2906 1521 2959 in
1572 2905 1912 2959 ministerium

305 3003 506 3056 cunctis
545 3001 780 3073 gentibus
803 3043 818 3067 ,
854 3014 972 3069 quia
1017 3001 1112 3053 sub
1156 3000 1283 3053 εωΙο
1311 3008 1449 3054 sttnt.
1474 2998 1630 3052 'Alios
1674 2998 1744 3052 ob
1776 2996 1913 3052 lines

304 3093 525 3150 condita
557 3107 619 3148 ea
643 3092 834 3159 fuisse,
867 3092 1090 3146 minime
1118 3105 1286 3160 nego;
1315 3089 1621 3159 sed'neque
1639 3090 1914 3144 al‘llrmare

2008 1877 2182 1931 dicens
2213 1894 2231 1931 :
2263 1878 2485 1950 Magnus
2514 1897 2590 1944 es,
2624 1878 2865 1948 Domine,
2890 1880 3028 1937 Deus
3062 1883 3289 1938 Danielis
3321 1884 3400 1957 (υ.
3428 1883 3604 1954 42)...

2013 1975 2242 2029 Paveant
2273 1992 2449 2033 omnes
2479 1978 2765 2034 habitantes
2794 1981 2848 2034 in
2870 1982 3104 2035 universa
3135 1991 3269 2036 terra
3300 1980 3465 2036 Deum
3496 1980 3606 2035 Da-

2010 2067 2160 2122 nielis
2186 2111 2202 2134 ,
2234 2069 2355 2139 quia
2380 2070 2491 2140 ipse
2519 2070 2762 2126 Salvator
2784 2113 2796 2135 ,
2828 2074 3022 2141 faciens
3053 2074 3201 2145 signa
3222 2115 3236 2138 ,
3276 2084 3322 2128 et
3351 2074 3609 2128 mirabilia

2008 2159 2060 2212 in
2084 2168 2219 2213 terra
2250 2175 2268 2212 ε
2294 2161 2383 2232 qui
2410 2160 2642 2216 liberavit
2684 2160 2952 2217 Dnnieletn
2995 2166 3057 2217 de
3099 2164 3214 2218 lacu
3254 2164 3475 2218 leonum.
3528 2165 3609 2219 An

2011 2269 2116 2307 non
2147 2254 2306 2308 etiam
2353 2253 2596 2308 divinam
2643 2256 3087 2325 omnipotentiam
3144 2254 3466 2310 testificmus
3523 2265 3609 2311 est

2012 2346 2097 2401 leo
2127 2347 2238 2413 ille,
2263 2347 2356 2416 qui
2382 2347 2677 2418 prophetae,
2710 2348 2800 2404 Dei
2826 2349 3071 2420 jussibus
3099 2348 3241 2421 haud
3264 2349 3609 2421 obsequenti,

2012 2456 2197 2496 morsu
2249 2458 2438 2498 necem
2489 2442 2700 2510 intulit,
2733 2444 2878 2499 illius
2920 2454 3098 2501 tamen
3131 2444 3361 2499 cadaver
3389 2444 3611 2500 minime

2011 2534 2186 2605 attigit
2219 2533 2309 2606 (Ill
2340 2532 2471 2606 Reg.
2504 2549 2627 2595 xm.
2663 2534 2755 2593 24.
2790 2533 2924 2606 25)?

2089 2627 2180 2682 25.
2226 2627 2380 2694 Quod
2416 2642 2578 2697 porro
2603 2637 2711 2681 tttttt
2741 2627 2997 2699 contigit,
3046 2627 3096 2684 id
3143 2627 3402 2698 deinceps
3446 2628 3609 2684 etiam

2016 2719 2154 2774 haud
2189 2735 2310 2774 rare
2351 2718 2600 2776 evenisse
2648 2721 2933 2787 novimus,
2982 2720 3033 2776 id
3067 2722 3480 2778 tcstilicantibus
3511 2722 3612 2777 Ec-

2012 2811 2326 2869 clesiasticis
2352 2813 2754 2881 monumentis;
2784 2830 2854 2869 ex
2879 2814 3076 2885 quibus
3103 2814 3363 2870 discimus
3390 2856 3404 2881 ,
3439 2815 3614 2884 impc-

2016 2905 2157 2961 ditas
2209 2906 2373 2960 fuisse
2412 2905 2704 2977 aliquando
2750 2907 2929 2970 feras,
2983 2924 3050 2962 ne
3103 2907 3378 2978 expositos
3425 2922 3612 2963 eorum

2016 3002 2287 3057 morsibus
2318 2996 2582 3073 martyres
2615 3006 2898 3075 tangerent
2928 2997 3003 3076 (b)
3027 3042 3041 3067 ,
3072 3017 3208 3057 neve
3243 3016 3431 3057 eorum
3455 3000 3615 3056 cada-

2016 3111 2141 3152 vera
2169 3105 2427 3151 vorarent

307 3187 359 3242 id
402 3199 693 3257 possumus
720 3226 735 3251 ,
793 3199 913 3239 cum
958 3183 1010 3239 id
1059 3199 1282 3254 prorsus
1334 3184 1521 3238 lateat.
1569 3180 1682 3237 Nec
1728 3191 1910 3237 conte-

2092 3191 2182 3245 26.
2224 3188 2331 3245 Sed
2365 3191 2504 3251 llr-ec.
2536 3191 2581 3245 si
2609 3190 2690 3245 vis
2711 3233 2725 3253 .
2759 3190 3070 3246 omittamus
3093 3232 3108 3257 ,
3142 3188 3617 3257 consistamusque

307 3279 603 3333 tuneudum
633 3279 704 3333 ob
752 3277 915 3332 linem
957 3292 1021 3332 ea
1064 3287 1222 3331 erunt
1251 3275 1469 3330 condita
1497 3317 1511 3341 ,
1539 3275 1584 3329 si
1613 3282 1905 3346 pr0pterea

305 3373 526 3429 condita
554 3381 751 3439 erunt,
785 3381 846 3426 ttt
882 3387 948 3426 ex
992 3386 1184 3426 eorntn
1232 3365 1414 3442 specie
1453 3382 1810 3441 exsurgatnus
1846 3368 1914 3422 ad

306 3469 545 3524 divinam
584 3469 1034 3539 ontnipotentiam
1064 3468 1462 3539 agnoscendum
1491 3510 1505 3534 ,
1543 3485 1608 3524 ac
1638 3472 1916 3524 commen-

306 3563 566 3624 dandam,
598 3563 901 3631 praesertim
927 3569 1222 3632 quum-tam
1255 3562 1565 3633 praestantia
1588 3561 1911 3631 cxitniaque,

307 3666 476 3727 atque
516 3655 776 3709 immensa
802 3694 815 3715 ,
863 3668 999 3724 pene
1027 3652 1293 3722 dixerim,
1332 3668 1560 3725 corpora
1600 3655 1652 3707 in
1689 3654 1916 3707 ministe-

304 3750 448 3804 rium
476 3759 710 3804 nostrum
737 3763 859 3803 esse
884 3749 1141 3804 voluerit.

376 3843 472 3898 24.
521 3842 687 3898 Feras
730 3856 914 3912 porro,
938 3849 1098 3913 atque
1130 3840 1368 3897 immites
1399 3840 1601 3897 bestias
1624 3884 1637 3908 ,
1679 3854 1915 3894 veneno-

305 3952 508 4007 sasque
527 3948 579 3991 et
603 3937 927 4000 animantes,
953 3945 1007 3990 et
1034 3935 1229 3990 herbas
1251 3934 1495 3989 condidit
1509 3933 1724 4005 quidem
1751 3934 1912 4000 Deus,

306 4046 419 4084 non
464 4039 755 4101 propterea
784 4040 960 4084 tamen
1007 4027 1125 4083 haec
1158 4028 1394 4083 hominis
1423 4043 1587 4082 causa
1636 4041 1741 4082 non
1787 4043 1917 4082 con-

306 4121 468 4178 didit.
498 4123 552 4177 Si
590 4123 862 4177 hominem
895 4123 1209 4177 innocentia
1256 4122 1435 4177 adhuc
1473 4123 1698 4192 potitum
1744 4121 1914 4191 inspi-

306 4216 424 4283 cis,
457 4214 609 4283 haec,
638 4228 689 4272 et
723 4216 823 4270 alia
857 4217 1097 4287 quaevis,
1133 4216 1482 4287 quantumvis
1525 4217 1759 4287 pessima
1818 4217 1916 4269 lin-

307 4323 445 4380 gas,
478 4308 703 4364 minime
749 4323 952 4365 nocere
998 4309 1078 4364 illi
1108 4318 1356 4379 poterant
1397 4306 1494 4382 (a).
1542 4309 1600 4365 Si
1649 4307 1717 4363 ab
1761 4311 1917 4363 inno-

306 4405 484 4461 centia
511 4405 818 4475 prolapsum
842 4420 857 4470 ;
891 4402 958 4460 ad
988 4403 1299 4481 terrendnm
1340 4405 1615 4462 hominem
1635 4449 1650 4472 ,
1676 4419 1910 4474 eumque

306 4497 714 4552 admonendum
746 4513 808 4552 ea
848 4498 1059 4567 posuit,
1093 4512 1160 4553 ne
1192 4497 1258 4553 ab
1281 4497 1426 4552 illius
1447 4498 1788 4568 jussiouihus
1818 4497 1913 4552 de-

2020 3285 2072 3339 itt
2096 3285 2361 3354 exemplis
2391 3284 2455 3339 iis
2478 3328 2493 3355 ,
2524 3300 2645 3356 qua:
2676 3283 2915 3355 quotidie
2943 3283 3326 3356 causpicimus.
3377 3281 3459 3337 An
3508 3296 3617 3337 non

2018 3375 2311 3431 venenosis
2340 3375 2473 3446 ipsis
2514 3374 2877 3430 animantibus
2909 3374 3111 3430 utimur
3134 3415 3148 3443 ,
3181 3389 3473 3445 earumque
3500 3388 3620 3429 car-

2018 3486 2135 3533 nes,
2161 3479 2215 3525 et
2247 3484 2509 3524 venenum
2540 3469 2715 3538 ipsum
2741 3468 2793 3522 itt
2820 3467 3142 3523 medicinam
3169 3468 3461 3523 vertimus?
3485 3467 3618 3536 Quis

2018 3564 2191 3618 nescit
2225 3578 2325 3618 nos
2358 3578 2605 3617 ursorum
2635 3604 2648 3627 ,
2675 3572 2727 3616 et
2755 3561 3081 3631 reliquarum
3126 3561 3358 3616 ferarum
3387 3560 3620 3631 pellibus

2022 3657 2096 3711 uti
2126 3656 2191 3711 ad
2240 3654 2407 3727 frigus
2436 3654 2795 3726 abigendum,
2838 3669 3041 3725 easque
3074 3654 3126 3709 itt
3167 3663 3409 3710 nostrum
3439 3654 3618 3724 ipsuttt

2016 3750 2445 3805 emolumentum
2486 3747 2848 3805 Convertere?
2878 3746 3003 3802 lla-c
3030 3762 3159 3802 sane
3189 3746 3234 3801 si
3266 3748 3411 3803 serio
3442 3756 3620 3802 atten-

2017 3844 2228 3909 damus,
2256 3843 2396 3897 haud
2431 3843 2578 3896 inviti
2609 3841 2917 3909 fatebimur,
2946 3840 3087 3912 quod
3115 3839 3354 3895 abinitio
3385 3841 3618 3909 positum

2016 3947 2133 4006 est,
2158 3954 2388 4006 corpora
2423 3936 2631 3991 scilicet
2654 3935 2876 4001 quaevis.
2905 3934 3117 3989 tametsi
3147 3935 3616 4001 prmStantissima,

2019 4031 2231 4085 tametsi
2264 4027 2530 4084 interdum
2549 4015 3161 4093 noxia,'hominiscausa
3189 4024 3354 4080 fuisse
3377 4022 3613 4079 condita.

2088 4123 2180 4177 27.
2230 4122 2305 4176 Ea
2340 4135 2500 4188 porro
2534 4118 2759 4175 rationis
2781 4117 2894 4188 vis,
2930 4119 3313 4190 intelligentia,
3342 4133 3404 4173 ac
3435 4116 3619 4173 cousi-

2018 4217 2172 4284 lium,
2202 4217 2401 4287 quibus
2433 4214 2690 4285 pra-ditus
2723 4213 2887 4267 homo
2922 4231 2949 4266 a
3001 4213 3111 4268 Deo
3141 4224 3217 4269 est
3239 4255 3254 4281 ,
3283 4213 3325 4268 si
3358 4210 3506 4267 illunt
3529 4212 3620 4283 ju-

2017 4320 2175 4375 vant,
2225 4318 2281 4362 ut
2334 4308 2524 4362 noxias
2551 4305 2698 4376 ipsas
2738 4307 3042 4360 animantes
3088 4309 3141 4359 itt
3172 4304 3458 4361 utilitatem
3486 4320 3620 4360 con-

2018 4411 2187 4458 vertat
2220 4417 2395 4472 sttam,
2422 4401 2594 4456 multo
2623 4402 3025 4472 tttagisjuvant,
3060 4411 3118 4455 ut
3140 4416 3326 4456 earum
3357 4401 3619 4471 impetus,

2017 4511 2080 4550 ac
2111 4494 2368 4551 ferociam
2399 4495 2596 4559 evitet,
2647 4494 2969 4565 eludatque;
3003 4502 3094 4547 aut
3138 4492 3183 4547 si
3216 4491 3356 4548 fotte
3401 4491 3622 4547 eludere

305 4592 485 4656 ﬁciat,
518 4593 609 4663 qui
645 4593 865 4647 armavit
890 4602 1180 4647 creaturam
1216 4592 1285 4646 ad
1311 4592 1556 4648 ultionem
1586 4593 1914 4647 inimicorum
1941 4578 1995 4640 D
2022 4602 2127 4641 non
2160 4595 2370 4657 potest.
2413 4596 2464 4642 et
2497 4586 2726 4651 evitare,
2758 4586 2996 4641 remedia
3025 4583 3137 4652 illi,
3170 4576 3235 4639 ac
3263 4580 3620 4638 medicamina

304 4703 521 4740 suorum
551 4684 706 4757 (Sep.
741 4702 790 4752 v,
824 4686 935 4757 18).
963 4687 1036 4741 Ea
1067 4687 1294 4741 consule
1327 4687 1737 4757 Seripturarunt
1773 4687 1914 4752 loca,

304 4794 431 4846 qu;e
476 4779 529 4831 in
562 4776 770 4848 pagina:
799 4777 947 4833 calce
994 4788 1123 4832 nom
1154 4777 1339 4852 (Leuit.
1382 4794 1541 4846 sxw,
1576 4778 1682 4844 22;
1732 4775 1918 4834 Deute-

303 4886 427 4925 ron.
474 4884 655 4932 xxxu,
691 4868 761 4924 2b
789 4910 802 4929 .
837 4878 888 4923 et
917 4869 1004 4924 lib.
1037 4869 1105 4923 IV
1131 4868 1265 4941 Reg.
1298 4885 1370 4938 n,
1415 4869 1531 4941 24).
1561 4868 1737 4938 Quid?
1777 4869 1919 4940 quod

303 4961 424 5032 ipsa
454 4961 670 5016 leonum
714 4960 902 5017 feritas
946 4962 1180 5017 divinam
1225 4963 1672 5033 omnipotentiam
1721 4962 1916 5017 mirum

302 5053 361 5107 in
397 5054 623 5109 modum
654 5068 758 5108 non
800 5069 926 5108 raro
955 5053 1374 5109 commendavit.
1403 5052 1541 5122 Quid
1582 5052 1916 5121 inusitatius,

301 5145 546 5215 ideoque
563 5144 692 5216 quid
714 5145 781 5199 ad
803 5143 1038 5199 divinam
1058 5144 1507 5217 omuipoteutiam
1532 5145 1916 5201 celebrandam

300 5238 491 5307 aptius
520 5250 586 5291 eo
610 5244 881 5306 portento,
903 5236 1050 5307 quod
1074 5246 1186 5291 tum
1207 5238 1431 5309 contigit
1460 5279 1473 5302 ,
1505 5253 1670 5307 quum
1711 5252 1782 5292 ne
1815 5237 1913 5291 Da.

379 5402 465 5471 (a)
509 5401 643 5457 Vide
668 5402 896 5460 obsecro
915 5416 1035 5473 quae
1063 5400 1167 5455 hoc
1196 5415 1359 5473 super
1401 5407 1720 5473 argumento
1751 5390 1914 5473 docet

296 5470 643 5543 Augustinus
665 5475 703 5529 l.
729 5474 837 5529 tde
857 5470 996 5529 Gen.
1024 5474 1285 5528 adversus
1311 5470 1699 5537 Mauicheis,
1731 5487 1785 5524 ιι.
1812 5470 1906 5526 29.

384 5565 476 5640 (b)_
506 5566 740 5640 lgnatius
768 5566 969 5640 Martyr
997 5563 1333 5640 in_Ep_istoIa_
1346 5562 1426 5640 ad_
1444 5563 1604 5640 Rom.
1633 5561 1911 5640 n._4;ﬁEu-

296 5632 589 5695 sclnhis't.
622 5638 712 5694 lib.
748 5654 871 5703 Vlll,
904 5632 1021 5707 cap.
1058 5632 1268 5707 7;?Acta
1300 5633 1357 5690 S.
1391 5633 1449 5691 S.
1478 5632 1742 5707 Taraclti,
1773 5632 1906 5707 Pro-

298 5714 363 5766 ln
390 5754 405 5775 ,
441 5719 548 5765 etc.
577 5753 592 5775 ,
621 5728 677 5765 n.
710 5712 778 5768 10
802 5752 816 5777 ,
843 5704 984 5780 apud
1032 5706 1293 5774 Ruiuart,
1325 5722 1446 5777 pag.
1501 5705 1607 5762 592
1653 5704 1907 5762 editionis

297 5781 668 5841 Veronensis.

2020 4690 2241 4750 pra-stet
2272 4678 2535 4733 adversus
2579 4694 2765 4733 earum
2800 4693 3003 4732 venena
3024 4716 3039 4742 ,
3073 4692 3136 4731 ac
3175 4690 3388 4731 morsus
3416 4692 3429 4728 :
3462 4677 3623 4730 sicut

2020 4773 2283 4829 rarissimi
2316 4772 2456 4835 sint,
2497 4787 2632 4842 quos
2666 4772 2936 4836 ferarum,
2983 4785 3048 4826 ac
3094 4770 3428 4840 serpentium
3478 4785 3619 4826 mor-

2021 4864 2170 4920 sibus
2203 4863 2520 4919 interfectos
2548 4864 2969 4935 couspiciamus,
2993 4872 3152 4932 atque
3181 4865 3320 4918 inter
3354 4863 3452 4918 hos
3473 4863 3620 4932 ipsos

2023 4957 2224 5012 multos
2247 4955 2505 5025 reperies,
2534 4955 2624 5024 qui
2659 4954 2802 5010 feras
2833 4955 3002 5025 ipsas,
3025 4969 3089 5010 ac
3110 4966 3396 5026 serpentes
3422 4956 3472 5010 itt
3502 4971 3623 5023 pcr-

2021 5049 2218 5104 niciem
2249 5062 2400 5102 suam
2430 5055 2635 5102 temere
2668 5044 2966 5101 irritarunt.
3000 5045 3130 5115 Quis
3161 5062 3341 5116 porro,
3390 5055 3447 5103 ttt
3467 5046 3619 5104 Scri-

2022 5149 2192 5213 ptura:
2213 5139 2394 5197 verbis
2416 5147 2533 5195 utar
2559 5138 2579 5215 (
2599 5136 2803 5193 Eccles.
2836 5155 2932 5205 xu,
2964 5138 3079 5213 l3),
3103 5140 3425 5197 miserebitur
3452 5142 3619 5196 omni-

2023 5235 2145 5302 bus,
2173 5236 2259 5306 qui
2284 5233 2704 5307 appropinquant
2732 5232 2903 5288 bestiis
2931 5234 2956 5286 .9
3538 5220 3547 5227 ’

2090 5398 2171 5464 (c)
2212 5396 2407 5451 Euseb.
2441 5398 2505 5450 tle
2534 5392 2857 5466 Hartyribus
2886 5391 3193 5458 Palestina,
3223 5407 3344 5464 cap.
3374 5409 3425 5448 χι
3452 5393 3621 5466 (apud

2016 5467 2245 5523 Ruinart
2285 5486 2342 5523 ιι.
2373 5466 2446 5522 42
2476 5485 2489 5523 :
2523 5465 2756 5533 Quorum
2778 5475 3133 5536 (mactanda
3161 5468 3413 5519 cadauera
3432 5506 3448 5527 ,
3485 5465 3621 5536 etc.)

2016 5542 2149 5594 Acta
2178 5540 2217 5594 S
2246 5537 2535 5603 Vincentii,
2562 5553 2682 5609 cap.
2712 5534 2928 5609 x(apud
2953 5535 3227 5609 Ruinart.,
3252 5536 3363 5609 edit
3393 5534 3619 5609 verum,

2015 5625 2134 5681 pag.
2183 5609 2344 5677 328).
2379 5613 2553 5681 Atque
2600 5607 2652 5681 id
2706 5607 2909 5681 ipsum,
2937 5607 3174 5681 quodin
3209 5608 3622 5681 Actis,_legitur

2014 5677 2175 5738 etiam
2221 5682 2271 5736 itt
2304 5680 2577 5752 Prudentii
2609 5678 2824 5752 ﬂyntuo
2874 5680 2938 5735 de
2957 5677 3029 5735 ’S.
3072 5677 3330 5735 Vincentii
3363 5677 3621 5752 Μανῆ]ήο

2012 5753 2273 5827 inscripto
2291 5793 2307 5824 ,
2344 5751 2568 5823 strophe
2596 5752 2666 5809 99
2690 5791 2708 5822 ,
2754 5751 2859 5810 100
2882 5794 2899 5823 ,
2925 5761 3033 5810 etc.

3494 5860 3577 5912 ί
