4100 6196
477 232 585 295 835

1204 224 1271 284 IN
1309 220 1566 282 HlLARll
1607 217 1827 283 EPIST.
1872 214 2004 275 SEU
2047 203 2270 275 LIBEL.
2320 199 2776 271 DlSSER'l‘A'I'lO
2812 194 3050 263 PRIMA.

3684 196 3789 253 8.26

551 354 644 411 28.
692 353 869 424 Atque
894 349 960 406 ad
984 362 1070 411 ea.
1097 360 1218 417 quae
1246 357 1313 400 ex
1346 337 1693 398 multitudine
1726 337 1985 401 terarum,
2016 346 2082 388 ac
2107 337 2154 399 Α
2186 342 2283 398 per
2313 325 2402 382 illa
2432 323 2654 396 quidem
2681 322 2830 393 ipsos
2859 330 3151 385 terremus,
3183 331 3278 387 per
3302 313 3420 370 hate
3445 319 3632 371 autem
3661 325 3791 367 eru-

484 446 816 519 serpentium
843 457 873 496 a
904 442 1013 496 Deo
1041 436 1384 495 conditorum
1418 432 1633 503 objecta
1663 436 1826 493 sunt,
1867 426 2083 497 vulgata

484 540 734 614 quidem,
766 533 860 591 sed
891 546 1001 588 non
1055 525 1411 600 improbanda
1462 520 1745 595 responsio
1789 518 1909 576 hac
1963 525 2083 585 est,

484 613 668 706 quam,
695 629 744 685 si
767 629 869 693 vis,
899 626 1226 683 conﬁrmare
1250 618 1539 679 commode
1560 625 1714 689 potes
1740 613 1807 670 iis
1824 655 1840 679 ,
1868 626 1989 682 qua:
2016 624 2086 666 es

488 700 811 781 i‘beodoreti
837 717 1142 791 quaestione
1176 730 1306 773 svnt
1353 713 1407 770 in
1430 709 1685 768 Genesim
1707 706 1964 775 deinceps
1993 700 2088 759 ad-

485 818 769 875 ducemus.
1084 818 1091 823 ‘

556 906 647 963 29.
687 903 868 962 Venio
895 914 1040 958 nunc
1077 899 1147 955 ad
1177 912 1240 953 ea
1270 890 1601 951 Theodoreti
1644 887 1831 953 verba.
1861 900 1983 958 qua:
2020 898 2090 941 ex

486 1001 786 1076 quaestione
824 1014 892 1054 xx
941 996 992 1052 in
1025 992 1278 1050 Genesim
1311 992 1741 1060 excerpserunt,
1782 988 1948 1052 atque
1994 975 2094 1035 ad-

487 1109 681 1153 versus
710 1105 811 1147 nos
838 1094 1118 1145 urserunt.
1148 1082 1350 1139 Fateor
1390 1093 1553 1151 porro
1588 1076 1769 1133 statim
1796 1113 1813 1141 ,
1840 1086 1929 1133 me
1970 1083 2092 1127 cum

491 1188 610 1245 haec
663 1184 717 1240 in
768 1180 1045 1239 veteribus
1072 1174 1403 1234 editionibus
1433 1171 1536 1243 legi
1563 1209 1579 1236 ,
1624 1165 1871 1225 nonnihil
1924 1161 2095 1219 fuisse

490 1286 822 1338 commotum
875 1293 889 1330 :
931 1273 1291 1331 adversantur
1340 1268 1486 1324 enim
1528 1265 1628 1321 ista
1660 1277 1767 1319 non
1798 1257 1961 1317 modo
1992 1255 2095 1312 Pa—

493 1376 666 1432 tribus
693 1373 760 1429 iis
783 1413 801 1441 ,
829 1382 966 1442 quos
1001 1363 1259 1435 allegavi,
1291 1375 1478 1416 verum
1525 1358 1689 1413 etiam
1738 1350 2088 1411 Theodoreto

495 1469 633 1540 ipsi,
679 1465 771 1536 qui
811 1441 867 1520 et
896 1462 946 1516 in
979 1451 1395 1515 Commentariis
1418 1451 1474 1506 in
1508 1447 1803 1520 Epistolatn
1834 1442 1881 1499 ll
1904 1441 1973 1496 ad
1998 1441 2101 1496 tio-

2187 419 2400 483 dimus;
2431 429 2662 488 utraque
2712 428 2845 470 vero
2894 411 3158 477 facimus,
3189 408 3533 466 honestatem
3571 417 3792 465 omnem

2187 514 2267 572 eis
2294 517 2666 585 procurantes.
2703 507 2838 565 Cum
2868 506 3031 578 igitur
3059 503 3324 562 Dominus
3363 500 3506 557 Deus
3543 495 3796 554 animad-

2188 608 2443 665 vertisset
2463 646 2478 673 ,
2508 619 2609 662 nos
2635 604 2702 659 ad
2734 601 3003 673 ignaviam
3032 598 3320 668 proclives.
3353 591 3579 660 bestias,
3622 603 3681 650 et
3701 605 3796 648 re.

2192 702 2344 774 ptilia
2375 700 2525 772 prius
2568 696 2849 761 condidit,
2873 694 3039 752 veluti
3068 694 3182 749 lora
3228 686 3477 764 quasdam
3501 726 3517 755 ,
3549 695 3608 745 et
3632 682 3801 743 terri-

2192 795 2499 853 culamenta
2533 810 2549 850 :
2580 802 2638 849 ut
2683 807 2780 862 per
2808 804 2873 847 ea
2902 803 3001 845 nos
3031 794 3247 845 terrens
3286 782 3352 840 ad
3402 797 3464 839 se
3510 778 3759 838 trahet-ct
3782 815 3800 846 ,

2193 899 2356 960 atque
2383 887 2504 957 ejus
2532 884 2797 942 auxilium
2837 881 3275 954 imploraremus.
3333 879 3406 935 At
3442 872 3807 945 quemadmo-

2194 983 2323 1039 dum
2346 981 2436 1051 qui
2475 978 2773 1053 perfectam
2801 985 3018 1033 atatem
3054 974 3374 1045 attigerunt,
3390 968 3810 1026 terriculamem

2197 1086 2247 1135 ta
2294 1074 2640 1145 bujusmodi.
2698 1079 2755 1129 et
2797 1071 2912 1127 lora
2939 1074 3301 1127 contemnunt
3331 1083 3346 1118 :
3373 1065 3456 1122 sic
3482 1061 3579 1135 qui
3606 1063 3661 1116 in
3686 1059 3811 1116 vir-

2196 1177 2312 1225 tute
2341 1164 2764 1234 educati‘suut,
2812 1161 3112 1220 bestiarum
3152 1160 3402 1216 incursus
3432 1153 3661 1213 minime
3690 1154 3812 1208 tor-

2199 1262 2425 1320 midant.
2470 1257 2751 1330 Siquidem
2782 1254 2913 1314 Adae
2934 1296 2952 1323 ,
2995 1255 3149 1327 prius
3170 1264 3335 1324 quant
3362 1256 3645 1321 pem-asset
3668 1287 3684 1311 ,
3713 1258 3814 1300 as-

2198 1356 2463 1415 sistebant
2506 1352 2695 1410 bestite
2724 1350 3042 1421 obsequium
3075 1346 3407 1405 deterentes.
3439 1345 3503 1402 Et
3544 1357 3767 1399 rursum
3793 1384 3810 1408 ,

2200 1452 2376 1521 ipsum
2408 1448 2522 1505 Noe
2545 1445 2940 1518 ingredientem
2970 1443 3169 1501 Arcam
3188 1479 3206 1507 ,
3235 1440 3344 1506 leo,
3374 1437 3600 1509 pardus,
3632 1444 3692 1491 et
3720 1449 3817 1489 re-

495 1528 750 1623 r'intbios,
781 1569 902 1629 qua:
930 1548 1324 1607 Dissertatione
1347 1542 1415 1597 ιιι
1437 1541 1683 1603 alterum,
1711 1545 1767 1592 et
1793 1536 1845 1589 itt
1869 1548 1930 1589 ea
1959 1532 2098 1605 ipsa,
2204 1545 2351 1616 milia
2373 1541 2714 1600 ,πορίεείηη
2746 1552 2996 1610 qumque.
3025 1534 3210 1591 ονίωη
3242 1547 3393 1588 mm
3413 1528 3816 1601 meum“...

494 1668 657 1725 quatn
697 1650 1004 1719 allegarunt
1027 1685 1043 1710 ,
1087 1639 1389 1713 quazstioue
1418 1650 1487 1725 ss
1515 1638 1568 1725 in
1597 1628 1852 1688 Genesim
1894 1624 1982 1725 (si
2010 1639 2103 1680 ve-
2204 1638 2274 1693 Ει
2301 1634 2511 1691 name“
2540 1632 2769 1691 aderam
2800 1630 3023 1695 leones.
3055 1628 3182 1699 qui,
3211 1623 3413 1696 auom
3432 1620 3695 1685 “adici,
3723 1632 3824 1673 π.

498 1711 698 1800 iustam
723 1711 835 1796 Pici
859 1711 1153 1791 editionem
1179 1721 1569 1801 sequintur),id
1596 1724 1799 1792 ipsum,
1829 1715 1976 1789 quod
2003 1730 2101 1771 nos
2130 1720 2179 1783 Β
2207 1731 2402 1789 cedere
2433 1739 2614 1786 “me”
2641 1724 2710 1780 ad
2734 1739 2859 1782 eum
2885 1739 2994 1779 non
3021 1719 3297 1777 “deum
3316 1760 3332 1787 ο
3364 1731 3434 1774 eo
3454 1714 3600 1786 quod
3632 1714 3688 1768 ί.
3720 1711 3824 1767 mo

498 1831 852 1897 tradidimus,
885 1828 1081 1893 docet,
1115 1825 1230 1880 inec
1266 1819 1484 1891 scriptis
1517 1814 1754 1886 prodens
1781 1831 1793 1865 :
1837 1830 1857 1863 ι
1887 1809 1945 1866 Si
1974 1822 2103 1878 ergo
2207 1823 2485 1895 specimen
2515 1817 2787 1890 quoddam
2810 1816 3049 1871 div-"mm
3078 1812 3365 1883 imaginem
3397 1823 3512 1881 pm
3546 1822 3607 1864 se
3634 1808 3826 1862 rem“

500 1927 591 2001 qui
621 1939 728 1980 non
755 1921 917 1978 debet
940 1919 1121 1974 velare
1144 1922 1328 1987 caput,
1371 1912 1549 1981 imago
1583 1907 1680 1962 Dei
1710 1914 1828 1969 est,
1862 1901 2105 1973 profecto

501 1993 624 2095 quae
651 2018 866 2075 velatur
885 2056 901 2080 ,
954 2027 1060 2068 non
1092 2018 1178 2067 est
1204 2011 1381 2076 imago
1412 2005 1504 2060 Dei
1524 2043 1555 2091 ,Α
1586 1998 1836 2073 quamvis
1861 1993 2104 2067 ejusdem

500 2082 695 2172 anima:
724 2112 797 2167 sit
826 2108 1118 2180 particeps.
1150 2097 1437 2171 Quomodo
1467 2082 1597 2166 ergo
1624 2094 1788 2148 homo
1815 2100 1900 2145 est
1929 2089 2108 2157 imago

506 2207 640 2264 Dei‘l
670 2203 966 2261 secundum
1017 2194 1303 2268 imperium
1335 2200 1390 2247 et
1421 2197 1768 2262 potestatem.
1801 2180 1954 2250 Quod
1987 2193 2111 2248 per-

508 2300 701 2356 hibere
737 2295 955 2350 videtur
980 2292 1145 2347 etiam
1172 2301 1279 2343 vos
1309 2282 1490 2341 divina
1509 2323 1525 2349 ,
1553 2295 1675 2350 quae
1709 2277 1841 2332 dicit
1874 2292 1887 2329 :
1921 2272 2114 2328 Facia-

507 2410 622 2450 mus
652 2391 911 2446 hominem
934 2383 1002 2440 ad
1029 2383 1304 2455 imaginem
1324 2420 1337 2441 ,
1368 2384 1418 2432 et
1439 2371 1830 2431 similitudinem
1857 2375 2110 2421 nostram.

510 2487 578 2542 Et
628 2485 848 2541 modum
890 2477 1226 2549 subjungens
1272 2471 1348 2526 ait
1390 2465 1504 2524 :Et
1553 2464 1844 2525 dominetur
1885 2457 2111 2530 piscibus

510 2581 690 2645 maris,
723 2586 771 2634 et
793 2573 1085 2631 volatilibus
1111 2568 1259 2632 caeli,
1290 2575 1336 2623 et
1362 2562 1534 2619 bestiis
1565 2572 1716 2616 term
1742 2600 1757 2621 ,
1789 2567 1848 2614 et
1878 2554 2111 2624 reliqua.

512 2672 977 2747 Quemadmodum
1038 2669 1182 2727 enim
1232 2663 1375 2720 Deus
1421 2657 1676 2717 omnibus
1724 2654 1985 2722 imperat,
2035 2648 2116 2703 sic

516 2745 680 2825 homo
723 2768 824 2835 iis,
858 2781 976 2836 quat
1024 2770 1151 2817 sunt
1196 2772 1359 2827 super
1410 2765 1631 2811 terram.
1666 2750 1737 2805 At
1764 2745 2115 2817 quamobrem

512 2862 713 2919 mulier
743 2834 852 2915 non
876 2834 1193 2913 dominatur
1241 2844 1516 2921 praedictis
1542 2885 1557 2911 ,
1607 2842 1700 2899 sed
1749 2838 1922 2894 virum
1956 2834 2118 2890 habet

515 2974 613 3029 pro
640 2955 840 3027 capite,
874 2967 993 3022 qua:
1026 2959 1207 3005 tamen
1239 2944 1448 3013 reliqua
1479 2940 1580 2996 sub
1610 2942 1881 3008 potestate
1921 2937 2069 2986 tenet
2101 2944 2116 2983 ε

514 3021 599 3108 vir
621 3021 799 3105 autem
823 3021 932 3102 non
963 3042 1238 3113 subjectus
1262 3047 1347 3092 est
1374 3032 1585 3089 mulieri
1602 3028 1868 3083 iiVerum
1890 3021 2113 3079 dubium

2211 1916 2612 1985 conspicerent.
2641 1910 2834 1968 Itidem
2864 1912 3070 1981 vipera,
3096 1922 3223 1979 quas
3250 1904 3452 1962 dentes
3474 1901 3744 1973 iniecerat
3767 1898 3828 1954 in

2212 2025 2430 2068 manum
2461 2003 2742 2078 Apostoli,
2790 2016 2916 2062 cum
2954 2001 3097 2061 nihil
3148 1999 3356 2072 peccati
3402 2005 3697 2060 tenertnn',
3726 1999 3831 2047 aut

2214 2106 2380 2162 molle
2408 2104 2460 2158 in
2490 2117 2559 2158 eo
2591 2098 2919 2171 reperisses;
2950 2111 3077 2153 mox
3106 2093 3299 2152 resiliit
3322 2132 3339 2159 ,
3380 2100 3438 2147 et
3464 2089 3520 2145 in
3548 2088 3730 2158 ignem
3764 2098 3830 2140 se

2213 2199 2486 2270 conjecit,
2532 2196 2857 2270 supplicium
2900 2187 3309 2262 quodammodo
3353 2185 3424 2242 de
3464 2198 3528 2239 se
3566 2183 3682 2254 ipsa
3726 2192 3835 2234 su-

2216 2307 2393 2356 mens,
2427 2289 2571 2362 quod
2593 2303 2794 2359 corpus
2821 2285 2925 2343 sibi
2946 2284 3259 2341 nullatenus
3279 2280 3610 2335 conveniens
3629 2273 3834 2330 adorta

2215 2397 2384 2442 esset.
2419 2385 2526 2439 Nos
2554 2394 2737 2439 autem
2763 2380 2887 2437 ideo
2913 2378 3119 2434 bestias
3140 2373 3503 2431 formidamus
3521 2412 3537 2432 .
3560 2369 3690 2440 quia
3712 2367 3836 2422 vir-

2221 2488 2334 2533 tute
2360 2475 2602 2547 prazditis
2629 2472 2873 2531 monibus
2896 2485 3004 2526 non
3034 2481 3243 2526 suum.
3273 2464 3339 2545 Et
3368 2463 3441 2521 ob
3468 2462 3523 2519 id
3560 2460 3708 2519 Deus
3734 2473 3835 2515 so-

2217 2568 2467 2627 cordiqu
2492 2570 2656 2626 etiam
2677 2566 2973 2623 hominum
2988 2577 3176 2620 curam
3205 2574 3371 2633 agens
3388 2598 3408 2625 ,
3435 2572 3531 2614 eas
3553 2556 3607 2613 in
3644 2567 3838 2611 renn-

2222 2667 2362 2720 ttora
2391 2664 2507 2719 loca
2536 2660 2797 2729 relegavit
2814 2698 2834 2725 ,
2865 2668 2922 2713 et
2945 2657 3012 2714 iis
3036 2662 3363 2713 nocturnum
3394 2659 3610 2719 tempus
3637 2645 3710 2701 ad
3735 2660 3840 2702 es—

2222 2772 2343 2813 cam
2370 2753 2715 2827 quaerendam
2745 2751 2971 2823 largitus
2991 2761 3070 2805 est
3091 2765 3107 2804 :
3127 2746 3191 2803 In
3219 2745 3495 2819 ipsum
3515 2751 3684 2806 nocte,
3712 2738 3800 2795 ait
3818 2776 3836 2806 ,

2224 2847 2606 2922 pertransibunt
2632 2862 2808 2902 omnes
2833 2844 3008 2899 bestia
3028 2842 3191 2897 sileat.
3223 2836 3529 2910 Raptilibus
3558 2848 3691 2891 vero
3723 2846 3838 2886 an-

2228 2953 2311 2997 tra
2340 2952 2501 2997 terra:
2533 2938 2794 3010 praebuit,
2830 2946 2890 2991 ut
2918 2934 2978 2990 in
3007 2934 3090 2990 eis
3116 2932 3338 2989 latentia
3379 2928 3618 2984 humano
3638 2922 3841 2996 generi

2228 3050 2341 3091 non
2362 3040 2621 3090 noceant.
2652 3034 2725 3088 At
2743 3046 2812 3087 ne
2835 3027 3039 3086 bestias
3059 3068 3076 3095 ,
3103 3026 3254 3082 velut
3295 3024 3368 3081 ab
3404 3021 3494 3079 bis
3517 3032 3744 3092 pot-ns
3768 3017 3845 3073 ει.

518 3160 682 3202 omne
709 3140 977 3212 deposui,
1007 3151 1171 3207 quum
1204 3130 1365 3187 didici
1390 3144 1456 3182 ex
1485 3119 1798 3184 Sirmondo,
1822 3117 1977 3187 cujus
2004 3112 2116 3170 edi-

2228 3130 2343 3186 lsesi
2367 3170 2382 3195 ,
2404 3134 2846 3190 contemnamus,
2864 3123 3021 3193 quasi
3050 3119 3210 3177 nobis
3230 3117 3459 3175 mittime
3476 3126 3679 3170 nonae
3700 3124 3842 3183 pos-

518 3240 721 3296 tionetn
752 3242 940 3306 postea
965 3227 1237 3291 consului,
1274 3232 1514 3279 veterem
1543 3213 1837 3273 editionem
1863 3224 1983 3267 esse
2011 3223 2126 3263 cor-

521 3339 760 3400 ruptam.
801 3323 1013 3382 Etettim
1046 3320 1097 3376 in
1133 3315 1452 3390 praefatione
1478 3309 1622 3367 idem
1651 3306 1976 3361 Sirmmtdus
2009 3312 2127 3354 mo-

522 3399 646 3486 net,
679 3424 731 3475 in
759 3416 1002 3475 codicem
1044 3427 1168 3470 eum
1196 3451 1212 3475 ,
1240 3423 1347 3479 quo
1373 3417 1506 3461 usus
1532 3409 1617 3458 est
1646 3399 1810 3456 Picus
1829 3438 1845 3465 ,
1873 3404 1943 3452 ut.
1972 3407 2126 3465 quae-

524 3514 731 3571 stiones
759 3510 857 3565 has
888 3508 1157 3564 latinitate
1186 3501 1448 3564 donaret,
1477 3503 1534 3551 et
1560 3490 1863 3567 praesertim
1896 3489 1949 3543 in
1982 3500 2126 3553 eam,

523 3609 592 3665 de
623 3621 729 3678 qua
778 3603 988 3673 agimus
1012 3640 1031 3668 ,
1056 3595 1419 3669 quaestionem
1451 3604 1524 3645 sx
1553 3587 1721 3644 multa
1752 3581 2037 3652 irrepsisse
2061 3590 2131 3632 ex

529 3675 766 3770 antiquis
789 3691 1032 3758 Catenis,
1055 3702 1284 3760 quarum
1308 3679 1602 3739 auctoritas
1629 3720 1644 3746 ,
1682 3675 1761 3730 uti
1794 3685 1984 3729 omnes
2032 3683 2134 3722 no-

524 3762 695 3857 ruut',
742 3804 849 3844 non
901 3779 1191 3839 admodum
1247 3774 1428 3849 gravis
1478 3781 1581 3829 est.
1631 3767 1800 3825 Addit
1837 3762 2134 3835 permixtas

528 3856 697 3942 tuisse
725 3883 777 3938 in
809 3878 921 3941 Pici
956 3875 1198 3932 editione
1225 3885 1349 3927 cum
1375 3866 1647 3923 sententia
1674 3856 2007 3918 Theodoreti
2038 3870 2136 3911 eas

527 3979 694 4047 ipsas,
725 3990 860 4047 quas
891 3972 982 4028 ille
1009 3968 1207 4039 rejieit,
1240 3960 1492 4035 Origenis
1520 3972 1717 4027 nempe
1739 3996 1755 4024 ,
1790 3948 2013 4008 Diodori
2037 3991 2051 4017 ,
2077 3955 2139 4003 et

528 4043 824 4127 Theodori.
880 4064 1135 4136 Adjieere
1206 4059 1370 4114 etiam
1420 4054 1556 4109 alias
1606 4056 1852 4122 poterat,
1904 4043 2138 4111 ideoque

530 4178 652 4217 eam
678 4204 692 4225 ,
740 4160 807 4215 de
837 4173 942 4230 qua
989 4154 1311 4211 disserimus
1335 4191 1351 4221 ,
1376 4162 1497 4203 eum
1531 4145 1689 4214 hujus
1731 4135 2038 4213 opinionis,
2080 4143 2142 4188 ut

531 4267 657 4308 mox
685 4250 861 4307 dicam
882 4291 898 4317 ,
931 4247 1136 4304 nullum
1182 4250 1442 4315 appareat
1485 4238 1540 4294 in
1570 4232 1846 4294 Sirmondi
1894 4227 2141 4286 editione

533 4344 840 4417 vestigium.
888 4341 1064 4410 Atque
1093 4353 1157 4394 ea
1186 4337 1403 4407 quidem
1453 4329 1730 4389 Sirmondi
1775 4326 1944 4417 editio
1975 4337 2143 4393 super

535 4434 918 4513 probatissimo
962 4433 1113 4499 regio
1141 4426 1331 4484 codice
1380 4424 1667 4479 elaborata
1716 4428 1821 4475 est.
1857 4410 1957 4472 Ubi
2008 4429 2144 4469 vero

2232 3223 2379 3288 sint,
2426 3230 2813 3287 nonnunquam
2843 3216 2985 3271 duos
3032 3220 3130 3269 aut
3174 3223 3290 3267 tres
3312 3226 3346 3266 e
3373 3207 3560 3264 multis
3594 3203 3845 3261 millibus

2232 3314 2320 3371 vel
2348 3330 2377 3368 a
2401 3310 2782 3385 scorpionibus
2800 3307 3004 3380 pungi,
3036 3313 3132 3360 aut
3156 3320 3185 3359 a
3212 3299 3564 3374 serpentibus
3597 3292 3849 3353 mos-iuri

2234 3405 2501 3480 permittit
2531 3404 2577 3461 is
2600 3445 2616 3470 ,
2648 3403 2738 3474 qui
2778 3400 3058 3472 sapienter
3081 3413 3171 3454 res
3194 3402 3410 3453 nostras
3436 3392 3740 3464 gubernat;
3783 3393 3852 3443 ut

2237 3515 2338 3557 uos
2364 3498 2544 3564 veriti,
2577 3512 2647 3555 ne
2662 3494 2795 3567 quid
2815 3493 2994 3552 simile
3017 3490 3312 3562 patiamur,
3340 3487 3512 3546 Deum
3536 3491 3853 3540 creatorem

2236 3594 2293 3648 in
2323 3589 2584 3647 auxilium
2616 3588 2934 3643 invocemus
2954 3624 2973 3650 ,
3002 3584 3357 3640 obsecrantes
3384 3586 3446 3634 ut
3472 3576 3564 3631 illa
3594 3572 3853 3629 omnium

2239 3684 2508 3740 malorum
2534 3680 2839 3751 depultrice
2860 3674 3198 3749 providentia
3208 3687 3311 3730 nos
3328 3667 3850 3727 tueaturme

2240 3786 2300 3832 et
2326 3775 2393 3832 ad
2416 3774 2540 3839 alia,
2569 3773 2759 3830 bestia
2785 3783 2893 3827 non
2917 3777 3047 3826 sunt
3070 3764 3230 3824 nobis
3249 3762 3490 3819 inutiles.
3518 3758 3652 3815 Nam
3674 3771 3740 3813 es
3760 3754 3857 3810 eis

2245 3867 2436 3925 Medici
2480 3864 2773 3938 pharmace
2804 3877 2913 3918 non
2956 3873 3125 3930 pauca
3162 3861 3498 3925 componunt
3524 3849 3593 3906 ad
3622 3847 3859 3905 morbos

2244 3956 2666 4030 prepulsandos.
2688 3954 2862 4010 Nemo
2888 3952 3051 4024 igitur
3072 3950 3259 4007 bestiis
3280 3961 3379 4018 per
3404 3960 3468 4002 se
3482 3940 3860 3999 consideratis

2243 4051 2315 4105 de
2358 4056 2610 4105 creatore
2653 4051 3053 4117 conqueratur,
3082 4039 3181 4097 sed
3211 4039 3500 4096 utilitatem
3532 4035 3858 4102 investiget.

2246 4141 2529 4213 Siquidem
2557 4139 2735 4212 ipsum
2789 4137 2953 4194 etiam
2996 4149 3199 4206 corpus
3251 4132 3551 4188 humanum
3604 4126 3863 4199 quamvis

2249 4234 2586 4302 formosum,
2633 4238 3028 4302 temperatum,
3074 4224 3302 4285 etvaria
3327 4224 3569 4296 partium
3612 4219 3865 4277 utilitate

2253 4326 2537 4398 praeditum
2554 4366 2573 4401 ,
2625 4338 2782 4381 muco
2833 4332 3051 4390 tamen,
3082 4328 3141 4377 et
3180 4329 3341 4392 sputo
3363 4358 3380 4385 ,
3406 4332 3475 4374 ac
3500 4314 3687 4374 fetido
3708 4323 3867 4369 stero

2250 4434 2404 4487 core,
2438 4418 2585 4490 quod
2612 4415 2888 4485 excernit,
2914 4429 3023 4471 nou
3050 4423 3269 4471 caret...
3300 4410 3387 4469 Ad
3414 4410 3561 4473 hut»:
3578 4423 3710 4480 ergo
3732 4422 3866 4463 mo-

533 4517 891 4604 qutestionem
920 4524 1093 4596 ipsam
1120 4535 1190 4574 xx
1222 4517 1367 4584 edit,
1403 4510 1537 4570 nihil
1565 4527 1753 4567 eorum
1793 4498 1993 4575 tradit,
2020 4519 2144 4577 quae
2169 4514 2223 4582 ι)
2248 4513 2384 4571 dum
2412 4523 2466 4569 ει
2493 4512 2722 4569 aliorum
2757 4509 3177 4580 unumquodque
3194 4506 3571 4565 annum
3593 4545 3609 4571 ν
3636 4516 3744 4559 μοι,
3772 4502 3870 4573 ip,

538 4601 752 4693 objecta
801 4628 967 4684 sunt,
996 4628 1118 4686 qum
1157 4619 1450 4685 propterea
1477 4601 1719 4662 addititizt
1752 4615 1873 4658 esse
1903 4608 2141 4654 constat.

549 4688 631 4769 Ad
665 4714 779 4767 haec
808 4711 899 4787 (ut
941 4707 1149 4779 reliqua
1178 4702 1342 4759 etiam
1387 4692 1670 4767 omittam)
1698 4737 1712 4763 ,
1742 4709 1805 4751 ea
1846 4688 2143 4748 tradiderat

539 4804 918 4862 Tlteodoretus
955 4796 1262 4871 quaestione
1307 4808 1441 4848 xvttt
1488 4793 1543 4846 in
1573 4786 1869 4871 Genesim,
1901 4801 2020 4858 qua:
2066 4788 2143 4840 uti

543 4900 739 4953 mirum
775 4893 830 4949 in
861 4894 1081 4960 modum
1109 4886 1435 4945 sententiam
1469 4866 1710 4939 nostram
1746 4880 2099 4950 comprobant
2120 4918 2141 4946 ,

541 4992 615 5047 ita
648 4985 935 5044 manifesto
979 4984 1046 5040 iis
1072 4981 1431 5038 adversantur
1453 5018 1469 5046 ,
1496 4989 1619 5047 quae
1644 4973 1856 5046 objecta
1886 4980 2032 5028 sunt.
2058 4972 2144 5026 An

543 5076 942 5141 Theodoretum
974 5078 1147 5133 virum
1170 5090 1390 5148 gravem
1412 5115 1427 5140 ,
1454 5081 1512 5133 et
1534 5070 1676 5143 apud
1717 5079 1928 5129 veteres
1956 5067 2143 5123 lauda-

546 5179 811 5234 tissimum
856 5171 946 5227 hic
975 5179 1082 5225 tam
1130 5168 1337 5229 rutilum
1366 5177 1596 5231 censes,
1623 5170 1682 5218 ut
1722 5157 1828 5217 levi
1854 5159 2148 5217 intervallo

546 5273 813 5330 contraria
841 5262 1148 5337 preponat?
1173 5260 1281 5318 Sed
1316 5272 1500 5329 operat
1527 5253 1760 5326 pretium
1789 5268 1914 5309 reor
1944 5255 2143 5323 ipsam,

547 5380 708 5438 quam
738 5361 850 5418 disi
871 5400 888 5429 ,
921 5371 1053 5415 svnt
1080 5350 1411 5411 Theodoreti
1433 5347 1793 5421 qmtbnem
1813 5348 1870 5402 in
1896 5343 2147 5403 Ger-uim

549 5455 771 5515 lectoris
792 5451 968 5511 oculis
1001 5448 1309 5519 subjicere,
1356 5451 1425 5499 ut
1465 5455 1537 5499 al
1574 5454 1651 5499 eat
1688 5439 2032 5512 apertissime
2057 5444 2151 5494 me

549 5566 679 5609 vera
703 5544 1063 5623 proposuisse
1088 5539 1373 5612 dignoscat
1391 5551 1408 5590 :
1428 5550 1451 5588 r
1481 5532 1845 5623 Interrogatio
1876 5540 2031 5589 svnt.
2066 5529 2150 5587 Ad

552 5644 680 5719 quid
708 5620 852 5701 Deus
875 5635 1081 5698 ereavit
1097 5631 1325 5700 bestias,
1352 5638 1408 5687 et
1436 5622 1691 5700 reptilia?
1725 5620 1884 5683 Pueri
1908 5635 2021 5681 tum
2043 5632 2156 5680 tere

555 5718 947 5804 riculamentis,
976 5742 1089 5789 tum
1117 5728 1285 5786 etiam
1312 5725 1445 5782 loris
1462 5765 1489 5792 ,ν
1520 5731 1581 5780 ut
1601 5722 1765 5796 virgis
1790 5720 2052 5792 indigent.
2083 5718 2157 5776 Et

2250 4625 2375 4665 sum
2404 4623 2501 4678 per
2544 4622 2606 4664 se
2648 4604 3097 4670 considerantes,
3144 4602 3437 4658 noxiumne
3475 4599 3578 4665 sit,
3607 4613 3677 4653 an
3706 4611 3871 4654 eont-

2259 4702 2519 4766 modum;
2546 4699 2645 4756 sed
2677 4714 2744 4754 an
2789 4698 3024 4768 aliquam
3057 4693 3312 4751 universo
3339 4692 3626 4749 utilitatem
3662 4688 3870 4745 conﬁe-

2255 4802 2361 4852 rat.
2386 4794 2523 4849 Nam
2548 4801 2605 4849 et
2632 4791 2764 4849 fern
2793 4790 3065 4847 hominem
3084 4795 3414 4843 reverentur
3446 4792 3673 4856 propter
3701 4782 3874 4837 attri-

2255 4888 2441 4946 butam
2484 4885 2564 4941 illi
2592 4885 2664 4940 ab
2695 4883 2850 4939 initio
2897 4882 2953 4939 in
2996 4881 3144 4951 ipsas
3180 4886 3536 4950 ponis-tatem.
3578 4874 3875 4933 interdum

2258 4990 2441 5035 tamen
2473 4977 2623 5033 illum
2650 4977 2800 5033 vel-at
2826 4974 3025 5031 divinat
3068 4972 3209 5044 legis
3233 4970 3701 5043 praevaricatum
3728 4982 3878 5024 eam

2254 5079 2511 5128 temnunt
2535 5112 2550 5135 ,
2598 5065 3057 5143 quenadmodum
3104 5065 3335 5138 improbi
3387 5064 3535 5125 servi
3580 5062 3879 5133 despicere

2256 5166 2386 5221 illos
2414 5167 2628 5232 solent,
2658 5166 2755 5236 qui
2780 5175 3089 5233 eosrsgere
3126 5174 3161 5217 a
3188 5158 3433 5218 [terni-is
3454 5160 3587 5230 iussi
3608 5166 3776 5223 sunt,
3820 5158 3879 5214 si

2256 5272 2360 5315 eos
2386 5259 2625 5315 viderint
2665 5257 2919 5314 admissis
2941 5256 3263 5315 criminibus
3304 5255 3685 5309 auctoritatem
3723 5251 3877 5306 ami-

2259 5351 2427 5407 sisse.
2460 5368 2489 5402 ι
2539 5350 2607 5407 Et
2634 5350 2706 5408 de
2731 5349 3087 5408 Theodoreti)
3109 5342 3643 5408 humanascum
3673 5358 3879 5417 prose-

2255 5450 2515 5514 qhamur.

2344 5533 2824 5592 9038ide
2868 5534 2998 5592 ferae
3016 5538 3459 5607 {serpentesque
3480 5542 3599 5589 “nos
3626 5538 3839 5588 terrent
3858 5569 3880 5598 ,

2266 5640 2434 5701 atque
2461 5641 2559 5684 eos
2596 5627 2882 5700 eﬁ'ngiums
2902 5669 2919 5695 ,
2947 5626 3001 5687 id
3030 5642 3134 5686 nec
3159 5627 3356 5701 ubique
3382 5669 3398 5695 ,
3428 5641 3532 5685 nec
3552 5631 3884 5685 constanter

2272 5724 2371 5789 tit,
2404 5736 2506 5778 nec
2536 5736 2699 5792 quum
2728 5722 2807 5790 ﬁt,
2837 5720 3117 5791 ostendit,
3148 5736 3211 5779 re
3240 5734 3364 5778 vera
3393 5718 3645 5777 homines
3669 5716 3887 5775 alian-
