4100 6196
342 238 450 306 es:
1078 241 1150 301 ιιι
1182 242 1445 303 unum
1482 245 1707 306 smsr.
1748 245 1882 305 seu
1919 244 2146 306 staec.
2184 232 2657 311 DISSERTATIO
2683 250 2925 317 mnta.
3543 262 3654 325 sas

338 360 486 419 tibus
526 359 700 415 brutis
743 360 988 432 terisque
1036 361 1305 421 insanire
1353 381 1367 418 :
1401 372 1609 421 terrent
1653 367 1799 422 enim
1847 379 1946 422 nos
1972 365 2235 438 AUsque
2271 368 2409 425 adeo
2454 369 2722 443 siquidem
2752 373 2805 428 in
2832 373 2978 430 hunc
3008 376 3228 433 modum
3261 380 3441 434 omnia
3494 385 3649 439 nobis

342 457 506 512 etiam
538 456 779 513 latrones
803 496 818 521 ,
846 466 1011 526 atque
1034 471 1133 514 eos
1160 457 1453 530 effugiant»
1475 501 1490 523 ,
1537 472 1638 515 nec
1662 468 1947 530 propterea
2050 472 2413 531 coeperantur
2441 464 2491 518 in
2521 464 2742 533 bonum,
2771 476 2827 521 ut
2855 467 3002 523 inter
3022 469 3140 525 haec
3164 471 3346 527 omnia
3368 472 3533 528 etiam
3554 489 3643 542 ea,

342 547 936 607 latronibusisservire
961 548 1211 605 dicimur.
1262 549 1376 607 Sed
1404 558 1629 621 prastat
1643 552 1951 624 praelatis-
2049 568 2170 623 qua:
2200 553 2335 608 nihil
2382 564 2541 621 sunt,
2590 569 2944 614 numerentur
2965 601 2979 628 ,
3028 561 3276 618 molestia
3298 604 3312 630 ,
3345 563 3567 622 morbus
3593 573 3651 622 et

342 642 497 699 sint
514 640 891 714 kasostomi
912 642 1099 699 verbis
1121 659 1235 700 rem
1263 651 1432 699 tatam
1455 660 1732 715 exponere
1762 661 1775 698 :
1814 644 1950 701 «Ve-

342 750 464 790 rum
484 733 577 790 Hc
602 733 853 795 Gentiles
880 734 1095 804 (inquit
1120 733 1248 807 ille)
1282 735 1520 809 (Honn‘t.
1546 752 1598 792 ιι
1622 735 1758 791 Gen.
1782 754 1841 792 ιι.
1874 734 1944 808 5)

344 828 398 882 in
423 843 525 883 nos
545 829 852 901 insurgunt,
882 836 939 885 et
956 828 1141 885 dicunt
1165 849 1180 885 :
1211 832 1558 902 Compertum
1582 842 1688 900 est,
1714 833 1818 890 ltoc
1837 849 1945 889 non

342 934 467 976 esse
513 936 700 977 rem
728 939 742 975 :
768 938 878 977 non
905 923 1050 980 enim
1094 922 1439 980 dominamur
1481 925 1646 995 feris,
1686 927 1948 997 quemad-

344 1012 566 1069 modum
606 1013 879 1084 pollicitus
918 1022 1041 1081 est,
1068 1016 1168 1071 sed
1212 1016 1346 1087 ipsa:
1378 1018 1543 1073 nobis
1586 1020 1783 1088 potius.
1827 1018 1946 1074 luto

344 1119 453 1161 non
481 1120 678 1162 rerum
709 1115 794 1163 est
821 1106 966 1178 quod
998 1108 1053 1163 hi
1075 1107 1362 1178 objiciunt.
1392 1108 1527 1165 Nam
1549 1124 1678 1166 mox
1706 1118 1765 1165 ut
1788 1124 1947 1181 appa-

343 1199 513 1254 ruerit
543 1199 729 1266 homo,
758 1198 886 1256 ferat
915 1200 1096 1272 fugam
1127 1202 1350 1257 faciunt.
1377 1202 1544 1271 Quod
1564 1204 1613 1258 si
1645 1202 1942 1275 aliquando

341 1291 429 1348 vel
466 1290 611 1346 tame
638 1304 867 1364 urgente
887 1333 904 1358 ,
929 1294 1013 1348 vel
1044 1294 1200 1350 nobis
1226 1294 1353 1351 illas
1393 1295 1791 1352 lacessentibus
1810 1338 1825 1362 ,
1873 1296 1943 1353 ab

339 1382 423 1438 eis
460 1383 717 1438 damnum
746 1386 1079 1455 acdpimus,
1109 1389 1214 1442 hoc
1235 1400 1348 1445 non
1382 1387 1441 1441 iit
1466 1387 1590 1444 ideo
1614 1429 1629 1451 ,
1662 1389 1805 1460 quod
1832 1388 1942 1445 illis

340 1475 393 1530 in
427 1491 528 1531 os
549 1475 620 1531 sit
651 1477 972 1547 imperium,
1003 1477 1101 1539 sed
1142 1478 1216 1535 ob
1256 1480 1468 1549 culpam
1511 1491 1776 1535 nostram.
1804 1480 1939 1537 Nam

336 1583 465 1626 cun
511 1568 751 1626 latrantes
777 1585 878 1626 nos
906 1569 1201 1637 invadunt,
1229 1572 1274 1627 si
1307 1586 1415 1627 non
1447 1572 1782 1644 negligamtts
1801 1613 1816 1639 ,
1842 1572 1939 1628 sed

338 1664 394 1719 in
417 1661 542 1718 illos
565 1676 717 1718 arm
744 1678 1048 1731 sumamus,
1081 1664 1133 1719 id
1166 1680 1273 1721 non
1304 1665 1430 1721 ideo
1460 1668 1552 1730 lit,
1594 1666 1738 1737 quod
1767 1665 1942 1738 iaspe-

2050 642 2166 713 ipsa
2192 660 2340 700 mors
2369 648 2553 712 etiam,
2583 652 2640 704 et
2666 662 3001 718 peccatum.)

2121 739 2214 799 33.
2255 739 2598 809 Perstitimus
2622 741 2890 801 hactenus
2912 746 2969 800 in
2999 745 3087 812 iis,
3110 763 3230 819 qua:
3250 747 3463 811 homini
3488 752 3649 809 noxia

2046 832 2361 889 creduntur.
2393 833 2550 903 Quod
2578 834 2648 889 ad
2677 851 2739 891 ea
2785 837 3004 905 attinet,
3033 855 3156 910 qua:
3205 841 3450 909 inutilis;
3501 844 3649 899 diili-

2046 925 2302 986 cultatem
2346 923 2488 987 hanc
2528 940 2931 998 pratvenerunt,
2981 946 3046 988 ac
3086 947 3310 1002 prorsus
3353 935 3651 1001 dissolvere

2044 1031 2106 1075 se
2149 1033 2312 1088 posse
2354 1028 2651 1090 sperarunt
2693 1022 2884 1090 Stoici,
2912 1036 3202 1081 monentes
3230 1041 3479 1098 magnam
3514 1042 3646 1100 par-

2047 1117 2154 1169 tem
2182 1126 2399 1177 eorum.
2426 1127 2551 1184 qum
2597 1112 2801 1177 homini
2840 1116 3052 1181 inutilia
3082 1119 3275 1189 vulgus
3304 1129 3512 1189 cesset,
3552 1137 3646 1177 re-

2044 1216 2171 1265 vera
2216 1217 2342 1261 esse
2366 1204 2679 1273 utilissima,
2715 1208 2929 1265 tametsi
2979 1225 3168 1273 eorum
3211 1212 3415 1271 utilitas
3460 1214 3645 1277 statim

2043 1309 2151 1353 non
2176 1306 2412 1359 constet.
2442 1299 2613 1365 Aiunt
2634 1299 2783 1361 enim
2803 1342 2820 1369 ,
2849 1310 2905 1355 nt
2929 1302 3108 1361 verbis
3146 1318 3337 1361 eorum
3362 1304 3645 1365 Lactantio

2042 1385 2314 1443 referente
2344 1388 2432 1461 (de
2460 1389 2555 1445 Ira
2597 1392 2697 1447 Dei
2725 1409 2844 1464 cap.
2873 1392 2962 1462 15)
3009 1404 3154 1461 utar,
3190 1413 3209 1446 ι
3233 1396 3392 1453 Multa
3438 1412 3560 1455 esse
3589 1398 3645 1453 in

2039 1478 2408 1548 gignentibus,
2440 1494 2490 1536 et
2519 1481 2574 1537 in
2602 1475 2829 1539 numero
2857 1484 3195 1551 animalium,
3221 1503 3446 1556 quorum
3470 1491 3647 1545 adhuc

2040 1568 2209 1625 lateat
2244 1572 2477 1639 utilitas,
2523 1575 2619 1630 sed
2652 1588 2770 1632 eam
2803 1588 3063 1647 processu
3094 1581 3353 1648 temnoris
3384 1582 3646 1650 inveniri;

2040 1665 2180 1719 sicut
2205 1664 2315 1733 jam
2344 1668 2494 1736 plura
2522 1669 2790 1737 prioribus
2810 1671 3026 1726 smcnlis
3056 1671 3354 1744 incognita,
3405 1676 3646 1732 necessi-

336 1756 480 1810 rium
509 1755 560 1809 in
590 1769 690 1810 nos
719 1755 1037 1824 obtineant,
1066 1757 1162 1812 sed
1191 1757 1336 1827 quod
1366 1769 1565 1814 nostris
1609 1757 1771 1812 saluti
1812 1773 1936 1829 pre-
1965 1760 2014 1823 Β
2042 1762 2142 1819 tes,
2174 1766 2231 1811 et
2255 1768 2388 1811 usus
2415 1758 2736 1816 invenerim

335 1852 652 1923 spiciarnus.
685 1870 710 1905 ι
742 1851 946 1908 Eadem
983 1852 1275 1923 ipsissimis
1320 1855 1432 1909 iere
1478 1853 1658 1909 verbis
1696 1854 1825 1909 alibi
1852 1869 1941 1910 re-

338 1947 469 2016 petit
494 1945 703 2015 (Serm.
737 1960 796 2003 ιιι
838 1947 894 2002 in
918 1946 1106 2004 Gem.
1137 1964 1194 2003 ιι.
1221 1946 1273 2011 5,
1299 1965 1420 2021 pag.
1446 1948 1517 2004 68
1572 1958 1699 2003 tom.
1750 1962 1804 2004 tv
1830 1950 1941 2003 edi-

334 2038 495 2095 tionis
525 2038 908 2113 Hontfucom'i
924 2038 965 2113 ).

406 2135 500 2197 δι.
542 2133 803 2193 Eamdetn
824 2134 1202 2197 diiiicultatem
1227 2137 1394 2192 evitat
1424 2135 1779 2207 Augustinus,
1803 2135 1935 2191 dum

332 2227 537 2282 fatetur
561 2228 737 2300 aliqua
762 2243 827 2283 ex
851 2239 1003 2299 parte
1033 2229 1283 2285 amisisse
1319 2244 1419 2284 nos
1443 2230 1760 2302 dignitatem
1782 2272 1796 2297 ,
1826 2246 1935 2302 qua

330 2317 459 2374 iacti
487 2335 679 2376 sumus
715 2321 780 2376 ad
819 2321 1106 2392 imaginem
1139 2323 1265 2390 Dei,
1294 2322 1509 2392 quando
1539 2325 1822 2378 amisimus
1847 2324 1935 2378 in-

331 2416 677 2479 nocentiam;
704 2416 777 2471 ita
806 2424 985 2471 tamen
1037 2430 1135 2471 nos
1179 2416 1430 2473 amisisse
1456 2418 1657 2473 tutetur
1681 2431 1744 2472 ea
1766 2459 1779 2483 ,
1813 2430 1935 2487 quat

331 2506 636 2572 misimus,
665 2518 723 2561 ut
750 2517 932 2578 neget,
962 2520 1183 2577 prorsus
1210 2509 1464 2564 amisisse
1484 2551 1498 2573 ,
1524 2509 1936 2579 contendantque

333 2611 688 2667 perseverare
732 2598 910 2655 adhuc
955 2601 1010 2654 in
1050 2600 1268 2655 nomine
1310 2608 1637 2672 potestatem
1690 2602 1743 2657 in
1790 2600 1936 2657 fuas

330 2693 501 2764 ipsas,
531 2705 584 2749 et
610 2694 854 2761 belluas,
890 2694 1018 2750 dum
1054 2696 1199 2766 ipsas
1227 2695 1579 2763 edomamus,
1618 2711 1722 2752 nec
1754 2706 1933 2751 tamen

326 2785 399 2840 ab
418 2786 486 2841 iis
508 2786 719 2841 domari
738 2800 839 2841 nos
858 2787 1109 2844 sinimus.
1134 2787 1242 2844 Sed
1264 2800 1487 2858 praestat
1504 2790 1618 2857 ipsa
1648 2788 1934 2859 Augustini

327 2881 534 2935 monita
565 2879 753 2936 audire
777 2879 794 2952 (
813 2880 933 2936 Lib.
963 2897 982 2937 ι
1017 2882 1081 2936 de
1107 2881 1293 2938 Cenes.
1316 2892 1498 2937 contra
1544 2881 1775 2937 Moniclt.
1811 2898 1929 2953 cap.

330 2972 437 3037 18,
469 2972 603 3027 alios
648 2989 703 3026 η.
732 2972 828 3045 29)
863 2988 878 3027 :
911 2992 931 3026 ι
970 2972 1275 3044 Aliquando
1317 2975 1478 3029 etiam
1521 2974 1703 3030 solent
1748 2974 1934 3030 dicere

324 3063 661 3137 (Maniobzei)
695 3084 709 3121 :
740 3067 1015 3137 quomodo
1035 3067 1244 3135 accepit
1264 3067 1428 3123 homo
1460 3074 1783 3138 potestatem
1817 3068 1928 3138 pis-

2114 1846 2204 1903 54.
2233 1847 2573 1921 Quamquam
2598 1866 2824 1909 necesse
2864 1866 2970 1909 non
2998 1866 3101 1923 est,
3136 1864 3193 1910 ut
3208 1857 3282 1911 ad
3314 1857 3643 1915 solutionem

2043 1940 2204 2007 itane,
2232 1958 2357 2010 ηιιω
2381 1946 2675 2017 cmteroqui
2704 1946 2859 2002 valde
2886 1944 3180 2018 probabilis
3226 1960 3331 2016 est,
3365 1951 3648 2024 confugia-

2041 2047 2183 2088 mus.
2242 2034 2314 2089 Ea
2371 2038 2609 2107 quippe,
2663 2052 2784 2109 qua:
2844 2038 3048 2095 homini
3103 2041 3313 2097 inutilia
3366 2045 3641 2113 dixerunt,

2040 2126 2323 2183 utilissima
2395 2145 2516 2185 esse
2560 2130 2855 2199 ‘novimus;
2908 2143 3091 2205 atque,
3146 2144 3208 2189 ot
3257 2148 3351 2206 pra
3372 2143 3646 2194 tereamus

2040 2218 2323 2274 utilissima
2376 2221 2665 2291 declarari,
2719 2235 2988 2295 quatenus
3035 2224 3104 2281 iis
3154 2226 3446 2298 aliquando
3476 2230 3648 2284 utitur

2043 2310 2202 2378 Deus,
2241 2321 2299 2367 ut
2322 2314 2778 2383 omnipotentiatn
2806 2330 2985 2380 suam,
3017 2332 3081 2373 ac
3108 2320 3390 2375 robustam
3420 2335 3641 2377 manum

2039 2404 2320 2472 ostendat;
2349 2421 2454 2477 qua
2484 2406 2552 2462 de
2579 2420 2638 2463 re
2666 2410 2893 2465 consule
2923 2423 3046 2479 qua:
3080 2410 3219 2467 liber
3242 2412 3413 2470 Exodi
3461 2415 3647 2484 copio-

2037 2498 2252 2554 siSsime
2298 2500 2458 2556 docet
2496 2499 2696 2572 (Exod.
2730 2516 2845 2569 vtu,
2877 2502 2964 2568 i7,
2995 2514 3127 2572 etc.,
3153 2506 3245 2571 ει,
3276 2508 3412 2579 etc.)
3441 2529 3454 2564 :
3482 2518 3541 2565 nt
3566 2509 3644 2578 id,

2035 2593 2271 2665 inquam,
2319 2605 2729 2665 praetereamus,
2763 2612 2830 2653 an
2882 2614 2988 2655 non
3020 2599 3383 2659 minutissima
3434 2605 3645 2661 insecta

2038 2685 2243 2742 homini
2307 2688 2594 2744 utilissima
2645 2701 2807 2761 sunt,
2858 2693 3303 2764 quandoquidem
3352 2712 3539 2753 eorum
3589 2703 3644 2754 et

2037 2779 2404 2844 multitudine,
2436 2792 2491 2837 et
2518 2796 2741 2853 genere,
2774 2799 2838 2839 ac
2869 2785 3131 2841 varietate
3172 2786 3396 2842 Divinus
3441 2787 3639 2845 artifex

2037 2887 2097 2929 se
2146 2888 2205 2928 se
2261 2874 2474 2943 prodit?
2523 2875 2582 2930 Si
2611 2877 2732 2947 quis
2759 2877 2826 2932 ad
2859 2893 2919 2934 ea
2951 2895 3071 2951 quae
3103 2879 3390 2937 clarissimi
3444 2880 3646 2937 Radius

2039 2960 2161 3035 (De’
2195 2962 2394 3020 Viventi
2424 2966 2501 3021 ne'
2557 2968 2791 3039 viventi),
2821 2983 2885 3025 ac
2928 2969 3286 3036 Valisnerius,
3311 2980 3365 3027 et
3385 2972 3645 3040 deinceps

2036 3061 2203 3117 multo
2234 3062 2510 3131 copiosius
2532 3061 2895 3120 lieaumurius
2940 3063 3005 3117 de
3034 3064 3240 3121 insectis
3283 3063 3487 3131 docuit,
3519 3064 3644 3121 ani-

322 3160 470 3214 mum
503 3161 691 3226 maris,
713 3172 768 3216 et
796 3161 1092 3216 volantium
1121 3161 1269 3228 coeli,
1296 3171 1352 3218 et
1380 3163 1619 3217 omnium
1648 3174 1925 3232 pecorum,
1957 3149 2002 3213 C
2038 3162 2182 3207 mum
2210 3154 2524 3220 attenderit,
2558 3155 2847 3212 manifesto
2891 3158 3213 3227 conspiciet,
3255 3158 3546 3214 utilissima
3579 3173 3643 3215 ea

323 3257 384 3307 et
413 3251 685 3319 terarum,
713 3268 837 3308 cum
883 3253 1166 3309 videamus
1214 3269 1243 3308 a
1299 3254 1483 3310 multis
1508 3253 1637 3311 feris
1682 3254 1933 3310 homines

323 3347 543 3415 occidi,
568 3356 626 3405 et
654 3364 682 3402 a
711 3348 896 3404 multis
921 3349 1231 3405 volatilibus
1256 3349 1416 3409 nobis
1446 3350 1658 3419 noceri,
1691 3364 1812 3421 quae
1833 3362 1932 3407 vo-

326 3441 508 3495 lumus
528 3440 611 3496 vel
643 3440 836 3509 vitare,
869 3441 957 3497 vel
983 3457 1199 3512 capere,
1223 3450 1280 3497 et
1307 3442 1625 3513 plerumque
1648 3454 1760 3497 non
1800 3456 1929 3513 pos-

324 3532 866 3600 sumusiouotuodo
910 3549 1039 3605 ergo
1090 3534 1142 3588 in
1186 3533 1306 3588 tunc
1336 3534 1647 3603 accepimus
1689 3543 1928 3604 potesta-

328 3627 481 3681 tem?
519 3626 615 3682 Hic
637 3627 743 3683 illis
767 3627 941 3688 primo
968 3627 1256 3684 dicendum
1287 3640 1392 3693 est,
1412 3629 1556 3698 quod
1585 3630 1809 3684 multum
1843 3644 1932 3684 cr-

326 3729 489 3785 rent,
517 3724 608 3790 φιι
634 3730 757 3790 post
781 3729 1061 3790 peccatum
1089 3720 1440 3777 considerent
1470 3722 1743 3777 hominem
1762 3762 1778 3789 ,
1803 3736 1927 3777 cum

324 3811 381 3866 in
404 3811 565 3881 huius
604 3812 731 3866 vitae
757 3812 1139 3867 mortalitatem
1171 3814 1462 3869 damnatus
1481 3823 1566 3870 est
1591 3855 1605 3879 ,
1650 3823 1709 3868 et
1745 3815 1929 3869 amisit

327 3901 715 3973 perfectionem
745 3905 912 3971 ilktm,
939 3919 1045 3976 qua
1074 3903 1252 3961 iactus
1276 3905 1456 3961 estad
1486 3905 1778 3975 imaginem
1807 3906 1926 3962 Dei.

325 3998 438 4055 Sed
467 4000 519 4055 si
560 4000 836 4055 destinatio
880 3999 1001 4071 ejus
1028 4008 1236 4055 tantum
1282 3999 1424 4055 Valet
1448 4041 1462 4064 ,
1508 4009 1571 4055 ut
1606 4011 1716 4055 tam
1746 4001 1928 4056 multis

328 4091 618 4161 pecoribus
667 4091 934 4162 imperet,
988 4092 1239 4164 quamvis
1284 4091 1429 4149 enim
1478 4106 1508 4147 ιι
1566 4092 1753 4148 multis
1796 4092 1929 4149 ieris

331 4194 555 4255 propter
578 4184 923 4254 trag/ditatem
950 4186 1198 4255 corporis
1219 4185 1391 4256 possit
1426 4184 1633 4252 occidi,
1679 4199 1709 4241 a
1762 4185 1931 4242 nullis

330 4285 515 4331 tamen
532 4275 739 4332 domari
771 4284 971 4349 potest,
1000 4292 1124 4333 cum
1152 4277 1269 4348 ipse
1288 4287 1400 4333 tarn
1427 4279 1627 4334 multas
1645 4320 1660 4345 ,
1682 4287 1735 4333 et
1759 4293 1929 4350 prope

326 4385 525 4429 omnes
546 4371 751 4428 domet.
786 4391 805 4425 ι

397 4462 490 4519 3‘2.
532 4463 640 4520 Sed
669 4464 924 4535 quoniam
956 4463 1220 4521 Bernardi
1244 4466 1584 4530 auctoritate,
1618 4479 1724 4521 non
1752 4464 1927 4521 Theo-

2035 3260 2156 3301 esse
2182 3242 2414 3313 homini,
2450 3254 2561 3302 tum
2587 3243 2709 3304 aliis
2744 3250 2963 3320 quidem
2995 3250 3067 3307 de
3115 3252 3314 3316 causis,
3346 3261 3457 3306 tum
3490 3262 3640 3322 prae-

2034 3339 2222 3393 sertim
2264 3339 2390 3411 quia
2438 3338 2678 3396 divinam
2713 3353 2955 3407 manum,
2987 3341 3306 3414 potentiam,
3337 3354 3402 3399 ac
3426 3343 3642 3398 bonita-

2038 3437 2166 3485 tem-
2197 3426 2250 3485 in
2295 3444 2489 3486 eorum
2541 3436 2837 3501 creatione,
2890 3450 2955 3491 ac
2984 3435 3201 3491 diverso
3230 3437 3355 3491 vitze
3394 3436 3645 3493 instituto

2039 3526 2199 3582 facile
2249 3536 2523 3598 agnoscet.
2571 3527 2653 3584 An
2708 3544 2812 3586 n0n
2865 3531 3029 3586 etiam
3079 3532 3300 3588 insectis
3351 3540 3646 3588 vescuntur

2037 3619 2341 3675 animantes
2368 3636 2468 3686 est,
2497 3618 2692 3692 quibus
2732 3623 3037 3693 prmsertitn
3068 3620 3375 3679 oblectatur
3400 3632 3465 3679 ac
3513 3636 3640 3681 ves-

2037 3713 2170 3767 titur
2198 3712 2404 3768 homo?

2108 3810 2198 3866 55.
2231 3813 2440 3866 Montes
2474 3826 2637 3881 porro
2686 3812 3015 3878 inaccessos,
3067 3821 3132 3867 ac
3174 3818 3371 3867 saxeos
3416 3807 3643 3865 utilissin

2034 3916 2155 3957 mes
2197 3901 2401 3957 homini
2432 3904 2478 3956 is
2524 3901 2763 3967 docebit,
2810 3904 2899 3976 qui
2954 3902 3184 3970 metalli,
3240 3917 3303 3958 ac
3350 3901 3640 3959 marmoris

2035 3997 2246 4052 fodinas
2293 3996 2348 4052 in
2400 3996 2468 4052 iis
2509 3995 2893 4054 delitescentes
2944 3998 3191 4065 norerit;
3239 3998 3284 4053 is
3308 4006 3524 4069 quoque
3549 3991 3643 4067 qui

2034 4089 2375 4160 receptacula
2425 4091 2652 4157 nivium,
2685 4100 2846 4163 atque
2873 4105 3160 4162 equorum,
3193 4106 3258 4147 ex
3291 4091 3488 4161 quibus
3518 4090 3639 4147 fon-

2034 4192 2117 4239 tes
2145 4182 2459 4239 derivantur
2482 4182 2677 4239 aestivo
2711 4185 3013 4255 praesertim
3047 4191 3313 4256 tempore.
3358 4176 3412 4240 in
3446 4184 3642 4242 iisdem

2034 4279 2349 4346 inaccessis,
2379 4289 2543 4348 atque
2568 4279 2885 4350 asperrimis
2916 4277 3194 4335 montibus
3239 4278 3421 4335 inesse
3464 4281 3639 4334 scive-

2033 4371 2122 4429 rit.
2153 4372 2410 4438 Consule,
2461 4387 2531 4429 ne
2558 4383 2786 4430 cunctos
2828 4375 3091 4439 excitem,
3132 4373 3238 4429 hoc
3265 4386 3432 4442 super
3480 4387 3643 4445 argu-

2032 4477 2219 4520 mento
2256 4463 2619 4523 clariSsimum
2656 4465 3022 4525 Vaiisnerium
3052 4465 3298 4540 (Origine
3337 4467 3470 4522 delle
3493 4463 3641 4522 Fon-

320 4556 504 4612 doreti
530 4556 900 4611 tantummodo
924 4597 939 4621 ,
971 4557 1231 4611 adversus
1280 4570 1379 4610 nos
1408 4557 1756 4625 distmtarunt
1781 4599 1795 4623 ,
1824 4572 1924 4613 au-
1953 4553 2196 4630 Dtane).

316 4647 498 4717 diam,
522 4648 773 4716 obsecro,
806 4649 1079 4720 quonmdo
1108 4650 1414 4704 Bernardus
1442 4651 1556 4719 ipse
1582 4650 1764 4716 istam,
1796 4666 1923 4720 qna-

318 4744 633 4814 liscumque
660 4759 721 4798 ea
754 4753 879 4808 est,
911 4742 1283 4799 dpillicultatem
1317 4743 1576 4798 dissolvat
1599 4746 1688 4814 (η.
1732 4744 1766 4798 6
1814 4758 1925 4798 ser-

319 4839 497 4892 monis
518 4851 537 4893 ι
561 4837 629 4893 de
654 4835 911 4909 Diversis)
940 4854 953 4890 :
977 4837 1076 4892 «Et
1095 4838 1213 4892 haec
1238 4837 1454 4905 quidem
1488 4838 1557 4890 ita
1587 4851 1648 4892 se
1679 4836 1880 4893 habent
1904 4854 1920 4891 :

306 4929 422 4987 sed
453 4938 626 4986 tamen
661 4945 771 4986 non
801 4931 1059 4986 mentitur
1086 4931 1414 5001 Apostolus,
1458 4932 1625 4987 etiam
1654 4932 1762 4985 alio
1800 4932 1922 4988 loco

307 5024 657 5081 manifestius
676 5039 1022 5092 asseverans,
1045 5026 1186 5081 scire
1207 5041 1288 5092 se,
1317 5026 1565 5097 quoniam
1592 5024 1924 5097 diligentibus

302 5115 490 5172 Deum
520 5117 691 5179 omnia
728 5128 1067 5185 coaperuntur
1091 5117 1144 5170 in
1165 5116 1354 5173 bonum
1372 5160 1388 5185 ,
1422 5116 1501 5174 Itis
1526 5117 1614 5189 qui
1639 5118 1920 5175 secundum

300 5208 642 5281 propositum
687 5210 852 5264 vocati
880 5220 997 5265 sunt
1041 5210 1225 5264 sancti.
1251 5208 1636 5266 Verumtamen
1692 5211 1922 5266 solerter

299 5298 578 5367 attende,
604 5299 747 5371 quod
770 5314 883 5355 non
914 5300 982 5355 ad
1010 5299 1221 5355 libitum
1245 5299 1493 5360 famulari
1522 5343 1535 5367 ,
1577 5299 1672 5356 sed
1721 5314 1921 5372 coope-

300 5390 433 5447 ηιὶ
459 5390 589 5448 dicit
608 5392 677 5447 ad
705 5393 928 5449 lienem.
957 5391 1144 5466 Neque
1164 5393 1308 5449 enim
1341 5392 1408 5449 ad
1432 5392 1764 5450 voluntatem
1797 5408 1917 5450 ser-

296 5489 493 5553 viunt,
521 5487 614 5545 sed
634 5487 703 5549 ad
734 5488 1060 5555 utilitatem;
1100 5503 1210 5547 non
1231 5487 1297 5543 ad
1325 5487 1680 5559 voluptatem,
1720 5488 1819 5547 sed
1846 5489 1919 5544 ad

294 5579 547 5636 salutem
570 5594 589 5647 ;
612 5593 722 5639 non
750 5580 819 5643 ad
841 5590 1047 5650 votum,
1072 5579 1169 5638 sed
1184 5578 1256 5637 ad
1276 5579 1618 5638 mundum
1642 5588 1913 5639 noenum.

389 5712 474 5790 (ᾳ)
500 5714 618 5790 Lib.
651 5733 747 5774 vnt
775 5718 842 5774 de
890 5718 1092 5777 Hister.
1132 5718 1354 5775 animal.
1382 5734 1505 5790 cap.
1538 5719 1563 5776 i
1606 5719 1753 5777 :Srd
1794 5721 1931 5777 adeo

292 5789 377 5846 de
415 5786 711 5846 inanimali:
739 5791 1015 5863 pautatim,
1051 5790 1341 5863 sensimque
1367 5792 1436 5846 ad
1454 5786 1708 5848 'nnimata
1734 5802 1928 5850 natura

2105 4652 2196 4709 36.
2249 4648 2534 4709 Nonnulla
2581 4662 2729 4722 sunt,
2780 4654 2980 4719 fateor,
3028 4650 3233 4715 herbae,
3293 4651 3487 4722 quibus
3530 4659 3639 4707 non

2037 4747 2277 4800 vescitur
2304 4740 2490 4801 homo.
2518 4744 2690 4800 Nullae
2717 4752 2847 4800 sunt
2873 4756 3075 4809 tamen,
3107 4740 3301 4815 quibus
3320 4741 3436 4797 avis
3456 4740 3638 4817 aliqua

2032 4853 2138 4893 non
2169 4846 2438 4892 vescatur.
2470 4836 2675 4892 Cornix
2721 4848 2853 4892 sane
2896 4838 3073 4892 cicuta
3105 4834 3360 4901 vescitur,
3396 4830 3640 4891 veneﬁca

2034 4928 2191 4986 nobis
2222 4928 2410 4985 herba.
2438 4927 2571 4997 Quis
2595 4937 2775 4985 autem
2803 4930 3003 4997 nescit,
3037 4943 3168 4984 aves
3195 4927 3475 4983 hominum
3519 4925 3644 4983 usui

2032 5021 2334 5078 inservire?
2381 5020 2650 5077 Cmterum
2681 5020 2771 5088 iis,
2798 5022 2997 5093 quibus
3032 5034 3141 5078 non
3172 5021 3411 5076 vescitur
3449 5018 3636 5087 homo,

2029 5123 2085 5172 et
2113 5126 2251 5170 rara:
2283 5125 2575 5170 vescuntur
2619 5129 2770 5181 aves,
2803 5114 2946 5171 idem
2978 5116 3142 5170 homo
3172 5112 3360 5171 utitur.
3390 5112 3548 5180 Quod
3590 5111 3640 5167 si

2029 5207 2169 5263 alios
2191 5206 2261 5263 ob
2305 5205 2444 5263 lines
2470 5205 2689 5263 inutiles
2719 5214 2898 5278 putas,
2927 5217 3217 5278 prepterea
3245 5213 3432 5262 tamen
3476 5204 3643 5260 utiles

2029 5312 2224 5367 erunt,
2285 5302 2426 5373 quod
2477 5298 2678 5357 seriem
2730 5300 2878 5357 illam
2926 5300 3087 5357 nobis
3150 5298 3494 5355 manifestius
3539 5297 3643 5354 sub

2029 5396 2218 5451 oculos
2244 5404 2470 5466 ponant,
2501 5410 2662 5466 quam
2691 5391 2987 5464 aliquando
3028 5402 3335 5448 memorant
3372 5390 3647 5447 Aristote—

2032 5491 2112 5547 les
2136 5488 2237 5565 (η).
2263 5499 2318 5547 et
2341 5489 2573 5557 Tullius,
2603 5499 2661 5545 et
2678 5487 2978 5545 inculcavit
2996 5486 3262 5557 deinceps
3310 5483 3651 5545 Valisuerius

2028 5580 2321 5653 (Pecntt'ari
2346 5579 2595 5652 opusculo
2625 5595 2686 5635 ea
2712 5579 2778 5634 de
2803 5595 2861 5635 re
2889 5578 3081 5652 edito);
3115 5584 3179 5635 et
3196 5576 3367 5653 facile
3393 5574 3449 5634 id
3477 5577 3636 5648 quis-

2047 5720 2231 5774 transit
2258 5727 2310 5774 ut
2340 5716 2723 5773 continuatione
2767 5717 2880 5788 ipsa
2927 5717 3081 5771 lateat
3128 5730 3306 5773 eorum
3338 5716 3650 5788 conﬁnium,

2047 5801 2094 5848 et
2123 5792 2348 5849 medium
2374 5789 2636 5861 utriusque
2664 5790 2729 5847 sit
2756 5797 3058 5846 extremum.

3748 5810 3831 5863 Ι
