4120 6170
457 190 563 248 839
1149 187 1217 246 ῙΝ
1260 183 1517 245 HILARII
1556 183 1776 242 EPIST.
1820 182 1953 240 SEU
1994 181 2214 241 LIBEL.
2258 180 2709 241 DISSEHTATIO
2746 179 3084 240 SECUNDA.
3667 177 3774 237 διθ

458 342 565 397 que
610 323 848 394 deteget,
898 322 944 377 si
985 328 1191 377 natura)
1235 335 1402 390 opera
1454 317 1787 390 diligentius,
1844 331 2068 373 accura-

2188 315 2259 353 .ur
2294 298 2573 368 conceptis
2600 296 2823 352 verbis:
2865 295 2990 369 Ipse
3031 294 3187 360 dixit,
3234 303 3284 349 et
3327 297 3466 367 facta
3494 304 3639 360 sunt,
3666 296 3780 365 ipse

459 385 672 490 {iusque
702 385 1034 471 οὖεέτνθυίι,
1272 385 1289 390 ’
1558 385 1579 390 ⁷
2168 390 2451 455 mandavit,
2484 400 2533 445 et
2553 399 2725 444 creata
2752 396 2893 443 sunt.
2931 387 2988 445 Si
3018 387 3166 443 enim
3197 385 3341 441 Deus
3365 386 3551 456 jussit,
3584 396 3638 443 et
3686 402 3778 444 res

2168 493 2364 538 creatae
2392 490 2556 536 sunt:
2587 495 2750 552 quem
2779 479 2930 551 juxta
2956 487 3193 535 mentem
3220 477 3529 549 prOpbetici
3553 478 3778 548 spiritus

2169 575 2479 647 putabimus
2526 576 2631 631 tale
2678 575 2854 629 Patris
2903 572 3191 643 imperium
3235 573 3460 641 exsequi
3513 570 3776 643 potuisse,

2168 677 2368 738 praeter
2397 682 2545 732 eum,
2577 667 2667 735 qui
2696 665 2931 722 Verbum
2960 674 3063 732 est,
3093 672 3154 718 ut
3201 665 3273 719 ita
3311 664 3522 734 loquar,
3569 664 3782 719 animas

2171 770 2307 826 tum,
2340 771 2395 816 et
2430 759 2680 815 Veritas?
2714 778 2733 811 ι

2243 855 2297 911 6.
2327 852 2505 921 Quid?
2551 853 2694 923 quod
2746 867 2839 908 sex
2876 852 2952 907 illi
2995 852 3273 921 Episcopi,
3324 853 3418 923 qui
3447 850 3516 907 ad
3545 851 3780 907 Paulum

2171 947 2609 1009 Samosatenum,
2659 952 2955 1015 antequam
3003 946 3058 1000 in
3121 944 3370 1000 ordinem
3419 943 3782 1016 redigeretur,

2175 1038 2537 1105 scripserunt,
2565 1039 2707 1093 inter
2755 1047 2972 1105 caetera,
3020 1052 3142 1107 qua:
3172 1037 3238 1092 ad
3266 1053 3389 1093 eum
3422 1036 3784 1093 refellendum

2175 1130 2425 1197 alierum,
2491 1130 2597 1186 boc
2640 1130 3055 1200 expressissime
3102 1129 3249 1185 aiunt
3301 1130 3396 1200 (ο),
3442 1146 3463 1181 s
3502 1129 3695 1185 Filium
3727 1130 3786 1185 in

2173 1223 2512 1297 procreando
2537 1222 2741 1280 mundo
2782 1232 3059 1292 paternam
3091 1222 3396 1291 implevisse
3425 1224 3786 1289 voluntatem,

2181 1319 2360 1389 eique,
2394 1327 2453 1374 ut
2480 1316 2533 1372 id
2562 1317 2784 1379 laceret,
2817 1317 3142 1386 praecepisse
3169 1314 3406 1371 Patrem.
3456 1334 3476 1369 ι

2251 1413 2300 1466 7.
2339 1410 2576 1467 Hilarius
2627 1427 2842 1482 quoque
2892 1425 3035 1477 eam,
3087 1425 3249 1480 quam
3280 1418 3439 1466 antea
3489 1410 3623 1475 dixi,
3669 1412 3792 1468 dis-

547 1513 601 1567 1.
635 1513 773 1566 Ante
825 1509 1085 1565 Hilarium
1134 1506 1311 1572 multi,
1349 1503 1476 1559 alibi
1523 1502 1760 1559 Hilarius
1787 1502 1922 1572 ipse,
1957 1505 2079 1568 post
2180 1502 2491 1559 tinctionem
2542 1501 2637 1557 Dei
2673 1492 2922 1573 jubentis,
2975 1510 3033 1557 et
3079 1499 3175 1556 Det
3201 1502 3437 1572 facientis
3470 1504 3587 1573 (seu
3635 1519 3790 1559 exse-

477 1603 741 1661 Hilarium
773 1600 954 1657 itidem
984 1600 1135 1655 multi
1166 1595 1580 1666 autipsissima,
1625 1604 1722 1649 aut
1750 1601 1899 1648 certe
1925 1588 2076 1645 afliui
2178 1596 2402 1669 φιειιιξε)
2453 1597 2627 1668 pawn.
2679 1597 2962 1666 approbat,
2995 1595 3124 1651 dum
3175 1596 3292 1652 hac
3320 1596 3393 1650 an
3449 1596 3562 1668 (ιω,
3618 1612 3672 1653 η
3716 1598 3794 1653 de

472 1697 649 1766 aliqua
695 1697 965 1750 locutione
1015 1692 1095 1745 usi
1144 1699 1292 1757 sunt,
1320 1688 1399 1744 sic
1431 1696 1489 1743 ut
1530 1686 1819 1756 displicere
1857 1682 2074 1740 Lectori
2106 1701 2157 1761 Β
2181 1692 2468 1759 Trinitate,
2508 1709 2561 1746 η,
2606 1689 2697 1761 16)
2734 1708 2746 1746 ;
2792 1710 2809 1743 ι
2846 1690 2952 1749 Sed
2988 1690 3285 1759 videamus,
3320 1692 3373 1745 ί..
3412 1706 3571 1761 quem
3605 1692 3797 1761 prore-

473 1790 658 1860 utique
707 1804 811 1841 nou
862 1783 1027 1856 possit
1078 1782 1336 1853 Epistula:
1376 1790 1576 1837 nostra:
1601 1789 1812 1842 θυείαν.
1841 1775 1983 1848 quod
2012 1790 2074 1829 επ
2179 1796 2323 1841 ctum
2340 1784 2990 1855 hmedistinrtiojubeutis
3007 1782 3784 1853 Dei,etfacientisaugeatur.s

472 1896 603 1936 usus
631 1880 721 1935 sil.
752 1877 858 1934 Sed
888 1892 955 1931 ne
984 1887 1186 1930 temere
1216 1874 1331 1929 haec
1375 1872 1579 1928 dixisse
1620 1870 1828 1935 videar,
1881 1882 2073 1924 eorum

2212 1910 2220 1916 -
2251 1881 2303 1937 8.
2356 1880 2687 1936 Novatianus
2734 1880 2805 1949 (si
2837 1880 2881 1933 is
2918 1888 3001 1934 est
3038 1886 3227 1933 auctor
3257 1876 3380 1932 libri
3411 1876 3476 1931 de
3504 1877 3788 1940 Trinitate,

472 1974 588 2029 locn
638 1972 726 2026 bic
770 1969 1020 2041 subjieio,
1066 1968 1181 2039 qui.
1230 1967 1303 2021 uti
1351 1965 1486 2029 dixi,
1524 1973 1616 2018 aut
1642 1962 1934 2033 ipsissitna,
1985 1966 2081 2014 aut

2188 1974 2269 2045 qui
2298 1972 2613 2028 Tertulliani
2645 1971 2795 2025 libris
2815 1967 3167 2041 adjungitur);
3190 1966 3792 2038 Novatiandanquam,

473 2073 623 2121 certe
649 2062 800 2118 afliui
846 2062 1026 2131 aliqua
1075 2058 1352 2115 locutione
1378 2057 1459 2112 usi
1489 2066 1636 2112 sunt.
1681 2050 1852 2110 Porro
1881 2051 1949 2108 ad
1980 2055 2079 2105 tria

2188 2066 2238 2122 in
2269 2064 2517 2121 eamdem
2546 2065 2869 2119 sententiam
2918 2063 3033 2116 lucc
3067 2063 3143 2117 ait
3172 2060 3313 2134 (cap.
3341 2060 3437 2133 25)
3475 2080 3488 2114 :
3520 2079 3541 2112 ι
3574 2062 3795 2134 Moyses

475 2154 649 2224 capita
677 2169 770 2209 eas
822 2153 1125 2235 lqeutioues
1174 2165 1391 2207 revoco.
1447 2148 1685 2203 Primum
1735 2145 1944 2201 scilicet
1986 2158 2084 2199 eos

2188 2166 2364 2214 autem
2394 2155 2688 2213 introducit
2728 2155 3131 2226 praecipientem
3168 2153 3359 2221 Deum,
3390 2161 3450 2209 ut
3477 2154 3569 2210 lux
3614 2154 3708 2208 fiat
3735 2155 3795 2208 in

864 568 1317 628 DISSEBTATIO
1357 568 1701 628 SECUNDA.

464 712 547 768 Ad
573 711 666 766 illa
694 709 881 780 capitis
906 723 942 762 v
971 708 1115 781 (col.
1150 706 1275 772 736,
1309 724 1364 760 n.
1412 703 1543 777 87):
1576 720 1664 761 est
1712 719 1885 760 riuus
1934 718 2067 759 usus

539 821 770 863 AR'I'IFBX
799 819 973 860 ΡΑἸἪΒ
1010 818 1246 859 JUBENTE
1275 815 1596 857 IlODEBA'l'US
1634 813 1751 854 EST.
1809 796 1943 852 Item
2001 797 2069 851 ad

535 900 630 954 illa
652 898 886 973 ejusdem
931 898 1117 960 capitis
1147 896 1274 967 (col.
1318 895 1447 962 757,
1479 912 1534 949 ιι.
1563 894 1656 967 91)
1690 908 1861 949 :nsus
1892 908 2070 947 ΡΑτειι

536 1006 798 1048 ιυεειειιιιτ
824 1008 836 1045 ε
870 1004 1043 1046 FILIUS
1070 1003 1262 1044 VIRTUS
1292 1004 1405 1043 IPSA
1436 1003 1552 1043 SINE
1575 999 2069 1041 RECRASTINA'HONE

539 1102 799 1146 IIPEHIUII
856 1098 1196 1143 CAPBSSBBAT.
1227 1100 1240 1137 ζ
1270 1099 1381 1138 NA]!
1409 1097 1515 1138 CUI
1546 1095 1792 1137 JUSSIONE
1844 1093 1911 1134 ΕΤ
1941 1093 2073 1133 OPUS

542 1195 802 1237 asnnn.
835 1178 1049 1232 Demum
1075 1177 1143 1230 ad
1170 1177 1270 1231 ista
1301 1174 1425 1247 (col.
1460 1174 1583 1237 757,
1618 1191 1671 1227 ιι.
1703 1170 1795 1243 97)
1827 1189 1839 1222 :
1865 1185 1933 1225 εἰ·
1965 1185 2072 1225 CUI

540 1289 705 1331 OINM
743 1285 986 1329 JUSSIONE
1041 1283 1231 1325 PATRIS
1282 1282 1529 1324 SEBIONE
1566 1279 1908 1331 OBSEQUEN‘I‘E
1939 1278 2071 1319 FOR-

548 1381 693 1422 ΙΛΤΑ
722 1377 867 1419 SINT.

477 2248 869 2315 complemetnr
888 2251 1103 2299 veteres
1122 2242 1333 2303 Patres.
1357 2242 1445 2310 qui
1473 2238 1887 2309 expressissime
1908 2240 2078 2303 aiunt,

467 2339 690 2413 jussisse
732 2335 962 2391 Patrem.
1004 2333 1340 2399 Secundum,
1398 2331 1628 2387 abedisse
1675 2328 1893 2384 Filium.
1945 2327 2079 2383 Ter-

483 2430 643 2494 tium,
700 2427 1043 2482 ministerium
1088 2425 1330 2492 aliquod,
1383 2424 1779 2494 qualecumque
1828 2421 1902 2475 sit
1930 2418 2082 2485 illud,

479 2520 626 2575 Patri
676 2516 971 2590 prmbuissc
1014 2515 1209 2570 Filiqu
1244 2531 1257 2568 :
1290 2523 1452 2584 atque
1490 2512 1606 2568 haec
1633 2513 1849 2584 quidem
1878 2509 2081 2574 omnia,

481 2621 775 2682 antequam
821 2623 1041 2666 carnem
1094 2616 1420 2662 aSsumet-et.
1455 2604 1550 2660 His
1598 2603 1881 2659 recensitis
1912 2600 2083 2670 subji—

482 2704 692 2761 ciemus
721 2711 927 2772 potstea,
956 2699 1081 2772 quid
1111 2699 1181 2754 de
1208 2698 1421 2763 barum,
1461 2707 1517 2752 et
1566 2695 1807 2752 afﬁnium
1859 2694 2089 2750 locutio-

484 2809 612 2849 num
644 2793 1039 2865 stguificatioue
1070 2790 1358 2846 dicendum
1385 2790 1477 2843 sit.

557 2890 615 2944 2.
645 2888 724 2944 Ad
757 2887 986 2957 primum
1015 2898 1174 2956 caput
1203 2884 1319 2939 haec
1365 2881 1653 2953 pertinent.
1705 2879 1940 2936 lrenteus
1969 2876 2085 2951 (lib.

483 2996 539 3037 tv
559 3022 574 3047 ,
598 2996 719 3052 cap.
745 2977 871 3033 olim
901 2978 985 3040 75.
1014 2992 1151 3031 nunc
1198 2975 1289 3042 58,
1319 2991 1374 3029 η.
1406 2975 1463 3045 5)
1512 2973 1627 3028 lucc
1676 2973 1868 3027 litteris
1913 2972 2091 3026 consi—

2188 2250 2399 2321 primis,
2446 2249 2644 2306 ctelum
2690 2248 2953 2313 firmetur,
2993 2260 3149 2317 aqua:
3176 2258 3595 2317 cengregentur,
3640 2246 3797 2301 arida

2186 2341 2565 2407 ostendantur,
2599 2338 2805 2395 fructus
2835 2338 3131 2395 secundum
3171 2338 3379 2393 semina
3407 2349 3794 2408 provocentur,

2186 2435 2436 2492 animalia
2464 2435 2854 2505 producantur,
2884 2433 3169 2489 luminaria
3198 2433 3249 2488 in
3276 2433 3419 2488 (mlo
3442 2447 3604 2505 atque
3646 2443 3799 2488 astra

2190 2536 2477 2597 ponantur.
2507 2544 2611 2582 non
2640 2527 2804 2582 alium
2835 2525 3074 2583 ostendit
3111 2534 3238 2579 tunc
3277 2524 3511 2580 adfuisse
3540 2526 3673 2590 Deo,
3706 2526 3799 2580 cui

2190 2625 2615 2696 pra’ciperenlur
2644 2622 2760 2678 banc
2786 2637 2974 2690 opera,
3017 2631 3073 2675 ut
3117 2621 3332 2687 tierent,
3371 2618 3476 2674 nisi
3516 2636 3666 2687 eum,
3700 2636 3803 2687 per

2190 2732 2349 2788 quem
2381 2716 2516 2771 facta
2543 2726 2669 2771 sunt
2698 2715 2901 2782 omnia,
2929 2720 2986 2768 et
3011 2715 3130 2769 sine
3160 2727 3271 2785 quo
3300 2712 3497 2768 factum
3528 2721 3613 2768 est
3636 2713 3796 2768 nihil.

2192 2812 2271 2863 Ac
2338 2808 2383 2863 si
2434 2807 2522 2864 ltic
2578 2807 2813 2862 Verbum
2883 2805 2973 2862 Dei
3034 2814 3158 2872 est,
3216 2820 3336 2860 nam
3397 2805 3647 2859 eructavit
3703 2822 3801 2859 cor

2193 2916 2360 2954 meum
2414 2899 2621 2953 verbum
2665 2900 2882 2966 bonum,
2924 2897 3175 2958 ostendit
3232 2898 3283 2950 in
3351 2896 3615 2968 principio
3668 2896 3803 2951 Ver-

2196 2992 2321 3048 bum
2364 2993 2551 3058 fuisse,
2606 3002 2662 3049 et
2717 2993 2952 3049 Verbum
3008 2994 3110 3049 hoc
3163 2991 3302 3063 apud
3358 2991 3569 3047 Patrem
3602 2990 3797 3055 fuisse,

484 3088 643 3146 gnata
673 3073 920 3145 reliquit:
951 3090 968 3123 ι
993 3067 1766 3140 Factus,etplasmatusbomo
1793 3065 2087 3121 secundum
2118 3088 2164 3151 Ο
2200 3088 2364 3143 “eum
2410 3095 2672 3158 praeterea
2717 3085 2954 3141 verbum
3004 3085 3213 3140 fuisse:
3260 3084 3441 3139 omnia
3487 3098 3585 3154 Per
3620 3083 3802 3153 ipsum

486 3171 797 3241 imaginem,
826 3178 882 3225 et
908 3165 1315 3223 similitudinem
1348 3162 1697 3220 constituitur
1727 3164 1909 3219 infecti
1943 3162 2038 3216 Dei
2072 3177 2085 3214 :

485 3264 647 3320 Patre
672 3262 889 3335 quidem
916 3261 1059 3318 bene
1080 3260 1371 3326 sentiente,
1400 3267 1456 3315 et
1479 3257 1703 3329 jubeute
1732 3274 1745 3310 :
1780 3255 1917 3311 Filio
1957 3270 2089 3335 vero

487 3332 851 3424 ministrante,
882 3365 937 3412 et
970 3354 1271 3431 “formante,
1320 3352 1523 3425 Spiritu
1550 3367 1679 3408 vero
1704 3351 2003 3416 nutriente,
2035 3332 2091 3404 et

488 3460 743 3523 augente.
783 3469 804 3504 ι

559 3548 613 3603 3.
648 3542 963 3615 Hippolytus
988 3556 1203 3614 quoque
1230 3539 1387 3596 valde
1430 3548 1676 3595 vetustus
1715 3537 1951 3609 scriptor
1997 3536 2089 3610 (In

468 3636 617 3693 ‘libro
640 3647 820 3692 contra
849 3632 1058 3709 Noet.),
1085 3632 1186 3689 Dei
1212 3633 1461 3707 jubentis,
1494 3642 1542 3688 et
1588 3632 1687 3687 Dei
1714 3632 1949 3704 facientis
1995 3647 2079 3687 ex-

489 3731 889 3804 pressissimam
922 3727 1253 3785 mentionem
1284 3725 1430 3781 facit.

559 3837 614 3883 4.
652 3824 1022 3880 Tertullianus
1067 3822 1316 3876 similiter
1364 3818 1632 3892 (adversus
1663 3816 1921 3873 Praxeam
1967 3831 2084 3887 cap.

489 3917 582 3992 12)
611 3936 625 3972 :
660 3915 770 3973 Etsi
818 3912 1116 3989 (inquiens)
1165 3914 1352 3985 ubique
1380 3925 1524 3967 teneo
1553 3929 1706 3966 unum
1749 3910 2091 3965 substantiam

488 4012 543 4067 in
572 4012 733 4068 tribus
758 4010 1154 4077 culter-cutibus,
1198 4016 1367 4062 tamen
1414 4007 1576 4061 alium
1602 4007 1771 4059 dicam
1801 4013 2001 4072 oportet
2027 4019 2092 4058 ea:

491 4106 789 4160 necessitate
817 4119 1019 4169 sensus,
1050 4117 1167 4156 eum
1196 4101 1283 4172 qui
1301 4101 1469 4171 jubet,
1498 4111 1544 4153 et
1574 4116 1686 4152 eum
1714 4098 1803 4169 qui
1829 4097 1979 4169 facit.

559 4194 614 4250 5.
666 4196 721 4252 Id
770 4199 947 4267 ipsum
981 4192 1210 4249 traditur
1240 4194 1308 4245 ab
1338 4192 1605 4263 Origene;
1650 4205 1849 4262 quippe
1887 4189 1934 4244 is
1978 4203 2089 4244 non

490 4293 653 4350 modo
697 4291 864 4348 Deum
893 4291 1182 4363 jubentem,
1231 4300 1285 4346 et
1316 4287 1480 4344 Deum
1521 4288 1792 4359 facientem
1822 4294 2090 4341 meruerat

491 4388 639 4465 (tom.
671 4405 704 4444 ιι
727 4388 783 4443 in
806 4386 961 4441 Joau.
1005 4404 1125 4459 pag.
1160 4385 1224 4441 61
1276 4385 1402 4438 edit.
1442 4381 1660 4451 ﬂuetii),
1698 4395 1887 4437 verum
1922 4381 2085 4436 etiam

2195 3181 2334 3237 facta
2360 3196 2481 3237 esse
2512 3199 2525 3235 :
2577 3180 2672 3235 sed
2715 3179 2860 3235 enim
2908 3178 3015 3235 hoc
3067 3179 3287 3234 Verbum
3313 3177 3446 3234 Caro
3477 3181 3673 3249 factum
3701 3188 3800 3243 est,

2192 3283 2241 3328 et
2295 3273 2543 3328 habitavit
2598 3275 2653 3327 in
2705 3273 2876 3349 nobis,
2926 3270 3179 3327 Christus
3217 3271 3427 3327 scilicet
3477 3272 3618 3328 ﬁlius
3676 3271 3802 3338 Dei,

2192 3380 2352 3435 quem
2385 3366 2511 3420 dum
2554 3374 2607 3419 et
2654 3363 2995 3433 postmodum
3028 3362 3323 3418 secundum
3370 3377 3589 3418 carnem
3619 3362 3806 3418 Ιιοιιιίο

2193 3472 2316 3512 nem
2373 3456 2695 3526 accipimus,
2749 3464 2806 3512 et
2850 3465 2976 3511 ante
3022 3455 3203 3512 Mundi
3255 3454 3646 3511 institutionem
3700 3454 3803 3512 Dei

2194 3549 2454 3614 Verbum,
2486 3560 2539 3606 et
2569 3549 2740 3604 Deum
2768 3548 3038 3615 videmus,
3072 3558 3211 3604 etc.»

2265 3643 2321 3698 9.
2359 3640 2594 3713 Cyrillus
2624 3640 3151 3713 Hierosolymitanus
3180 3639 3363 3696 Hilarii
3396 3640 3647 3711 aequalis,
3682 3640 3803 3696 for-

2195 3747 2338 3793 tasse
2360 3738 2519 3793 etiam
2552 3752 2618 3791 eo
2648 3735 2950 3807 antiquior,
2981 3753 3000 3785 ι
3038 3734 3251 3792 Patrem
3281 3734 3627 3791 mandantem
3656 3734 3806 3791 Filio

2193 3831 2548 3895 creationem,
2586 3830 2770 3900 illique
2811 3829 3311 3885 subministrantem
3340 3844 3522 3885 rerum
3550 3828 3803 3885 efﬁcien-

2193 3924 2380 3980 darum
2426 3922 2736 3990 exemplar;
2770 3921 2940 3977 filium
2995 3936 3127 3976 vero
3153 3930 3564 3991 exsequentem,
3608 3936 3807 3975 creau-

2193 4026 2408 4087 temque
2440 4030 2526 4071 res
2554 4014 2620 4069 ad
2643 4012 2946 4083 exemplar,
2974 4013 3117 4083 quod
3164 4029 3195 4066 a
3244 4012 3406 4068 Patre
3455 4011 3738 4078 habuerat,
3773 4031 3795 4065 s

2193 4108 2502 4164 describere
2526 4107 2747 4163 minime
2772 4105 2983 4162 dubitat
3008 4103 3281 4177 (Catlteclt.
3324 4122 3399 4171 XI,
3428 4122 3483 4160 ιι.
3514 4105 3587 4160 22
3608 4116 3654 4159 et
3674 4105 3797 4171 T5).

2270 4201 2359 4256 ll).
2419 4200 2644 4255 Basilius
2686 4198 2932 4270 Magnus,
2964 4196 3151 4254 Hilarii
3190 4195 3304 4253 fere
3346 4197 3593 4267 aequalis,
3650 4212 3806 4249 mau-

2194 4296 2402 4350 dantem
2433 4294 2551 4368 (seu
2582 4293 2966 4363 imperantem)
3000 4292 3303 4360 Dominum,
3327 4304 3382 4349 et
3406 4293 3715 4371 δημωῦργον
3739 4298 3804 4351 τὸ

2190 4389 2355 4463 λόγον,
2412 4403 2509 4443 seu
2548 4386 2752 4441 verbum
2810 4387 3028 4459 eﬂiriens
3077 4400 3374 4457 agnoscere
3424 4402 3530 4442 non
3584 4396 3807 4443 veretur

489 4487 607 4539 haec
629 4482 745 4553 ipsa
771 4479 932 4536 docet
958 4481 1032 4550 (ιι)
1065 4496 1078 4532 :
1116 4497 1136 4531 ι
1191 4473 1498 4530 Asserimus
1547 4472 1715 4537 enim,
1767 4471 1981 4525 Patrem
2031 4472 2082 4524 in

2192 4482 2305 4555 (tib.
2350 4497 2367 4535 ι
2391 4480 2457 4535 de
2483 4480 2688 4553 Spiritu
2712 4489 2910 4546 sancto,
2937 4479 3176 4551 capr).

488 4576 763 4631 creatione
790 4589 821 4629 a
849 4572 1033 4646 Moyse
1063 4568 1337 4639 descripta
1359 4564 1604 4637 jubeudo
1630 4563 1703 4617 illi
1732 4562 1956 4627 dixiSse,
1998 4561 2091 4631 ﬁat

490 4668 602 4734 lux,
650 4677 705 4722 et
751 4666 844 4739 ﬁat
874 4666 1275 4735 ﬁrmamentum,
1319 4668 1375 4715 et
1401 4671 1756 4731 quantumque
1798 4654 1937 4710 Deus
1985 4654 2090 4709 alia

492 4764 610 4820 fieri
637 4764 922 4835 imperavit
951 4779 964 4815 :
997 4760 1173 4816 eidem
1216 4758 1292 4814 illi
1322 4756 1524 4812 dixisse
1553 4772 1565 4809 :
1602 4752 1881 4808 Faciamus
1921 4749 2091 4804 homi-

491 4875 608 4913 nem
644 4858 712 4912 ad
737 4858 1034 4927 imaginem,
1082 4864 1128 4909 et
1171 4851 1563 4909 similitudinem
1624 4859 1853 4902 nostram
1883 4863 1902 4901 :
1949 4845 2086 4902 Ver-

489 4950 622 5007 bum
665 4956 867 5013 autem,
907 4955 967 5001 ut
1008 4946 1217 5017 jussum
1261 4945 1339 5011 illi
1382 4945 1577 5006 fuerat,
1638 4940 1833 4995 fecisse
1880 4940 2083 5005 omnia,

490 5059 613 5116 qua:
653 5042 805 5097 illum
829 5040 993 5097 Pater
1024 5038 1203 5094 facere
1247 5036 1422 5108 jussit.
1471 5036 1647 5104 Atque
1687 5033 1803 5086 lnec
1854 5032 2090 5087 diximus

492 5152 601 5192 non
627 5135 783 5208 quasi
809 5132 1119 5202 conjectura
1144 5129 1295 5196 dicti,
1322 5127 1416 5184 sed
1440 5126 1683 5199 ipsismet
1706 5125 2089 5197 prophetarum

492 5228 818 5286 testimoniis
845 5226 1010 5284 etiam
1049 5223 1191 5295 apud
1219 5222 1438 5280 Iudaeos
1469 5221 1699 5291 receptis
1749 5219 1994 5286 nitimur,
2036 5220 2090 5274 in

491 5327 689 5398 quibus
709 5323 778 5380 de
806 5321 938 5384 Deo,
966 5320 1238 5390 rebusque
1266 5318 1335 5374 ab
1367 5316 1460 5374 illo
1490 5316 1729 5372 conditis
1755 5314 1873 5370 haec
1901 5314 2092 5370 dicun-

565 5460 642 5548 (tu)
667 5460 866 5548 Coptra
886 5454 1236 5548 gelsuimllib.
1269 5473 1332 5522 ιι,
1362 5471 1418 5511 ιι.
1472 5454 1528 5522 9,
1582 5469 1705 5528 pag.
1758 5454 1866 5512 593
1907 5455 2038 5511 tomi
2070 5470 2089 5509 ι

496 5529 923 5613 editL‘pLCaroli
952 5529 1100 5613 deuia
1126 5529 1265 5613 Huc.
1301 5610 1309 5613 Δ
1394 5597 1431 5613 Α
1719 5599 1739 5613 ,
1798 5600 1845 5613 Η
1904 5600 1916 5611 ,

499 5597 856 5732 ⁸ϐςιιιγἹηιιιι.
906 5617 926 5658 ι
969 5602 1102 5660 edit.
1147 5600 1336 5659 Venet.
1390 5597 1682 5657 Coneilior.
1719 5599 1918 5657 Labbei
1966 5614 2089 5671 pag.

2272 4575 2359 4629 11.
2393 4573 2591 4629 Marius
2622 4573 2955 4640 Victorinus,
2985 4588 3102 4637 seu,
3134 4583 3192 4629 ut
3218 4574 3309 4629 alii
3343 4574 3637 4645 appellant,
3690 4573 3802 4629 Fa-

2198 4667 2320 4723 bius
2368 4667 2571 4721 marins
2606 4666 2809 4733 Victor,
2843 4664 3030 4733 eadem
3078 4675 3238 4721 (etate
3286 4666 3487 4722 vixisse
3533 4666 3798 4722 creditur.

2199 4758 2370 4829 Hujus
2401 4773 2562 4829 porro
2606 4758 2902 4830 Scriptoris
2934 4759 2985 4813 in
3035 4773 3146 4814 rem
3178 4769 3420 4814 nostram
3450 4758 3564 4814 bare
3594 4759 3801 4814 monita

2201 4851 2272 4925 (c)
2300 4854 2527 4924 allegata
2558 4852 2665 4908 vidi
2691 4870 2705 4906 :

2287 5010 2381 5074 Qui
2406 5009 2667 5059 mandante
2688 5007 2799 5060 Deo
2821 5022 2929 5074 cum
2956 5006 3134 5072 plenus
3154 5015 3324 5060 mente
3351 5009 3571 5074 parentis

2290 5071 2444 5123 Filius
2464 5074 2780 5137 omnipotens
2810 5071 3017 5123 faceret.

2272 5220 2360 5275 12.
2391 5218 2725 5291 Augustinus
2772 5218 2951 5276 eidem
2980 5218 3240 5275 locutioni
3273 5217 3456 5276 favere
3504 5218 3655 5276 visus
3691 5229 3800 5282 est,

2198 5327 2319 5368 cum
2364 5312 2480 5367 haec
2525 5311 2602 5366 ait
2638 5309 2834 5382 (Serm.
2864 5310 2990 5377 140,
3021 5328 3077 5366 ιι.
3117 5309 3175 5383 6)
3211 5328 3226 5365 :
3260 5329 3280 5366 ι
3312 5310 3431 5368 Non
3473 5325 3504 5365 a
3553 5320 3806 5384 tempore

2271 5451 2344 5526 (c)
2378 5452 2453 5507 De
2479 5451 2680 5507 Herum
2702 5450 3009 5526 creatione.
3036 5449 3361 5526 Perquisivi
3384 5451 3475 5508 diu
3506 5453 3687 5509 locum
3731 5456 3805 5510 is-

2202 5521 2338 5593 tum,
2368 5538 2470 5580 nec
2492 5535 2672 5578 tamen
2699 5522 2902 5579 inveni.
2936 5521 3008 5576 At
3034 5524 3305 5591 Petavius,
3332 5524 3426 5581 lib.
3448 5538 3489 5580 ιι
3534 5528 3601 5580 de
3648 5526 3801 5581 Trin.

2204 5598 2293 5664 77,
2325 5595 2525 5666 aliique
2558 5610 2685 5668 eum
2713 5594 2968 5668 allegant.
3020 5594 3153 5663 Quis
3180 5610 3342 5666 porro
3374 5596 3474 5653 bos
3508 5605 3717 5655 temere
3750 5598 3802 5654 id

2207 5668 2398 5725 fecisse
2424 5666 2670 5740 putabit?
