4120 6170
302 235 404 290 8i!

1046 236 1112 293 ΙΝ
1153 237 1406 296 HILARII
1452 237 1668 297 EPIST.
1709 235 1838 296 SEU
1879 235 2100 294 LIBEL.
2144 236 2605 297 DISSERTATIO
2644 238 2986 300 SECUNDA.

3492 247 3599 302 81⁸2

297 346 481 402 datum
511 363 523 399 :
568 347 661 403 sed
696 347 1004 404 mandatum
1052 359 1260 407 natum.
1294 353 1579 422 Quomodo
1610 351 1757 410 enim
1787 367 1895 408 non
1924 352 1978 410 Α
2005 350 2260 408 ltumana‘
2287 363 2476 409 natura
2525 363 2799 424 assumpta
2837 355 3021 418 habet,
3076 355 3325 427 accipiat,
3361 365 3600 427 potesta-

297 449 381 494 cst
433 439 744 494 mandatum
798 440 996 506 Patris,
1051 444 1193 512 quod
1222 454 1306 499 est
1350 444 1584 500 Verbum
1623 445 1836 499 Patris?
1872 464 1891 496 ι

301 529 506 587 Rursus
521 546 644 586 cum
665 530 783 588 haec
813 532 1040 602 protulit
1063 533 1140 605 (a)
1172 553 1185 590 :
1215 553 1234 590 ‹
1262 535 1519 591 Formam
1541 536 1640 593 sibi
1660 536 1897 607 iuphan-

295 632 525 680 tasmate
551 624 733 681 cordis
763 626 846 681 sui
893 627 1046 696 quasi
1102 628 1244 684 duos
1291 630 1504 700 aliquos
1549 631 1702 702 quasi
1744 631 1898 700 juxta

296 717 550 784 invicem,
583 716 638 772 in
683 716 799 773 suis
839 726 1017 776 tamen
1048 718 1186 775 locis
1216 722 1565 786 constitutos,
1615 737 1781 777 unum
1808 721 1899 792 ju-

297 809 538 876 bentem,
567 816 625 866 et
652 810 884 866 alterum
915 811 1382 884 obtemperantem
1414 832 1428 869 :
1458 829 1562 872 nec
1592 815 1900 886 intelligunt

298 903 468 973 ipsam
488 903 782 976 jussionem
819 902 1017 973 Patris,
1054 913 1111 961 ut
1139 905 1333 962 tierent
1380 908 1585 975 omnia,
1617 923 1725 963 non
1776 922 1898 964 esse

296 996 397 1052 nisi
427 996 664 1053 Verbum
695 997 892 1065 Patris,
923 1014 1020 1069 per
1047 1001 1193 1072 quod
1225 1002 1363 1058 facta
1392 1011 1520 1058 sunt
1548 1003 1750 1058 omnia.
1801 1021 1820 1055 ι

372 1089 462 1145 15.
517 1088 614 1145 His
661 1089 990 1162 adiungendi
1038 1100 1167 1148 sunt
1212 1093 1404 1150 Patres
1453 1093 1554 1161 illi,
1599 1095 1688 1164 qui
1731 1095 1895 1150 verba

300 1181 489 1251 psalmi
519 1198 719 1238 csum
749 1183 817 1256 (v.
853 1183 886 1238 5
914 1182 932 1250 )
966 1201 978 1238 :
1012 1183 1134 1256 Ipse
1163 1187 1443 1253 mandavit,
1467 1195 1515 1240 et
1545 1198 1716 1241 creata
1755 1197 1895 1252 sunt,

299 1276 370 1330 ita
399 1285 700 1344 exponunt,
749 1285 808 1332 ut
836 1277 1050 1333 Patrem
1100 1277 1411 1335 describant
1442 1295 1622 1337 rerum
1661 1283 1897 1337 creatio-

297 1384 422 1423 nem
470 1367 606 1424 Filio
650 1370 1094 1440 praecipientem;
1149 1372 1202 1427 in
1255 1389 1484 1444 quorum
1529 1390 1758 1431 numero
1789 1375 1898 1432 lre-

297 1476 453 1516 nmus
480 1462 707 1528 eminet,
739 1461 894 1531 cujus
922 1462 1039 1519 haec
1067 1464 1350 1520 notissima
1378 1465 1620 1536 quidem,
1653 1467 1749 1524 sed
1778 1483 1900 1539 qua:

298 1561 479 1609 tamen
509 1552 717 1612 referre
747 1553 836 1610 hic
863 1555 1066 1625 placet,
1122 1557 1283 1614 verba
1315 1567 1444 1614 sunt
1466 1559 1580 1624 (lib.
1614 1575 1691 1626 nt,
1719 1578 1767 1614 c.
1796 1559 1854 1632 8)
1881 1579 1896 1616 :

293 1643 394 1699 Cui
445 1661 567 1716 ergo
621 1647 911 1718 prlecepit?
959 1646 1124 1704 Verbo
1170 1649 1405 1719 scilicet,
1460 1667 1550 1717 per
1604 1651 1742 1722 quod
1787 1651 1900 1707 coeli

298 1737 496 1806 [innati
523 1749 666 1794 sunt.

375 1832 465 1887 14.
524 1831 785 1889 Irenaeum
837 1844 1138 1907 sequuntur
1196 1836 1385 1894 Patres
1444 1839 1658 1896 concilii
1709 1841 1900 1897 Antio-

298 1923 461 1980 cheni
502 1922 675 1997 (Tom.
705 1942 723 1981 ι
753 1926 951 1983 Concil.
982 1926 1173 1985 Labbei
1204 1948 1326 2002 pag.
1369 1931 1500 2003 867)
1529 1943 1716 1988 contra
1763 1935 1902 1991 Pau-

301 2017 418 2072 lum
443 2017 858 2076 Samosatenum
890 2021 1169 2088 celebrati,
1202 2024 1531 2080 Athanasius
1560 2025 1650 2099 (In
1679 2027 1809 2083 libro
1839 2029 1903 2083 de

307 2109 534 2167 Decretis
559 2112 600 2180 ),
633 2113 868 2185 Cyrilltts
899 2115 1297 2172 Alexandrinus
1322 2117 1436 2188 (lib.
1469 2134 1598 2175 xm
1630 2119 1900 2186 Thesauri,

303 2221 426 2276 pag.
455 2205 611 2277 255).
642 2215 697 2262 et
729 2206 959 2280 Prosper
996 2209 1092 2284 (In
1138 2223 1410 2267 comment.
1451 2212 1506 2267 in
1553 2215 1723 2270 locum
1767 2216 1905 2272 hunc

303 2296 496 2369 psalmi
541 2313 738 2355 chvm
767 2319 782 2356 :
839 2301 954 2370 ipse
985 2302 1284 2371 mandavit,
1317 2314 1372 2362 et
1402 2316 1582 2362 creata
1607 2307 1777 2382 sunt).
1809 2308 1906 2366 At-

305 2405 411 2460 que
464 2390 624 2462 hujus
670 2392 884 2464 quidem
916 2397 1176 2466 postremi
1223 2396 1419 2465 Patris,
1450 2406 1512 2453 ut
1541 2411 1668 2470 pete
1692 2400 1784 2472 qui
1814 2400 1904 2457 diu

307 2492 428 2553 post
462 2483 762 2544 Nieamum.
792 2494 955 2553 atque
986 2487 1124 2542 adeo
1176 2499 1297 2559 post
1350 2490 1904 2562 Constantinopolita-

309 2590 438 2630 num
470 2576 758 2632 concilium
803 2575 958 2644 vixit,
1008 2579 1172 2636 verba
1224 2570 1336 2650 ipsa
1385 2582 1587 2639 referre
1618 2583 1706 2640 hic
1733 2582 1904 2642 libet:

319 2685 340 2719 ο
373 2667 526 2736 Quod
555 2671 699 2725 enim
749 2670 895 2727 Deus
923 2671 1076 2739 dicit,
1112 2672 1287 2730 Verbo
1331 2674 1482 2732 dicit.
1532 2675 1598 2732 Et
1647 2677 1905 2746 Verbum,

309 2779 408 2834 per
435 2763 575 2836 quod
606 2763 744 2820 faeta
775 2776 902 2822 sunt
928 2767 1132 2836 omnia,
1151 2768 1463 2826 mandatum
1493 2769 1724 2828 dicentis
1747 2787 1907 2829 exse—

307 2857 495 2927 quitur
522 2854 792 2928 (Ibidem).
832 2877 852 2911 ι

384 2947 476 3004 15.
504 2948 585 3004 Ad
611 2949 904 3007 secundum
929 2966 1094 3023 porro
1122 2962 1284 3024 caput
1312 2953 1388 3028 (id
1403 2963 1489 3010 est
1514 2955 1580 3011 ad
1601 2969 1666 3013 ea
1688 2955 1907 3012 Patrum

309 3041 453 3108 loca,
505 3041 558 3095 in
603 3042 798 3113 quibus
840 3041 1037 3100 dicitur
1083 3043 1336 3102 obedisse
1381 3045 1576 3114 Filius,
1621 3057 1908 3121 antequam

2003 452 2109 499 tem
2142 446 2350 500 creandi
2378 455 2433 501 et
2478 447 2779 517 providendi
2809 458 3258 514 commemorant,
3287 464 3448 520 quam
3481 468 3603 519 pro-

2001 535 2089 591 cul
2139 537 2308 592 dubio
2341 538 2502 592 habet
2547 553 2612 594 ex
2646 549 2837 594 natura
2867 539 3072 606 divina,
3105 548 3160 596 et
3189 543 3242 597 in
3290 552 3484 598 natura
3520 545 3603 600 di-

2002 631 2145 693 vina,
2175 631 2398 688 minime
2427 647 2556 688 vero
2587 648 2655 687 ex
2684 632 2942 688 humana.
2996 635 3075 689 En
3106 650 3228 706 quae
3272 637 3342 693 ibi
3377 639 3600 695 tradun-

2002 733 2089 779 tur
2105 741 2147 776 ει
2159 725 2524 794 Ουωοιιηιιμιθ
2536 737 2716 780 tamen
2732 734 2908 795 potest
2926 725 3265 801 (Diaconos),
3289 732 3603 788 moderetur

2001 831 2100 888 per
2126 831 2270 886 sese,
2333 826 2554 886 accepta
2582 817 2652 873 ab
2677 818 2945 888 Episcopo
2974 827 3262 889 potestate,
3291 822 3605 879 sicutChri-

2000 923 2120 968 Stus
2169 921 2493 983 potestatem
2543 912 2786 979 creandi,
2841 922 2897 969 et
2946 915 3262 982 providendi
3321 921 3529 987 accepit
3573 935 3601 972 a

1999 1003 2180 1059 Patre.
2217 1023 2236 1057 ι
2263 1003 2421 1068 Vide,
2466 1003 2718 1068 obsecro,
2763 1003 3029 1076 integrum
3061 1015 3220 1075 caput
3271 1006 3344 1062 26
3393 1009 3513 1064 libri
3562 1026 3599 1065 ιι

2002 1097 2314 1153 earumdem
2342 1096 2776 1153 Constitutionum
2801 1112 2821 1151 :
2848 1097 2901 1151 in
2943 1114 3050 1168 quo
3082 1099 3298 1168 quidem
3332 1101 3451 1155 loco
3483 1101 3599 1156 lucc

2000 1191 2141 1246 inter
2171 1198 2365 1244 cmtera
2399 1189 2650 1260 leguntur
2682 1207 2696 1244 :
2741 1208 2758 1240 t
2801 1189 3166 1246 Diaconissam
3203 1201 3598 1260 reprarseutare

2000 1283 2263 1352 Spiritum
2310 1284 2590 1349 Sanctum,
2650 1297 2770 1352 quae
2803 1282 2936 1337 nihil
2987 1283 3104 1338 sine
3153 1284 3386 1339 Diacouo
3428 1285 3604 1341 facere

1999 1376 2219 1440 debeat,
2250 1383 2344 1430 aut
2371 1375 2540 1446 loqui,
2569 1390 2729 1444 quem
2761 1375 2828 1430 ad
2856 1374 3078 1431 modum
3106 1392 3281 1446 neque
3305 1378 3605 1435 Paraclitus

2003 1482 2032 1522 a
2063 1480 2122 1521 se
2162 1465 2279 1535 ipso
2309 1465 2513 1534 aliquid
2548 1466 2811 1537 loquitur,
2845 1477 2938 1522 aut
2988 1468 3134 1534 facit,
3183 1469 3280 1526 sed
3322 1469 3601 1528 Christum

2002 1556 2332 1631 gloriﬁcans,
2366 1560 2701 1615 voluntatem
2734 1560 2876 1615 illius
2905 1569 3202 1630 exspectat.

2075 1652 2424 1708 17.1renreus
2450 1651 2588 1723 (Lib.
2621 1669 2695 1717 tv,
2715 1667 2766 1708 c.
2799 1653 2890 1719 i7;
2916 1653 2970 1708 in
3000 1670 3130 1709 nova
3143 1655 3385 1723 editione,
3409 1675 3526 1729 cap.
3552 1660 3605 1724 7,

1932 1741 1981 1802 B
2010 1762 2064 1800 n.
2097 1744 2156 1819 4)
2187 1754 2369 1816 negat,
2402 1743 2572 1800 Deum
2601 1743 2820 1800 Patrem
2864 1747 2919 1800 in
2969 1746 3169 1801 Mundo
3206 1749 3492 1804 condendo
3525 1751 3610 1806 iu-

2005 1839 2243 1911 diguisse
2271 1838 2600 1910 Angelorum
2629 1852 2830 1908 Opera;
2859 1839 3060 1910 quippe
3091 1839 3165 1896 illi
3211 1844 3460 1913 egregius
3506 1845 3610 1900 mi-

2005 1931 2175 1987 nister
2201 1930 2443 1987 Verbum
2475 1939 2676 2000 praesto
2698 1940 2820 1986 est:
2860 1949 2879 1983 ι
2917 1931 3187 1987 ministrat
3213 1934 3378 2001 enim,
3413 1936 3606 2005 inquit,

2005 2022 2071 2078 ad
2102 2021 2284 2078 omnia
2329 2037 2424 2078 sua
2471 2023 2776 2094 progenies.
2808 2033 2863 2077 et
2910 2022 3158 2095 figuratio
3185 2041 3304 2093 sua,
3356 2027 3406 2082 id
3441 2039 3525 2085 est
3548 2029 3610 2084 li-

2008 2115 2138 2183 lius,
2170 2123 2224 2171 et
2251 2115 2485 2185 Spiritus
2512 2114 2766 2182 Sanctus,
2805 2115 3062 2182 Verbum,
3090 2126 3147 2174 et
3175 2119 3462 2188 sapientia,
3492 2121 3613 2190 qui-

2005 2207 2110 2264 bus
2138 2207 2406 2272 serviunt,
2441 2216 2499 2264 et
2546 2209 2778 2278 subjecti
2809 2217 2937 2264 sunt
2973 2210 3185 2279 Angeli.
3225 2228 3244 2263 »
3281 2211 3415 2264 Eum
3447 2213 3613 2268 etiam

2007 2299 2097 2356 hic
2117 2300 2298 2357 recole
2325 2300 2704 2373 locum,quem
2733 2318 2882 2358 num.
2914 2301 2950 2356 2
2976 2303 3200 2375 allegavi
3233 2323 3246 2357 :
3285 2303 3454 2362 «Filio
3481 2322 3612 2363 vero

2008 2393 2410 2458 ministrante,»
2439 2402 2542 2450 etc.

2085 2485 2173 2542 18.
2209 2485 2469 2540 Doctores
2500 2483 2599 2539 bos
2627 2485 2872 2556 sequitur
2899 2485 2966 2550 is,
2994 2486 3080 2540 cui
3121 2485 3382 2543 debemus
3411 2488 3606 2545 librum

2016 2577 2078 2633 de
2108 2577 2499 2640 lncarnatioue,
2553 2576 2644 2647 qui
2697 2576 2837 2631 inter
2875 2576 3162 2647 Augustini
3193 2594 3359 2648 opera
3387 2591 3564 2636 existat
3595 2599 3608 2635 ε

2010 2671 2210 2742 quippe
2241 2672 2316 2725 ait
2345 2669 2484 2739 (Lib.
2528 2683 2568 2735 ι,
2598 2685 2709 2740 cap.
2746 2667 2828 2739 2),
2868 2686 2888 2719 ι
2932 2668 3127 2724 Filium
3159 2670 3210 2724 in
3243 2672 3391 2726 omni
3422 2674 3616 2728 condi-

2011 2762 2161 2820 tione
2190 2763 2338 2819 Patri
2370 2762 2726 2828 ministrasse,
2763 2761 2886 2825 quia
2916 2776 3014 2832 per
3045 2763 3220 2833 ipsum
3249 2767 3430 2820 omnia
3474 2765 3614 2822 facta

2011 2865 2157 2913 sunt.
2198 2876 2216 2909 ι
2254 2855 2311 2913 Si
2343 2856 2396 2910 in
2425 2854 2572 2910 omni
2599 2853 2912 2910 cnnditione
2937 2854 3082 2910 Patri
3123 2857 3471 2922 ministravit,
3517 2859 3616 2914 Pa-

2014 2948 2082 3004 tri
2115 2948 2280 3004 etiam
2309 2947 2641 3003 ministravit
2667 2946 2758 3002 diu
2795 2933 3084 3017 antequam
3115 2948 3504 3007 incarnarelur.

2087 3043 2174 3097 19.
2219 3040 2414 3097 Fateor
2458 3055 2642 3110 porro,
2673 3039 2928 3095 nonnulla
2961 3054 3030 3095 ex
3077 3041 3163 3104 iis,
3207 3058 3328 3113 qua!
3359 3043 3615 3115 allegavi~

307 3137 476 3190 etiam
519 3132 810 3191 humanam
849 3151 1071 3193 carnem
1116 3138 1440 3212 assumeret)
1485 3140 1760 3212 pertinent
1800 3157 1908 3198 non
1935 3131 1981 3196 C
2013 3150 2155 3202 mus,
2187 3133 2329 3190 eludi
2363 3132 2593 3188 fortasse
2631 3147 2810 3203 posse,
2850 3132 2935 3188 vel
2985 3130 3031 3186 si
3075 3148 3299 3190 moneas
3338 3135 3617 3206 appositas

307 3243 481 3300 pauca
525 3243 735 3296 eorum,
783 3246 904 3301 qua:
934 3232 1099 3288 modo
1142 3232 1448 3301 retulimus,
1488 3243 1651 3305 atque
1677 3249 1906 3306 expres-

308 3320 526 3376 sissime
557 3330 888 3391 postremum
940 3322 1081 3378 istud
1133 3323 1387 3393 Prosperi
1421 3342 1435 3378 :
1470 3323 1781 3381 Mandatum
1830 3327 1910 3381 di-

309 3415 475 3467 centis
517 3415 838 3485 exsequitur;
865 3430 928 3470 ea
949 3431 1162 3487 quoque
1200 3433 1321 3487 qua:
1360 3433 1429 3473 ex
1456 3419 1688 3474 concilio
1716 3421 1908 3476 Antio-

309 3505 490 3563 cbeno
518 3508 778 3564 adversus
806 3507 1031 3564 Paulum
1061 3508 1475 3565 Samosatenum
1499 3511 1736 3567 excitata
1759 3521 1903 3568 sunt.

309 3600 469 3657 Adde
499 3601 904 3671 subsequentia.
940 3601 1178 3659 Hilarius
1233 3613 1421 3660 monet
1459 3602 1578 3678 (Lib
1608 3620 1666 3659 tv
1696 3604 1760 3659 de
1784 3603 1909 3659 Tri-

311 3696 411 3750 nit.
441 3712 494 3750 η.
527 3697 642 3770 16),
675 3695 870 3753 Filium
920 3697 977 3754 in
1023 3697 1262 3754 creando
1310 3696 1510 3753 Mundo
1562 3697 1907 3755 obedientem

309 3787 478 3844 dictis
515 3787 611 3844 Dei
637 3787 861 3862 (Patris)
892 3790 1183 3846 exstitisse.
1214 3792 1389 3860 Atque
1415 3789 1470 3846 in
1499 3790 1751 3846 eumdem
1780 3807 1910 3847 sen-

312 3896 434 3937 sum
461 3881 755 3954 Gregorius
783 3881 1155 3939 Nazianzenus
1184 3881 1382 3954 (Curat.
1412 3899 1604 3937 arcano
1645 3897 1760 3950 vnt,
1784 3899 1908 3955 pag.

313 3975 445 4041 171,
474 3974 532 4046 6)
581 3974 699 4032 haec
742 3975 858 4031 ait:
916 3994 934 4028 ι
973 3975 1096 4031 Fuit
1144 3974 1452 4047 aliquando,
1482 3990 1604 4032 cum
1654 3975 1908 4032 Mundum

311 4069 612 4133 constituit,
659 4084 912 4141 magnum
943 4068 1142 4125 mentis
1173 4067 1415 4124 Verbum
1461 4069 1769 4138 obsequens
1797 4083 1907 4124 ma-

311 4164 405 4236 gni
451 4161 626 4219 Patris
657 4163 844 4218 menti.
885 4181 904 4216 ι
962 4163 1218 4218 Paulinus
1264 4161 1504 4218 Nolanus
1542 4161 1708 4218 etiam
1741 4159 1910 4234 (Poe-

313 4267 444 4316 mal.
475 4257 568 4319 3?...
599 4273 649 4312 υ.
678 4255 771 4328 83)
804 4275 816 4311 :

414 4371 582 4422 Paruit
603 4370 688 4422 ille
711 4367 1021 4436 (Unigenitus
1043 4366 1202 4422 Filius
1223 4367 1316 4421 Dei
1335 4368 1570 4436 )_libens,
1595 4369 1736 4422 Deus
1753 4371 1914 4420 omnia

1359 4433 1492 4494 [cum
1517 4434 1664 4484 Patre
1689 4445 1910 4494 concors,

535 4496 851 4549 Communem
874 4509 1050 4547 curans
1071 4509 1180 4547 rem
1205 4497 1391 4560 pietate
1414 4496 1538 4560 pari.

390 4626 480 4681 16.
514 4625 752 4682 Tertium
781 4633 942 4697 caput
969 4623 1069 4681 ista
1121 4624 1520 4695 complectitur.
1553 4621 1910 4678 Ministerium

311 4718 485 4773 divini
513 4717 677 4774 Verbi
705 4733 735 4773 a
784 4718 944 4774 Patre
987 4725 1287 4788 acceptum,
1345 4715 1574 4785 ideoque
1624 4713 1766 4786 quod
1799 4728 1916 4770 me-

308 4813 425 4870 rito
477 4811 740 4869 referatur
784 4811 850 4866 ad
906 4809 1157 4867 eumdem
1228 4809 1464 4874 Patrem,
1514 4807 1684 4862 veluti
1723 4821 1914 4862 verum

304 4915 593 4971 auctorem
622 4903 863 4976 ejusdem
904 4903 1212 4970 ministerii,
1255 4901 1670 4974 expressissime
1717 4900 1944 4957 docent-

305 5000 737 5069 Comtitutiones,
764 5014 898 5071 quas
926 4999 1250 5070 Apostolicas
1275 4997 1551 5066 appellant
1579 4993 1742 5066 (Vide
1761 4993 1913 5050 Cote-

306 5095 437 5151 lerii
473 5095 824 5166 pretationem
853 5093 907 5148 in
937 5091 1034 5148 bas
1062 5088 1540 5160 constitutiones);
1593 5089 1792 5160 quippe
1845 5103 1912 5145 ea

303 5187 674 5244 similitudine
739 5184 1013 5242 interdum
1067 5193 1310 5246 utuntur,
1368 5199 1488 5254 qua:
1540 5181 1918 5238 defensoribus

302 5281 902 5340 consubstantialitatis
927 5277 1093 5335 Verbi
1121 5277 1276 5332 valde
1303 5278 1496 5346 aspera
1518 5277 1631 5331 visa
1661 5284 1765 5331 est.
1801 5273 1919 5332 Sci-

300 5377 454 5434 licet
491 5374 710 5440 docent,
767 5393 786 5428 ι
820 5373 1119 5431 Diaconum
1159 5372 1369 5430 relerre
1415 5373 1616 5430 debere
1641 5372 1819 5428 omnia
1849 5370 1918 5426 ad

300 5470 676 5542 Episcopum,
703 5467 843 5525 sicut
863 5464 1116 5525 Christus
1145 5465 1314 5523 refert
1333 5467 1514 5522 omnia
1544 5466 1610 5521 ad
1641 5466 1912 5521 Patrem.»

298 5566 384 5624 Et
417 5578 486 5620 ne
505 5563 626 5634 quis
650 5577 712 5620 ea
738 5561 882 5619 dicta
925 5562 995 5620 de
1032 5570 1324 5634 potestate,
1370 5575 1530 5634 quam
1562 5559 1812 5616 Christus
1864 5559 1918 5614 in

2011 3226 2112 3290 eis,
2142 3242 2277 3297 quos
2305 3224 2685 3291 excitavimus,
2711 3223 2981 3290 Patribus,
3005 3224 3312 3295 asperiores
3354 3227 3450 3280 has
3474 3227 3621 3282 loeu-

2011 3321 2190 3377 tiones
2223 3319 2462 3376 :etenim
2493 3333 2660 3375 voces
2693 3317 2813 3385 has,
2830 3317 3048 3393 jubente
3088 3317 3263 3386 Patre,
3298 3337 3325 3374 a
3355 3320 3621 3392 probatis-

2013 3413 2166 3470 simis
2182 3411 2694 3476 irenzeicodicibus,
2724 3410 2921 3482 quibus
2961 3409 3241 3478 Erasmus,
3287 3411 3489 3484 aliique
3528 3429 3620 3470 ve-

2014 3507 2269 3562 tustiores
2301 3504 2487 3559 lrcnaei
2529 3504 2769 3559 editores
2793 3503 2875 3558 usi
2918 3513 3065 3569 sunt,
3099 3505 3293 3562 abesse
3319 3506 3477 3563 docet
3508 3507 3617 3565 Re-

2014 3606 2170 3653 natus
2196 3596 2451 3664 Massuet,
2492 3598 2578 3651 cui
2627 3595 2887 3651 debemus
2916 3603 3244 3665 postremam
3276 3596 3466 3653 Irenaei
3498 3600 3618 3654 edi-

2015 3693 2251 3764 tionem(
2273 3702 2325 3748 et
2342 3691 2566 3762 jubente
2583 3689 2764 3745 desunt
2791 3691 2846 3744 in
2898 3688 3102 3744 Erasm.
3129 3701 3175 3743 et
3197 3689 3338 3745 Gall.
3371 3693 3390 3762 (
3416 3709 3469 3763 p.
3513 3691 3620 3748 283

2016 3793 2140 3840 tom.
2165 3801 2183 3840 ι
2227 3786 2352 3840 edit.
2375 3781 2625 3855 Venetae).
2646 3783 2851 3839 Desunt
2869 3798 3085 3854 quoque
3106 3783 3159 3838 in
3193 3783 3431 3842 editione
3480 3789 3615 3842 Am-

2015 3876 2403 3935 stelodamensi
2431 3875 2559 3931 anni
2584 3875 2724 3930 i724
2737 3874 3166 3930 Constitutionum
3183 3878 3614 3948 Apostolicarum,

2017 3987 2137 4044 qua:
2149 3971 2216 4027 de
2244 3978 2512 4041 potestate
2539 3970 2768 4035 creandi,
2797 3980 2852 4026 et
2873 3972 3210 4026 conservandi
3238 3987 3304 4029 ex
3346 3976 3620 4033 nonnullis
3656 4032 3658 4034 ,

2017 4063 2402 4120 vetustioribus
2448 4060 2778 4118 editionibus
2813 4061 3023 4132 objecta
3059 4073 3204 4118 sunt.
3248 4065 3343 4122 Vel
3369 4067 3530 4122 etiam
3571 4071 3616 4125 si

2017 4173 2260 4224 moneas,
2290 4171 2501 4212 summo
2523 4156 2576 4211 in
2599 4156 2775 4226 pretio
2799 4171 2904 4212 non
2932 4155 3213 4214 habendos
3234 4174 3330 4214 eus
3384 4176 3576 4219 omnes
3601 4207 3615 4230 ,

2017 4266 2156 4324 quos
2182 4247 2535 4316 adduximus,
2581 4248 2862 4315 Doctores,
2889 4249 3026 4305 adeo
3050 4259 3111 4305 ut
3129 4251 3196 4307 ab
3217 4267 3403 4309 eorum
3430 4265 3621 4312 aucto-

2017 4344 2177 4400 ritate
2197 4341 2454 4400 commoti
2491 4340 2559 4397 ab
2588 4341 2989 4409 usitatissimis,
3013 4357 3078 4398 ac
3116 4343 3512 4414 probatissimis
3541 4350 3622 4405 lo-

2019 4435 2217 4509 quendi
2253 4433 2500 4492 formulis
2545 4433 2883 4490 recedamus.
2929 4432 3038 4490 Cur
3083 4437 3227 4491 enim
3270 4439 3321 4494 id
3358 4440 3618 4500 adhibere

1937 4523 2174 4586 Dnobis
2207 4544 2312 4583 non
2361 4527 2491 4584 licet
2537 4525 2680 4596 quod
2729 4525 3014 4582 Gennadio
3054 4533 3298 4596 proterre
3345 4531 3488 4588 licuit
3512 4533 3619 4606 (De

2022 4623 2226 4678 Eccles.
2248 4620 2487 4694 Dogmat.
2507 4637 2623 4691 cap.
2648 4619 2744 4690 4)?
2774 4636 2798 4672 σ
2821 4618 3244 4686 Nihilcreatum,
3268 4633 3357 4676 aut
3375 4624 3618 4682 serviens

2023 4717 2077 4773 in
2105 4715 2369 4771 Trinitate
2395 4712 2703 4776 credamus,
2731 4721 2790 4765 ut
2817 4710 2929 4766 vult
2952 4709 3239 4783 Dionysius
3263 4713 3384 4769 fons
3422 4718 3557 4772 Arii.
3592 4735 3610 4770 ›

2024 4811 2103 4867 De
2127 4822 2234 4880 quo
2269 4805 2487 4878 quidem
2539 4802 2824 4874 Dionysio,
2877 4803 3089 4858 tametsi
3131 4805 3519 4874 vetustissimo,
3564 4821 3620 4866 et

2025 4901 2319 4972 etetcroqui
2342 4896 2598 4954 laudabili
2623 4896 2758 4960 viro,
2780 4893 2896 4949 hzrc
2927 4895 3088 4950 etiam
3113 4896 3304 4953 litteris
3333 4902 3620 4970 consigna-

2025 4997 2102 5052 vit
2122 4993 2350 5066 Basilius
2377 4989 2570 5066 (Epist.
2602 5004 2691 5045 xm
2711 5029 2728 5055 ,
2754 4987 2808 5042 in
2832 4987 3053 5042 editione
3082 4987 3226 5043 Patr.
3253 4991 3315 5047 S.
3342 4990 3521 5047 Mauri
3542 5010 3619 5061 ix,

2025 5107 2080 5146 η.
2110 5087 2173 5159 2)
2199 5106 2212 5141 :
2235 5105 2254 5140 ‹
2279 5065 2401 5142 Non
2431 5083 2610 5140 omnia
2640 5081 2786 5138 illius
2815 5079 3048 5137 hominis
3078 5082 3409 5141 admiramur
3435 5105 3451 5144 :
3486 5103 3622 5144 non-

2025 5180 2169 5238 nttlla
2222 5193 2352 5236 vero
2401 5189 2622 5247 prorsus
2679 5173 2978 5242 rejicimus.
3029 5173 3424 5247 Propemodum
3472 5182 3618 5237 enim

2029 5275 2206 5340 istius,
2230 5287 2350 5344 quae
2379 5282 2522 5325 nunc
2543 5265 2869 5338 divulgatur,
2895 5266 3189 5336 impietatis
3208 5269 3618 5337 Anomoeorutu,

2033 5377 2292 5440 quantum
2320 5364 2542 5428 scimus,
2572 5361 2782 5433 primus
2821 5360 2924 5416 iste
2949 5361 3184 5416 humano
3211 5364 3394 5431 generi
3417 5368 3624 5423 semina

2028 5461 2277 5535 prabuit.
2315 5476 2335 5511 ι
2368 5457 2702 5527 Quamquam
2733 5453 2881 5509 illum
2907 5454 3089 5510 statim
3108 5469 3365 5512 excusare
3379 5458 3624 5530 aliquan-

2031 5556 2199 5628 tisper
2227 5551 2463 5618 studeat,
2496 5549 2610 5605 hmc
2635 5547 2928 5619 subjicieus
2960 5564 2973 5602 :
3012 5565 3031 5599 ι
3051 5545 3282 5605 Causam
3311 5564 3442 5608 vero
3470 5553 3631 5626 hujus

389 5753 476 5828 (α)
511 5752 570 5810 ln
611 5750 704 5811 lib.
737 5757 926 5808 contra
969 5747 1222 5806 Sermon.
1253 5742 1509 5802 Arianor.
1534 5753 1655 5815 cap.
1685 5740 1742 5811 '5,
1776 5736 1912 5795 alias
1956 5752 2011 5796 n.
2036 5738 2092 5794 4.

729 5847 1008 5910 ΡΑτιιοι..
1054 5841 1140 5906 Χ.

3111 5820 3194 5884 27
