4120 6170
502 262 612 322 845

1170 248 1245 317 ΙΝ
1280 251 1541 316 ιιιιΑιιιι
1582 251 1801 314 EPIST.
1844 248 1975 312 SEU
2015 250 2099 312 ιιι

2207 285 2239 312 ι.
2289 250 2742 316 DISSERTATIO
2780 248 3123 317 SECUNDA.

3709 250 3813 316 ειι

501 377 585 434 rei
622 389 729 432 non
756 381 888 447 puto
924 370 1326 445 improbitatem
1369 369 1533 427 animi
1577 369 1774 436 fuisse,
1818 369 1913 425 sed
1958 367 2102 440 quod
2128 366 2185 430 Α
2210 371 2323 427 nuit
2344 370 2576 429 Basilius
2602 372 2763 430 verba
2797 372 2887 429 illa
2918 370 3116 429 Christi
3144 369 3463 442 explicans:
3499 370 3811 427 Mandatum

504 466 747 525 Sabellio
776 464 1149 522 vehementius
1177 463 1444 519 obluctari
1475 470 1720 534 cuperet.
1746 481 1764 514 ι
1801 462 1907 518 Sed
1955 470 2107 518 certe

508 561 691 618 omnia
716 558 862 616 eludi
895 572 1002 614 non
1035 565 1282 629 possunt.
1315 557 1447 627 Quis
1488 557 1633 614 enim
1662 556 1845 613 dicere
1887 557 2101 624 audeat,

508 659 763 724 corrupta
793 665 915 708 esse
944 651 1146 719 omnia,
1176 665 1295 722 quae
1325 659 1485 706 antea
1510 650 1856 722 protulimus,
1884 649 2103 705 Patrum

504 746 645 811 loca,
688 759 809 800 cum
858 757 1027 816 pauca
1066 758 1130 799 ea
1174 759 1281 798 non
1326 743 1464 809 sint,
1511 753 1567 799 et
1611 743 1869 814 pleraque
1913 743 2104 799 horum

505 849 656 897 certo
676 838 988 910 incorrupta
1007 838 1149 893 sint?
1168 838 1286 893 Alio
1300 838 1463 909 igitur
1478 836 1850 909 confugiamus
1866 845 2103 908 oportet.

576 933 667 988 20.
715 930 898 986 inveni
940 939 1119 987 autem
1151 930 1294 999 apud
1325 930 1632 1002 probabiles
1660 929 1963 1001 Scriptores
1996 930 2107 987 duo

505 1023 837 1081 solutionum
866 1023 1073 1094 Capita,
1103 1037 1331 1093 quorum
1371 1022 1605 1091 primum
1651 1037 1717 1078 eo
1758 1022 2009 1087 vertitur,
2047 1028 2108 1077 ut

505 1126 729 1172 moneat
795 1114 1161 1185 asperioribus
1213 1114 1363 1169 hisce
1410 1113 1773 1170 locutionibus
1833 1114 2103 1170 mitiorem

506 1223 725 1265 sensum
755 1207 956 1263 inesse.
1004 1205 1255 1279 Rigorose
1299 1205 1502 1276 exeipit
1544 1206 1761 1263 easdem
1802 1206 2107 1263 locutiones

505 1300 704 1358 solutio
738 1299 907 1355 altera
930 1341 944 1366 ,
983 1297 1076 1355 sed
1121 1313 1214 1355 eas
1238 1297 1307 1354 de
1350 1296 1547 1367 Verbo,
1580 1306 1845 1369 quatenus
1887 1297 2106 1353 Verbum

505 1403 611 1460 eet,
640 1400 698 1448 et
719 1392 1021 1458 increatum,
1052 1389 1275 1446 minime
1299 1390 1511 1459 accipit.
1542 1388 1841 1463 Utramque
1877 1390 2106 1447 solutio-

506 1499 654 1551 nem,
687 1484 939 1549 obsecro,
971 1481 1363 1553 expendamus.

576 1579 668 1635 2i.
692 1578 859 1635 Aiunt
874 1582 1054 1650 itaque
1069 1578 1161 1651 qui
1180 1580 1408 1649 primam
1430 1590 1736 1651 proponunt
1751 1581 2100 1651 solutionem,

503 1672 646 1728 banc
686 1672 870 1729 inesse
918 1683 1029 1727 tum
1068 1671 1347 1743 profanis,
1378 1681 1488 1729 tum
1531 1673 1699 1729 sacris
1736 1673 2101 1745 Scriptoribus

2209 463 2636 535 accepiaPatre,
2668 465 2793 535 quid
2820 465 3010 533 dicam,
3063 473 3170 518 etc.
3223 462 3436 519 Etenim
3490 462 3610 520 haec
3654 462 3817 519 docet

2207 554 2299 612 ille
2328 555 2405 629 (a)
2440 573 2454 611 :
2488 575 2509 610 ι
2540 557 2793 612 Altamen
2848 572 2915 612 ne
2947 555 3088 612 forte
3113 570 3179 611 ex
3213 555 3583 627 magnitudine
3626 570 3814 614 eorum

2210 663 2332 720 quae
2359 648 2517 717 fiunt,
2550 649 2824 721 rapiamur
2852 649 2904 704 in
2954 648 3427 723 imaginationem,
3470 658 3528 704 ut
3565 659 3817 720 putemus

2210 741 2495 798 Dominum
2554 742 2820 814 principio
2858 757 3069 812 carere,
3096 742 3227 814 quid
3263 744 3336 799 ait
3382 742 3449 813 is,
3491 745 3589 817 qui
3614 760 3713 816 per
3758 759 3819 801 se

2208 833 2318 889 vita
2366 833 2485 890 est?
2528 833 2641 908 Ego
2670 835 2779 890 vivo
2826 844 3038 909 propter
3078 832 3313 892 Patrem.
3359 835 3427 892 Et
3453 835 3549 893 Dei
3597 837 3817 895 virtus:

2210 924 2336 982 Non
2362 936 2526 997 potest
2555 925 2730 984 Filius
2753 944 2785 982 a
2810 945 2865 984 se
2884 927 3057 999 facere
3075 928 3366 1000 quicquam.
3392 928 3599 1003 Rursus
3628 930 3674 985 is
3720 930 3820 1001 qui

2210 1035 2277 1077 ex
2306 1020 2545 1091 perfecta
2573 1028 2658 1076 est
2685 1020 2953 1092 sapientia
2983 1037 2998 1075 :
3027 1019 3342 1076 Mandatum
3364 1021 3559 1095 accepi,
3590 1022 3716 1096 quid
3731 1021 3819 1075 di-

2209 1129 2343 1179 cam,
2375 1113 2566 1183 etquid
2609 1113 2789 1185 loquar
2817 1127 2837 1169 .'
2858 1128 2953 1186 per
2993 1112 3109 1170 haec
3150 1114 3336 1170 omnia
3361 1113 3565 1171 ducens
3609 1130 3708 1185 nos
3747 1113 3822 1170 ad

2209 1207 2384 1264 Patris
2430 1207 2830 1280 cognitionem,
2886 1217 2942 1265 et
2988 1208 3404 1266 admirationem
3449 1226 3637 1267 eorum
3692 1226 3818 1283 quae

2208 1299 2456 1373 gerebat,
2497 1299 2565 1355 ad
2606 1300 2758 1355 illum
2797 1299 3062 1369 referens,
3095 1312 3153 1355 ut
3193 1315 3292 1372 per
3320 1302 3491 1372 ipsum
3517 1299 3820 1376 cogitesca-

2209 1408 2332 1448 mus
2360 1392 2603 1448 Patrem.
2646 1391 2766 1449 Non
2790 1395 2932 1449 enim
2961 1408 3028 1450 ex
3063 1409 3287 1465 operum
3320 1382 3621 1463 diderentia
3653 1397 3823 1453 Pater

2214 1484 2564 1557 conspicitur,
2589 1486 2744 1557 quasi
2766 1486 3111 1557 peculiarem,
3133 1496 3295 1563 atque
3321 1496 3623 1559 separatam
3647 1489 3824 1546 actio-

2209 1596 2334 1636 nem
2366 1580 2621 1637 exhibeat
2674 1580 2693 1654 (
2717 1596 3074 1653 qumcumque
3102 1581 3246 1649 enim
3292 1580 3441 1637 videt
3482 1581 3699 1640 Patrem
3741 1584 3825 1641 fas

2215 1674 2467 1742 cientem,
2499 1674 2615 1731 haec
2658 1684 2713 1730 et
2755 1674 2927 1731 Filius
2974 1676 3222 1732 similiter
3263 1664 3701 1749 facit);‘verum
3750 1695 3840 1736 ex-

505 1765 976 1832 consuetudinem,
1005 1776 1061 1822 ut
1091 1767 1456 1838 asperioribus
1486 1767 1806 1838 quibusdam
1833 1771 2109 1849 vocabulis
2139 1766 2188 1827 B
2212 1767 2402 1840 gloria,
2433 1784 2551 1839 quae
2579 1772 2627 1824 ei
2651 1767 2719 1824 ab
2769 1766 3053 1839 Unigenito
3075 1768 3318 1824 defertur
3340 1810 3355 1835 ,
3385 1784 3609 1841 operum
3652 1772 3825 1835 mira-

511 1861 783 1917 mitiorem
812 1876 1054 1929 sensum,
1085 1876 1150 1918 ac
1180 1861 1628 1933 signiﬁcationem
1653 1863 1911 1934 tribuant,
1941 1867 2111 1921 minus

510 1954 729 2025 intelligi
751 1955 971 2011 volentes
1000 1954 1020 2028 (
1043 1963 1100 2010 ut
1128 1965 1183 2011 et
1207 1955 1479 2028 vulgatum
1511 1955 1611 2012 fert
1635 1956 1922 2030 adagium)
1953 1973 2111 2029 quant

502 2047 560 2101 in
606 2048 827 2120 speciem
881 2057 1152 2118 appareat.
1210 2046 1414 2104 Omitto
1465 2057 1681 2129 exteros
1748 2048 2109 2120 profanosquc

504 2138 832 2210 Scriptores,
877 2141 928 2195 in
970 2140 1166 2211 quibus
1194 2139 1490 2212 frequentia
1521 2140 1812 2197 admodum
1836 2149 1963 2197 sunt
1992 2143 2107 2199 haec

505 2231 774 2302 exempla,
796 2241 854 2286 ut
877 2232 928 2286 in
960 2232 1128 2286 sacris
1149 2232 1460 2288 auctoribus
1481 2234 1797 2289 consistam.
1833 2233 1958 2290 Haec
1978 2248 2107 2292 sane

502 2319 706 2378 Paulus
745 2322 1157 2379 Colossensibus
1180 2322 1363 2379 scribit
1383 2322 1603 2395 (Colon.
1634 2341 1708 2394 tv,
1741 2324 1829 2396 10)
1858 2342 1870 2379 :
1902 2326 2109 2383 Salutat

500 2428 589 2468 uo:
614 2413 940 2470 Aristarchus
965 2416 1292 2488 concaptivus
1322 2432 1484 2482 meus,
1518 2425 1566 2472 et
1597 2415 1809 2473 Marcus
1848 2418 2107 2474 consobri-

500 2506 707 2575 nus,vlc
719 2523 817 2578 quo
832 2507 1101 2578 accepistis
1123 2507 1388 2562 mandata.
1404 2507 1575 2563 Porro
1598 2523 1661 2564 eo
1682 2509 1945 2565 vocabulo
1968 2526 2107 2582 prte-

501 2609 651 2671 ccpta
687 2600 917 2671 rigoroee
965 2611 1173 2673 accepta
1222 2601 1441 2657 minime
1483 2601 1729 2658 denotari
1781 2603 2107 2675 interpretes

498 2692 745 2764 plerique
774 2692 1013 2748 tradunt.
1045 2693 1175 2750 Haec
1196 2694 1359 2749 etiam
1394 2695 1447 2750 in
1473 2694 1609 2750 libro
1638 2694 1804 2752 Josue
1833 2695 2107 2754 Habemus

500 2784 705 2858 (Iosue,
729 2802 785 2853 ι,
811 2784 904 2858 14)
935 2785 1211 2842 Obediente
1224 2783 1450 2842 Domino
1471 2788 1580 2842 voci
1600 2789 1841 2843 hominis.
1855 2786 1964 2846 Sed
1985 2790 2106 2861 quis

499 2879 620 2937 haec
660 2880 902 2952 rigorose
933 2881 1158 2952 accipiat
1177 2881 1201 2935 ?
1220 2882 1304 2936 An
1331 2882 1473 2938 Deus
1513 2881 1632 2938 voci
1653 2882 1885 2939 hominis
1907 2898 1967 2939 se
1986 2884 2106 2939 sub-

499 2973 701 3042 mittit,
736 2972 921 3044 illique
963 2975 1154 3045 paret?
1190 2974 1330 3029 Alibi
1371 2975 1511 3030 Deus
1551 2973 1667 3045 ipse
1697 2975 1814 3030 haec
1852 2975 1919 3031 de
1945 2990 2007 3031 se
2030 2976 2106 3031 ait

499 3064 690 3137 (Isai.,
720 3082 837 3137 cap.
869 3081 1018 3132 mu,
1045 3067 1179 3137 24):
1215 3066 1419 3123 Serrire
1448 3082 1528 3121 me
1569 3066 1763 3137 fecistis
1796 3069 1852 3122 in
1881 3068 2105 3139 peccatis

2216 1863 2394 1917 culum
2420 1861 2612 1932 carpit,
2639 1860 2764 1917 dum
2795 1874 2993 1932 prazter
3013 1878 3236 1937 operum
3270 1863 3717 1937 magnitudinem,
3748 1864 3822 1922 de

2214 1954 2339 2027 ipso
2378 1956 2543 2011 etiam
2588 1961 2810 2012 auctore
2846 1969 3070 2026 Operum
3112 1955 3412 2028 gloriatur,
3450 1966 3509 2035 et
3547 1961 3821 2027 exaltatur

2216 2048 2395 2115 abiis,
2424 2049 2515 2120 qui
2539 2058 2836 2121 agnoscunt
2863 2064 2986 2108 eum
3016 2049 3229 2107 Patrem
3256 2051 3466 2117 Domini
3494 2052 3665 2109 nostri
3687 2051 3819 2113 .lesu

2212 2142 2414 2199 Christi
2440 2160 2455 2199 :
2482 2142 2587 2199 Per
2602 2161 2754 2216 quem
2776 2146 2969 2215 omnia,
2992 2155 3039 2201 et
3062 2155 3274 2219 propter
3298 2164 3451 2221 quem
3476 2148 3824 2221 Diuma..'ld00

2225 2236 2355 2292 dicit
2404 2235 2663 2293 Dominus
2694 2256 2708 2293 :
2737 2237 2939 2323 Omnia,
2970 2255 3083 2295 mea
3135 2252 3225 2297 tua
3251 2252 3389 2323 sunt,
3421 2251 3479 2317 ut
3514 2242 3597 2317 ad
3637 2242 3820 2323 ipsum

2222 2328 2485 2401 originem
2511 2345 2692 2387 rerum
2716 2331 3055 2389 conditarum
3081 2333 3325 2390 referens
3354 2351 3367 2388 :
3396 2331 3465 2389 Et
3489 2343 3579 2390 tua
3595 2353 3729 2407 mea,
3760 2343 3825 2393 ut

2220 2421 2345 2477 inde
2390 2422 2651 2493 principia
2699 2423 2918 2480 creandi
2967 2424 3257 2505 accipiens,
3293 2442 3397 2482 non
3427 2427 3571 2500 quod
3599 2428 3824 2493 auxiliis

2211 2524 2393 2571 utatur
2414 2514 2481 2571 ad
2511 2517 2863 2587 operandum,
2901 2533 3076 2590 neque
3114 2518 3255 2591 quod
3288 2535 3353 2575 ex
3400 2519 3823 2593 particularibus

2212 2610 2483 2666 mandatis
2509 2610 2938 2684 uniuscujusque
2976 2615 3159 2685 operis
3202 2612 3562 2681 ministerium
3592 2630 3823 2687 concre-

2209 2702 2412 2773 datur;
2446 2718 2567 2758 nam
2602 2703 2745 2759 istud
2777 2702 2992 2775 quidem
3035 2705 3252 2771 servile,
3298 2713 3353 2760 et
3375 2721 3405 2760 a
3433 2706 3614 2765 divina
3640 2707 3824 2779 digni-

2210 2804 2321 2853 tate
2345 2797 2607 2852 immenso
2637 2807 2902 2852 semotum
2926 2797 3215 2854 intervallo
3240 2816 3253 2853 :
3286 2799 3383 2857 sed
3409 2799 3550 2873 quod
3574 2798 3819 2873 Verbum

2214 2891 2455 2963 paternis
2500 2892 2657 2948 bonis
2697 2892 2913 2962 plenum
2970 2893 3324 2965 resplendens
3349 2909 3379 2951 a
3409 2894 3592 2962 Patre,
3633 2896 3820 2953 omnia

2218 2984 2348 3042 facit
2379 2984 2445 3041 ad
2468 2985 2873 3057 similitudinem
2906 2985 3045 3056 ejus,
3092 2987 3182 3058 qui
3229 2985 3402 3071 ipsum
3430 2988 3653 3067 genuit:
3679 2988 3823 3045 Nam

2209 3081 2254 3136 si
2282 3079 2430 3152 juxta
2460 3082 2751 3136 essentiam
2781 3078 2915 3136 nihil
2946 3078 3126 3137 diﬂ’ert
3153 3096 3183 3136 a
3211 3080 3397 3157 Patre,
3417 3096 3518 3137 nec
3543 3082 3817 3154 potentia,

497 3161 698 3217 vestris.
728 3159 1028 3216 Prtebuistis
1053 3162 1178 3216 mihi
1209 3162 1453 3218 laborem.
1486 3163 1569 3219 An
1603 3161 1746 3218 Deus
1770 3203 1785 3227 ,
1815 3161 1941 3218 dum
1974 3176 2099 3232 pec-
2126 3150 2172 3214 C
2205 3150 2369 3231 etiam
2398 3191 2426 3228 ῃ
2455 3173 2614 3229 patre
2658 3172 2858 3230 dm‘ert.
2897 3171 3071 3228 Porro
3102 3187 3329 3249 quorum
3356 3150 3579 3247 aequalis
3607 3180 3693 3229 est
3721 3187 3823 3249 po-

497 3256 877 3323 camus,nobis
905 3253 1149 3323 inservit,
1182 3253 1369 3328 illique
1393 3255 1631 3311 laborem
1663 3254 2027 3327 imponimus?

575 3369 667 3422 22.
719 3368 923 3426 Morem
970 3369 1115 3425 hunc
1152 3365 1392 3441 profecto
1436 3369 1680 3441 sequitur
1708 3368 1945 3425 Hilarius
1982 3368 2100 3426 haec

494 3460 743 3519 elocutus
772 3460 885 3537 (lib.
914 3477 950 3517 ιι
983 3460 1047 3516 de
1071 3459 1280 3526 Trinit.,
1304 3459 1473 3533 12.24)
1504 3477 1517 3516 :
1544 3479 1561 3515 ι
1587 3461 1815 3518 Humani
1838 3462 1982 3518 enim
1999 3478 2096 3534 ge-

502 3551 654 3607 neris
681 3566 843 3608 causa
868 3551 964 3609 Dei
989 3551 1131 3607 filius
1157 3561 1314 3608 natus
1334 3568 1401 3609 ex
1434 3552 1651 3624 Virgine
1678 3565 1781 3622 est,
1814 3566 1867 3611 et
1897 3556 2099 3626 Spiritu

503 3642 704 3701 Sancto
734 3644 852 3716 ipso
882 3643 986 3701 sibi
1016 3648 1069 3699 in
1101 3645 1201 3699 bac
1227 3645 1544 3715 operatione
1573 3646 1884 3713 famulante,
1917 3658 1970 3703 et
2001 3664 2098 3705 sua

496 3735 633 3809 (Dei
683 3735 954 3809 videlicet)
1010 3736 1352 3793 innmbrante
1411 3739 1640 3805 virtute,
1691 3741 1936 3811 corporis
1994 3741 2096 3798 sibi

492 3828 641 3885 initia
663 3831 925 3886 conserit.
943 3848 961 3882 ι
989 3829 1071 3885 Αη
1094 3830 1345 3885 Divinum
1360 3828 1596 3890 Verbum
1624 3833 1847 3904 (etenim
1863 3830 2096 3905 Spiritus

491 3922 677 3978 Sancti
719 3924 938 3979 nomine
976 3922 1065 3979 hic
1106 3923 1350 3979 Divinum
1388 3923 1612 3980 Verbum
1665 3934 1683 3999 (
1714 3925 1845 3980 Vide
1876 3938 2097 3984 annota-

489 4016 676 4071 tiouem
704 4017 995 4086 appositam
1023 4018 1140 4070 huic
1164 4015 1298 4086 loco,
1330 4018 1496 4073 littera
1529 4015 1604 4091 g)
1635 4018 1929 4093 intelligit)
1964 4020 2094 4077 sibi-

494 4109 711 4178 metipsi
742 4108 1064 4165 famulatur?
1548 4094 1553 4101 θ

566 4201 658 4256 25.
701 4200 917 4258 Similes
948 4204 1068 4269 alite
1108 4203 1412 4261 locutiones
1453 4203 1594 4263 haud
1640 4204 2006 4277 infrequentes
2040 4207 2091 4259 in

491 4293 706 4349 Sanctis
747 4295 999 4357 Patribus
1046 4304 1192 4353 sunt.
1249 4297 1359 4354 Sed
1391 4298 1702 4369 superiores
1732 4300 1982 4355 retulisse
2022 4297 2093 4353 sit

489 4385 643 4443 satis.

557 4477 650 4533 2i.
693 4476 785 4533 llis
808 4477 1137 4542 constitutis,
1173 4489 1395 4537 monent
1421 4481 1704 4551 Theologi,
1729 4496 1845 4549 eas,
1871 4482 1941 4537 de
1967 4483 2091 4552 qui-

2204 3266 2392 3334 tentia,
2421 3266 2611 3322 horum
2634 3266 2856 3321 omnino
2899 3264 3123 3336 aequalis
3163 3272 3247 3320 est
3267 3273 3323 3321 et
3345 3265 3611 3341 operatio.
3643 3263 3814 3339 Clario

2205 3370 2323 3417 stus
2343 3359 2608 3430 siquidem
2643 3359 2740 3415 Dei
2763 3359 2933 3413 virtus
2958 3365 3063 3425 est,
3093 3364 3149 3414 et
3173 3357 3268 3414 Dei
3310 3357 3578 3439 sapientia
3606 3375 3621 3411 :
3649 3367 3706 3415 et
3730 3359 3817 3415 sic

2203 3454 2384 3511 omnia
2415 3468 2511 3524 per
2537 3453 2710 3523 ipsum
2743 3452 2879 3506 facta
2907 3460 3054 3517 sunt,
3078 3449 3366 3522 omniaque
3394 3464 3492 3521 per
3522 3451 3721 3521 ipsum,
3747 3460 3813 3525 et

2202 3549 2256 3605 in
2280 3548 2454 3620 ipsum
2485 3546 2702 3613 condita
2728 3553 2876 3614 sunt,
2924 3560 3029 3600 non
3058 3543 3203 3614 quod
3234 3544 3631 3618 instrumentaii
3672 3560 3819 3625 (ιυρ-

2201 3641 2326 3697 dam
2369 3655 2433 3695 ac
2478 3639 2658 3695 servili
2711 3637 3014 3694 ministerio
3059 3635 3312 3708 fungatur
3342 3653 3355 3690 :
3390 3636 3487 3709 sed
3515 3637 3659 3707 quod
3693 3647 3817 3699 tan-

2202 3749 2362 3805 quam
2391 3731 2640 3799 conditor
2671 3738 2951 3801 paternam
2983 3730 3202 3803 impleat
3221 3729 3573 3801 voluntatem.
3607 3748 3625 3789 ι

2272 3826 2365 3881 27.
2408 3824 2673 3881 Posumus
2712 3825 2897 3888 etiam,
2939 3824 2984 3879 si
3026 3823 3298 3891 volumus,
3341 3823 3509 3885 verbo
3526 3822 3818 3901 jubcgtri-

2200 3918 2369 3976 buere
2404 3918 2825 3988 explicationem
2872 3915 3093 3972 afﬁnem
3132 3915 3207 3972 illi
3249 3931 3412 3988 quam
3446 3916 3611 3977 verbo
3642 3917 3816 3979 doceo

2202 4012 2409 4076 tribuit,
2437 4022 2573 4067 teste
2595 4012 2838 4076 Petavio,
2863 4010 3154 4083 Gregorius
3165 4009 3538 4067 Nazianzenus
3563 4029 3577 4067 :
3600 4011 3819 4069 scilicet

2200 4112 2260 4160 ut
2287 4103 2830 4169 communicationem
2863 4103 3102 4169 idearum
3126 4101 3369 4171 denotet.
3402 4101 3573 4165 Porro
3595 4102 3654 4159 S.
3676 4101 3817 4167 Doc-

2199 4196 2335 4253 toris
2364 4196 2548 4261 verba,
2580 4212 2698 4268 qua:
2729 4195 2891 4252 etiam
2941 4194 3009 4250 ad
3038 4192 3419 4265 explicandum
3466 4194 3683 4275 tertium
3712 4210 3817 4269 ge-

2200 4304 2304 4346 nus
2327 4289 2662 4345 locutionum
2692 4288 2922 4344 miriﬁce
2967 4289 3179 4359 juvant,
3212 4287 3302 4343 hic
3329 4286 3596 4346 adducere
3623 4304 3815 4360 operm

2200 4381 2431 4454 pretium
2455 4381 2602 4439 reor.
2635 4400 2655 4434 t
2683 4381 2969 4457 Quoniam,
3003 4382 3177 4453 inquit
3221 4381 3315 4439 ille
3372 4380 3643 4456 (Oratione
3669 4382 3811 4453 36),

2196 4491 2378 4531 rerum
2436 4476 2747 4541 earumdem
2800 4476 3007 4534 formas
3046 4476 3221 4539 veluti,
3270 4478 3337 4537 in.
3376 4478 3501 4548 ipso
3541 4477 3813 4548 intprimit

487 4571 591 4628 bus
620 4572 959 4635 disserimus,
990 4570 1322 4641 locutiones,
1350 4574 1692 4649 poinmodam
1733 4573 1964 4644 aliquam
1995 4590 2090 4630 ex-
2113 4543 2171 4604 Ῑ)
2197 4567 2359 4623 Pater
2392 4585 2404 4621 ε
2434 4569 2746 4640 exsequitur
2775 4576 2953 4623 alitem
2984 4566 3222 4631 Verbum
3256 4584 3363 4625 non
3406 4569 3676 4639 imperite,
3702 4570 3812 4627 sed

488 4666 830 4734 plicationem
891 4665 1147 4736 excipere
1175 4652 1369 4735 procul
1400 4666 1565 4721 dubio
1612 4665 2088 4725 debereztamctsi

485 4758 732 4814 eamdem
755 4759 1170 4830 explicationem
1194 4776 1300 4815 non
1333 4777 1522 4817 omnes
1549 4762 1839 4832 excipiant,
1864 4772 1919 4818 et
1942 4762 2084 4819 diffi-

485 4852 590 4904 cile
616 4854 772 4906 Valde
803 4852 875 4906 sit
903 4860 1105 4908 certam
1140 4852 1372 4923 aliquam
1402 4852 1661 4913 indicare.

556 4944 647 4999 23.
693 4943 745 4997 In
778 4959 844 5000 eo
878 4945 1115 5014 pit-rique
1135 4946 1483 5011 conveniunt,
1519 4956 1572 5000 ut
1604 4945 1709 5013 his,
1738 4955 1792 5011 et
1819 4946 2086 5015 similibus

452 5034 773 5107 ‘phrasibus
801 5052 907 5090 non
937 5036 1079 5091 aliud
1127 5036 1447 5107 denmetur,
1485 5038 1586 5093 nisi
1626 5037 1851 5103 Patrem,
1885 5039 2086 5108 princi-

485 5126 634 5198 pium
653 5143 776 5183 esse
802 5130 1177 5198 Operatiortwn,
1207 5146 1312 5185 non
1340 5130 1500 5187 modo
1528 5129 1596 5184 ad
1624 5131 1781 5199 intra,
1809 5148 1913 5205 qua
1935 5131 2003 5187 de
2025 5148 2085 5189 re

483 5233 645 5275 nemo
672 5220 934 5292 disputat,
965 5221 1073 5280 nisi
1099 5225 1330 5281 Arianus
1354 5224 1401 5278 is
1431 5224 1533 5291 sit;
1565 5240 1750 5280 verum
1779 5226 1939 5279 etiam
1963 5242 2086 5295 ope-

479 5312 738 5366 rationum
759 5314 828 5367 ad
851 5322 1016 5381 extra,
1041 5326 1309 5386 quatenus
1338 5315 1406 5371 ab
1432 5332 1503 5374 eo.
1528 5325 1583 5371 ut
1603 5320 1743 5388 fonte
1770 5318 1790 5392 (
1817 5316 1919 5372 hac
1936 5320 2079 5372 enim

482 5403 836 5461 similitudine
876 5405 1068 5462 Patres
1111 5407 1211 5483 ipsi
1247 5406 1514 5481 utuntur)
1537 5419 1725 5464 cuncta
1758 5410 2076 5480 procedunt.

553 5493 641 5550 26.
684 5495 1032 5569 Augustinus,
1073 5513 1234 5570 quem
1261 5513 1488 5555 numero
1515 5499 1581 5554 l2
1624 5498 1872 5571 allegavi,
1903 5499 1955 5556 id
1998 5501 2081 5556 in-

481 5585 663 5643 dicare
711 5589 970 5647 videtur:
1007 5590 1103 5647 sed
1146 5603 1293 5647 certe
1355 5606 1473 5648 eam
1528 5591 1948 5663 explicationem
1998 5592 2081 5648 itt-

2193 4660 2451 4724 scienter,
2480 4669 2556 4725 et,
2585 4669 2640 4715 ut
2678 4660 2854 4730 aptius
2882 4660 3092 4732 loquar,
3119 4670 3364 4733 paterae.
3408 4679 3428 4714 ι
3460 4661 3665 4729 Quibus
3695 4661 3811 4731 Na;

2193 4752 2434 4807 zianzeni
2459 4753 2641 4809 verbis
2667 4754 2909 4809 recitatis
2940 4754 3055 4809 haec
3085 4754 3334 4817 Petavius
3370 4753 3622 4833 subjicit(
3643 4755 3736 4810 lib.
3762 4771 3809 4815 ιι

2193 4844 2265 4902 de
2290 4845 2579 4915 Trinitate,
2606 4864 2723 4917 cap.
2753 4848 2808 4913 4,
2833 4864 2976 4902 num.
3004 4848 3035 4903 6
3060 4850 3079 4920 )
3105 4865 3116 4901 :
3142 4866 3161 4900 ‹
3188 4848 3394 4917 Quibus
3415 4848 3467 4903 in
3492 4848 3670 4904 verbis
3691 4863 3805 4905 vox

2194 4928 2481 5016 ἐνσημαίνει
2509 4957 2613 4997 non
2646 4953 2730 5005 est
2758 4941 3077 5011 simpliciter
3097 4941 3370 5016 designare
3391 4984 3407 5010 ,
3439 4950 3498 4997 ut
3525 4942 3686 5015 vertit
3714 4944 3810 4999 in—.

2197 5041 2429 5103 terpres,
2462 5033 2558 5088 sed
2588 5035 2638 5089 in
2669 5035 2775 5089 alio
2810 5035 2960 5089 velut
3006 5033 3318 5105 imprimere
3348 5052 3361 5091 :
3392 5034 3533 5092 unde
3560 5045 3803 5108 constet,

2193 5123 2410 5181 Patrem
2443 5125 2682 5193 indicare
2712 5124 2873 5190 Filio,
2903 5125 2989 5181 vel
3017 5141 3141 5182 eum
3171 5125 3395 5188 docere.
3440 5126 3572 5200 quid
3594 5126 3805 5185 facien-

2193 5214 2321 5271 dum
2349 5218 2439 5285 sit,
2464 5227 2519 5273 et
2543 5215 2697 5289 quasi
2721 5216 3075 5281 monstrando
3092 5218 3306 5289 prurire,
3329 5202 3629 5275 nihil'aliud
3650 5232 3799 5286 esse,

2191 5309 2294 5364 nisi
2319 5310 2494 5366 eidem
2527 5327 2629 5366 una
2660 5325 2782 5366 cum
2817 5319 3006 5367 natura
3035 5320 3088 5366 et
3115 5310 3351 5383 essentia
3395 5326 3574 5383 rerum
3598 5310 3805 5379 iacieno

2190 5402 2383 5459 darum
2409 5402 2845 5475 intelligentiam,
2874 5412 2930 5459 et
2955 5418 3140 5460 earum
3181 5404 3415 5473 formas,
3458 5412 3620 5476 atque
3643 5402 3801 5461 idm

2192 5499 2594 5556 communicare
2624 5496 2913 5570 gignendo.
2957 5517 2976 5551 ι

2264 5591 2614 5649 Persaitimus
2645 5591 2908 5649 hactenus
2938 5590 2990 5647 in
3020 5592 3194 5664 prima
3224 5590 3496 5654 solutione
3521 5589 3575 5647 in
3604 5604 3671 5648 eo
3694 5604 3794 5663 po-

477 5772 503 5845 χ
551 5772 630 5845 (a)
657 5772 735 5830 Ex
785 5773 1227 5847 interpretatione
1267 5774 1524 5834 editionis
1544 5776 1691 5835 Patr.
1714 5777 1770 5836 S.
1825 5777 2120 5848 Mauri,lib.
2154 5778 2219 5836 de
2251 5778 2455 5849 Spiritu
2475 5780 2692 5858 Sancto,
2716 5780 2781 5839 ad
2808 5781 3272 5861 Amphilochium,
3306 5801 3425 5865 cap.
3451 5790 3505 5862 8,
3532 5803 3587 5847 η.
3624 5788 3714 5848 l9.
