4120 6170
329 340 435 400 815

1000 332 1067 391 ΙΝ
1106 331 1365 392 HlLARll
1442 330 1659 391 EPIST.
1703 328 1835 389 SEU
1878 328 2102 388 LIBEI..
2146 330 2595 391 DISSERTATIO
2634 330 2975 391 SECUNDA.

3534 337 3638 393 816

327 448 455 516 sita,
477 443 620 519 quod
648 444 1014 517 asperioribus
1039 442 1188 501 hisce
1213 442 1574 501 locutionibus
1603 444 1784 500 mitior
1804 457 1929 499 seu-
1955 444 2007 503 A
2034 444 2178 499 enim
2201 460 2410 500 carnem
2432 455 2605 500 natam
2623 446 3018 517 assumpserat),
3043 461 3145 501 non
3168 454 3337 503 tamen
3359 448 3412 502 in
3434 450 3639 521 nulla):

329 556 424 597 sus
453 540 738 594 inluereat.

401 637 493 689 ΞΒ.
535 632 768 705 Aggredi
800 631 1064 689 debemus
1111 647 1253 688 nunc
1288 631 1610 689 solutionem
1664 632 1930 700 alteram,

328 740 453 798 quae
477 724 697 782 easdem
742 724 1067 792 locutiones,
1115 734 1205 780 aut
1247 733 1395 781 certe
1448 739 1694 795 magnam
1745 738 1930 779 earum

328 826 540 888 partem
572 814 816 889 (etenim
848 814 1061 870 Paulini
1103 816 1254 872 locus
1295 823 1570 891 postrema
1610 814 1714 871 hac
1762 814 1935 885 expli-

329 908 546 965 catione
575 920 636 962 se
655 906 932 978 explanari
961 923 1067 962 non
1094 907 1260 979 sinit)
1284 909 1514 979 rigorose
1541 907 1758 978 quidem
1786 905 1933 961 acci-

330 1002 431 1073 pit,
459 999 556 1057 sed
586 1010 744 1072 negat
768 1016 861 1057 eos
882 1000 952 1057 de
983 1000 1155 1057 Verbo
1202 1011 1469 1073 quatenus
1497 1001 1721 1056 Verbum
1748 1012 1851 1070 est,
1883 1010 1937 1058 et

330 1092 655 1158 i’ncreatum,
687 1094 857 1161 accipi
884 1108 1061 1164 posse.
1088 1094 1309 1152 Scilicet
1340 1094 1570 1151 Verbum
1597 1138 1612 1160 ,
1644 1095 1890 1167 inquiunt
1916 1138 1931 1162 ,

329 1181 386 1240 in
414 1200 597 1241 rerum
624 1185 1019 1241 mundanaer
1064 1188 1342 1243 creatione
1380 1200 1695 1256 corpoream
1750 1196 1939 1260 quam-

331 1277 461 1334 dam
486 1278 745 1349 speciem,
770 1292 1005 1349 eamque
1034 1276 1286 1334 humanm
1324 1280 1677 1345 simillimam,
1719 1295 1815 1336 seu
1845 1295 1938 1349 po-

340 1372 451 1429 tius
503 1373 795 1427 humanam
818 1372 1012 1445 ipsam,
1054 1371 1151 1428 sed
1196 1373 1386 1442 forma,
1438 1381 1496 1430 et
1544 1372 1941 1445 pulchritudine

327 1464 549 1536 egregia
588 1464 925 1535 assumpsit:
967 1474 1129 1534 atque
1180 1465 1234 1519 in
1288 1480 1351 1521 ea
1402 1474 1594 1521 cuncta
1646 1464 1934 1533 condidit,

325 1555 562 1626 ideoque
578 1555 873 1621 hominem,
888 1555 975 1611 cui
996 1557 1053 1611 in
1068 1555 1277 1623 eadem,
1303 1572 1463 1627 quam
1484 1556 1741 1625 diximus,
1764 1555 1939 1613 turma

329 1662 395 1705 se
425 1638 709 1703 visendum
744 1647 993 1718 pracbuit,
1024 1663 1258 1719 eumque
1297 1649 1565 1705 allocutus
1611 1660 1712 1706 est.
1754 1648 1941 1720 Neque

328 1757 467 1797 vero
495 1740 709 1797 Adamo
737 1741 915 1797 solum
943 1756 1005 1797 se
1026 1741 1080 1796 in
1108 1756 1171 1798 ea
1197 1742 1483 1799 visendum
1506 1743 1724 1808 obtulit,
1751 1759 1941 1799 verum

2033 545 2091 592 et
2133 552 2277 604 saepe
2325 538 2472 592 alibi.
2519 537 2625 594 Sed
2677 539 3023 608 apertissime
3072 538 3125 594 id
3170 538 3332 597 docet
3378 542 3640 599 adversus

2033 627 2363 685 Marcionem
2395 630 2717 700 disputans:
2749 631 2949 686 etenim
2980 629 3099 688 haec
3127 633 3403 704 eloquitur
3432 635 3545 706 (lib.
3578 652 3638 698 11.

2034 738 2151 793 cap.
2181 722 2249 777 27
2281 721 2345 794 );
2394 740 2412 775 1
2472 722 2603 778 Nam
2654 731 2710 778 et
2752 724 3072 793 proﬁtemur
3103 722 3380 782 Christum
3424 741 3641 796 semper

2036 815 2213 884 egisse
2244 814 2298 869 in
2332 814 2428 869 Dei
2461 813 2634 869 Patris
2664 814 2904 879 nomine,
2934 815 3108 885 ipsum
3139 815 3207 879 ah
3230 817 3385 874 initio
3415 833 3644 876 conver—
3684 818 3705 831 ’

2037 915 2239 973 satum,
2267 908 2443 977 ipsum
2492 920 2844 976 congressum
2876 923 2997 962 cum
3042 907 3373 965 Patriarehis
3395 950 3412 980 ,
3441 921 3494 965 et
3524 928 3646 982 pro-

2039 1002 2240 1074 phetis,
2286 1001 2452 1056 filium
2494 1002 2782 1063 creatoris,
2817 1015 3122 1056 sermonem
3174 1003 3328 1073 ejus,
3374 1020 3533 1075 quem
3578 1022 3645 1061 ex

2039 1097 2333 1165 semetipso
2372 1096 2698 1166 proferendo
2729 1097 2901 1151 tilium
2932 1096 3130 1151 fecit...
3166 1099 3217 1151 in
3270 1096 3387 1153 haec
3430 1115 3643 1169 quoque

2039 1186 2335 1257 dispositus
2358 1198 2438 1243 est
2468 1204 2496 1241 a
2524 1198 2699 1257 patre,
2730 1203 2850 1257 qua:
2875 1197 2930 1241 ut
2952 1188 3188 1242 humana
3220 1189 3642 1259 reprehenditis,

2045 1276 2268 1333 Edicem
2283 1281 2397 1352 jam
2428 1279 2550 1333 inde
2569 1295 2600 1332 a
2622 1278 2906 1349 primordio
2928 1280 3041 1350 jam
3068 1277 3189 1333 inde
3215 1277 3495 1347 hominem,
3514 1282 3651 1351 quod

2041 1381 2153 1427 erat
2176 1376 2383 1444 futurus
2411 1372 2465 1425 in
2494 1372 2617 1441 ﬁne.
2646 1371 2745 1426 Ille
2765 1380 2848 1425 est
2875 1370 2964 1437 qui
2994 1369 3297 1435 descendit,
3327 1372 3418 1428 ille
3447 1373 3538 1443 qui
3569 1375 3651 1428 in-

2041 1470 2304 1535 terrogat,
2335 1463 2425 1518 ille
2448 1464 2541 1534 qui
2573 1462 2833 1532 postulat,
2866 1462 2957 1516 ille
2983 1462 3073 1533 qui
3098 1462 3267 1533 jurat,
3298 1476 3406 1520 etc.
3447 1482 3465 1516 ι
3501 1464 3556 1522 Si
3584 1467 3654 1522 ah

2043 1555 2201 1611 initio
2226 1565 2581 1611 conversatus
2602 1565 2705 1621 est,
2730 1554 2777 1609 si
2806 1570 2835 1608 a
2866 1553 3164 1625 primordio
3182 1555 3291 1624 jam
3318 1555 3442 1611 inde
3463 1554 3648 1625 homo,

2043 1649 2188 1720 quod
2216 1661 2333 1706 erat
2362 1649 2572 1705 futurus
2602 1647 2655 1704 in
2684 1649 2820 1715 fine;
2875 1648 2928 1703 in
2971 1651 3250 1705 creatione
3294 1650 3482 1721 utique
3531 1653 3651 1722 ipsa

2045 1742 2225 1797 Mundi
2253 1743 2271 1811 (
2298 1743 2345 1797 si
2373 1739 2773 1798 Tertullianum
2805 1740 3004 1811 audis)
3034 1741 3198 1797 homo
3219 1751 3354 1797 erat.
3390 1745 3460 1797 At
3487 1742 3652 1799 homo

326 1837 492 1891 etiam
555 1835 770 1891 caeteris
838 1836 1203 1904 Patriarchis,
1242 1852 1402 1908 ‘smpe
1445 1839 1605 1894 etiam
1660 1837 1948 1909 Prophetis
1976 1826 2027 1887 B
2056 1843 2342 1905 propterea
2373 1832 2479 1888 dici
2512 1848 2619 1886 non
2651 1841 2848 1903 potest,
2883 1834 3025 1903 quod
3054 1848 3089 1888 a
3134 1833 3439 1904 primordio
3467 1835 3658 1891 buma-

326 1924 486 1997 ipsis,
518 1920 656 1982 adeo
685 1935 744 1980 ut
781 1926 850 1981 iis
886 1928 1082 1983 crebro
1108 1931 1418 1999 apparuerit
1444 1930 1631 1986 eadem
1663 1929 1836 1987 forma
1867 1933 1948 1987 iu-

326 2015 525 2082 dutus,
573 2032 734 2088 quam
788 2017 843 2072 in
881 2019 1159 2075 creatione
1207 2032 1606 2091 assumpserat,
1664 2032 1757 2077 aut
1800 2032 1949 2080 certe

327 2110 605 2164 simillima
628 2111 828 2182 aliqua,
853 2126 1028 2183 eaque
1060 2123 1378 2171 constanter
1401 2117 1659 2171 humana.
1690 2116 1949 2172 Petavius

329 2204 598 2275 plurimos
629 2216 751 2260 eam
779 2206 832 2261 in
860 2222 973 2261 rem
1005 2204 1160 2262 aﬂert
1180 2207 1392 2275 Patres,
1422 2225 1581 2280 quos,
1614 2209 1661 2265 si
1692 2210 1796 2278 vis,
1821 2226 1950 2267 con-

331 2297 455 2353 sule
494 2301 549 2352 in
592 2313 661 2353 eo
690 2298 836 2365 loco,
865 2316 1028 2370 quem
1071 2301 1140 2356 ad
1170 2303 1382 2374 paginae
1428 2303 1632 2359 calcem
1677 2304 1786 2360 cito
1808 2345 1822 2370 ,
1856 2320 1952 2360 ex-

338 2403 531 2460 presse
559 2391 822 2462 allegatos
851 2392 954 2464 (a).
991 2394 1106 2465 Ego
1147 2398 1503 2467 paucissimos
1534 2397 1779 2477 seligam,
1814 2397 1949 2457 Lec-

332 2494 507 2540 tnrem
541 2484 608 2539 ad
633 2488 884 2542 eumdem
923 2487 1198 2543 Patavium
1226 2491 1547 2546 amandans.
1868 2545 1872 2549 .

411 2577 503 2632 '29.
574 2577 937 2635 Tertullianus
1010 2580 1272 2638 adversus
1344 2583 1604 2639 Praxeam
1667 2586 1949 2655 disputans

338 2673 487 2742 (cap.
525 2671 596 2744 7)
636 2672 709 2727 de
755 2674 1020 2729 Sermone
1056 2690 1121 2730 ac
1152 2676 1330 2733 Verbo
1366 2677 1549 2733 divino
1591 2693 1770 2735 rerum
1799 2693 1949 2734 erea-

340 2767 545 2821 tionem
574 2776 909 2837 exsequente
941 2767 1017 2840 (b)
1073 2769 1189 2825 hare
1216 2771 1289 2825 ait
1318 2790 1331 2824 :
1363 2789 1383 2823 1
1416 2771 1567 2828 Tunc
1596 2773 1758 2841 igitur
1786 2774 1948 2828 etiam

336 2858 463 2928 ipse
481 2857 679 2915 Sermo
694 2861 955 2931 speciem,
979 2869 1033 2916 et
1057 2870 1306 2918 ornatum
1335 2879 1490 2919 suum
1522 2865 1707 2931 sumit,
1733 2880 1947 2931 sonum,

338 2960 401 3009 et
427 2969 639 3020 vocem,
672 2969 793 3009 cum
825 2953 953 3009 dicit
985 2954 1125 3009 Deus
1156 2973 1168 3008 :
1202 2953 1326 3010 Fiat
1364 2955 1520 3011 lux...
1575 2960 1645 3011 At
1687 2972 1787 3027 ego
1819 2955 1952 3012 nihil

346 3046 476 3103 dico
498 3047 565 3103 de
586 3047 698 3104 Deo
744 3049 925 3116 inane,
958 3060 1013 3105 ct
1050 3064 1275 3106 tacuum
1309 3051 1525 3120 prodire
1576 3052 1846 3121 potuisse,
1897 3060 1953 3105 ut

338 3158 452 3196 non
480 3141 547 3197 de
584 3141 765 3205 inani,
812 3154 866 3199 et
892 3159 1062 3199 vacuo
1102 3145 1406 3214 prolatum;
1441 3161 1542 3200 nec
1584 3160 1772 3201 carere
1823 3145 1952 3199 sub-

335 3236 558 3300 stantia,
590 3234 733 3306 quod
758 3234 826 3291 de
852 3244 999 3291 tanta
1027 3234 1325 3291 substantia
1373 3238 1658 3307 processit,
1691 3247 1743 3290 et
1772 3244 1947 3292 tantas
1972 3215 2019 3280 ε

335 3327 669 3384 substantias
712 3328 872 3395 fecit;
908 3327 1033 3384 fecit
1061 3333 1200 3384 enim
1233 3336 1290 3386 et
1326 3330 1441 3400 ipse
1468 3346 1586 3401 qua:
1631 3330 1773 3386 facta
1816 3339 1944 3384 sunt

333 3434 439 3491 per
466 3420 631 3475 illum.
666 3420 834 3487 Quale
862 3431 966 3486 est,
999 3429 1057 3475 ut
1079 3421 1211 3476 nihil
1239 3422 1310 3477 sit
1342 3422 1478 3491 ipse,
1512 3422 1631 3478 sine
1682 3437 1788 3493 quo
1818 3422 1951 3477 nihil

250 3560 261 3566 -
336 3512 542 3569 factum
570 3512 695 3569 est?
720 3511 789 3570 Ut
822 3514 999 3569 inanis
1024 3513 1221 3582 solida,
1252 3526 1306 3570 et
1332 3530 1536 3570 vacuus
1569 3516 1747 3585 plena,
1779 3523 1835 3569 et
1865 3515 1951 3569 in-

336 3608 642 3677 corporalis
688 3608 991 3679 corporalia
1034 3610 1105 3665 sit
1150 3611 1447 3680 aperatus?
1473 3609 1603 3663 Nam
1643 3611 1743 3665 etsi
1778 3619 1956 3679 potest

339 3701 636 3773 aliquando
656 3702 785 3775 quid
808 3703 925 3760 fieri
947 3703 1225 3761 diversum
1247 3703 1388 3773 ejus,
1415 3718 1514 3774 per
1536 3703 1789 3781 quo‘ﬁt,
1820 3702 1952 3758 nihil

339 3809 537 3855 nmen
558 3806 737 3868 potest
766 3797 912 3864 ﬁeri,
939 3813 1037 3869 per
1059 3797 1111 3853 id
1131 3797 1277 3867 quod
1300 3812 1547 3861 vacuum,
1577 3807 1633 3850 et
1664 3798 1824 3851 inane
1848 3803 1951 3849 est.

341 3888 529 3946 Vacua
552 3898 611 3944 et
629 3889 806 3945 inanis
831 3904 919 3944 res
961 3897 1049 3945 est
1068 3890 1258 3944 Sermo
1282 3889 1397 3954 Dei,
1425 3887 1517 3958 qui
1568 3886 1735 3942 Filius
1784 3886 1956 3941 dictus

342 3990 455 4043 est.
483 3981 579 4051 qui
603 3982 720 4053 ipse
744 3981 888 4037 Deus
931 3980 1342 4051 cognominatus
1378 3990 1462 4035 est
1488 3997 1500 4032 :
1530 3978 1594 4033 Et
1626 3978 1808 4032 Sermo
1849 3988 1957 4032 erat

343 4073 493 4141 apud
520 4070 713 4140 Deum,
745 4082 790 4128 et
814 4071 957 4127 Deus
979 4082 1085 4127 erat
1116 4072 1348 4127 Sermo?
1376 4071 1648 4138 Scriptum
1680 4078 1803 4123 est:
1836 4067 1955 4122 Non

348 4183 525 4224 sume:
551 4183 736 4222 nomen
756 4164 857 4221 Dei
886 4167 945 4223 in
968 4181 1174 4220 vanum.
1208 4165 1304 4220 llic
1330 4172 1478 4219 certe
1505 4175 1609 4223 εει,
1638 4162 1727 4230 qui
1754 4160 1810 4216 in
1840 4160 1958 4216 effi-

345 4260 440 4331 gie
463 4259 563 4313 Dei
592 4259 942 4317 constitutus,
977 4273 1086 4312 non
1116 4258 1357 4328 rapinam
1386 4255 1714 4309 existimavit
1741 4267 1862 4308 esse
1899 4269 1959 4308 se

349 4354 619 4421 aequalem
647 4353 775 4408 Deo.
807 4352 866 4407 111
888 4369 990 4423 qua
1016 4350 1198 4422 efﬁgie
1226 4352 1363 4406 Dei?
1380 4346 1577 4421 Utique
1607 4349 1660 4402 in
1692 4348 1818 4415 alia,
1850 4362 1958 4401 non

347 4455 536 4503 tamen
566 4445 619 4501 in
649 4447 865 4502 nulla...
897 4447 1266 4513 Qua-cumque
1313 4457 1444 4514 ergo
1482 4441 1780 4497 substantia
1826 4440 1957 4493 Ser-

354 4544 541 4596 monis
568 4538 691 4609 fuit,
718 4540 865 4597 illam
887 4541 1010 4596 dico
1038 4553 1345 4610 personam,
1377 4546 1431 4592 et
1472 4535 1548 4590 illi
1593 4550 1790 4590 nomen
1837 4531 1958 4587 Filii

2051 1941 2175 1981 nam
2204 1940 2424 1981 carnem
2475 1926 2835 1995 assumpserit
2879 1926 3127 1981 :etenim
3170 1941 3290 1981 eam
3335 1930 3566 1999 sumpsit
3597 1926 3650 1982 in

2050 2017 2159 2073 line
2189 2027 2526 2087 temporum,
2560 2016 2721 2070 Maria
2763 2016 3121 2072 Sanctissima
3156 2018 3235 2073 illi
3279 2034 3499 2075 carnem
3549 2021 3655 2074 mi-

2051 2112 2351 2177 nistrante;
2380 2124 2511 2181 ergo
2541 2119 2828 2179 propterea
2876 2110 3039 2165 homo
3066 2109 3175 2165 dici
3206 2118 3406 2180 potest,
3455 2111 3598 2182 quod
3626 2127 3656 2167 a

2051 2200 2353 2272 primordio
2382 2202 2432 2255 in
2462 2200 2699 2255 humana
2727 2200 2901 2257 forma
2932 2216 3030 2256 seu
3074 2206 3260 2270 specie
3298 2204 3571 2273 apparuit,
3604 2205 3658 2260 in

2051 2310 2155 2368 qua
2185 2296 2349 2351 etiam
2375 2296 2658 2365 deinceps,
2687 2297 2732 2351 si
2761 2295 3154 2353 'l‘ertullianum
3177 2298 3354 2363 audis,
3378 2299 3651 2370 apparuit:

2051 2388 2364 2446 Ahrahamo
2401 2389 2631 2455 scilicet,
2678 2388 2903 2457 Iacobo,
2939 2400 2993 2445 et
3022 2390 3351 2461 patriarchis
3389 2391 3650 2462 reliquis,

2052 2480 2224 2553 Moysi
2254 2495 2493 2551 quoque,
2519 2490 2574 2536 et
2598 2481 2813 2535 caeteris
2843 2481 3151 2550 pr0phetis.

2125 2574 2215 2629 50.
2258 2572 2315 2628 In
2338 2571 2592 2628 eumdem
2619 2582 2839 2627 sensum
2864 2571 3190 2627 Prudentius
3212 2572 3516 2643 generatim
3540 2574 3657 2632 haec

2054 2668 2217 2725 docet
2243 2666 2349 2739 (c):

2149 2783 2252 2849 god
2276 2787 2452 2849 tamen
2462 2788 2520 2849 et
2540 2783 2705 2849 Patris
2722 2785 2996 2849 specimen,
3017 2800 3117 2849 quo
3139 2799 3354 2837 cernere
3379 2787 3452 2840 fas
3473 2791 3537 2842 sit

2149 2845 2395 2915 glutinauit;
2411 2845 2669 2915 aliquando
2691 2845 3168 2915 oculiseoncurrere
3192 2857 3488 2915 promptum,

2150 2908 2293 2979 Quod
2316 2910 2540 2979 quamvis
2564 2909 2724 2979 hebes
2748 2908 3310 2979 intuitus_5pecula_tiiine
3336 2908 3529 2979 glauco,

2153 2970 2492 3033 Humentique
2516 2973 2622 3021 acie
2648 2972 2804 3033 potuit
2823 2970 3094 3023 nebulosus
3116 2976 3271 3033 adire,

2154 3034 2374 3106 Quisque
2400 3033 2645 3106 mimicum
2671 3034 2854 3084 vidisse
3060 3044 3382 3106 memoratur,
3406 3041 3471 3091 ab
3490 3042 3598 3106 ipso

2154 3094 2372 3160 infusum
2398 3096 2520 3160 vidit
2539 3104 2727 3159 natum,
2758 3110 2867 3145 nam
2893 3095 3046 3147 Filius
3066 3098 3159 3149 hoc
3177 3106 3274 3160 est,

2152 3157 2292 3225 Quod
2315 3158 2379 3207 de
2394 3157 2557 3225 ‘Patre
2580 3157 2763 3207 micans
2784 3160 3094 3225 seprteSIitit
3130 3157 3507 3225 inSpieiendum,

2150 3220 2252 3284 Per
2271 3220 2486 3282 species,
2509 3232 2632 3284 quas
2656 3230 2822 3284 posset
2841 3220 2989 3284 homo
3010 3220 3276 3284 eomprehe
3284 3225 3439 3276 udere
3458 3220 3599 3279 visu:

2152 3282 2276 3344 Nam
2299 3280 2446 3344 mera
2462 3280 2697 3344 maiestas
2716 3290 2793 3332 est
2815 3282 3021 3344 infinita,
3043 3280 3141 3334 nec
3164 3286 3315 3336 intrat

2152 3343 2384 3407 O‘btutus,
2409 3343 2572 3406 aliquo
2596 3345 2646 3393 ni
2670 3358 2726 3394 se
2750 3343 3088 3396 moderamine
3112 3345 3309 3400 formet.

2130 3430 2397 3499 Deinceps
2424 3443 2553 3483 vero
2585 3428 2665 3501 (ά)
2698 3447 2711 3482 :

2154 3523 2282 3588 Quin
2306 3523 2467 3584 potius
2489 3525 2710 3588 scrutare
2736 3518 2833 3569 Dei
2858 3521 3110 3588 signacula
3134 3524 3184 3572 in
3208 3528 3318 3588 ipso

2150 3586 2311 3638 Fonte
2332 3585 2614 3641 vetustatis,
2639 3594 2901 3647 percurras
2922 3586 3097 3647 scrinia
3123 3585 3266 3647 primi

2152 3648 2433 3717 §_crip_toris,
2461 3659 2608 3717 quem
2634 3658 2731 3717 noti
2753 3646 2933 3695 bardus
2958 3646 3132 3706 Pater,
3153 3656 3238 3717 aut
3254 3648 3387 3717 Avus
3410 3652 3596 3717 Augur,

2154 3707 2340 3759 Fabula
2364 3707 2461 3772 nec
2482 3707 2855 3772 veterisfamaz,
2880 3720 2973 3758 nec
3001 3708 3196 3770 garrula
3222 3712 3406 3772 nutrix,

2153 3774 2258 3822 Nec
2279 3784 2398 3833 sago
2416 3770 2651 3832 clangore
2676 3769 2877 3833 loquax,
2905 3777 2960 3821 et
2978 3769 3185 3821 stridula
3202 3774 3373 3824 cornix

2156 3834 2279 3908 item
2292 3832 2519 3908 decuere
2545 3832 2639 3908 Dei
2657 3867 2671 3891 ,
2692 3832 2781 3880 sed
2806 3832 2968 3908 coram
2995 3834 3211 3908 proditus
3229 3837 3357 3908 ipse,

2154 3896 2266 3953 Ipse
2292 3894 2431 3958 Deus
2453 3895 2697 3958 trepidum
2725 3894 2981 3944 mortalem
2998 3894 3138 3945 initis
3160 3894 3317 3947 amico

2153 3959 2341 4008 habuit.
2352 3957 2585 4019 alloquio,
2610 3969 2789 4019 seque,
2815 3968 2873 4006 ac
2894 3970 2981 4006 sua
3004 3971 3189 4007 summa
3204 3962 3409 4012 retexit.

2153 4021 2392 4071 Nimirum
2416 4017 2641 4068 meminit
2664 4017 2881 4077 Scriptor
2905 4019 3215 4077 doctissimus
3233 4021 3319 4072 illo

2155 4034 2392 4071 monrum
2416 4034 2641 4068 meminit
2664 4034 2881 4127 θοι-1111101·
2905 4034 3215 4077 uocussimus
3233 4034 3319 4072 tuo

2155 4081 2302 4133 Orbis
2327 4081 2567 4144 principio
2587 4093 2683 4129 non
2706 4093 2761 4144 _so
2781 4094 2885 4143 um,
2913 4094 3005 4144 nec
3028 4084 3136 4132 sine
3157 4081 3349 4135 Christo

2154 4142 2450 4194 Infomiasse
2477 4142 2669 4192 Patrem
2699 4142 2896 4192 facturae
2922 4142 3098 4203 plasma
3123 4146 3347 4197 novellae.

2155 4206 2316 4263 Fecit,
2344 4207 2430 4266 ait,
2456 4205 2674 4267 condens
2690 4205 2939 4254 hominem
2962 4205 3117 4267 Deus,
3147 4214 3199 4258 et
3215 4210 3352 4260 dedit
3369 4212 3453 4261 olli

2155 4268 2252 4335 ραι
2273 4269 2367 4319 Dei
2385 4306 2396 4329 ,
2413 4265 2664 4335 quidnam
2684 4276 2759 4316 est
2764 4267 2929 4335 aliud,
2949 4265 3300 4335 quamuicere,
3330 4271 3465 4324 solus

2155 4330 2262 4399 ljon
2288 4327 2740 4399 erati‘atqueDeo
2760 4327 2897 4399 Deus
2919 4327 3187 4399 adsistebat
3209 4327 3377 4397 agenti
3399 4375 3413 4399 ,

2158 4393 2315 4461 Quum
2341 4391 2790 4461 Dtuninusjaceret
2806 4390 3356 4461 Donlinisubjmagine
3384 4390 3565 4461 plasma
3583 4436 3597 4451 .

2159 4453 2381 4524 Christus
2404 4454 2556 4524 fo_rm_a
2582 4454 2765 4524 Patris,
2793 4453 3082 4524 nosChristi
3110 4453 3263 4506 forma
3286 4465 3338 4508 et
3374 4453 3568 4524 imago:

2157 4518 2422 4582 Qondimur
2441 4519 2492 4567 in
2511 4516 2685 4567 faciem
2704 4515 2898 4582 Domini
2922 4518 3147 4567 bonitate
3169 4528 3389 4582 paterna,

2158 4580 2384 4631 Veuluro
2404 4581 2452 4631 in
2475 4589 2688 4630 nostram
2708 4579 2880 4629 faciem
2903 4587 3012 4642 post
3032 4579 3211 4630 secula
3234 4579 3442 4633 Christo.

2140 4666 2228 4721 5i.
2273 4667 2353 4720 An
2376 4679 2504 4720 vero
2531 4663 2599 4718 ad
2632 4664 2749 4718 luce
2778 4664 2999 4733 respicit
3027 4665 3289 4733 Ecclesia,
3328 4682 3450 4723 cum
3496 4668 3658 4742 hym-

2068 4776 2195 4816 num
2224 4757 2370 4813 lumc
2399 4756 2699 4811 canendum
2729 4756 2972 4826 praecipit
3001 4756 3112 4828 (e)?

2222 4847 2654 4910 Rexﬂsempiterue
2679 4844 2926 4910 Ctelitum,

2316 4908 2501 4958 Rerum
2526 4913 2722 4957 creator
2745 4908 2975 4968 omnium,

2318 4970 2537 5035 [Equalls
2553 4976 2673 5035 ante
2694 4968 2874 5035 saecula

2317 5031 2527 5096 Semper
2553 5032 2753 5096 Parenti
2776 5031 2948 5096 Filius.

2226 5092 2473 5147 Nascentis
2497 5094 2584 5158 qul
2606 5092 2784 5158 Mundo
2808 5093 2969 5143 Faber

2320 5156 2594 5219 Imaginem
2621 5156 2785 5205 vultus
2803 5158 2873 5206 tui

2323 5216 2547 5271 'l‘radens
2574 5219 2781 5276 Adamo,
2815 5216 3030 5269 nobilem

2328 5281 2468 5333 Limo
2488 5285 2667 5346 iugasti
2686 5283 2924 5343 spiritum.

351 4631 597 4699 vindico,
624 4599 827 4688 et'dum
866 4599 1064 4688 Filium
1105 4599 1361 4703 agnosco,
1411 4627 1708 4684 secundum
1738 4641 1767 4680 a
1800 4624 1961 4680 Patre
1986 4599 2039 4663 D

355 4724 621 4782 defendo.
658 4745 683 4780 ›

440 4820 630 4879 Iudice
656 4821 843 4892 itaque
864 4817 1218 4883 Tertulliano,
1270 4815 1505 4872 Verbum
1551 4813 1792 4869 divinum
1840 4827 1962 4868 cum

351 4934 453 4975 res
476 4916 703 4981 creavit,
732 4913 957 4984 speciem
979 4921 1037 4969 et
1059 4922 1300 4966 ornatam
1328 4909 1581 4979 sumpsit,
1617 4906 1670 4963 id
1698 4917 1782 4963 est
1802 4914 1961 4961 exte-

349 5012 565 5068 riorem
593 5006 903 5080 quamdam,
941 5014 1000 5060 et
1036 5002 1327 5071 visibilem,
1361 5015 1590 5071 eamque
1625 4999 1963 5071 elegantissi-

351 5118 517 5161 mum
533 5102 790 5173 speciem,
816 5107 875 5154 et
896 5096 1151 5153 formam.
1177 5096 1352 5165 Quam
1378 5093 1602 5165 quidem
1625 5095 1888 5163 Speciem,
1912 5102 1968 5147 et

350 5200 595 5255 {om
624 5195 929 5253 lmmanam.
948 5192 1117 5247 fuisse
1145 5190 1346 5246 indicat
1389 5188 1479 5244 ille
1505 5198 1560 5244 et
1603 5186 1694 5261 hic
1723 5187 1821 5258 (in
1867 5202 1970 5258 qua

352 5291 528 5362 efﬁgie
552 5309 567 5346 :
594 5290 774 5359 tuique
801 5288 863 5341 in
887 5286 995 5341 alia
1022 5284 1115 5359 (id
1132 5294 1226 5341 est.
1249 5281 1474 5339 alterius
1500 5280 1721 5354 generis
1747 5322 1762 5348 ,
1796 5294 1973 5352 neque

2074 5417 2418 5484 disposuerat,
2474 5413 2612 5485 intra
2657 5426 2711 5485 se
2756 5408 3185 5485 iit_subs_tantias,
3218 5422 3267 5466 et
3316 5415 3508 5485 species
3550 5433 3672 5474 suae

2077 5479 2228 5544 edere
2259 5486 2276 5551 (
2304 5500 2425 5555 cap.
2460 5484 2512 5555 6_
2546 5481 2789 5555 ejusdem
2822 5479 3009 5555 libri).

2150 5556 2229 5632 lc)
2268 5549 2327 5632 ’111
2355 5549 2652 5625 Ᾱιιυῐιιεὸε.
2681 5549 2870 5605 Contra
2892 5549 3148 5632 litoream,
3172 5569 3288 5623 quia
3312 5553 3523 5613 Patrem
3553 5577 3676 5631 pas-

2081 5622 2463 5699 aunt'aﬁirmat,
2498 5634 2731 5699 poemat.
2763 5639 2798 5687 1,
2829 5639 2883 5699 v_.
2932 5622 3017 5685 l8,
3034 5634 3149 5699 _etc.

2158 5701 2239 5772 (ιι)
2259 5692 2474 5822 "gentm
2498 5692 2805 5822 Zagrum,
2828 5692 2881 5748 id
2901 5704 2987 5750 est
3022 5695 3348 5754 Sabellicus:
3374 5697 3642 5760 haereticos
3660 5739 3682 5771 ι

2161 5787 2280 5822 ema
2312 5810 2325 5822 .
2357 5785 2418 5822 11,
2447 5785 2499 5821 γ.
2646 5805 2657 5819 .

2161 5780 2325 5828 emat.
2357 5785 2418 5832 11,
2447 5785 2499 5821 γ.
2533 5780 2657 5822 ill.

2086 5789 2325 5846 poemat.
2357 5789 2418 5832 Il,
2447 5789 2499 5821 γ.
2533 5789 2657 5822 ut.
2746 5837 2754 5847 '
2803 5836 2814 5847 .

2161 5841 2235 5916 (ε)
2276 5841 2358 5899 Ad
2387 5840 2573 5898 Matut.
2608 5838 2817 5896 Domini
2849 5852 2863 5894 :
2896 5843 3143 5910 tempore
3167 5838 3364 5898 Pasch.

441 5429 521 5559 (lg
557 5421 679 5487 Lib.
710 5444 804 5485 vui
833 5426 895 5483 de
918 5423 1184 5494 Trinitate,
1216 5438 1335 5497 cap.
1368 5421 1426 5491 2,
1458 5438 1514 5478 11.
1540 5420 1596 5489 5,
1627 5428 1683 5475 et
1707 5435 1824 5492 seq.
1853 5427 1966 5474 toto

441 5518 469 5559 o
518 5517 567 5559 e.

356 5517 567 5574 capue.

443 5642 515 5713 (b)
554 5641 710 5711 Quod
741 5641 808 5697 de
846 5638 1028 5713 Verbo
1060 5639 1246 5713 divino
1294 5652 1381 5713 res
1427 5633 1727 5713 mundanas
1755 5643 1975 5713 creante

358 5706 678 5771 sermonem
707 5712 907 5770 habeat
927 5711 1314 5774 Tertullianus,
1342 5709 1457 5763 hinc
1486 5706 1979 5779 paulo_praccedett-

358 5788 445 5840 tia
468 5785 709 5855 ejusdem
732 5783 1060 5840 Tertulliani
1092 5781 1257 5855 verba
1286 5776 1570 5855 declarant
1602 5796 1615 5832 :
1650 5776 1719 5835 Ut
1758 5777 1980 5849 primum

359 5850 515 5913 Deus
562 5857 722 5912 voluit
768 5873 860 5926 ea,
893 5870 1006 5925 qua:
1035 5870 1149 5910 cum
1195 5850 1406 5924 Sapitia:
1451 5851 1652 5906 ratione
1677 5859 1722 5906 et
1750 5864 1981 5906 sermone
