4120 6170
441 320 544 378 sti
573 393 575 396 ⁴

517 442 650 506 Seu,
679 448 738 494 ut
767 437 893 494 olim
924 432 1242 506 expressius
1273 429 1551 501 legebatur
1579 444 1592 481 :

599 552 706 604 Rex
729 551 1034 612 sempiterue
1057 545 1292 612 Domine,

695 607 880 662 Rerum
901 617 1097 659 creator
1118 607 1356 668 omnium,

696 676 787 733 Qui
807 684 918 722 eras
938 673 1256 733 antesaacuta

696 728 906 797 Semper
929 731 1211 797 cumAPatre
1229 728 1401 779 Filius.

602 799 693 859 Qui
719 792 884 848 Mundi
910 796 958 859 in
987 792 1250 859 primorle

700 860 854 910 Adam
879 855 1134 922 plasinasti
1154 855 1423 911 hominem,

699 923 789 974 Cui
814 918 912 970 tuae
938 918 1140 981 imagini

699 982 900 1033 Vultum
917 978 1098 1032 dediSti
1121 978 1350 1029 similem.

522 1094 613 1153 52.
644 1090 755 1149 Sed
786 1105 908 1148 eum
935 1089 1002 1144 de
1030 1088 1116 1143 his
1145 1087 1382 1158 agimus,
1413 1099 1510 1141 cur
1536 1083 1771 1140 Leonem
1801 1067 2050 1151 Magnum

456 1183 940 1260 prmtermittimus,
981 1180 1071 1250 qui
1101 1178 1400 1250 generatim
1437 1175 1629 1238 docet,
1660 1172 1933 1228 Chrismm
1959 1186 2055 1225 an-

456 1277 772 1351 tiquissimis
810 1265 1082 1337 Patribus,
1116 1270 1348 1341 ideoque
1371 1269 1581 1324 Adamo
1611 1263 2051 1322 Patriarcharum

458 1369 860 1442 antiquissimo,
895 1366 950 1420 in
977 1364 1157 1435 specie
1185 1363 1416 1418 humana
1448 1360 1786 1431 apparuisse,
1814 1366 1869 1412 et
1899 1355 2058 1426 hujus

461 1466 630 1537 ipsius
664 1462 742 1518 rei
774 1461 1040 1515 rationem
1065 1456 1221 1512 aﬁcrt
1254 1454 1594 1525 elegantem?
1630 1471 1648 1504 ι
1672 1452 1950 1515 Potuerat,
1980 1450 2060 1503 in-

468 1558 587 1630 quit
616 1556 707 1610 ille
730 1552 926 1628 (Epist.
959 1551 1153 1615 xm,-in
1173 1549 1297 1603 edit.
1329 1547 1610 1616 Quesuellii
1640 1561 1809 1610 xxvn,
1830 1561 1947 1614 cap.
1977 1543 2059 1614 2),

463 1646 857 1718 omnipotentia
893 1643 987 1699 Dei
1016 1645 1097 1698 sic
1133 1641 1200 1696 ad
1240 1640 1546 1704 docendos,
1581 1635 2066 1708 justiﬁcaudosque

377 1773 389 1785 ο
465 1745 713 1800 homines
742 1751 1034 1810 apparere,
1069 1733 1340 1806 quomodo
1367 1743 1423 1789 et
1448 1730 1807 1795 Patriarchis,
1840 1738 1896 1785 et
1935 1728 2066 1783 Pro-

1124 307 1190 365 IN
1233 302 1492 364 HILARII
1522 301 1742 360 EPIST.
1785 297 1917 356 SEU
1961 294 2182 354 LIBEL.
2230 291 2680 352 DISSERTATIO
2711 287 3055 350 SECUNDA.
3109 347 3111 351 I

2066 419 2122 480 Λ
2147 425 2273 482 tam,
2299 415 2583 480 qualemve
2611 412 2804 468 credas
2833 410 2996 464 fuisse
3023 404 3181 478 primi
3216 402 3451 458 hominis
3476 401 3622 457 illius
3650 417 3744 456 ve-

3638 284 3745 340 848

2145 506 2447 563 nustatcm?
2472 514 2730 578 quantum
2764 503 2818 556 in
2851 516 2948 556 ore
2978 499 3143 554 decus
3165 537 3180 562 ,
3209 510 3340 566 quas
3369 495 3572 566 gratias
3606 495 3748 547 iuse-

2146 600 2330 657 disse?
2350 619 2369 652 ι

2219 694 2311 751 55.
2335 691 2471 761 Quid
2491 689 2560 747 de
2580 689 2771 746 horum
2800 687 3054 758 opinione
3079 683 3418 742 sentiendum
3442 682 3538 750 sit,
3569 696 3749 737 meum

2151 802 2257 842 non
2287 794 2372 841 est
2408 799 2550 839 nunc
2577 781 2827 838 deﬁnire.
2876 777 3010 834 illud
3045 791 3192 835 certe
3214 786 3452 843 constat,
3489 775 3753 829 alterutra

2151 881 2340 936 harum
2369 877 2698 934 solutionum
2727 872 2951 930 dissolvi
2979 886 3338 944 quaecumque
3366 885 3433 926 ex
3457 866 3757 938 asperiori—

2153 975 2254 1031 bus
2291 973 2396 1028 illis
2424 968 2789 1026 locutionibus
2811 1008 2826 1034 ,
2858 981 2992 1038 quas
3038 965 3091 1021 in
3121 963 3274 1020 titulo
3295 964 3413 1035 ipso
3457 959 3759 1033 praeposui,

2154 1067 2533 1123 desumuntur.
3717 1064 3720 1065 '

2228 1162 2318 1216 56.
2353 1161 2487 1215 Dum
2523 1167 2702 1214 tamen
2727 1156 2844 1212 lucc
2867 1171 3087 1220 moneo,
3122 1155 3252 1210 nolo
3277 1168 3600 1224 quemquam
3635 1165 3764 1206 uos-

2159 1258 2257 1312 tris
2285 1255 2619 1326 temporibus
2653 1253 2719 1308 iis
2748 1251 2849 1308 uti.
2908 1250 3122 1306 Etenim
3153 1249 3198 1304 si
3239 1248 3360 1320 quis
3395 1248 3458 1302 iis
3494 1255 3764 1307 uteretur,

2161 1349 2208 1404 is
2232 1348 2592 1417 suspicionem
2618 1344 2903 1416 prteberet,
2933 1358 3000 1398 ne
3024 1358 3226 1398 servum
3252 1347 3463 1409 putaret
3487 1353 3632 1400 eum,
3662 1333 3760 1406 qui

2153 1440 2388 1515 jubetur,
2419 1449 2476 1494 ut
2504 1438 2722 1494 monitis
2752 1446 2874 1492 utar
2911 1435 3104 1491 vetusti
3147 1435 3290 1489 illius
3326 1429 3648 1502 ScriptoriS,
3676 1428 3773 1499 qui

2167 1548 2198 1586 a
2243 1533 2425 1588 multis
2467 1529 2744 1602 Gregorius
2787 1527 3212 1600 Thaumaturgus
3256 1523 3455 1580 dicitur
3485 1522 3586 1596 (α).
3635 1520 3778 1577 Hinc

2166 1625 2443 1697 Nyssenus
2471 1623 2548 1695 (in
2572 1622 2658 1677 lib.
2693 1620 2752 1693 ι)
2776 1619 3098 1676 Eunomium
3121 1615 3487 1689 reprehendit,
3520 1613 3666 1686 quod
3690 1612 3779 1668 di-

2172 1720 2342 1782 xerit,
2377 1737 2396 1770 ‹
2420 1716 2613 1772 Filium
2635 1716 2881 1786 jussione
2905 1715 3076 1769 Patris
3099 1713 3293 1768 fecisse
3314 1727 3436 1783 quzc
3457 1711 3593 1766 facta
3617 1716 3780 1768 sunt:

464 1835 645 1906 phetis
672 1834 723 1888 in
748 1805 931 1903 specie
967 1805 1150 1886 carnis
1180 1827 1451 1898 apparuit,
1477 1839 1642 1896 quum
1672 1833 1764 1878 aut
1794 1823 2066 1877 luctamen
2096 1810 2145 1872 B
2173 1812 2299 1868 dum
2321 1827 2381 1867 ea
2411 1824 2511 1882 pro
2532 1815 2802 1880 potestate
2826 1805 3049 1862 creavit.
3089 1824 3108 1857 ι

468 1927 606 1991 iniit,
632 1933 722 1979 aut
749 1936 1054 1979 sermonem
1095 1920 1411 1984 conseruit,
1457 1931 1648 1972 eumve
1672 1915 1850 1970 ofﬁcia
1886 1914 2070 1985 hospi-

468 2021 693 2076 talitatis
720 2034 826 2073 non
858 2015 1067 2081 abnuit,
1093 2015 1175 2070 vel
1198 2014 1360 2070 etiam
1389 2011 1692 2082 appositum
1723 2008 1901 2064 cibum
1924 2022 2072 2062 sum-

475 2114 604 2184 psit.
646 2110 752 2168 Sed
780 2110 887 2164 illre
917 2108 1177 2178 imagines
1207 2105 1364 2175 hujus
1403 2103 1638 2158 hominis
1658 2110 1812 2158 erant
1843 2099 2072 2166 indices,

472 2206 630 2275 cujus
657 2205 940 2260 veritatem
973 2217 1040 2255 ex
1074 2199 1496 2270 praecedentium
1537 2197 1754 2250 Patrum
1791 2195 1959 2263 stirpe
1985 2208 2077 2246 su-

475 2297 750 2362 mendam,
775 2294 1195 2366 signiﬁcationes
1217 2289 1461 2359 mystica:
1487 2287 1829 2342 nuntiabant.
1862 2286 1928 2340 Et
1954 2284 2078 2340 ideo

479 2393 892 2450 Sacrameutum
941 2383 1396 2442 reconciliationis
1434 2391 1632 2436 nostrae
1665 2389 1792 2435 ante
1833 2387 2078 2448 tempora

488 2494 690 2541 :eterna
735 2481 1058 2552 dispositum
1101 2479 1262 2533 nulla:
1318 2475 1614 2545 implebant
1674 2474 1897 2544 ﬁgune;
1956 2473 2081 2543 quia

479 2578 718 2635 nondum
750 2580 1140 2645 supervenerat
1171 2567 1406 2639 Spiritus
1430 2567 1661 2623 Sanctus
1698 2566 1750 2620 in
1779 2565 2079 2636 Virginem,

481 2688 584 2729 nec
622 2671 796 2726 virtus
821 2665 1090 2723 Altissimi
1118 2663 1535 2719 obumbraverat
1572 2663 1652 2728 ei,
1685 2671 1742 2716 ut
1771 2661 1907 2716 intra
1939 2660 2082 2716 inte-

480 2774 686 2821 merata
709 2763 916 2818 viscera
938 2758 1242 2815 aediﬁcante
1263 2757 1365 2814 sibi
1387 2756 1664 2827 Sapientia
1684 2755 1928 2822 domum,
1954 2755 2086 2810 Ver-

482 2858 608 2914 bum
648 2871 776 2913 caro
821 2856 1008 2918 ﬁeret,
1042 2860 1098 2908 et
1142 2850 1312 2905 forma
1351 2849 1482 2918 Dei,
1524 2865 1588 2904 ac
1619 2850 1791 2903 forma
1837 2847 1982 2903 servi
2031 2847 2085 2902 in

483 2968 648 3008 unam
673 2949 1033 3006 conveniente
1055 2959 1365 3016 personam,
1391 2951 1612 3000 creator
1635 2951 1942 3013 temporum
1966 2954 2089 2996 nas-

482 3053 700 3101 ceretur
726 3042 778 3097 in
806 3050 1049 3110 tempore
1073 3079 1088 3104 ,
1118 3047 1174 3093 et
1224 3053 1319 3107 per
1353 3053 1512 3107 quem
1543 3035 1681 3091 facta
1731 3044 1859 3091 sunt
1883 3035 2084 3101 omnia,

485 3137 602 3206 ipse
630 3135 774 3190 inter
801 3132 981 3188 omnia
1013 3130 1346 3201 gigneretur.
1386 3147 1405 3180 ι

557 3229 651 3284 55.
685 3225 855 3282 Leoni
896 3223 1251 3293 adjunganms
1281 3222 1598 3277 Cassianum
1631 3219 1746 3277 haec
1785 3219 2084 3275 tradentem

489 3323 604 3393 (lib.
639 3337 714 3384 tv,
750 3320 824 3373 De
852 3319 1059 3373 inc:trn.
1091 3332 1204 3388 cap.
1239 3313 1308 3385 9)
1336 3331 1348 3367 :
1397 3334 1415 3365 ι
1452 3313 1549 3369 Hic
1576 3328 1708 3384 ergo
1737 3328 1875 3368 unus
1903 3321 1987 3368 est
2019 3311 2088 3366 ad

489 3413 829 3472 Patriarchas
853 3412 1100 3481 loquens,
1128 3411 1179 3464 in
1210 3408 1494 3478 Prophetis
1521 3423 1770 3474 manens,
1791 3421 1857 3464 ex
1887 3405 2091 3477 Spiritu

489 3516 784 3576 conceptus
805 3546 820 3569 ,
861 3511 1020 3558 natus
1045 3517 1113 3557 ex
1143 3499 1363 3572 Virgine
1389 3499 1572 3565 Maria,
1615 3500 1668 3554 in
1694 3498 1890 3554 Mundo
1919 3498 2090 3564 visus,

489 3603 632 3659 inter
657 3598 907 3656 homines
927 3605 1300 3661 conversatus,
1340 3594 1564 3664 afﬁgens
1599 3593 1743 3663 ligno
1763 3590 1954 3647 Crueis
1978 3591 2095 3647 chi-

494 3691 822 3765 rographum
869 3697 1250 3760 peccatorum,
1285 3684 1626 3752 triumphans
1670 3683 1722 3736 in
1764 3681 2090 3751 semetipso,

496 3784 841 3842 adversarias
889 3781 1048 3836 nobis
1074 3778 1430 3848 inimicusque
1464 3777 1696 3832 virtutes
1741 3783 1917 3832 morte
1955 3775 2100 3831 occi-

495 3881 660 3946 dens,
689 3875 1006 3950 resurgendi
1036 3873 1197 3930 ﬁdem
1225 3873 1474 3928 omnibus
1507 3872 1750 3927 tribuens
1769 3913 1784 3937 ,
1813 3870 1984 3941 gloria
2013 3869 2096 3925 sui

496 3972 742 4044 corporis
769 3968 1180 4038 corruptionem
1213 3965 1463 4020 humanze
1493 3965 1672 4018 carnis
1700 3961 2039 4018 interimens.
2071 3978 2090 4012 ι

565 4068 658 4122 δι.
689 4064 892 4120 Horum
921 4062 1164 4124 Patrum,
1195 4070 1357 4128 atque
1379 4059 1431 4113 in
1461 4058 1650 4130 primis
1675 4055 1954 4112 Prudentii
1982 4069 2102 4111 ves-

504 4160 630 4228 tigia
662 4169 912 4227 premere
942 4151 1157 4207 videtur
1195 4149 1465 4207 Steuchus
1514 4159 1699 4204 noster
1745 4148 2062 4219 Eugubinus
2083 4187 2100 4213 ,

509 4263 671 4319 quem
697 4245 891 4301 summi
921 4244 1157 4298 nominis
1182 4243 1357 4296 virum
1381 4251 1580 4297 norunt
1601 4255 1812 4308 omnes,
1840 4256 1960 4296 cum
1989 4241 2104 4295 lucc

503 4344 581 4398 ait
608 4342 686 4410 (in
708 4340 950 4406 Cosmop.
983 4337 1106 4391 edit.
1146 4335 1277 4389 Ven.
1314 4334 1488 4390 Nicoli
1517 4353 1636 4407 pag.
1662 4334 1787 4406 159)
1817 4353 1831 4390 :
1865 4353 1884 4386 ‹
1907 4336 2107 4390 Acces-

506 4435 580 4490 sit
600 4446 733 4502 ergo
758 4428 952 4495 Filius,
985 4442 1050 4482 ac
1075 4426 1312 4481 Verbum
1345 4427 1435 4481 Dei
1467 4427 1533 4481 ad
1561 4425 1888 4482 creationem
1918 4425 2106 4480 huma-

507 4541 631 4581 nam
662 4523 716 4578 in
759 4522 932 4578 forma
953 4561 968 4586 ,
997 4518 1251 4586 imagine,
1285 4516 1574 4587 habituque
1611 4517 1877 4584 humano,
1909 4533 2105 4588 gerens

508 4613 972 4687 speciosissimam
1004 4608 1506 4679 divinissimamque
1547 4609 1795 4673 formam,
1829 4620 1881 4664 et
1907 4610 2105 4677 jucun-

509 4710 817 4773 dissimam,
845 4706 1085 4762 omnium
1115 4702 1467 4759 humanarum
1493 4705 1782 4759 formarum
1814 4706 2110 4774 pulchritu-

511 4801 692 4857 dinem
722 4806 1096 4871 superantem.
1145 4795 1316 4864 Quam
1361 4797 1666 4864 videntem,
1717 4807 1771 4854 et
1811 4799 2108 4856 intuentem

513 4893 732 4965 generis
763 4889 930 4946 nostri
968 4889 1262 4959 principem
1285 4889 1616 4946 censendum
1645 4900 1729 4948 est
1753 4908 1940 4949 amore
1971 4894 2114 4949 iusa-

515 4987 664 5040 nisse
685 5024 702 5049 ,
733 4993 1142 5051 ereatoremque
1184 4981 1434 5037 omnibus
1463 4982 1700 5039 faeminis
1729 4987 2111 5056 speciosiorem

515 5092 658 5149 pene
687 5073 982 5145 deperisse.
1019 5073 1166 5134 Hauc
1202 5075 1459 5144 speciem,
1497 5076 1842 5148 divinamque
1875 5081 2114 5149 pulchri-

517 5169 797 5233 tudinem,
852 5167 1341 5233 clementissimus,
1387 5169 1915 5243 formosissimusque
1960 5189 2116 5230 assu-

521 5278 702 5328 mens,
735 5276 898 5333 quam
939 5269 1058 5316 erat
1083 5270 1205 5330 post
1237 5261 1402 5316 multa,
1437 5271 1682 5332 tempora
1710 5281 1882 5336 usque
1904 5267 1969 5322 ad
1998 5283 2117 5322 car-

528 5371 653 5411 nem
683 5363 737 5409 et
758 5369 880 5409 ossa
907 5361 1302 5422 assumpturus,
1335 5355 1554 5408 creabat
1588 5353 1860 5412 hominem
1886 5357 2119 5430 largiens

524 5448 576 5504 ei
607 5447 842 5518 speciem
868 5446 1007 5502 hanc
1030 5457 1230 5502 tantam
1259 5448 1374 5520 ipse
1395 5449 1600 5518 primus
1624 5453 1970 5526 archetypus,
1996 5471 2119 5527 spe.

522 5541 855 5596 ciosissimus
880 5540 1018 5611 ipse,
1047 5541 1464 5613 speciosissime
1491 5542 1659 5613 prolis
1679 5559 1910 5602 creator.
1937 5549 2122 5618 Quan-

595 5720 774 5804 (σλιπ
799 5724 1216 5804 exponenda“:
1247 5740 1406 5804 quam
1437 5735 1619 5804 tamen
1649 5745 1680 5786 a
1707 5730 2115 5804 Thaumaturgo

595 5751 774 5802 ‘uhau
799 5751 1017 5790 ωιμυιηι.
1047 5751 1169 5790 μασι
1201 5751 1215 5778 ;
1247 5751 1406 5797 quam
1439 5751 1619 5785 tamen
1649 5751 1680 5786 a
1715 5751 2043 5792 tnaumatur
2081 5751 2106 5795 0

519 5789 831 5862 abjudtcant
860 5791 1108 5849 Petavius
1148 5794 1242 5851 lib.
1285 5812 1322 5851 ιι
1349 5798 1419 5853 de
1448 5798 1639 5856 Trinit.
1692 5817 1810 5876 cap.
1859 5806 1910 5872 7,
1954 5823 2010 5862 n.
2043 5751 2106 5875 ᾗ,

2243 1905 2335 1960 57.
2363 1902 2696 1971 Augustinus
2723 1913 2938 1970 quoque
2963 1899 3067 1954 dici
3096 1905 3240 1952 vetat
3259 1896 3333 1968 (in
3365 1894 3456 1949 lib.
3481 1909 3516 1948 ιι
3547 1891 3614 1949 de
3639 1891 3785 1948 Gen.

2176 1998 2242 2052 ad
2284 1997 2363 2052 lit.
2398 2013 2515 2067 cap.
2549 1995 2605 2066 6)
2644 2014 2661 2047 ι
2686 1991 2864 2062 iuberi
2890 1992 3083 2047 Filium
3114 2008 3142 2042 a
3191 1991 3377 2051 Patre.
3411 2004 3532 2044 cum
3566 1987 3683 2058 ipse
3713 1986 3793 2040 sit

2178 2089 2473 2162 principale
2501 2087 2738 2144 Verbum
2760 2085 2958 2150 Patris,
2985 2099 3084 2156 per
3104 2082 3245 2154 quod
3271 2081 3410 2138 facta
3434 2089 3560 2135 sunt
3577 2078 3787 2136 omnia.

2183 2183 2386 2239 Deinde
2415 2184 2536 2253 quia
2576 2198 2682 2236 non
2710 2181 2992 2244 convenit,
3034 2188 3091 2232 ut
3118 2177 3285 2233 Filius
3313 2177 3466 2246 quasi
3491 2176 3679 2245 jussus
3709 2173 3793 2228 fe-

2181 2277 2321 2332 cisse
2355 2276 2700 2346 intelligatur.
2738 2293 2756 2324 ι
2799 2272 2939 2328 Alibi
2968 2271 3130 2327 etiam
3169 2270 3284 2325 lucc
3327 2269 3549 2338 protulit
3592 2267 3669 2336 (in
3693 2266 3787 2320 lib.

2183 2380 2362 2425 contra
2418 2370 2660 2425 Sermou.
2719 2367 2904 2424 Arion.
2961 2382 3076 2435 cap.
3135 2362 3228 2436 58)
3279 2380 3352 2417 :c
3387 2362 3602 2418 Jussum
3661 2375 3795 2417 vero

2184 2464 2472 2520 obaudisse
2496 2461 2690 2517 Filiqu
2714 2503 2729 2528 ,
2762 2471 3050 2531 antequam
3073 2457 3350 2527 acciperet
3375 2471 3620 2522 carnem,
3645 2453 3797 2510 unde

2188 2561 2274 2616 isti
2297 2557 2631 2622 existiment,
2661 2555 2865 2610 nescio.
2907 2575 2926 2605 ›

2259 2654 2347 2708 58.
2397 2651 2658 2707 Similiter
2699 2648 2900 2704 ldatius
2930 2646 3044 2719 (tib.
3079 2661 3140 2702 ιιι
3166 2654 3347 2701 contra
3378 2640 3798 2713 Varimundum)

2189 2746 2524 2818 Nysseuum,
2559 2743 2712 2811 cujus
2742 2756 2914 2811 nuper
2949 2737 3332 2802 meminimus,
3368 2736 3526 2805 plane
3548 2744 3796 2798 secutus,

2190 2847 2352 2910 negat
2391 2837 2581 2891 Filium
2616 2833 2831 2907 jubente
2881 2831 3036 2886 Patre
3067 2829 3261 2886 fecisse
3301 2844 3424 2902 quae
3456 2827 3592 2884 facta
3635 2835 3800 2892 sunt,

2190 2948 2312 2987 cum
2346 2947 2439 3002 pro
2470 2937 2716 3000 potestate
2740 2927 3005 2981 creaverit.

2715 3081 3176 3142 DISSERTATIO
3202 3081 3264 3137 Ill
3278 3123 3290 3136 .

2113 3171 2160 3235 Ο
2193 3207 2276 3262 Ad
2329 3204 2490 3260 verba
2546 3202 2635 3259 illa
2689 3217 2808 3271 cap.
2855 3217 2886 3252 v
2924 3200 3110 3270 (nam.
3170 3197 3308 3263 100,
3370 3193 3519 3260 etc.)
3587 3210 3602 3248 :
3656 3194 3806 3251 Cos-

2193 3313 2373 3355 CESSIT
2420 3311 2606 3362 ΕἸῚΛὶΙ,
2669 3309 2740 3350 UT
2782 3306 2926 3348 HOMO
2976 3306 3066 3346 υει
3124 3304 3383 3346 IIAGINEI
3432 3302 3717 3343 PORTABET
3749 3301 3807 3341 IN

2195 3406 2422 3458 TEBRIS,
2476 3405 2717 3445 DATURUS
2764 3402 2964 3444 POSTEA
3019 3399 3463 3446 SIIILITUDINEI,
3529 3399 3578 3439 Sl
3637 3396 3809 3438 IIAGO

2197 3499 2550 3543 SERVARETUR
2612 3496 2838 3538 ILL£SA.
2872 3479 2955 3534 AD
3007 3492 3267 3534 IHAGINEN
3305 3491 3406 3532 NON
3453 3489 3622 3531 νοτες
3677 3488 3810 3528 ESSE

2269 3592 2484 3634 FOBMAI
2526 3589 2664 3630 llch
2702 3587 2920 3629 “0!!!le
2957 3583 3306 3626 EXTERIOREI
3343 3581 3581 3634 FACTAI,
3621 3572 3730 3621 etc.

2275 3716 2325 3769 ι.
2378 3713 2691 3784 δῖε-ᾐδείηιθ
2729 3711 2834 3768 hoc
2876 3709 2944 3767 de
2988 3720 3308 3780 argumento
3347 3713 3513 3777 agunt
3553 3711 3808 3771 veteres,

2203 3822 2377 3878 neque
2410 3807 2443 3861 ii
2473 3816 2705 3872 tantum,
2737 3804 2830 3876 qui
2858 3803 3069 3859 divinas
3097 3803 3408 3876 Scripturas
3437 3809 3672 3864 norunt,
3704 3796 3812 3853 sed

2203 3900 2237 3954 ii
2267 3914 2503 3970 quoque,
2529 3913 2665 3968 quos
2687 3897 2942 3953 falsorum
2966 3896 3244 3951 numinum
3268 3895 3508 3951 cultores
3531 3891 3811 3947 novimus.

2277 3994 2359 4047 An
2387 4006 2493 4047 non
2535 3990 2653 4048 hmo
2681 3989 3093 4062 expressissime
3131 3988 3356 4045 Ovidius
3391 3985 3615 4060 protulit
3643 3985 3757 4057 (tib.
3795 3999 3817 4039 ι

2205 4083 2496 4155 Metam)?

2300 4177 2530 4226 Sanctius
2549 4175 2628 4225 his
2648 4172 2845 4236 animal,
2867 4174 3153 4238 mentisque
3171 4173 3402 4238 capacius
3425 4171 3537 4221 alta

2299 4239 2489 4310 Deerat
2503 4239 2677 4295 adhuc,
2703 4243 2757 4310 et
2773 4237 2908 4310 quod
2921 4237 3158 4310 dominari
3181 4237 3233 4285 in
3253 4241 3439 4306 caetera
3450 4239 3647 4310 Posset.

2300 4301 2456 4349 Natus
2478 4299 2622 4356 homo
2645 4305 2741 4357 est,
2763 4296 2870 4347 sive
2897 4299 3024 4348 hunc
3045 4297 3210 4346 divino
3232 4298 3426 4346 semine
3450 4296 3569 4346 fecit

2302 4361 2394 4412 Ille
2411 4363 2574 4424 opifex
2603 4374 2770 4424 rerum
2791 4360 2954 4424 Mundi
2977 4358 3199 4410 melioris
3219 4373 3382 4424 origo,

2300 4427 2418 4474 Sive
2442 4418 2621 4472 recens
2637 4423 2807 4485 tellus,
2831 4423 3146 4486 seductaque
3157 4418 3327 4486 nuper:
3337 4421 3405 4486 ab
3425 4418 3525 4470 alto

2306 4486 2511 4536 [Ethere
2535 4487 2732 4545 cognati
2756 4481 3008 4534 retinebat
3025 4481 3212 4533 semina
3229 4481 3348 4533 coeli
3370 4520 3383 4538 .

2306 4549 2460 4608 Quam
2478 4548 2812 4610 satusiJapeto
2835 4548 3034 4596 mixtam
3049 4545 3326 4595 ﬂuvialibus
3345 4545 3490 4610 undis

2306 4607 2476 4661 Finxit
2497 4611 2548 4658 in
2565 4607 2780 4674 efﬁgiem
2801 4609 3142 4659 moderantum
3164 4614 3340 4658 cuncta
3358 4607 3599 4656 Deorum.

2286 4719 2342 4774 2.
2374 4718 2438 4772 Et
2475 4719 2528 4771 in
2568 4715 2669 4771 hac
2693 4713 2910 4786 quidem
2938 4712 3328 4783 signiﬁcatione
3358 4710 3575 4767 videtur
3602 4708 3824 4764 locutus

2213 4810 2424 4874 Cicero,
2455 4826 2577 4867 eum
2607 4808 2832 4864 Paulum
2873 4807 3082 4862 induxit
3110 4803 3212 4859 Dei
3236 4803 3500 4861 vocabulo
3542 4803 3822 4860 hominem

2219 4906 2612 4960 honestantem.
2640 4920 2659 4953 ι
2685 4901 2850 4956 Deum
2882 4900 3062 4970 igitur,
3085 4899 3262 4969 inquit
3299 4897 3500 4954 Paulus
3527 4898 3606 4965 (in
3631 4895 3822 4952 Somn.

2220 4995 2418 5067 Scip.),
2451 5005 2506 5051 te
2546 5009 2668 5050 esse
2699 4994 2835 5050 scito
2868 5010 2882 5046 :
2912 4993 2956 5046 si
2983 4990 3201 5062 quidem
3223 4999 3309 5046 est
3350 4991 3510 5054 Deus.
3540 4989 3630 5060 qui
3649 4988 3823 5059 viget,

2219 5089 2309 5160 qui
2337 5087 2524 5155 sentit,
2555 5085 2646 5158 qui
2677 5085 2947 5151 meminit,
2973 5083 3066 5155 qui
3095 5082 3370 5154 providet,
3396 5082 3490 5153 qui
3521 5091 3628 5138 tam
3656 5083 3822 5153 regit,

2222 5192 2276 5239 et
2313 5182 2654 5247 moderatur,
2699 5190 2758 5238 et
2797 5188 2980 5236 movet
3010 5179 3063 5234 id
3105 5194 3342 5248 corpus,
3369 5178 3457 5233 cui
3499 5175 3826 5249 praepositus

2222 5286 2326 5342 est,
2354 5291 2514 5347 quam
2540 5275 2682 5329 hunc
2708 5273 2965 5328 mundum
2995 5271 3086 5327 ille
3115 5271 3372 5342 princeps
3405 5271 3601 5326 Deus.»

2295 5371 2347 5424 5.
2379 5369 2485 5424 Nos
2517 5376 2575 5423 ut
2604 5365 2793 5422 ordine
2821 5365 3252 5438 progrediamur,
3280 5362 3349 5420 ad
3387 5376 3640 5435 suprema
3667 5376 3828 5434 qua:-

2226 5462 2348 5518 dam
2375 5461 2548 5531 capita
2577 5460 2891 5531 quzesﬁonis
2912 5473 3175 5514 summam
3214 5456 3608 5513 revocabimus.
3638 5453 3829 5510 Primo

2228 5554 2436 5612 scilicet
2457 5553 2788 5626 iuquiremus
2807 5594 2824 5621 ,
2848 5568 2914 5607 an
2942 5567 3004 5609 ea
3034 5551 3210 5624 imago
3233 5565 3300 5608 ac
3319 5549 3638 5616 similitudo,
3661 5563 3824 5620 quam

2222 5737 2620 5803 Tillemoutius,
2649 5746 2780 5795 tom.
2823 5752 2878 5792 tv
2911 5734 3110 5792 Hister.
3152 5734 3293 5792 Eccl.
3328 5734 3380 5792 in
3411 5731 3821 5807 Gregorfl‘bauo

2221 5820 2350 5868 mat.
2382 5818 2485 5868 art.
2506 5810 2564 5879 2,
2594 5819 2648 5867 et
2675 5809 2766 5865 alii
2788 5808 2973 5866 etiam.
