4120 6170
377 243 383 252 ⁷
409 243 512 302 849

1110 245 1174 302 ΙΝ
1215 245 1469 304 HILARII
1510 247 1727 306 EPIST.
1771 248 1902 305 SEU
1944 248 2160 307 LIBEL.
2195 251 2646 310 DISSERTATIO
2683 255 3021 314 SECUNDA.

3601 261 3708 316 850

404 362 486 416 sui
512 360 670 415 nobis
691 359 880 417 indidit
908 361 1066 427 Dens,
1097 364 1332 420 sintduo
1353 365 1598 435 qutedam
1623 380 1652 419 a
1679 381 1741 422 se
1763 365 1998 435 diversa,
2028 369 2083 430 Α
2104 369 2382 426 vocabulis
2419 369 2730 438 denotatur,
2779 371 2882 427 nisi
2930 382 3193 443 praestans
3229 373 3474 444 qutedam
3517 378 3708 433 simili-

403 468 470 507 an
507 470 668 508 unum
700 462 930 508 tantum.
960 457 1276 524 Qutercmus
1305 458 1571 524 secundo,
1611 457 1664 512 in
1695 473 1802 528 quo
1829 459 2001 528 posita

403 546 478 601 sit
510 545 626 601 inec
669 545 846 618 imago
876 557 930 602 et
955 548 1271 604 similitudo.
1299 550 1506 620 Quibus
1535 550 1876 616 constitutis,
1918 566 2004 606 se-

407 646 608 710 quetur
636 639 801 696 veluti
827 641 1172 696 corollarium
1215 644 1414 699 solutio
1446 644 1622 699 tertiae
1661 645 1997 715 quaestionis,

401 732 456 787 in
485 748 589 803 qua
618 732 852 787 ltuntiuis
882 743 1034 805 parte
1062 735 1234 805 posita
1258 737 1328 790 sit
1360 737 1536 806 imago
1561 737 1698 802 haec,
1721 748 1774 791 et
1807 735 1997 790 simili-

401 824 568 892 tudo;
611 839 679 881 an
706 826 915 881 scilicet
941 827 993 880 in
1029 841 1284 897 corpore,
1315 845 1380 882 au
1406 829 1461 883 in
1493 830 1697 885 anima.
1733 828 2002 899 Sequetur

375 933 621 991 quoque
651 918 853 974 solutio
896 929 1104 990 quarta-
1142 921 1460 990 quaestionis
1481 962 1496 986 ,
1541 938 1608 977 an
1640 923 1739 977 stili
1773 923 1999 991 homini,

400 1027 530 1074 seu,
564 1020 622 1066 ut
649 1011 963 1081 expressius
1005 1011 1178 1068 dicam
1201 1054 1215 1075 ,
1256 1029 1324 1069 an
1357 1016 1458 1070 soli
1484 1016 1628 1080 viro,
1658 1032 1724 1072 an
1766 1017 2001 1073 immitia:

373 1106 565 1161 ctiam
596 1104 922 1176 imaginem,
962 1104 1031 1161 de
1065 1121 1171 1176 qua
1200 1107 1555 1173 disserimus,
1602 1119 1655 1164 et
1694 1108 2000 1164 similitudi-

400 1213 526 1254 nem
556 1196 812 1253 iudiderit
845 1197 1004 1254 Deus.
1042 1197 1311 1269 Sequetur
1350 1200 1583 1268 denique
1610 1201 1810 1256 solutio
1845 1202 2002 1272 quin-

401 1298 492 1355 tae,
523 1305 592 1346 an
615 1291 852 1362 Angelus
876 1291 1039 1348 etiam
1065 1291 1131 1348 ad
1158 1293 1592 1364 similitudinem,
1616 1303 1673 1352 et
1702 1296 1998 1368 imaginem

373 1406 380 1410 ν
403 1382 501 1439 Dei
527 1383 700 1440 lactus
722 1383 815 1442 sit.

964 1512 1208 1562 QU£STIO
1235 1515 1393 1555 PBIIA
1405 1541 1417 1556 .

400 1636 484 1688 An
516 1650 575 1690 ea
600 1635 792 1705 imago,
825 1644 874 1690 et
905 1633 1224 1703 similitudo,
1251 1653 1407 1708 quam
1431 1639 1578 1695 nobis
1605 1639 1795 1695 indidit
1817 1637 1959 1696 Deus
1978 1681 1994 1710 ,

402 1729 507 1783 sint
530 1728 635 1784 duo
660 1729 896 1799 quadam
922 1748 954 1785 a
983 1747 1036 1786 se
1059 1729 1278 1798 diversa,
1305 1749 1373 1786 an
1406 1750 1566 1788 unum
1596 1743 1813 1790 tantum.

473 1844 526 1898 4.
564 1844 620 1910 Ii,
661 1845 850 1915 quibus
885 1846 1059 1916 placet
1082 1848 1293 1902 unicam
1328 1857 1535 1905 tantum
1573 1854 1734 1906 modo
1764 1867 1876 1906 rem
1910 1851 1997 1908 hic

400 1935 650 2003 indicari,
683 1952 790 1994 non
816 1938 970 2001 duas,
1002 1940 1067 1994 ad
1089 1939 1230 1996 hunc
1257 1942 1474 1997 modum
1505 1943 1798 2015 disputant.
1834 1943 1994 2000 Reci-

404 2039 614 2095 temus,
645 2029 902 2092 obsecro,
933 2031 1115 2086 statim
1148 2035 1310 2088 verba
1334 2049 1427 2100 ea,
1463 2050 1625 2106 super
1646 2035 1840 2107 quibus
1866 2051 1996 2091 con-

401 2123 643 2177 stituitur
672 2125 918 2194 quaestio.
950 2124 1150 2182 Genes.
1190 2143 1204 2181 ι
1236 2127 1380 2184 Deus
1415 2129 1678 2186 Adamum
1710 2141 1998 2189 creatnrus

398 2214 516 2271 hth
561 2217 636 2271 ait
687 2218 775 2290 (v.
807 2218 900 2283 26,
933 2217 1046 2290 27)
1081 2239 1094 2275 :
1141 2219 1417 2278 Faciamus
1451 2224 1710 2279 hominem
1742 2228 1810 2280 ad
1859 2228 1994 2280 ima-

393 2315 598 2384 ginem,
645 2324 691 2368 et
732 2316 1120 2371 similimdinem
1150 2332 1376 2375 nostram
1409 2339 1426 2376 :
1467 2333 1515 2377 et
1553 2326 1730 2392 praesit
1769 2326 1997 2393 piscibus

393 2405 624 2459 maris...
659 2403 724 2459 Et
744 2409 931 2461 creavit
951 2405 1096 2462 Deus
1119 2410 1373 2465 hominem
1405 2414 1473 2467 ad
1501 2415 1778 2485 imaginem
1799 2432 1947 2470 suam
1978 2433 1998 2472 :

396 2497 466 2549 ad
486 2497 758 2568 imaginem
783 2497 884 2553 Dei
915 2502 1104 2556 creavit
1127 2501 1317 2557 illum:
1349 2506 1652 2573 masculum,
1675 2516 1722 2560 et
1736 2509 1998 2578 [caminum

399 2591 520 2662 fecit
546 2607 650 2645 eos.
687 2591 856 2648 Porro
876 2633 892 2658 ,
925 2609 1047 2650 cum
1079 2596 1195 2652 base
1223 2600 1466 2653 narratio
1495 2602 1774 2668 recolitur,
1804 2613 1896 2659 aut
1923 2604 1998 2659 si-

361 2697 366 2701 ·
398 2684 718 2740 tnilitudinis
745 2695 976 2755 tantum,
1004 2697 1094 2743 aut
1120 2690 1367 2760 imaginis
1389 2693 1593 2747 mentio
1615 2691 1696 2759 ﬁt,
1720 2709 1820 2750 nec
1846 2695 1995 2751 dein-

361 2791 368 2800 "
401 2790 532 2846 ceps
562 2791 624 2832 ea
652 2775 971 2848 junguntur,
1006 2795 1101 2834 seu
1131 2791 1468 2852 repetuntur.
1512 2782 1622 2838 Cur
1651 2785 1854 2855 porro?
1895 2787 1996 2842 nisi

398 2870 522 2940 quia
561 2885 784 2927 necesse
824 2889 929 2928 non
960 2884 1072 2928 erat
1115 2889 1426 2944 expressam
1458 2877 1740 2948 utriusque
1769 2880 2000 2934 utentio-

405 2978 529 3017 nem
563 2964 702 3028 ﬁeri,
730 2979 852 3019 cum
877 2965 1036 3020 unica
1061 2967 1432 3021 tantummodo
1460 2983 1548 3023 res
1575 2969 1662 3023 sit.
1696 2972 1777 3025 An
1808 2969 1876 3025 de
1904 2986 2000 3026 an-

358 3067 365 3072 '
400 3054 704 3118 teccdente.
740 3070 836 3112 seu
863 3069 1143 3128 assumpto
1170 3057 1418 3113 dubitas?
1445 3058 1578 3114 Illud
1605 3061 1785 3115 statim
1817 3073 2001 3118 osten-

2105 460 2256 517 tudo.
2308 462 2448 519 Audi
2478 505 2494 528 ,
2541 480 2669 520 num
2702 479 2825 520 vera
2855 464 3101 537 eloquar.
3151 465 3295 521 Vixit
3335 475 3506 522 autem
3541 467 3704 523 Adam

2105 555 2196 629 (en
2222 574 2341 626 quae
2370 557 2632 615 habemus
2670 559 2722 614 in
2746 559 2968 631 Genesi)
2988 569 3189 615 centum
3215 562 3429 631 triginta
3457 564 3626 627 annis,
3659 574 3709 619 et

2104 651 2279 720 genuit
2307 649 2375 704 ad
2397 651 2675 722 imaginem
2710 661 2757 706 et
2787 653 3180 708 similitudinem
3209 670 3391 722 suam,
3417 655 3710 726 vocavitque

2105 758 2288 797 nomen
2314 746 2430 816 ejus
2457 743 2585 799 Seth
2608 743 2761 815 (Gen.
2798 761 2854 808 ν,
2887 745 2964 817 5).

2177 834 2233 890 6.
2264 834 2418 902 Quod
2461 836 2504 890 si
2538 836 2726 893 Patres
2767 837 2987 909 adjuugi
3037 838 3144 904 vis,
3195 839 3426 895 libenter
3453 839 3706 912 adiungi-

2107 941 2249 982 mus.
2282 926 2490 982 Praeeat
2527 928 2858 1000 Augustinus
2897 930 3014 984 haec
3051 929 3274 986 tradens
3305 930 3525 1000 (ρεισκε.
3561 946 3612 985 ιν
3652 932 3708 985 in

2107 1017 2345 1091 Deuter.)
2372 1037 2384 1074 :
2419 1039 2437 1073 ‹
2466 1020 2604 1090 Quid
2634 1022 2841 1077 intersit
2873 1022 3015 1077 inter
3035 1022 3464 1087 similitudinem,
3493 1031 3549 1080 et
3574 1023 3709 1078 ima—

2103 1112 2304 1183 ginem,
2330 1115 2497 1184 quaeri
2519 1114 2675 1170 solet.
2708 1115 2815 1170 Sed
2841 1115 2928 1170 hic
2953 1130 3059 1169 non
3083 1115 3260 1180 video,
3286 1117 3414 1186 quid
3440 1115 3709 1172 interesse

2106 1206 2362 1270 voluerit,
2399 1208 2499 1262 nisi
2532 1215 2626 1262 aut
2667 1207 2881 1264 duobus
2927 1207 3044 1265 istis
3072 1209 3351 1265 vocabulis
3381 1226 3541 1266 unam
3588 1225 3703 1266 rem

2080 1297 2510 1368 'signillcaverit,
2545 1310 2650 1355 etc.
2688 1319 2707 1352 ›

2178 1391 2320 1446 Alibi
2367 1393 2528 1446 etiam
2581 1407 2699 1447 eam
2747 1392 3035 1464 imaginem
3092 1393 3184 1449 Dei
3218 1409 3315 1464 pro
3345 1408 3410 1450 eo
3452 1403 3704 1465 usurpat,

2104 1483 2249 1554 quod
2279 1485 2435 1556 vulgo
2462 1484 2806 1540 similitudini
2834 1486 3120 1556 imputant,
3151 1494 3209 1540 ut
3229 1485 3486 1556 deinceps
3509 1485 3707 1551 dicam;

2103 1578 2221 1634 hzec
2248 1579 2447 1649 quippe
2477 1580 2550 1633 ait
2581 1577 2656 1650 (in
2693 1587 2842 1633 tract.
2874 1581 2929 1633 in
2959 1595 3039 1650 ps.
3078 1595 3207 1646 Lm,
3235 1595 3290 1634 ιι.
3327 1578 3374 1648 ι)
3407 1597 3418 1632 ;
3457 1598 3477 1632 ι
3506 1578 3708 1635 Omnes

2103 1673 2224 1728 lacti
2253 1671 2321 1727 ad
2372 1672 2658 1743 imaginem
2707 1673 2834 1739 Dei,
2888 1673 2991 1728 nisi
3042 1674 3274 1728 terrenis
3322 1673 3710 1745 cupiditatibus

2028 1761 2077 1822 B
2102 1775 2408 1831 conterant,
2438 1766 2580 1836 quod
2615 1767 2704 1822 ille
2734 1766 3106 1822 formavit.....
3136 1769 3303 1839 (nam.
3332 1768 3409 1838 5).
3441 1767 3510 1822 Et
3539 1783 3708 1838 quare.

2083 1859 2387 1930 imaginem
2430 1856 2661 1914 Caesaris
2689 1861 2922 1916 creatori
2966 1869 3148 1915 vestro
3198 1859 3604 1928 ostendebatis,
3653 1870 3710 1915 et

2098 1951 2218 2022 ejus
2248 1952 2533 2022 imaginem
2568 1954 2620 2006 in
2655 1955 2849 2008 vestris
2881 1952 3136 2008 cordibus
3160 1953 3459 2008 delebatis?
3495 1971 3515 2004 ι

2172 2045 2225 2098 7.
2258 2043 2585 2099 Severianus
2609 2058 2824 2114 quoque
2844 2043 3196 2100 Gabalitanus
3222 2045 3274 2098 in
3299 2042 3550 2099 eumdem
3576 2059 3706 2100 sen-

2099 2149 2218 2192 sum
2238 2154 2253 2191 :
2275 2135 2441 2204 «Quid
2465 2144 2568 2202 est,
2594 2136 2785 2206 inquit,
2807 2136 2885 2206 (a)
2913 2135 3207 2192 secundum
3223 2135 3548 2206 imaginem?
3566 2135 3710 2190 Deus

2102 2238 2186 2284 est
2214 2238 2456 2285 sanctus.
2499 2229 2556 2284 Si
2601 2245 2701 2284 nos
2745 2230 2919 2285 sancti
2949 2244 3134 2284 sumus
3155 2271 3171 2295 ,
3199 2230 3266 2285 ad
3295 2230 3581 2300 imaginem
3615 2245 3708 2284 su-

2103 2337 2223 2377 mus
2252 2322 2365 2378 Dei.
2401 2323 2582 2379 Sancti
2616 2324 2761 2379 enim
2786 2363 2802 2389 ,
2837 2323 3044 2393 inquit,
3074 2331 3268 2388 estote,
3303 2324 3426 2393 quia
3454 2338 3557 2394 ego
3584 2337 3708 2378 sau-

2077 2426 2224 2492 Ictus
2246 2427 2387 2469 sum.
2418 2415 2561 2470 Deus
2589 2424 2674 2470 est
2696 2414 2894 2486 justus.
2930 2414 2988 2471 Si
3014 2415 3278 2485 justitiam
3304 2415 3704 2487 persequimur,

2102 2503 2280 2576 imago
2305 2505 2401 2559 Dei
2431 2519 2636 2560 sumus.
2678 2525 2698 2558 s

2173 2597 2229 2654 8.
2251 2597 2514 2652 Similiter
2536 2598 2856 2654 Ambrosius
2886 2599 3200 2669 imaginem,
3219 2606 3276 2654 et
3299 2599 3706 2657 similitudinem

2107 2689 2200 2743 Dei
2228 2689 2382 2744 nobis
2413 2687 2636 2743 inditam
2666 2691 2718 2744 in
2750 2690 3254 2759 supernaturalibus
3274 2732 3291 2757 ,
3311 2705 3377 2746 ac
3401 2692 3704 2748 moralibus

2101 2780 2636 2835 virtutibuscollocat
2665 2779 2755 2854 (In
2775 2779 2869 2834 Ps.
2899 2797 3062 2836 cxvut
3093 2793 3264 2837 octon.
3293 2780 3524 2854 23),sed
3554 2783 3626 2837 ita
3651 2791 3709 2838 ut

2101 2869 2398 2927 similitudo
2420 2870 2488 2925 ab
2512 2871 2744 2943 imagine
2772 2871 2992 2927 minime
3012 2870 3248 2928 dill‘erat.

2176 2967 2229 3022 9.
2254 2965 2447 3020 Petrus
2466 2965 2592 3021 item
2617 2966 2981 3037 Chrysologus
3005 2956 3202 3034 (Serm.
3239 2964 3398 3038 M0):
3431 2985 3449 3020 t
3474 2964 3596 3032 Ubi,
3619 2967 3703 3021 in-

2103 3060 2249 3130 quit,
2279 3057 2597 3113 delictorum
2633 3057 2834 3112 morbis
2873 3057 3052 3128 imago
3087 3057 3200 3126 ipsa
3249 3057 3427 3112 ablata
3455 3057 3707 3113 condito-

397 3147 601 3203 dimus.
654 3149 1026 3204 Similitudinis
1075 3151 1450 3208 tantummodo
1490 3151 1695 3207 mentio
1740 3152 1800 3208 lit
1828 3155 1999 3210 versi-
2028 3146 2074 3210 C
2108 3153 2322 3208 ris......
2358 3151 2650 3221 Apostolus
2688 3151 2884 3204 Paulus
2927 3149 2992 3204 ad
3036 3148 3450 3204 similitudinem
3492 3159 3709 3205 revocat

403 3241 528 3296 culu
558 3256 576 3295 ι
611 3242 804 3308 capitis
834 3257 900 3308 v;
930 3243 985 3297 in
1019 3258 1126 3312 quo
1156 3241 1371 3313 quidem
1405 3243 1523 3299 loco
1557 3245 1870 3300 recoluntur
1898 3260 1960 3300 ea
1982 3286 1998 3313 ,

399 3349 521 3404 qua:
557 3333 842 3389 versiculis
879 3334 948 3388 27
985 3345 1040 3390 et
1088 3333 1160 3390 28
1190 3349 1310 3406 cap.
1348 3351 1366 3390 ι
1396 3337 1537 3391 dicta
1568 3329 1741 3391 erant.
1785 3335 2003 3393 Scilicet

402 3428 520 3482 haec
560 3427 613 3483 in
652 3441 739 3491 eo,
772 3442 934 3498 quem
961 3429 1198 3483 diximus
1219 3471 1234 3495 ,
1284 3430 1477 3498 capitis
1514 3446 1547 3485 v
1573 3430 1842 3486 versiculo
1873 3432 2006 3502 legi-

402 3535 524 3575 mus
569 3537 583 3573 :
628 3519 730 3574 Hic
757 3530 832 3575 est
876 3521 1004 3575 liber
1031 3522 1373 3594 generationis
1416 3522 1606 3577 Adam.
1653 3522 1720 3576 In
1747 3524 1856 3590 die,
1903 3541 2004 3596 qua

403 3614 594 3667 creavit
618 3611 756 3666 Deus
777 3612 1056 3678 hominem,
1086 3615 1154 3668 ad
1177 3614 1562 3668 similitudinem
1586 3612 1680 3669 Dei
1701 3618 1819 3686 fecit
1837 3616 2006 3671 illum:

402 3709 693 3760 masculum
713 3749 728 3769 ,
760 3717 808 3762 et
830 3708 1088 3779 foeminam
1123 3709 1309 3763 creavit
1339 3725 1421 3763 eos
1445 3751 1458 3774 ,
1497 3719 1544 3764 et
1583 3711 1838 3765 benedixit
1874 3711 2002 3768 illis.

403 3799 604 3854 Contra
636 3799 835 3855 Genes.
871 3814 990 3872 cap.
1022 3816 1103 3865 ιιι,
1131 3798 1192 3865 6,
1229 3799 1594 3856 Ecclesiastici
1625 3817 1744 3872 cap.
1777 3818 1883 3857 svu
1904 3842 1919 3866 ,
1953 3811 2010 3857 et

402 3891 533 3946 alibi
556 3892 716 3947 etiam
740 3893 920 3964 imago
943 3894 1315 3948 tantummodo
1345 3904 1696 3950 memoratur.
1729 3895 1819 3952 Sic
1845 3911 2008 3968 porro

404 3985 568 4039 habet
599 3988 664 4051 is,
687 4001 849 4058 quem
879 3987 1108 4056 primum
1138 3988 1385 4056 allegati,
1410 3990 1702 4057 Scriptura:
1729 3989 1900 4054 locus,
1932 3991 2011 4044 vi-

407 4074 607 4131 delicet
636 4078 931 4132 versiculus
959 4088 1143 4132 sextus
1171 4079 1362 4146 capitis
1394 4095 1440 4132 Ix
1465 4080 1692 4133 Genesis
1718 4098 1730 4132 :
1761 4082 2008 4147 Quicum-

381 4173 383 4176 ’
404 4184 505 4237 que
525 4167 762 4235 effuderit
787 4171 1066 4224 humanam
1092 4171 1413 4242 sanguinem,
1440 4171 1686 4239 fundetur
1710 4174 1917 4245 sanguis
1943 4173 2009 4227 il-

407 4262 508 4314 lius
537 4277 555 4316 :
581 4262 648 4314 ad
668 4263 941 4334 imaginem
969 4264 1161 4334 quippe
1193 4263 1285 4318 Dei
1315 4263 1482 4328 [actus
1510 4273 1581 4316 est
1601 4263 1771 4317 homo.
1808 4263 1890 4319 En
1916 4281 2010 4320 au-

408 4367 517 4409 tem
543 4371 603 4410 ca
627 4397 642 4422 ,
676 4373 794 4426 qute
825 4357 970 4422 dixi,
1004 4357 1370 4412 Ecclesiastici
1407 4363 1570 4412 verba
1589 4357 1744 4428 (cap.
1769 4374 1879 4413 xvn
1901 4401 1917 4425 ,
1953 4361 2006 4426 i,

405 4447 482 4518 2)
520 4465 532 4500 :
585 4447 723 4502 Deus
758 4451 945 4503 creavit
1017 4449 1081 4502 de
1122 4459 1256 4502 terra
1291 4447 1577 4514 hominem,
1617 4457 1666 4502 et
1720 4451 2000 4504 secundum

2107 3243 2332 3310 Christi,
2356 3253 2413 3298 et
2436 3251 2601 3297 totam
2633 3239 2907 3314 (formam)
2937 3239 3142 3296 reducit
3171 3240 3236 3295 ad
3263 3241 3550 3310 imaginem
3581 3255 3711 3296 con-

2108 3336 2332 3390 ditoris:
2358 3354 2377 3387 ›
2413 3334 2573 3405 idque
2596 3333 2787 3404 probat
2803 3348 2871 3386 ex
2893 3331 3156 3401 Apostulo
3173 3333 3390 3386 dicente
3407 3330 3586 3404 (Rom.
3613 3347 3713 3400 xu,

2081 3426 2086 3430 ’
2113 3428 2173 3503 2)
2198 3448 2210 3483 :
2245 3427 2428 3484 Nolite
2461 3427 2778 3499 conﬁguran’
2807 3424 2925 3480 huic
2948 3426 3161 3492 swculo,
3188 3436 3296 3482 etc.
3323 3424 3474 3481 Alios
3495 3426 3539 3480 si
3557 3435 3710 3495 optas

2109 3525 2351 3597 ejusdem
2398 3524 2683 3578 sententiae
2713 3521 2940 3586 Patres,
2977 3536 3072 3576 eos
3116 3521 3213 3576 tibi
3253 3521 3513 3592 praebebit
3556 3520 3710 3576 Peta-

2109 3620 2228 3675 vius
2257 3619 2371 3691 (De
2397 3615 2542 3687 ()pif.
2574 3631 2644 3680 ιι,
2672 3614 2737 3679 2,
2789 3613 2878 3678 lO,
2941 3613 3044 3682 i3)
3087 3627 3116 3666 a
3153 3627 3262 3683 quo
3303 3628 3434 3668 sane
3477 3610 3716 3684 Cyrillus

2077 3705 2516 3768 ’Alexandrinus
2573 3709 2623 3761 in
2683 3705 2930 3762 eamdem
2973 3703 3296 3760 sententiam
3343 3703 3567 3760 aﬁ’ertur
3612 3703 3708 3776 (b).

2111 3806 2347 3862 Joannes
2379 3804 2506 3857 item
2535 3799 2890 3870 Philoponus,
2913 3797 3242 3866 etOrigenes
3264 3795 3368 3869 (De
3396 3797 3602 3865 Opiﬁcio
3625 3812 3716 3850 sea:

2114 3898 2311 3951 dierum
2342 3895 2428 3949 lib.
2465 3909 2524 3958 ll,
2554 3908 2676 3962 cap.
2704 3890 2762 3954 2,
2792 3906 2846 3944 ιι.
2886 3887 3000 3958 15).
3029 3887 3240 3955 Quibus
3270 3886 3458 3957 positis
3493 3886 3715 3941 conclu-

2113 3990 2211 4056 dit,
2251 4007 2270 4040 ι
2295 3986 2623 4058 probabilius
2651 3999 2773 4040 esse
2802 3983 3005 4038 Mosetn
3038 3982 3198 4037 ambo
3228 3982 3328 4035 ista
3367 3981 3583 4034 nomina
3615 3995 3713 4050 pro

2116 4096 2234 4150 uno,
2263 4079 2564 4150 eodemque
2593 4077 2914 4149 sumpsisse,
2955 4084 3116 4144 atque
3162 4075 3218 4129 ἐκ
3260 4073 3586 4148 παραλλήλου
3607 4114 3623 4142 ,
3655 4083 3715 4128 ιιι

2115 4174 2386 4246 posterior
2415 4173 2611 4242 prioris
2633 4170 2702 4225 sit
2725 4171 3034 4241 explicatio.
3075 4189 3094 4222 ι

2187 4264 2275 4321 10.
2306 4264 2600 4320 Praeiverat
2652 4262 2842 4316 horum
2898 4261 3103 4316 monita
3152 4259 3306 4315 Philo
3351 4257 3469 4331 (De
3495 4257 3714 4330 Opiﬁc.,

2114 4377 2168 4426 ρ.
2206 4359 2290 4424 14,
2322 4357 2445 4411 edit.
2475 4355 2718 4427 Lugdun.
2762 4371 2887 4408 ann.
2917 4352 3081 4422 1561)
3129 4369 3143 4409 :
3196 4354 3394 4424 quippe
3422 4351 3538 4408 haec
3585 4353 3661 4406 ait
3701 4370 3714 4405 :

2120 4469 2138 4504 ‹
2161 4450 2269 4507 Sed
2300 4449 2554 4520 quoniam
2578 4461 2683 4501 non
2708 4446 2911 4516 qumvis
2938 4446 3115 4513 imago
3145 4445 3310 4501 refert
3331 4443 3608 4514 exemplar
3627 4457 3717 4498 ar-

407 4543 682 4611 tmaginein
705 4560 849 4596 suam
880 4543 1002 4614 fecit
1026 4543 1194 4597 illum.
1228 4541 1293 4596 Et
1316 4543 1497 4596 iterum
1519 4543 1760 4596 convertit
1782 4543 1931 4596 illum
1950 4544 2006 4598 in
2028 4539 2083 4600 D
2109 4543 2422 4614 chetypum.
2450 4550 2683 4610 suntque
2699 4538 2881 4593 multae
2903 4539 3229 4604 dissimiles;
3256 4536 3507 4613 posthaec
3527 4535 3715 4602 verba,

410 4635 607 4704 ipsum,
639 4646 687 4688 et
716 4635 997 4690 secundum
1028 4651 1082 4690 se
1116 4636 1308 4690 vestivit
1334 4634 1480 4688 illum
1510 4635 1713 4688 virtute.
1744 4635 2008 4692 Similiter

411 4729 573 4795 epist.
607 4727 714 4782 tad
745 4726 1058 4783 Corinthios
1092 4731 1234 4798 (cap.
1263 4744 1352 4794 XI,
1397 4727 1452 4797 7)
1484 4744 1498 4780 :
1541 4725 1632 4780 Vir
1669 4729 1876 4798 quidem
1905 4746 2009 4784 non

411 4821 556 4874 debet
587 4821 756 4875 velare
801 4832 955 4892 caput
1001 4839 1175 4889 suum,
1225 4824 1468 4892 quoniam
1516 4825 1710 4898 imago.
1755 4834 1804 4879 et
1844 4825 2011 4894 gloria

387 4911 512 4999 -Dei
537 4924 629 4968 est.
661 4913 867 4971 Rursus
895 4916 948 4972 in
978 4916 1152 4988 Epist.
1185 4917 1252 4972 ad
1283 4917 1496 4973 Coloss.
1529 4933 1651 4987 cap.
1682 4934 1739 4974 Ill
1768 4918 1841 4989 (υ.
1875 4917 1966 4990 10)
1995 4935 2010 4973 :

413 5014 461 5057 et
492 5005 760 5061 induentes
797 5019 986 5062 novum
1015 5025 1152 5075 eum,
1189 5010 1276 5080 qui
1304 5020 1576 5067 renovatur
1595 5012 1649 5065 in
1674 5011 2010 5083 agnitionem,

413 5098 697 5152 secundum
720 5101 995 5172 imaginem
1022 5101 1158 5170 ejus,
1185 5100 1272 5171 qui
1295 5101 1484 5155 creavit
1508 5101 1678 5155 illum.

487 5192 542 5245 5.
567 5192 748 5258 Quid?
776 5198 917 5263 quod
945 5195 1360 5262 expressissime
1389 5193 1442 5247 in
1477 5193 1770 5262 Scripturis
1801 5195 2015 5252 tametsi

418 5282 616 5356 imago,
648 5296 702 5341 et
743 5288 1038 5342 simiiitudo
1074 5287 1389 5358 jungantur,
1421 5302 1528 5342 non
1561 5287 1704 5343 aliud
1742 5296 1925 5346 tamen
1950 5289 2018 5347 iis

494 5454 574 5526 (a)
602 5453 753 5526 Orat.
779 5455 904 5510 vde
931 5454 1108 5509 Mundi
1160 5454 1394 5526 Opilicio
1412 5469 1482 5526 7t.
1501 5456 1556 5519 4,
1591 5465 1714 5526 pag.
1733 5455 2019 5511 '284'tomi

398 5542 475 5580 .vr
505 5525 550 5580 0
624 5542 668 5582 r.
695 5523 980 5597 Chrysost.
1020 5525 1290 5580 editionis
1313 5523 1714 5580 Murttl'anconi’i.
1743 5535 1767 5552 "

497 5540 680 5670 (ιξθει
717 5599 807 5653 lib.
832 5607 1020 5670 contra
1058 5597 1668 5670 Anthropomorpbitas,
1695 5606 1750 5652 et

403 5669 914 5742 .na_ma_ututerip't'u.
973 5691 980 5706 ·-
1175 5709 1183 5717 .

498 5738 566 5812 (c)
595 5735 907 5812 Hbi'imago,
940 5741 1274 5797 continuo‘et
1298 5738 1583 5796 similitudo
1629 5747 1722 5795 est.
1762 5735 2026 5796 Non‘au-

521 5593 572 5663 b)
603 5597 680 5651 Ex
717 5593 1020 5688 lib'fgontra
1058 5597 1668 5688 Atttbropontorpttitas,'
1695 5593 1839 5674 etc'x
1865 5596 2026 5688 Date-
2106 5630 2119 5642 .

2105 4639 2261 4710 juxta
2282 4635 2574 4706 imaginem,
2611 4632 2849 4688 additum
2871 4638 2954 4687 est
2975 4630 3382 4701 signiﬁcantius,
3405 4638 3454 4683 et
3476 4627 3722 4683 similitu-

2113 4731 2284 4784 dinem
2315 4769 2329 4790 ,
2355 4739 2412 4782 ut
2441 4726 2768 4794 intelligatur
2807 4731 3054 4779 exactura
3093 4721 3329 4792 sigillum
3360 4721 3588 4776 formam
3626 4719 3725 4776 ha-

2115 4822 2250 4878 bens
2281 4817 2766 4875 evidentissimum.
2801 4835 2820 4868 ι

2195 4914 2281 4968 Η.
2304 4909 2503 4968 Contra
2528 4909 2772 4965 sentiunt
2791 4908 2906 4973 alii,
2936 4915 3268 4977 monentque
3292 4907 3393 4963 hoc
3413 4907 3555 4963 inter
3573 4923 3718 4975 eam,

2121 5007 2191 5063 de
2216 5020 2318 5076 qua
2346 5004 2580 5075 agimtts,
2605 5000 2915 5072 imaginem,
2940 5009 2996 5054 et
3024 4999 3430 5055 similitudinem
3459 5014 3724 5072 apparere

2121 5096 2413 5154 discrimen
2443 5111 2457 5147 :
2483 5094 2569 5151 vel
2589 5093 2732 5164 quod
2760 5091 3154 5162 expressiorem
3199 5102 3362 5163 atque
3393 5093 3726 5148 exactiorem

2109 5189 2530 5260 similitudinem
2550 5196 2807 5258 exposcat
2831 5187 3030 5256 imago,
3062 5186 3114 5241 id
3158 5187 3420 5242 innuente
3464 5186 3724 5256 Augusti-

2125 5301 2198 5344 no
2209 5284 2308 5360 (ε),
2321 5291 2378 5341 et
2387 5280 2800 5353 expressissime
2816 5278 3061 5335 tradente
3075 5277 3406 5352 Hieronymo
3417 5280 3596 5334 Areno
3609 5275 3692 5349 (ιι)
3709 5292 3726 5332 :

2109 5453 2300 5538 'tent'si
2317 5453 2382 5538 ﬁt
2402 5447 2708 5513 similitudo,
2733 5450 2976 5504 continuo
2998 5447 3058 5517 ﬁt
3081 5456 3129 5503 et
3156 5447 3347 5518 imago,
3377 5454 3509 5511 etc-.,
3532 5451 3726 5515 quaest.

2133 5524 2609 5581 tviu'Deutet-on.
2941 5533 2946 5552 ε
3393 5537 3396 5540 -
3669 5545 3672 5548 .

2207 5595 2288 5668 (tl)
2311 5593 2366 5668 In
2409 5591 3094 5668 iis'Sermonibusenfqnos
3123 5587 3586 5668 nendnmleditos
3625 5600 3728 5640 ex-

2107 5689 2110 5698 -
2136 5658 2301 5722 scribi
2323 5663 2457 5732 jussi
2487 5678 2565 5718 ex-
2581 5667 2794 5716 vetusto
2821 5658 3012 5717 codice
3031 5679 3046 5714 :
3062 5662 3184 5732 haec
3202 5661 3348 5715 enim
3366 5658 3522 5714 docet
3539 5658 3735 5732 inser-

2099 5739 2299 5794 -‘mone
2324 5730 2767 5791 iu-Domi‘nicau.
2821 5747 2892 5788 sx
2933 5741 3057 5804 post
3085 5731 3482 5789 Pentecostem.
3512 5747 3542 5783 -ι
3569 5730 3736 5785 Sacra
