4120 6170
456 176 555 235 851

1143 173 1209 231 ΙΝ
1248 174 1509 235 HILARII
1547 172 1769 233 EPIST.
1813 171 1946 231 SEU
1983 170 2208 231 LIBEL.
2256 167 2707 229 DISSER'I‘ATIO
2743 166 3078 229 SECUNBA.

3658 173 3771 235 ειη

459 296 543 351 vel
598 294 741 367 quod
814 293 988 367 imago
1034 309 1230 364 corpus
1293 306 1531 369 spectet.
1582 294 1877 355 similitudo
1933 294 2053 351 ani-
2083 296 2132 358 Α
2160 292 2488 349 credendum
2514 302 2630 361 est,
2661 292 2948 363 imaginem
2980 293 3034 347 in
3077 290 3299 347 homine
3343 291 3593 360 reperiri,
3625 294 3768 351 utin

459 403 626 456 mam,
681 395 740 442 ut
790 388 1043 457 opinatur
1088 385 1325 445 [renatus
1382 389 1536 463 (Lib.
1576 405 1641 454 ν,
1675 405 1790 460 cap.
1824 386 1891 458 6)
1931 387 2059 447 :vel

458 482 602 555 quod
634 481 896 541 naturalia
918 480 1058 535 dona
1082 478 1290 538 Adamo
1320 483 1517 539 collata
1540 482 1719 553 imago
1741 480 1963 547 indicet,
1985 479 2061 541 si-

458 573 707 629 militudo
732 587 862 628 vero
892 574 1345 646 supernaturalia.
1374 575 1521 633 Hine»
1542 575 1855 646 imaginem,
1886 573 1932 631 si
1959 572 2060 629 hos

457 665 729 729 audimus,
760 665 984 719 retinuit
1016 664 1256 720 admisso
1284 675 1543 735 peccato;
1567 673 1623 722 at
1650 663 2059 723 similitudinem

458 758 697 813 Adamus
718 757 919 812 amisit.
935 755 1007 812 Ut
1033 756 1087 815 in
1106 758 1380 816 veteribus
1405 757 1654 815 Patribus
1678 757 2057 825 consistamus,

455 849 938 920 Chrysostomum,
970 848 1322 907 Severianum
1362 852 1763 917 Gabalitanum,
1792 846 2061 923 Cyrillum

459 940 930 1010 Alexandrinum,
980 943 1338 1016 Augustinum
1403 945 1642 1016 denique
1706 944 1842 998 libro
1892 959 1943 998 v1
1992 943 2063 1000 de

464 1036 599 1093 Gen.
655 1035 726 1093 ad
786 1036 1021 1091 litteram
1082 1051 1201 1107 cap.
1261 1038 1330 1093 27
1384 1038 1579 1109 allegat
1619 1033 1892 1093 Calmetus
1942 1034 1963 1110 (
1994 1034 2062 1091 In

464 1130 633 1186 locum
686 1130 821 1185 hunc
878 1130 1196 1203 Geueseos).
1248 1131 1466 1189 Addere
1514 1139 1726 1202 peterat
1764 1139 1876 1186 tum
1925 1130 2062 1186 alios

460 1222 684 1289 multos,
736 1230 846 1276 tum
900 1230 1049 1277 certe
1097 1222 1426 1293 Origenem,
1473 1232 1530 1279 et
1581 1222 1915 1294 Scriptorem
1962 1237 2063 1277 no-

463 1324 657 1382 strum,
691 1330 829 1387 quos
860 1315 1117 1384 deinceps
1139 1316 1501 1381 adducemus;
1534 1315 1820 1371 Paulinum
1848 1329 2063 1385 quoque

461 1407 749 1475 Nolanum,
781 1406 1110 1480 Nyssenunt,
1145 1407 1435 1464 Maximum
1469 1409 1791 1480 Martyrem,
1818 1408 2065 1475 aliosque

462 1518 569 1557 non
602 1516 823 1573 paucos,
853 1517 990 1573 quos
1018 1512 1301 1570 recenset,
1326 1519 1515 1559 eorum
1549 1503 1666 1559 loca
1695 1502 1936 1573 allegans
1964 1503 2064 1560 Pe-

455 1596 629 1651 tavius
657 1593 776 1666 (De
813 1593 987 1668 0pif.,
1015 1594 1103 1651 lib.
1137 1611 1195 1661 tt,
1223 1613 1339 1665 cap.
1371 1594 1428 1660 2,
1460 1613 1515 1650 η.
1545 1595 1655 1665 15).
1689 1594 1746 1651 ln
1786 1594 1972 1662 primis
2012 1593 2063 1649 id

460 1688 836 1760 copiosissime
858 1689 1173 1758 exsequitur
1202 1696 1393 1745 auctor
1417 1688 1538 1745 libri
1557 1688 1620 1742 de
1637 1685 1915 1752 Spiritu,et
1937 1685 2063 1741 Ani-
2094 1705 2141 1766 Β

459 1797 543 1833 ma
569 1777 664 1853 (η),
697 1779 786 1851 qui
807 1788 984 1835 exstat
1004 1779 1148 1835 inter
1173 1794 1339 1850 opera
1363 1778 1669 1850 Augustini.
1694 1777 1806 1835 Nec
1836 1787 2060 1849 printer-

461 1889 555 1928 eas
603 1874 727 1928 volo
758 1872 1143 1943 Alchuvinum,
1166 1874 1258 1945 qui
1288 1873 1588 1930 luculenter
1617 1876 1732 1943 ipse
1756 1886 1969 1944 quoque
1998 1885 2065 1929 ea

464 1964 533 2027 de
554 1980 616 2021 re
641 1964 751 2037 agit
775 1963 873 2037 (b).

914 2097 1241 2168 ρωΕετιο
1281 2096 1620 2156 SECUNDA.

576 2213 644 2268 In
670 2230 771 2285 quo
799 2215 969 2285 posita
995 2216 1061 2267 sit
1089 2214 1220 2279 hinc,
1250 2213 1316 2268 de
1343 2230 1447 2283 qua
1481 2211 1718 2284 agimus,
1749 2211 1918 2284 imago
1942 2251 1957 2276 ,
2052 2200 2059 2207 ’

1078 2314 1126 2360 et
1157 2303 1465 2359 simiiitudo.

538 2416 626 2473 l2.
666 2417 839 2485 Quam
891 2425 1098 2473 vetusta
1152 2416 1222 2472 sit
1276 2416 1505 2487 quaestio
1554 2415 1707 2485 haec,
1762 2415 2075 2488 pariterque

468 2527 627 2586 quam
655 2511 895 2568 difﬁcilis
925 2510 995 2565 sit
1026 2512 1092 2566 ad
1130 2511 1480 2580 solvendum,
1514 2526 1583 2567 ex
1610 2512 1675 2566 iis
1700 2554 1714 2579 ,
1749 2527 1871 2582 quae
1913 2510 2076 2565 tradit

472 2604 828 2677 Epiphanius,
878 2604 1035 2663 facile
1090 2604 1451 2675 assequimur.
1506 2604 1727 2661 Scilicet
1769 2612 1876 2660 tam
1915 2603 1967 2659 in
2012 2603 2078 2658 li-

473 2696 594 2765 bro,
634 2696 686 2751 in
740 2711 848 2768 quo
897 2696 1157 2752 adversus
1199 2694 1438 2752 let-roses
1484 2695 1721 2767 disputat
1760 2695 1857 2768 (c),
1914 2710 2076 2767 quam

469 2790 523 2844 in
580 2790 853 2845 Ancorato
907 2803 972 2846 ea
1020 2788 1088 2845 de
1140 2803 1199 2844 re
1241 2790 1373 2860 agit,
1412 2799 1466 2845 et
1513 2787 1801 2846 doctorum
1856 2798 2076 2845 senten-

473 2883 577 2939 tias
610 2897 673 2938 ea
713 2898 881 2953 super
907 2882 1279 2941 controversia
1315 2884 1626 2941 summatim
1657 2881 1910 2952 exponit,
1946 2879 2077 2935 illud

473 2974 823 3042 concludens,
849 2994 867 3029 ‹
891 2989 995 3031 non
1025 2989 1147 3031 esse
1171 2974 1282 3029 ullo
1303 2974 1465 3031 modo
1482 2973 1865 3044 deﬁniendum,
1888 2983 1978 3028 aut
1995 2971 2079 3027 af-

2164 394 2277 441 toto
2325 385 2557 443 maxime
2585 426 2600 450 ,
2661 399 2761 440 uec
2808 383 3127 453 simpliciter
3179 382 3436 438 resideat.
3490 380 3769 439 Caeterum

2162 478 2381 535 ubinam
2410 478 2500 533 illa
2548 478 2782 533 maxime
2812 475 2920 545 sit,
2964 485 3020 534 et
3043 491 3148 547 qua
3188 484 3342 546 parte
3379 476 3723 546 compleatur
3749 518 3769 542 ,

2162 570 2306 642 quod
2330 570 2529 627 dictum
2558 579 2670 636 est,
2698 570 2767 624 ad
2805 569 3083 642 imaginem
3108 610 3125 636 ,
3158 568 3303 625 Deus
3331 570 3503 636 novit,
3535 571 3627 641 qui
3654 570 3769 625 sin-

2163 664 2331 735 gulari
2362 663 2465 719 hoc
2501 663 2751 734 imaginis
2799 677 2911 718 suae
2969 660 3236 719 beneﬁcio
3267 661 3545 718 hominum
3592 676 3771 735 genus

2163 756 2380 814 afﬁcere
2411 755 2602 810 voluit.
2633 774 2653 808 ι

2238 849 2326 907 15.
2359 846 2646 920 Epiphanii
2673 845 2859 918 opinio
2892 845 3078 918 paucis
3107 843 3313 918 placuit
3332 888 3348 913 ,
3377 845 3607 918 ideoque
3634 846 3770 904 dili-

2165 941 2379 1013 gentius
2416 940 2787 1011 exquisierunt
2817 981 2834 1006 ,
2884 940 2937 993 in
2993 952 3102 1009 quo
3148 939 3450 999 consultius
3493 938 3772 995 videretur

2164 1034 2451 1106 imaginem
2482 1049 2626 1101 eam,
2657 1042 2714 1091 et
2737 1032 3150 1090 similitudinem
3189 1033 3479 1090 collocare.
3518 1032 3574 1089 In
3603 1048 3769 1102 supe—

2167 1127 2311 1183 riore
2340 1127 2636 1196 quzestione
2663 1124 2919 1192 diximus,
2954 1125 3248 1182 nonnullos
3287 1124 3481 1182 Patres
3514 1125 3765 1182 eamdem

2167 1217 2455 1289 imaginem
2483 1218 2535 1273 in
2564 1216 2723 1273 donis
2745 1216 3080 1275 naturalibus
3123 1217 3280 1277 nobis
3310 1216 3528 1277 tributis
3565 1216 3770 1275 consti-

2167 1310 2335 1364 tuisse
2357 1351 2370 1375 ,
2401 1309 2807 1364 similitudinem
2847 1322 2977 1363 vero
3008 1308 3059 1363 in
3101 1308 3622 1377 supernaturalibul.
3671 1309 3770 1365 llis

2167 1399 2445 1471 adjungite
2466 1416 2571 1455 non
2596 1400 2755 1454 modo
2779 1415 2927 1466 eum,
2952 1414 3110 1472 quem
3138 1398 3493 1465 illustramus,
3520 1398 3767 1470 Scripto-

2167 1511 2281 1551 rem
2308 1512 2323 1560 ;
2356 1495 2553 1551 etenim
2590 1490 2875 1549 manifesto
2906 1493 2956 1548 id
2999 1492 3164 1549 tradit
3199 1492 3252 1548 iu
3285 1493 3351 1549 iis
3373 1534 3389 1557 ,
3421 1510 3543 1565 qua:
3567 1493 3772 1550 disser-

2168 1588 2360 1644 tationi
2392 1589 2517 1645 huic
2538 1589 2805 1659 praeposui
2829 1628 2845 1654 ,
2886 1587 3098 1644 verbis:
3130 1605 3150 1639 ο
3187 1588 3469 1645 Concessit
3489 1589 3679 1655 etiam,
3712 1599 3772 1646 ut

2169 1680 2332 1737 homo
2364 1682 2454 1736 Dei
2488 1680 2774 1751 imaginem
2807 1690 3049 1751 portaret
3078 1681 3134 1736 in
3166 1682 3348 1745 terris,
3377 1681 3603 1737 daturus
3647 1692 3772 1752 post

2168 1788 2230 1830 ea
2261 1772 2693 1839 similitudinem,
2727 1775 2770 1829 si
2801 1772 2981 1846 imago
3008 1782 3318 1831 servaretur
3359 1773 3548 1840 illaesa,
3572 1793 3591 1827 ι
3619 1784 3723 1830 etc.
3749 1790 3768 1839 ;

2170 1883 2360 1925 verum
2389 1868 2552 1924 etiam
2594 1867 2883 1938 Origenem
2909 1908 2924 1934 ,
2956 1882 3116 1938 quem
3160 1866 3321 1938 plane
3356 1867 3508 1939 sequi
3560 1866 3774 1924 videtur

2170 1962 2403 2031 scriptor
2433 1968 2652 2028 noster;
2679 1963 2877 2031 quippe
2904 1958 3021 2016 htec
3056 1959 3361 2017 litterarum
3405 1961 3775 2019 monumentis

2173 2052 2393 2110 tradidit
2422 2052 2503 2127 (ά)
2534 2070 2548 2110 :
2583 2073 2603 2109 ι
2640 2054 2755 2109 Hoc
2786 2068 3019 2123 namque
3040 2052 3241 2109 indicat
3263 2057 3476 2126 Moyses
3498 2063 3624 2111 ante
3648 2069 3775 2110 oln-

2172 2161 2272 2203 nes
2300 2186 2314 2211 ,
2342 2160 2466 2205 cum
2496 2145 2725 2217 primam
2756 2145 3121 2203 conditionem
3167 2146 3405 2202 hominis
3430 2156 3649 2203 enarrat
3692 2146 3777 2205 di-

2173 2250 2333 2293 cens:
2355 2246 2403 2290 et
2442 2234 2577 2291 dixit
2606 2233 2780 2292 Dens:
2810 2234 3091 2292 Faciamus
3116 2235 3457 2291 hominemad
3477 2236 3776 2307 imaginem,

2174 2338 2223 2384 et
2254 2329 2645 2389 similitudinem
2694 2339 2940 2387 nostram.
2974 2329 3128 2386 Tunc
3167 2329 3367 2388 deinde
3392 2330 3573 2385 addit:
3604 2327 3675 2384 Et
3706 2334 3783 2401 fe-

2174 2421 2244 2476 cit
2272 2418 2719 2487 Deushominem,
2751 2423 2820 2476 ad
2850 2420 2945 2477 Dei
2975 2422 3253 2494 imaginem
3280 2423 3398 2495 fecit
3428 2422 3577 2477 illum
3602 2461 3618 2487 ,
3640 2439 3783 2478 mas-

2176 2509 2352 2565 culum
2373 2520 2420 2565 et
2450 2512 2709 2582 {remittam
2733 2512 2851 2584 fecit
2881 2528 2987 2575 eos.
3014 2521 3062 2567 et
3086 2511 3343 2568 benedixit
3361 2527 3467 2567 eos.
3500 2511 3613 2569 Hoc
3649 2525 3784 2581 ergo

2176 2604 2319 2677 quod
2347 2604 2519 2673 dixit,
2543 2604 2611 2662 ad
2632 2606 2907 2679 imaginem
2941 2604 3035 2661 Dei
3067 2606 3191 2678 fecit
3226 2622 3341 2660 eum
3368 2648 3383 2673 ,
3413 2615 3465 2661 et
3493 2604 3564 2662 de
3590 2605 3784 2661 simili-

2179 2696 2364 2752 tudine
2393 2695 2563 2763 siluit,
2593 2713 2699 2752 non
2728 2695 2877 2753 aliud
2927 2681 3171 2761 indicat,
3208 2695 3315 2753 nisi
3341 2696 3487 2770 quod
3529 2695 3785 2768 imaginis

2178 2791 2395 2862 quidem
2427 2790 2746 2862 dignitatem
2775 2789 2829 2845 in
2862 2789 3036 2860 prima
3058 2788 3375 2847 conditione
3402 2790 3680 2861 percepit,
3712 2791 3787 2849 si-

2179 2884 2499 2940 militudinis
2526 2898 2656 2938 vero
2684 2882 2944 2951 perfectio
2972 2883 3025 2941 in
3062 2882 3533 2941 consummatione
3567 2892 3787 2939 servata

2180 2984 2261 3032 est
2287 2994 2299 3029 :
2325 2976 2534 3031 scilicet
2563 2983 2623 3030 ut
2651 2974 2766 3044 ipse
2797 2975 2903 3031 sibi
2925 2990 3045 3031 eam
3078 2974 3310 3045 preprite
3350 2974 3633 3033 industrie
3671 2988 3790 3030 stu-

469 3065 793 3122 ﬁrmandum
825 3107 838 3135 ,
868 3081 1101 3138 quanam
1134 3066 1184 3121 in
1228 3073 1380 3136 parte
1414 3067 1588 3136 imago
1638 3066 1727 3121 illa
1775 3066 2072 3121 consistat:
2102 3087 2149 3151 ρ
2182 3066 2285 3125 diis
2313 3083 2381 3123 ex
2422 3066 2517 3123 Dei
2558 3066 2857 3122 imitatione
2893 3065 3304 3132 conscisceret,
3333 3082 3456 3125 cum
3508 3068 3788 3135 possibili-

328 3200 343 3215 .
384 3188 387 3189 ν
469 3156 564 3213 sed
595 3166 773 3213 tamen
808 3158 1080 3215 fatendum
1112 3172 1233 3215 esse
1257 3156 1436 3221 inesse
1464 3158 1516 3215 in
1555 3157 1804 3224 homine,
1835 3173 1903 3214 ne
1930 3159 2071 3215 divi-

471 3265 597 3304 num
632 3248 950 3305 beneﬁcium
984 3249 1235 3305 tollamus
1263 3264 1293 3303 e
1325 3248 1526 3315 medio,
1556 3263 1619 3303 ac
1641 3248 1735 3304 Dei
1763 3250 2069 3305 auctoritati

464 3340 771 3396 difﬁdauuts
817 3339 1046 3411 (ﬂwres.
1072 3342 1139 3395 70
1167 3358 1219 3394 n.
1272 3338 1387 3413 2).:
1427 3340 1563 3397 Hinc
1590 3380 1606 3406 ,
1639 3355 1704 3394 eo
1726 3340 1929 3411 judice,
1959 3341 2072 3397 Au-

466 3433 610 3493 diani
635 3448 779 3500 eam,
811 3434 877 3488 de
903 3450 1006 3504 qua
1036 3435 1243 3505 agimus
1266 3477 1279 3501 ,
1305 3434 1591 3509 imaginem
1620 3437 1670 3490 in
1700 3450 1930 3507 corpore
1959 3438 2071 3493 col-

467 3523 709 3580 locantes
731 3565 744 3587 ,
785 3544 803 3576 ‹
828 3540 948 3579 cum
976 3525 1028 3580 iu
1057 3526 1158 3580 hac
1203 3534 1352 3596 parte
1398 3525 1624 3596 majore,
1656 3542 1817 3596 quam
1849 3543 1946 3596 par
1974 3530 2067 3595 sit,

466 3617 828 3675 contentionis
857 3617 1038 3675 studio
1066 3618 1333 3674 ducantur
1354 3660 1367 3684 ,
1397 3618 1464 3672 ab
1492 3618 1873 3675 Ecclesiastica
1905 3621 2074 3679 tradi-

471 3712 617 3764 tione
645 3724 709 3765 ac
748 3709 991 3766 doctrina
1041 3709 1318 3769 recedunt.
1346 3709 1477 3779 Quae
1505 3728 1629 3768 cum
1663 3727 1855 3768 omnes
1897 3712 2075 3768 homi-

473 3816 572 3858 nes
593 3845 607 3871 ,
638 3801 732 3858 Dei
764 3801 828 3856 ad
858 3803 1143 3873 imaginem
1188 3813 1402 3858 creatos
1423 3817 1543 3859 esse
1575 3796 1833 3866 fateatur.
1868 3804 2071 3860 nullam

467 3906 646 3952 tamen
696 3904 903 3967 partem
952 3894 1178 3962 deﬁnit,
1212 3894 1264 3949 in
1295 3910 1397 3967 qua
1444 3896 1602 3952 istius
1624 3895 1768 3951 modi
1822 3895 2072 3967 imaginis

465 3988 603 4043 ratio
620 3986 934 4043 collocanda
953 3986 1216 4043 videatur.
1236 4005 1255 4039 ι
1276 3986 1469 4058 ltejicit
1486 3986 1683 4044 deinde
1700 4003 1814 4056 eos,
1842 4007 1860 4039 ‹
1873 3989 2068 4058 quibus

463 4078 661 4147 placet,
711 4094 808 4134 nec
831 4079 882 4133 in
906 4078 1105 4144 anima,
1128 4093 1230 4135 nec
1250 4078 1303 4134 in
1326 4094 1553 4150 corpore
1573 4079 1730 4134 sitam
1755 4080 2067 4153 imaginem,

465 4174 564 4230 sed
592 4174 704 4229 sola
719 4175 919 4233 virtute
945 4174 1283 4233 continerizi
1313 4190 1655 4249 eosqueque,
1678 4193 1696 4227 ‹
1723 4175 1811 4251 qui
1833 4191 1938 4230 non
1956 4176 2068 4229 vir-

465 4276 658 4334 tutem,
691 4267 783 4323 sed
806 4268 1131 4339 baptismum
1161 4309 1176 4335 ,
1203 4277 1257 4325 et
1297 4284 1415 4339 qua:
1464 4269 1515 4323 in
1546 4283 1608 4324 ea
1636 4267 1912 4325 confertur
1939 4283 2067 4340 gra-

460 4362 590 4425 tiam
620 4374 743 4421 esse
770 4358 1084 4427 aiunMEt
1110 4359 1227 4416 hrec
1253 4359 1472 4416 demum
1502 4360 1717 4416 statuit:
1753 4378 1773 4411 ι
1795 4357 1872 4414 Ita
1902 4375 2067 4433 porro

2183 3172 2290 3216 tate
2316 3160 2416 3217 sibi
2452 3158 2799 3231 perfectionis
2827 3159 2882 3215 iu
2925 3160 3090 3217 initiis
3136 3159 3261 3215 data
3292 3175 3389 3232 per
3416 3160 3668 3232 imaginis
3697 3161 3785 3216 tli-

2177 3254 2435 3325 gnitatem
2467 3296 2481 3319 ,
2514 3253 2567 3309 in
2597 3252 2702 3308 ﬁne
2746 3252 2962 3313 demum
3021 3268 3116 3324 per
3145 3267 3371 3321 operum
3420 3254 3786 3322 expletionmu

2179 3345 2470 3414 perfectam
2499 3344 2597 3399 sibi
2631 3344 2745 3413 ipse
2768 3342 3174 3401 similitudinem
3199 3354 3625 3401 consummaret.
3674 3346 3787 3401 Sed

2176 3435 2413 3509 apertius
2441 3436 2578 3503 haec,
2601 3446 2658 3491 et
2678 3436 2985 3494 evidentius
3038 3438 3109 3494 ita
3141 3452 3201 3495 se
3249 3436 3450 3494 habere
3476 3480 3492 3505 ,
3535 3438 3783 3496 Joannes

2178 3529 2473 3600 Apostolus
2500 3527 2691 3585 definit
2747 3528 2851 3584 hoc
2902 3528 3065 3585 modo
3112 3530 3474 3600 pronuntians
3506 3547 3520 3586 :
3556 3529 3733 3586 Filioti
3761 3574 3780 3597 ,

2178 3620 2409 3674 nondum
2428 3625 2638 3683 scimus,
2671 3620 2796 3691 quid
2838 3622 3000 3691 futuri
3035 3621 3197 3677 simus
3234 3637 3253 3675 :
3278 3624 3323 3676 si
3352 3637 3472 3679 vero
3494 3623 3778 3689 revelatum

2178 3711 2323 3765 nobis
2350 3710 2506 3785 fuerit
2530 3712 2593 3765 de
2620 3711 2888 3767 Saluatore
2910 3753 2922 3773 .
2950 3712 3061 3766 sine
3085 3711 3241 3767 dubio
3262 3712 3477 3771 dicetis:
3507 3713 3704 3769 similes
3735 3716 3786 3771 ei

2176 3804 2379 3885 erimus.
2411 3801 2513 3857 Per
2532 3802 2672 3873 quod
2693 3802 2996 3858 certissime
3021 3802 3220 3858 iudicat
3239 3810 3295 3859 ct
3318 3804 3478 3858 tinem
3499 3806 3779 3872 omnium,

2178 3910 2337 3967 quem
2366 3894 2542 3950 adhuc
2569 3893 2670 3949 sibi
2692 3894 2823 3951 dicit
2864 3894 3127 3964 ignotum,
3157 3902 3211 3951 et
3234 3894 3649 3951 similitudinem
3685 3896 3784 3952 Dei

2172 3989 2665 4058 Speraudam,quae
2710 3985 3131 4058 promeritorum
3177 3988 3511 4057 perfectione
3550 3998 3781 4059 pra'sta-

2170 4078 2335 4147 bitur.
2369 4079 2487 4151 Ipse
2513 4093 2726 4150 quoque
2751 4077 3012 4133 Dominus
3034 4079 3087 4133 in
3119 4078 3415 4149 Evangelio
3445 4080 3562 4134 haec
3583 4080 3780 4137 eadem

2173 4187 2281 4227 non
2307 4173 2482 4228 solum
2513 4172 2716 4240 futura,
2742 4186 2926 4229 verum
2956 4172 3118 4227 etiam
3150 4175 3232 4228 sui
3263 4152 3655 4230 intercessione
3684 4172 3773 4228 fu-

2174 4277 2312 4332 tura,
2342 4267 2587 4339 desigmt
2612 4309 2627 4334 ,
2650 4266 2778 4323 dum
2818 4267 2932 4337 ipse
2963 4265 3064 4323 hoc
3093 4281 3125 4323 a
3152 4266 3315 4323 Patre
3339 4267 3617 4340 discipulis
3661 4268 3781 4324 suis

2171 4359 2460 4432 impetrare
2486 4357 2737 4430 dignatur
2775 4358 2996 4417 dicens:
3032 4358 3227 4427 Pater,
3259 4360 3373 4416 volo
3404 4401 3420 4427 ,
3470 4370 3527 4417 ut
3552 4360 3637 4416 ubi
3680 4376 3777 4432 ego

454 4566 669 4631 ςιιιοαμε
696 4549 971 4631 Serum
1005 4514 1188 4631 utras.
1213 4540 1434 4631 .PW
1477 4541 1959 4631 [θείεξεμρηιξςιςηι
1984 4544 2057 4631 «4
2084 4547 2138 4609 υ
2163 4543 2269 4612 Ius.
2295 4552 2449 4631 meo.
2471 4538 3302 4631 ε,ιιριίωέέιέτςρθςκέεξτ»ει
3331 4557 3396 4599 ει
3446 4558 3514 4599 eo
3538 4542 3678 4600 Cave
3702 4545 3774 4601 ad

453 4613 768 4695 imaginem,
821 4613 873 4675 et
917 4614 1322 4695 s_imilitudinem_
1358 4613 1526 4695 suam.
1584 4613 1711 4695 Plus
1741 4620 1921 4668 autem
1973 4626 2057 4691 est

453 4682 675 4762 imago,
717 4682 1248 4762 quamsimilitudo._
1285 4686 1377 4740 Est
1402 4686 1547 4740 enim
1592 4684 1771 4762 imago
1801 4682 2057 4762 expressa

451 4770 531 4824 rei
561 4756 854 4821 similitudo
882 4802 895 4822 .
928 4771 983 4815 et
1010 4758 1208 4813 dicitur
1237 4757 1449 4826 imago,
1475 4758 1629 4827 quasi
1654 4771 1779 4811 vera
1814 4756 2052 4826 imitago.

455 4836 760 4897 Similitqu
783 4842 865 4887 est
893 4847 1072 4903 rerum
1113 4830 1289 4903 aliqua
1322 4829 1779 4903 rep_r;uscnt:tt_io_,
1811 4829 1957 4883 velut
1972 4828 2056 4903 _il-

458 4912 543 4965 lud
585 4926 597 4962 :
632 4904 878 4960 Videbam
923 4902 1150 4955 homines
1186 4898 1315 4952 uelut
1342 4899 1549 4952 arbores
1580 4898 1919 4951 ambulantes.
1969 4898 2060 4952 Fi-

453 4984 553 5035 lius
580 4974 769 5042 itaque
794 4975 883 5028 Dei
914 4976 1091 5039 imago
1116 4982 1196 5025 est
1241 4971 1437 5042 Putris,
1463 4972 1586 5042 quia
1619 4982 1715 5038 per
1744 4971 1925 5024 omnia
1958 4970 2057 5042 Pa-

452 5056 518 5107 tri
551 5040 762 5107 similis.
783 5057 837 5099 et
869 5047 921 5099 in
956 5048 1104 5097 uutlu
1148 5044 1287 5097 Pttlt‘i
1321 5040 1623 5099 dissimilis.
1654 5042 1804 5099 Sicut
1855 5041 2051 5099 Paulus

452 5125 560 5180 ait;
594 5137 685 5191 run
705 5128 774 5177 est
802 5115 982 5191 (tumo
1009 5114 1099 5166 Dei
1130 5113 1418 5191 invisibilis.
1468 5109 1608 5191 Non}
1653 5108 2049 5191 qualisfater,

451 5178 569 5253 (It/is
602 5178 786 5243 Filius.
813 5178 1169 5259 Qutt'iiputetts
1216 5182 1383 5259 “iter:
1404 5223 1418 5246 ,
1449 5178 1803 5259 omnipotens
1828 5178 1997 5259 Filius
2024 5190 2045 5248 ',

434 5277 508 5319 "et
539 5268 617 5317 sic
645 5260 712 5315 de
759 5252 1020 5327 reliquis,
1053 5269 1178 5324 qur:
1217 5252 1583 5327 medicantur
1623 5252 1677 5306 in
1712 5254 2045 5327 substantia.

2161 4631 2359 4671 annum
2390 4612 2529 4668 1144
2560 4628 2678 4682 pag.
2699 4612 2811 4667 222
2841 4612 2967 4666 torni
2994 4612 3033 4667 tt
3059 4613 3296 4668 tradunt.

2235 4683 2475 4759 (0)9419.
2524 4683 2818 4759 55._Porro
2848 4683 2992 4739 hunc
3044 4683 3240 4759 librum
3288 4688 3342 4740 in
3370 4684 3615 4741 editione
3666 4687 3771 4743 Pa—

2165 4755 2306 4842 trum
2341 4757 2400 4814 S.
2431 4757 2605 4813 Mauri
2633 4755 2875 4811 invenies
2909 4770 3031 4827 pag.
3075 4756 3147 4813 55
3204 4766 3260 4812 et
3301 4772 3418 4828 seq.
3451 4759 3767 4828 appendicis

2166 4837 2297 4885 touti
2332 4844 2403 4883 tv.

2166 4970 2175 4972 _
2236 4899 2312 4972 (ὁ)
2345 4899 2398 4952 lu
2418 4911 2488 4972 eo

2236 4899 2312 4972 (ὁ)
2345 4899 2488 4981 lu_eo
2528 4896 2832 5019 Ἡιιιμςαυιε)2
2861 4897 3005 4979 quod
3052 4897 3121 4953 ad
3151 4897 3291 4953 hunc
3325 4898 3542 4953 modum
3575 4899 3771 4955 inscri-

2202 4972 2338 5019 itur:
2370 4974 2513 5019 diem
2592 5006 2605 5019 .
2656 4968 2830 5019 Albim
2863 4967 3052 5019 Lenta
3092 4985 3249 5019 snner
3283 4969 3416 5019 illud
3471 4969 3766 5019 Genuam:

2164 4970 2338 5025 sum:
2370 4971 2513 5023 diem
2540 4970 2605 5020 Β.

2656 4968 2832 5021 Λιιήηί
2863 4967 3052 5023 Levius
3092 4985 3249 5032 super
3283 4969 3416 5024 illud
3471 4969 3724 5027 Gencseos
3744 4990 3766 5027 :

2165 5042 2426 5096 faciamus
2458 5040 2757 5104 hominem,
2780 5045 2914 5105 etc.,
2945 5055 3068 5111 pag.
3092 5039 3163 5095 54
3189 5045 3431 5110 operum
3450 5040 3763 5098 Alclmvini.

2161 5116 2338 5184 Atque
2367 5111 2447 5184 (ut
2476 5112 2654 5165 obiter
2683 5121 2886 5184 notem,
2917 5113 3041 5166 licet
3069 5111 3276 5184 idante
3304 5127 3390 5167 me
3429 5114 3767 5170 adverterunt

2162 5180 2265 5257 PP.
2287 5182 2351 5238 Β.
2378 5180 2555 5257 ’Μειιινί
2589 5194 2708 5250 pag.
2739 5181 2838 5235 6H
2887 5181 3217 5257 Appendicis
3249 5192 3377 5257 tom.
3406 5184 3766 5257 ttAmbrusit)

2159 5254 2350 5335 eodem
2376 5253 2538 5335 plane
2560 5258 2776 5335 exstant
2796 5267 2918 5335 cap:
2945 5254 3105 5307 tertio
3157 5253 3296 5335 libri.
3329 5254 3420 5335 qui
3453 5253 3770 5335 inscribitur

461 5336 699 5401 Estergo
724 5322 891 5401 Filius
915 5340 1040 5401 vere
1067 5322 1267 5393 imago,
1297 5323 1350 5379 id
1374 5333 1453 5401 est
1479 5337 1737 5401 expressa
1765 5324 1856 5401 Dei
1874 5322 2053 5401 Patris

457 5391 775 5463 aimiliﬁtdo.
810 5391 1200 5475 Undediatum;
1230 5407 1346 5475 est_:
1380 5391 1665 5475 Faciamus
1701 5392 1961 5475 hostium
1983 5394 2054 5475 od

456 5477 728 5547 imaginem
754 5479 1001 5523 nostram.
1033 5466 1141 5549 _Sed
1187 5464 1459 5520 hominem
1498 5465 1565 5519 ad
1594 5464 1906 5545 imaginet},
1928 5467 2053 5534 quia

458 5548 609 5589 ιιι-ιιι.
634 5540 884 5589 «ιιι-ἰδίεις
911 5544 996 5589 est
1033 5550 1211 5589 imm
1239 5577 1251 5589 .
1282 5536 1377 5589 sed
1426 5534 1593 5589 homo
1617 5534 1687 5589 ad
1718 5548 2003 5589 unaunam
2036 5577 2053 5589 .

458 5534 609 5599 κοῑιῖθ
634 5540 884 5599 Christus
911 5544 996 5594 est
1033 5538 1211 5609 imago
1239 5577 1251 5596 .
1282 5536 1377 5593 sed
1426 5534 1593 5593 homo
1617 5534 1687 5591 ad
1718 5538 2003 5605 imaginem
2036 5577 2053 5604 ,

426 5616 514 5668 ~id
545 5624 630 5668 est
657 5622 715 5667 ut
740 5609 929 5665 tendat
952 5607 1020 5664 ad
1049 5606 1359 5677 imaginem.
1397 5625 1417 5660 ι
1452 5604 1625 5662 Porro
1673 5607 1869 5663 llierou
1910 5621 2058 5667 mum

462 5685 749 5735 Aretiuum
779 5694 849 5734 ne
872 5681 1115 5735 ignotum
1139 5687 1315 5735 putes.
1347 5676 1424 5735 Ea
1446 5675 1694 5735 consule.
1720 5692 1840 5735 qua:
1862 5621 2058 5735 ﬂaua.

462 5685 749 5741 Arretinum
779 5694 849 5734 ne
872 5681 1115 5748 ignotum
1139 5675 1315 5751 putes.
1347 5676 1424 5735 Ea
1446 5675 1694 5744 consule,
1720 5692 1840 5763 qua:
1862 5675 2062 5747 (lghol-

2159 5324 2223 5378 de
2242 5322 2491 5399 dignitate
2525 5322 2838 5378 conditionis
2888 5324 3162 5389 humanm,
3209 5325 3297 5395 qui
3328 5322 3469 5381 liber
3512 5327 3638 5381 olim
3670 5331 3769 5382 tri—

2161 5394 2428 5447 buehatnr
2459 5394 2775 5447 Ambrosio.

2161 5394 2428 5457 buebatur
2459 5394 2775 5455 Ambrosio.
3232 5394 3235 5395 '
3850 5452 3859 5459 ,

2236 5465 2306 5593 Sc)
2343 5467 2548 5523 llteresi
2575 5479 2680 5544 us
2704 5504 2721 5529 .
2752 5475 2876 5537 que
2903 5473 2990 5523 est
3015 5464 3393 5525 Audientem
3414 5509 3432 5533 ,
3460 5484 3516 5523 n.
3546 5464 3587 5524 ἢ
3609 5476 3663 5524 et
3691 5469 3767 5538 3,

2164 5548 2225 5595 es
2267 5554 2298 5591 ι
2326 5535 2535 5597 Aneor.
2564 5553 2619 5590 η.
2650 5535 2738 5593 55.
3020 5586 3027 5593 .
3248 5582 3251 5591 .

2146 5554 2298 5595 ιαμ.
2326 5554 2535 5597 Ληουῖ.
2564 5554 2619 5590 η.
2650 5554 2738 5593 Οἱ).

2235 5582 2946 5692 φτΙξοη
2970 5648 2987 5676 ,
3020 5586 3127 5665 seu
3175 5582 3257 5693 de.
3707 5614 3763 5686 ί,

2235 5694 2299 5739 ut.
2326 5678 2427 5739 £52
2457 5687 2635 5739 tonus
2655 5678 2915 5739 edition»
2948 5681 3009 5739 P.
3040 5679 3222 5739 Caroli
3247 5681 3321 5739 de
3431 5682 3569 5739 Rue.

2169 5678 2427 5767 9.5.152
2457 5680 2635 5742 tonuit
2948 5681 3009 5739 Ρ.
3040 5679 3222 5754 Caroli
3247 5681 3321 5741 de
3342 5678 3399 5739 In
3431 5678 3569 5739 Rue.
