4120 6170
485 261 590 316 835’

1154 258 1224 315 ΙΝ
1266 255 1526 314 HILARII
1569 255 1787 312 EPIST.
1832 254 1965 310 SEU
2007 255 2230 311 LIBEL.
2278 252 2735 310 DISSERTATIO
2769 251 3112 309 SECUNDA.

3691 250 3799 302 8.3.6

483 381 608 450 quia
635 375 889 433 conditus
913 385 1000 431 est
1028 373 1222 430 similis
1265 371 1480 428 Christo
1507 413 1522 440 ,
1551 371 1783 442 ideoque
1813 370 1925 425 Deo
1973 383 2080 426 non
2109 369 2158 431 A
2185 368 2446 425 adducam
2472 370 2550 443 (η.
2576 367 2671 441 47)
2690 409 2706 436 ,
2753 383 2818 424 ac
2843 369 3233 424 Damascenum
3269 367 3478 441 (Eclog.
3536 366 3694 422 litter.
3725 369 3797 434 Α,

483 473 540 528 in
571 486 668 526 sua
690 479 881 526 natura
909 465 1173 539 spirituali
1201 465 1446 536 inSpecto
1475 506 1492 532 ,
1523 463 1618 520 sed
1665 473 1931 535 quatenus
1961 477 2084 518 car-

484 580 612 620 nem
640 561 975 630 assumpsit,
1003 567 1099 613 aut
1151 566 1504 628 apparentem
1531 596 1548 620 .
1603 572 1769 627 quum
1807 555 2081 611 hominem

485 654 748 711 condidit.
783 651 968 719 illique
998 652 1283 719 deinceps,
1314 659 1367 704 et
1398 647 1743 715 Patriarchis,
1771 656 1825 703 et
1851 647 2084 718 prophe-

489 748 557 801 tis
592 743 878 814 apparuit;
907 749 1000 796 aut
1022 741 1226 796 realem
1257 781 1270 804 ,
1302 755 1366 795 ac
1410 739 1845 805 substantialem,
1873 753 1996 794 cum
2028 739 2080 793 iu

485 837 778 908 purissimo
805 834 988 889 Mariae
1040 833 1278 905 Virginis
1307 842 1460 889 utero
1484 833 1782 887 incarnatus
1829 841 1923 886 est.
1978 829 2081 884 Alii

484 932 703 986 demum
739 931 876 984 hanc
905 927 1198 996 imaginem
1254 925 1488 981 fatentur
1529 924 1747 994 quidem
1782 923 1832 977 in
1863 921 2082 976 homine

484 1038 605 1078 esse
633 1065 646 1084 .
678 1021 772 1076 sed
815 1021 868 1076 in
896 1034 1002 1090 quo
1029 1019 1198 1089 po.~ita
1221 1020 1330 1084 sit,
1365 1034 1424 1072 se
1453 1017 1704 1089 ignorare
1733 1025 2007 1072 asserunt.

561 1139 651 1193 20.
687 1135 759 1192 Ut
801 1151 830 1189 a
875 1134 1048 1203 primo
1079 1131 1470 1188 sententiarum
1502 1130 1678 1200 capite
1705 1129 2080 1194 exordiantur,

485 1233 714 1288 Audiani
743 1274 758 1298 ,
815 1229 1087 1284 referente
1135 1225 1437 1296 Epiphanio
1467 1223 1700 1298 (Ilwres.
1727 1224 1797 1278 70
1827 1240 1967 1297 num.
2001 1221 2081 1294 2),

491 1326 661 1398 «τιυοά
708 1323 774 1379 ad
820 1323 1109 1393 imaginem
1168 1319 1264 1374 Dei
1305 1329 1521 1374 creatus
1568 1318 1807 1372 Adamus
1861 1316 2078 1380 dicitur,

485 1417 770 1488 praefracte
793 1413 1140 1470 referendum
1173 1410 1238 1465 ad
1269 1425 1466 1480 corpus
1491 1408 1895 1464 existimabant.
1948 1405 2084 1461 Cum

487 1510 632 1564 enim
662 1509 924 1578 scriptum
957 1505 1028 1558 sit
1053 1521 1065 1557 :
1101 1502 1385 1557 Faciamus
1403 1500 1678 1555 hominem
1697 1498 1764 1554 ad
1795 1499 2082 1567 imaginem

482 1614 726 1656 noswatn
756 1641 770 1662 ,
799 1609 852 1651 et
883 1593 1292 1652 similitudinem
1320 1635 1335 1658 ,
1366 1592 1546 1647 statim
1593 1591 1725 1644 illud
1759 1588 2043 1658 subjicitur
2069 1606 2081 1642 :

486 1693 657 1748 Deum
684 1701 898 1760 sumpto
923 1690 989 1744 de
1031 1699 1173 1743 terra
1198 1687 1420 1758 pulvere
1450 1685 1722 1742 hominem
1768 1683 2082 1738 fabricasse.

2187 480 2242 518 η.
2275 461 2386 534 72).

2255 557 2346 612 22.
2382 555 2454 613 Ut
2482 556 2547 612 ad
2571 571 2664 612 eos
2691 555 2916 627 gradum
2944 555 3137 612 faciam
3163 597 3180 623 ,
3225 555 3317 628 qui
3364 554 3611 610 eamdem
3653 555 3793 611 ima-

2185 649 2363 719 ginem
2396 648 2452 703 in
2481 646 2740 703 attributa
2760 649 2944 716 aliquo
2975 646 3240 717 spirituali
3266 689 3282 712 ,
3331 661 3442 716 quo
3479 647 3642 702 homo
3669 661 3793 702 cum

2188 739 2300 797 Deo
2322 741 2628 806 conveniat,
2659 755 2830 811 eaque
2860 739 2930 796 de
2953 755 3116 796 causa
3141 739 3218 794 illi
3247 738 3443 794 similis
3472 740 3539 792 sit
3568 782 3582 806 ,
3632 739 3793 794 sitam

2187 835 2393 896 volunt.
2426 849 2544 890 eam
2575 834 2626 889 in
2658 833 2859 890 virtute
2883 849 2988 889 non
3020 833 3175 904 pauci
3206 831 3516 898 collocant,
3547 843 3708 902 atque
3738 833 3794 888 in

2187 925 2326 982 hanc
2351 926 2658 996 opinionem
2692 924 2852 981 facile
2877 941 2973 980 eos
2995 924 3234 980 deduces
3255 925 3464 990 Patres,
3498 938 3638 994 quos
3658 923 3798 979 alle-

2185 1029 2276 1092 gat
2305 1019 2574 1086 Petavius,
2602 1034 2832 1074 nutuero
2859 1019 2925 1076 10
2946 1027 3003 1074 et
3030 1018 3091 1073 Η
3125 1017 3320 1087 capitis
3347 1019 3382 1074 2
3407 1017 3528 1072 libri
3554 1016 3798 1086 ttdeopi-

2188 1112 2308 1180 [icio
2328 1127 2416 1166 sea:
2435 1110 2658 1166 dierum.
2694 1109 2834 1168 Sunt
2857 1125 3019 1179 porro
3043 1109 3362 1166 Ambrosius
3381 1108 3483 1182 (De
3509 1111 3641 1163 bono
3656 1125 3796 1164 mor-

2187 1206 2253 1259 tis
2284 1222 2399 1276 cap.
2434 1204 2490 1270 5,
2520 1223 2573 1258 n.
2611 1203 2700 1276 17)
2759 1215 2868 1258 ιιιηι
2900 1204 2953 1259 in
2982 1220 3048 1258 eo
3079 1245 3093 1268 ,
3133 1219 3294 1275 quem
3314 1204 3424 1271 jam
3456 1202 3683 1274 allegavi
3710 1204 3792 1273 (η.

2188 1297 2256 1353 i5
2284 1297 2302 1367 )
2334 1339 2349 1364 ,
2383 1298 2505 1352 loco
2527 1339 2541 1363 ,
2572 1307 2682 1351 tum
2713 1297 2876 1352 etiam
2902 1295 3030 1351 alibi
3059 1297 3175 1351 hmc
3200 1297 3421 1351 tradens
3452 1294 3543 1368 (In
3567 1313 3684 1365 cap.
3717 1311 3796 1350 xu

2187 1391 2343 1447 Luca:
2372 1392 2462 1447 lib.
2512 1390 2570 1462 Χ)
2597 1409 2610 1447 :
2671 1392 2866 1448 «Solus
2887 1393 3031 1447 enim
3059 1390 3310 1447 Christus
3337 1401 3419 1446 est
3443 1390 3798 1462 plenaimago

2189 1487 2324 1554 Dei,
2377 1495 2598 1559 propter
2647 1503 2961 1556 expressam
2994 1489 3047 1543 in
3081 1503 3141 1543 se
3171 1498 3412 1557 paternae
3451 1484 3796 1540 claritudinis

2189 1581 2470 1636 unitatem.
2513 1579 2701 1636 Justus
2726 1591 2904 1636 autem
2938 1579 3102 1634 homo
3134 1578 3204 1634 ad
3248 1578 3536 1650 imaginem
3557 1577 3655 1632 Dei
3686 1587 3795 1639 est,

2190 1673 2235 1727 si
2268 1681 2489 1742 prapter
2510 1671 2826 1727 imitandam
2854 1672 3058 1727 divina:
3081 1671 3512 1728 conversationis
3533 1669 3796 1724 similitu-

480 1785 616 1840 Cum
650 1757 821 1856 igitur
838 1783 1112 1837 hominem
1145 1757 1214 1835 de
1247 1790 1386 1835 terra
1414 1778 1703 1833 formatum
1734 1785 1978 1839 asserat,
2007 1775 2086 1829 vi-
2116 1757 2165 1817 Β
2190 1766 2371 1822 dinem
2395 1807 2410 1831 .
2471 1765 2730 1820 mundum
2779 1765 2922 1820 hunc
2955 1765 3046 1819 Dei
3093 1763 3402 1834 cognitione
3431 1771 3743 1818 contemnat
3778 1778 3793 1824 ;

483 1878 582 1932 des
609 1887 778 1932 totum
811 1875 939 1930 illud
969 1890 999 1930 e
1027 1882 1167 1928 terra
1193 1870 1486 1926 conﬂatum
1504 1869 1784 1925 verissime
1810 1869 2085 1923 hominem

483 1970 687 2025 vocari.
756 1967 838 2023 Ex
866 1983 973 2038 quo
999 1965 1246 2034 sequitur
1271 1963 1339 2018 de
1367 1971 1588 2018 terreno
1611 1961 1706 2017 illo
1734 1960 2082 2032 praedictum,

488 2066 625 2131 fore,
660 2073 714 2117 ut
735 2063 802 2117 ad
834 2061 1123 2130 imaginem
1153 2059 1246 2116 Dei
1277 2057 1625 2114 conderetur.

560 2154 834 2211 Audianos
863 2154 963 2208 hac
989 2153 1044 2207 in
1075 2167 1134 2207 re
1174 2150 1346 2207 secuti
1393 2159 1520 2206 sunt
1550 2148 2085 2220 Authropomorphi-

491 2263 560 2308 ta:
590 2267 653 2308 ea
680 2247 1035 2306 similitudine
1063 2246 1253 2310 innixi,
1279 2260 1440 2316 quam
1460 2245 1701 2300 divinum
1724 2245 1885 2309 inter,
1909 2254 1963 2300 et
1983 2244 2082 2299 ltu-

484 2359 704 2400 tnanum
731 2357 926 2412 corpus
952 2341 1133 2395 inesse
1163 2338 1458 2409 ﬁngebant.

553 2438 645 2493 21.
671 2437 780 2494 Sed
809 2435 926 2490 hate
955 2435 1075 2505 quis
1102 2432 1276 2489 ferat?
1327 2433 1410 2488 An
1436 2432 1576 2486 Deus
1606 2431 1659 2486 in
1687 2429 1926 2485 humano
1965 2443 2085 2485 cor-

481 2547 618 2602 pore
638 2531 722 2585 sui
753 2529 1040 2598 imaginem
1073 2526 1346 2596 imprimet
1371 2565 1386 2591 ,
1415 2524 1506 2595 qui
1532 2537 1756 2594 prorsus
1786 2521 2084 2591 spiritualis

489 2634 598 2694 est,
633 2632 690 2680 et
713 2637 976 2694 corporea
997 2620 1189 2691 quavis
1218 2619 1361 2674 mole
1385 2617 1621 2674 carens?
1650 2616 1725 2671 Ea
1745 2631 1866 2688 qua:
1895 2615 2088 2671 adver-

485 2737 578 2777 sus
602 2713 1192 2788 Anthropomorphitas
1214 2711 1475 2782 Theologi
1500 2709 1778 2781 disputant
1801 2751 1816 2774 ,
1863 2717 2084 2765 senten-

491 2813 621 2868 tiam
653 2811 793 2866 hanc
816 2821 924 2862 tam
952 2807 1301 2862 vehementer
1323 2811 1610 2870 evertunt,
1667 2811 1724 2857 ut
1750 2801 1804 2857 in
1832 2817 1894 2856 ea
1923 2801 2084 2857 refel-

483 2904 643 2959 lenda
665 2900 966 2956 consistere
994 2913 1102 2952 non
1134 2896 1203 2950 sit
1247 2910 1410 2964 opus.
1455 2893 1852 2948 Tantummodo
1904 2891 2088 2963 itaque

485 2993 577 3050 hic
597 2993 957 3062 Augustinum
981 2989 1204 3046 afferam
1230 3031 1246 3054 ,
1303 3003 1371 3043 ne
1397 2986 1584 3042 videar
1607 2985 1813 3056 Optimi
1839 2986 2087 3041 Doctoris

487 3087 868 3141 auctoritatem
889 3093 1278 3137 contemnere:
1303 3079 1444 3135 «Vos
1471 3088 1650 3134 autem
1674 3077 1889 3141 fratres.
1913 3077 2088 3149 inquit

2193 1859 2874 1928 voluntatesqueterrenas
2905 1857 3059 1912 verbi
3109 1855 3452 1926 perceptione
3497 1854 3786 1925 despiciat,

2196 1967 2306 2023 quo
2334 1952 2529 2007 alimur
2553 1951 2604 2006 in
2629 1951 2792 2006 vitam
2817 1968 2832 2016 ;
2865 1950 3006 2005 unde
3027 1961 3079 2004 et
3101 1965 3299 2020 corpus
3328 1949 3527 2004 Christi
3555 1947 3794 2011 edimus,

2191 2055 2250 2099 ttt
2277 2045 2403 2099 vita:
2433 2053 2650 2099 aeterna:
2701 2043 2967 2113 possimus
2996 2056 3118 2096 esse
3149 2040 3436 2111 participes
3463 2057 3476 2093 :
3511 2058 3529 2090 ι
3555 2035 3795 2109 Chryso—

2189 2146 2397 2192 stomus
2425 2179 2440 2203 ,
2485 2133 2813 2192 Severianus
2857 2133 3211 2191 Gabalitanus
3267 2130 3444 2205 (Orat.
3475 2147 3502 2181 v
3533 2131 3599 2185 de
3615 2130 3797 2182 mundi

2190 2229 2446 2283 creatione
2469 2246 2522 2281 τι.
2545 2227 2603 2293 4,
2631 2244 2754 2300 pag.
2777 2225 2884 2282 484
2905 2237 3026 2280 tom.
3043 2242 3105 2280 '\'l
3131 2225 3345 2280 edition.
3374 2223 3791 2294 Montfaueou.),

2190 2331 2380 2376 auctor
2402 2319 2663 2384 homilim,
2696 2334 2816 2390 qua:
2841 2317 2918 2373 sic
2941 2318 3255 2373 inscribitur
3281 2335 3293 2370 :
3327 2315 3462 2381 quod
3486 2316 3638 2368 homo
3665 2319 3798 2367 imu-

2192 2414 2361 2485 ginent
2394 2412 2488 2466 Dei
2511 2428 2600 2482 per
2619 2420 2878 2480 peccatum
2899 2411 3106 2481 abjecit,
3127 2407 3363 2481 Cyrillus
3374 2407 3793 2472 Alexandrinus,

2191 2503 2521 2562 etGelasius
2564 2503 2802 2558 historia:
2828 2501 3028 2557 Nicaeni
3050 2501 3278 2557 Concilii
3307 2509 3503 2554 auctor
3526 2496 3625 2573 (α).
3664 2498 3797 2553 Dili-

2191 2596 2506 2667 gentissime
2537 2611 2718 2667 porro,
2750 2606 2804 2651 et
2830 2596 3050 2666 copiose
3072 2593 3317 2649 eamdem
3345 2595 3671 2648 sententiam
3693 2606 3797 2646 ex—

2190 2690 2380 2762 ponit,
2432 2699 2489 2746 et
2511 2689 2772 2760 approbat
2797 2688 3204 2758 Theodoretus,
3257 2701 3419 2759 quem
3479 2686 3624 2756 legas
3651 2693 3783 2754 apto

2198 2782 2424 2855 (Quwst.
2451 2797 2525 2838 xx
2549 2783 2604 2836 in
2633 2779 2916 2852 Geuesim).

2263 2897 2354 2953 25.
2407 2896 2500 2952 His
2549 2897 2778 2967 adjunge
2818 2895 3206 2968 Hieronymum
3242 2892 3526 2950 Aretinum
3557 2934 3572 2959 ,
3629 2907 3791 2963 quem

2192 3000 2350 3046 antea
2373 2992 2535 3045 etiam
2564 2991 2815 3062 allegavi.
2861 2989 2942 3044 En
2975 3005 3103 3046 vero
3124 3005 3244 3060 qua:
3276 2988 3437 3044 tradit
3459 2987 3533 3060 (ὁ)
3571 2987 3666 3042 hic
3694 3003 3794 3042 au-

2195 3094 2333 3144 ctor.
2361 3091 2418 3138 ut
2443 3084 2599 3140 nobis
2623 3082 2967 3155 persuadeat,
2996 3082 3286 3154 imaginem
3305 3082 3462 3138 Deiin
3492 3083 3798 3136 remotione

485 3179 579 3234 ille
609 3176 882 3252 (Enarrat.
899 3177 1046 3248 inps.
1082 3189 1271 3237 XLVIII,
1296 3189 1348 3226 η.
1382 3171 1496 3244 11),
1519 3171 1863 3227 considerate
1879 3185 1974 3225 vos
1989 3144 2083 3226 ho-

2199 3197 2228 3234 a
2253 3179 2508 3251 peccatis,
2539 3189 2624 3243 et,
2661 3189 2715 3234 nt
2761 3177 2890 3248 ipsis
2918 3177 3143 3247 hujusce
3169 3177 3406 3232 auctoris
3439 3176 3619 3231 verbis
3651 3186 3794 3240 utar,

481 3273 664 3327 mines
705 3269 874 3324 factos
917 3268 985 3322 ad
1023 3267 1351 3338 imaginem,
1399 3273 1456 3319 et
1509 3262 1918 3318 similitudinem
1970 3263 2086 3318 Dei.

487 3365 668 3434 imago
696 3363 791 3418 Dei
822 3363 966 3416 intus
987 3371 1071 3416 est
1096 3404 1112 3427 ,
1147 3374 1253 3414 non
1285 3368 1370 3414 est
1399 3358 1705 3427 incorpore
1731 3397 1744 3421 ,
1779 3370 1887 3410 non
1919 3364 2003 3410 est
2034 3355 2087 3410 in

489 3457 718 3513 auribus
748 3454 888 3519 istis,
916 3468 1051 3524 quas
1075 3452 1302 3514 videtis,
1325 3458 1382 3507 et
1409 3449 1604 3515 oculis,
1637 3455 1694 3504 et
1720 3447 1942 3502 naribus
1971 3486 1989 3512 ,
2033 3456 2090 3500 et

493 3548 697 3620 palato,
727 3557 783 3602 et
813 3545 1082 3609 manibus,
1116 3553 1170 3598 et
1188 3541 1416 3613 pedibus
1440 3557 1455 3607 ;
1480 3540 1574 3596 sed
1605 3549 1690 3596 est
1719 3537 1859 3593 facta
1884 3547 2085 3602 tamen;

489 3641 581 3697 ubi
620 3648 706 3695 est
733 3639 1037 3694 intellectus
1065 3678 1080 3702 ,
1119 3635 1208 3691 ubi
1237 3647 1318 3690 est
1347 3647 1499 3689 mens
1522 3674 1537 3698 ,
1594 3631 1683 3687 ubi
1707 3633 1843 3686 ratio
1871 3631 2092 3686 investi-

485 3733 678 3806 ganda:
708 3731 951 3788 veritatis
973 3771 990 3797 ,
1041 3730 1128 3783 ubi
1168 3739 1252 3784 est
1281 3727 1412 3782 lides
1436 3767 1452 3793 ,
1499 3724 1589 3780 ubi
1613 3733 1696 3779 est
1733 3739 1860 3794 spes
1887 3731 2085 3788 vestra,

484 3826 578 3884 ubi
610 3826 845 3880 charitas
877 3831 1077 3888 vestra,
1102 3819 1175 3876 ibi
1204 3818 1366 3874 habet
1395 3818 1534 3873 Deus
1563 3816 1846 3887 imaginem
1873 3830 2081 3871 suam.»

564 3921 636 3976 Et
663 3918 792 3974 alibi
841 3915 1116 3990 (Enarrat.
1139 3915 1193 3968 in
1222 3929 1299 3984 ps.
1328 3928 1437 3977 Liv,
1466 3928 1518 3965 η.
1543 3909 1601 3982 5)
1623 3927 1635 3963 :
1659 3909 1861 3964 «Porro
1884 3920 2087 3974 autem,

445 4049 449 4054 ~
485 4012 831 4077 Charissimi,
849 4010 1160 4066 meminisse
1173 4007 1451 4071 debemus,
1469 4005 1536 4060 ad
1561 4004 1847 4076 imaginem
1870 4004 1964 4059 Dei
1990 4019 2089 4058 nos

487 4119 610 4160 esse
635 4104 807 4159 factos
839 4144 854 4165 ,
889 4115 990 4156 nec
1029 4099 1154 4154 alibi
1181 4113 1343 4170 quam
1378 4097 1432 4151 in
1464 4097 1583 4167 ipso
1606 4094 1907 4150 intellectu.
1951 4094 2085 4150 Nam

481 4198 536 4253 in
560 4196 741 4250 multis
765 4195 929 4251 rebus
960 4209 988 4246 a
1015 4191 1201 4248 bestiis
1231 4205 1579 4262 superamur:
1610 4189 1696 4245 ubi
1720 4200 1900 4245 autem
1924 4189 2088 4244 homo

486 4288 553 4344 ad
599 4288 883 4358 itnaginem
916 4287 1013 4342 Dei
1053 4285 1252 4340 factum
1295 4299 1353 4338 se
1403 4284 1551 4338 novit
1583 4325 1597 4350 ,
1629 4283 1702 4338 ibi
1726 4280 1930 4354 aliquid
1955 4281 2006 4336 in
2027 4297 2088 4336 se

481 4380 730 4452 agnoscit
756 4379 986 4448 amplius
1007 4391 1128 4432 esse
1157 4419 1172 4443 ,
1225 4392 1385 4446 quam
1425 4375 1608 4430 datum
1657 4385 1739 4430 Cal
1770 4373 2084 4445 pecoribus.

480 4470 854 4530 Consideratis
887 4484 1018 4524 vero
1042 4468 1292 4523 omnibus
1315 4469 1510 4536 rebus,
1542 4481 1677 4537 quas
1705 4465 1868 4521 habet
1897 4465 2084 4531 homo,

485 4566 691 4622 invenit
717 4579 778 4620 se
803 4577 872 4619 eo
903 4563 1123 4634 proprie
1148 4561 1440 4617 discretum
1469 4576 1500 4615 a
1530 4575 1746 4631 pecore,
1791 4558 1934 4630 quod
1968 4559 2085 4628 ipse

485 4660 684 4715 habeat
715 4658 1068 4714 intellectum.
1095 4675 1113 4709 ι
1147 4655 1253 4712 Sed
1300 4664 1354 4711 et
1384 4655 1528 4710 illam
1553 4654 1863 4725 opinionem
1887 4651 2085 4706 adver-

480 4769 575 4808 sus
605 4753 881 4808 Audianos
901 4751 1176 4806 disserens
1195 4749 1526 4821 Epiphanius
1558 4765 1588 4803 a
1616 4745 2086 4803 verisimilitudine

481 4845 902 4902 remotissimam
932 4842 1168 4897 ostendit
1195 4839 1421 4914 (Ilteres.
1450 4841 1541 4904 70,
1577 4857 1629 4892 tt.
1792 4838 1846 4892 Id
1870 4851 2086 4908 qucque

483 4935 693 5010 peragit
723 4935 1096 4990 Theodoretus
1122 4932 1347 5002 (Quwst.
1375 4930 1446 4985 20
1496 4932 1549 4984 in
1577 4928 1836 4998 GeuesJ,
1872 4940 1926 4984 et
1957 4930 2079 4983 bre-

483 5029 703 5084 vissime
750 5027 896 5082 Zeno
947 5026 1062 5100 (lib.
1126 5040 1186 5090 ll,
1242 5033 1391 5077 tract.
1447 5023 1556 5087 l9,
1604 5021 1696 5086 20,
1759 5039 1880 5092 pag.
1931 5021 2080 5087 206,

480 5120 588 5177 207
631 5118 778 5173 Edit.
841 5117 1034 5173 Veron.
1087 5113 1389 5186 Ballerin.).
1462 5115 1629 5170 Posse
1674 5123 1849 5169 tamen
1903 5115 2085 5184 aliquo

479 5211 644 5268 modo
697 5211 861 5266 etiam
901 5225 1097 5279 corpus
1125 5208 1418 5262 humanum
1465 5205 1532 5261 ad
1561 5206 1848 5277 imaginem
1876 5205 1971 5261 Dei
2004 5205 2084 5259 fa-

482 5313 630 5359 ctum
658 5302 828 5358 videri
856 5341 871 5364 .
916 5301 1076 5356 docet
1099 5298 1352 5355 Petavius
1373 5297 1476 5372 (De
1508 5296 1652 5369 Opif.
1687 5297 1778 5352 lib.
1805 5313 1865 5364 tt,
1906 5296 1964 5363 2,
1995 5296 2076 5370 5),

479 5406 538 5454 et
565 5396 756 5454 vadem
784 5393 1144 5467 AuguStinum
1164 5390 1355 5460 affert,
1409 5391 1566 5463 cujus
1605 5389 1770 5447 verba
1811 5391 2074 5465 deinceps

541 5598 618 5671 (a)
663 5595 720 5671 In
755 5595 897 5671 locis
938 5595 1005 5651 ab
1045 5593 1247 5671 eodem
1284 5590 1509 5648 Petavio
1537 5589 1780 5663 allegatis
1812 5631 1827 5657 ,
1877 5603 1999 5662 cap.
2023 5589 2063 5645 2

463 5664 561 5728 libi
593 5664 717 5738 itide
742 5667 958 5738 Opi/56.,
989 5682 1044 5721 n.
1075 5665 1163 5730 to,
1192 5664 1279 5738 tt.

461 5796 475 5812 κ
535 5739 611 5809 (bi
637 5737 695 5798 ln
726 5732 988 5797 sermone
1016 5735 1421 5808 infestivitatem
1446 5735 1681 5795 omnium
1708 5732 2054 5792 Sanctorum.

2195 3273 2246 3328 in
2274 3271 2530 3327 munditia
2557 3286 2678 3327 esse
2707 3272 2958 3342 positam.
3001 3269 3290 3340 Explicatis
3319 3269 3484 3325 verba
3516 3269 3607 3323 illa
3637 3267 3800 3323 Chri-

2191 3365 2296 3420 sti:
2334 3365 2467 3421 beati
2494 3365 2672 3418 muudi
2696 3364 2850 3418 corde
2875 3405 2892 3430 ,
2917 3363 3161 3432 quoniam
3182 3364 3283 3434 ipsi
3313 3360 3478 3429 Deum
3498 3361 3742 3416 videbunt
3769 3379 3784 3422 ;

2193 3456 2309 3512 haec
2341 3456 2409 3512 de
2456 3457 2688 3527 imagine
2714 3457 2806 3510 Dei
2834 3454 3037 3510 homini
3081 3455 3343 3526 impressa
3369 3453 3528 3510 docet
3556 3470 3570 3506 ε
3608 3452 3798 3508 «Mun-

2192 3547 2322 3604 ditia
2354 3548 2536 3604 cordis
2563 3556 2719 3604 sexto
2744 3547 2862 3602 loco
2895 3548 3109 3618 ponitur
3131 3588 3146 3611 ,
3172 3547 3298 3617 quia
3323 3557 3483 3602 sexto
3511 3545 3599 3600 die
3626 3545 3796 3600 homo

2190 3641 2440 3698 conditus
2466 3649 2550 3696 est
2573 3640 2641 3696 ad
2665 3641 2950 3712 imaginem
2984 3640 3120 3706 Dei;
3170 3639 3287 3695 haec
3335 3642 3478 3696 enim
3531 3639 3796 3694 munditia

2192 3745 2278 3791 est
2298 3734 2476 3806 imago
2501 3733 2634 3802 Dei,
2677 3751 2782 3806 qua
2826 3735 2974 3791 clare
3003 3735 3167 3789 Deum
3219 3733 3472 3789 omnibus
3497 3734 3799 3803 perturbata

2195 3827 2429 3881 tionibus
2456 3827 2712 3892 remotis,
2745 3837 2801 3882 et
2849 3826 2997 3881 muni
3035 3826 3265 3898 caligine
3295 3826 3545 3880 vitiorum
3577 3835 3790 3881 remota

2192 3919 2478 3986 videmus;
2523 3919 2779 3990 quoniam
2830 3921 2905 3975 illi
2938 3921 3192 3975 dicuntur
3220 3919 3420 3975 tnundo
3445 3919 3609 3974 corde
3633 3961 3649 3984 ,
3695 3921 3789 3990 qui

2193 4015 2371 4068 exutis
2409 4014 2661 4069 omnibus
2684 4013 2935 4070 medullis
2961 4012 3037 4086 (c)
3081 4014 3402 4068 secularinm
3439 4027 3620 4067 rerum
3645 4053 3662 4077 ,
3710 4012 3797 4066 in-

2193 4105 2384 4159 tnitum
2414 4105 2610 4159 mentis
2633 4107 2688 4160 in
2718 4105 2834 4160 solo
2865 4093 2975 4160 Deo
3004 4104 3421 4176 contemplanda
3443 4104 3626 4175 ligunt.
3665 4103 3794 4158 llam

2193 4196 2370 4267 imago
2397 4182 2745 4254 obtenebrata
2775 4207 2894 4253 erat
2937 4199 2987 4252 in
3015 4198 3231 4252 homine
3261 4213 3354 4267 per
3379 4197 3593 4268 culpant
3613 4241 3629 4264 ,
3687 4199 3785 4251 sed

2193 4289 2356 4344 modo
2381 4291 2668 4346 reformata
2695 4299 2778 4347 est
2799 4306 2893 4361 per
2913 4291 3138 4362 gratiam
3167 4291 3278 4345 Dei.
3327 4290 3390 4344 Et
3409 4307 3546 4344 nunc
3566 4291 3617 4344 in
3633 4303 3790 4346 sexta

2191 4380 2278 4436 die
2303 4423 2317 4444 .
2362 4380 2411 4436 id
2437 4389 2521 4436 est
2547 4385 2599 4436 in
2631 4393 2782 4437 sexta
2806 4392 2966 4439 aetate
2992 4384 3184 4438 iterum
3216 4383 3386 4438 factus
3406 4393 3491 4439 est
3522 4383 3684 4439 homo
3715 4385 3784 4438 ad

2193 4475 2480 4545 imaginem
2525 4475 2638 4529 Dei.
2681 4475 2808 4531 Haec
2862 4477 3280 4547 contemplatio,
3334 4477 3427 4533 Dei
3469 4476 3642 4549 imago
3680 4487 3789 4541 est,

2192 4569 2315 4638 quia
2340 4583 2435 4638 per
2464 4584 2583 4624 eam
2615 4569 2770 4624 nobis
2801 4570 2968 4625 Deum
3006 4570 3384 4640 imaginamur,
3416 4580 3470 4626 et
3498 4571 3651 4641 quasi
3683 4585 3785 4642 per

2189 4660 2477 4732 imaginem
2505 4661 2748 4718 videmus
2770 4663 2938 4718 Deum
2969 4706 2986 4731 ,
3037 4663 3254 4735 quando
3277 4666 3469 4720 merito
3500 4664 3620 4734 plus
3658 4663 3789 4719 aliis

2193 4753 2503 4822 sequimur;
2527 4755 2650 4824 quia
2670 4754 2768 4808 nisi
2793 4755 3060 4825 prmccdat
3079 4755 3336 4810 mundum
3358 4769 3455 4811 cor
3477 4759 3530 4812 in
3545 4755 3792 4823 homine,

2191 4862 2299 4902 non
2330 4859 2546 4903 creatur
2590 4847 2830 4920 (imago).
2869 4869 2888 4902 ι
2915 4848 3250 4905 Sententiam
3277 4849 3415 4904 hanc
3438 4849 3659 4904 minime
3691 4850 3794 4904 im-

2193 4939 2362 5010 probo
2391 4957 2406 4993 :
2437 4942 2635 4995 etenim
2666 4940 2717 4994 in
2748 4941 2812 4996 iis
2834 4941 3241 5009 quaestionibus,
3263 4942 3314 4995 in
3347 4942 3539 5012 quibus
3560 4943 3792 4997 multum

2192 5031 2552 5102 ambiguitatis
2585 5033 2635 5086 in
2652 5033 2938 5101 voceipsa,
2969 5033 3222 5104 illiusque
3251 5033 3599 5102 usurpatione
3618 5034 3790 5101 inest,

2193 5122 2610 5192 significationes
2641 5123 2796 5181 valde
2815 5125 3034 5180 dissitas
3057 5125 3232 5182 eidem
3257 5127 3373 5180 voci
3402 5125 3636 5182 tribuere
3659 5141 3791 5194 pos-

2192 5227 2396 5268 sumus.
2441 5214 2555 5271 Hoc
2577 5224 2758 5272 tamen
2789 5217 3002 5273 videtur
3031 5219 3322 5289 explicatio
3348 5218 3440 5272 illa
3479 5219 3676 5275 habere
3706 5219 3792 5274 in-

2189 5305 2485 5374 commodi,
2516 5309 2658 5378 quod
2681 5311 2893 5381 imagini
2925 5312 3130 5376 tribuit,
3164 5315 3305 5383 quod
3337 5311 3448 5367 Viri
3471 5311 3791 5378 clarissimi,

2190 5395 2434 5469 adeoque
2465 5399 2580 5470 ipse
2611 5399 2972 5474 Hieronymus
3001 5403 3281 5470 Aretinus,
3311 5403 3662 5459 Similitudini
3689 5389 3788 5461 tri-

2242 5595 2314 5666 (ε)
2338 5595 2392 5651 In
2421 5595 2608 5673 codice
2631 5614 2646 5651 :
2672 5598 2902 5673 midull.,
2929 5615 3054 5673 quas
3082 5599 3298 5671 quidem
3319 5616 3426 5673 vox
3448 5600 3578 5673 quid
3605 5600 3784 5659 deno-

2170 5671 2262 5733 tet,
2299 5683 2518 5738 prorsus
2544 5669 2732 5765 iguoio
2763 5689 2775 5726 :
2810 5671 2903 5726 sed
2923 5669 3154 5729 fartasse
3183 5674 3373 5732 sordes
3397 5669 3642 5731 denotat.
