4120 6170
365 234 468 288 8“ι’ἶ

1022 233 1091 291 ΙΝ
1128 233 1385 292 BILARII
1423 235 1645 293 EPIST.
1689 237 1823 294 SEU
1866 238 2084 297 LIBEL.
2130 241 2582 302 DISSER’I‘ATIO
2619 241 2959 304 SECUNDA.

3554 247 3659 304 838

362 351 553 406 buunt.
597 348 664 405 Et
692 363 890 421 paucos
919 363 1051 406 sane
1090 349 1341 407 invenies
1369 393 1385 421 ,
1417 353 1510 423 qui
1544 352 1639 409 Dei
1671 354 1957 426 imaginem
1986 360 2042 421 Α
2062 359 2188 431 gine
2217 359 2333 418 Dei.
2386 361 2490 422 Ubi
2519 363 2696 437 imago
2729 363 2868 420 Dei?
2897 364 2951 420 ln
2977 373 3160 421 mente
3188 406 3203 433 ,
3235 365 3289 420 in
3323 363 3652 442 intellectu.»

357 450 426 504 ab
451 448 607 504 initio
634 446 842 503 homini
877 448 1196 520 impressam
1215 488 1231 515 ,
1265 462 1364 521 per
1394 460 1673 521 peccatum
1704 450 1959 508 abolitam

356 539 649 599 afﬁrmant.

430 632 566 688 Hinc
592 632 930 703 Augustinus
967 634 1109 706 quod
1158 635 1212 691 in
1261 636 1437 706 capite
1460 635 1531 691 9.7
1574 644 1630 691 et
1673 635 1745 691 98
1775 636 1956 694 1ἱί).“νι

354 724 419 779 de
447 722 629 781 Genesi
657 726 727 780 ad
755 726 974 782 litteram
1013 728 1082 783 de
1130 729 1361 799 imagine
1390 729 1482 784 Dei
1533 744 1628 800 per
1675 741 1953 799 peccatum

353 820 633 892 deperdita
662 822 893 888 dixerat,
918 822 985 878 ad
1012 822 1154 880 hunc
1169 823 1385 879 modum
1405 824 1692 891 imminuit,
1714 834 1768 880 et
1786 824 1953 881 veluti

352 915 609 971 emendat
653 916 767 991 (lib.
821 932 860 971 ιι
909 925 1127 973 retract.
1177 933 1225 971 c.
1276 914 1376 991 24)
1414 934 1428 972 :
1476 936 1497 970 ‹
1529 915 1587 972 In
1613 926 1774 974 sexto
1816 915 1952 972 libro

351 1007 497 1080 quod
518 1007 659 1076 dixi,
683 1007 850 1064 Adam
875 1009 1147 1082 imaginem
1166 1008 1285 1076 Dei,
1306 1009 1587 1065 secundum
1606 1026 1759 1080 quant
1777 1010 1951 1079 [actus

349 1113 446 1170 est,
470 1102 757 1173 perdidisse
782 1113 1011 1175 peccato,
1064 1119 1169 1160 non
1192 1105 1271 1161 sic
1289 1103 1659 1175 accipiendum
1681 1112 1764 1159 est
1780 1144 1793 1167 ,
1826 1113 1947 1159 tan-

347 1210 511 1266 quam
535 1197 587 1250 in
627 1210 695 1250 eo
726 1195 872 1250 nulla
898 1197 1220 1252 remanserit
1243 1236 1258 1259 ,
1305 1195 1403 1252 sed
1447 1195 1591 1267 quod
1624 1206 1730 1251 tam
1766 1193 1944 1251 defor-

351 1286 457 1343 mis
482 1295 539 1342 ut
564 1287 948 1343 reformatione
973 1304 1108 1360 opus
1126 1288 1367 1345 haberet.
1418 1306 1438 1341 ι

423 1380 704 1436 [tationem
736 1396 863 1436 vero
890 1379 1114 1451 hujusce
1143 1398 1255 1437 sua:
1299 1381 1660 1454 persuasi-mis
1704 1381 1941 1450 adducit,

342 1490 469 1531 cum
492 1484 681 1531 monet
724 1475 776 1530 in
802 1476 986 1547 aliquo
1012 1477 1285 1548 perenni,
1328 1489 1382 1533 et
1427 1493 1645 1548 semper
1686 1479 1943 1534 duraturo

340 1586 465 1627 eam
493 1613 508 1638 ,
552 1572 619 1628 de
668 1586 772 1642 qua
798 1572 1006 1643 agimus
1029 1615 1045 1637 ,
1096 1571 1383 1643 imaginem
1412 1587 1533 1628 esse
1564 1572 1939 1628 collocandam

338 1664 471 1739 (lib.
496 1681 586 1722 31v
606 1665 674 1722 de
689 1664 881 1721 Trinit.
910 1682 1025 1737 cap.
1047 1667 1102 1733 '5,
1122 1684 1262 1721 num.
1284 1669 1317 1723 4
1336 1665 1387 1739 ):
1414 1685 1434 1719 ι
1458 1668 1609 1723 Absit
1630 1677 1832 1734 autem,
1857 1669 1939 1722 in-

2136 452 2227 510 26.
2253 453 2602 512 Prudentium
2630 497 2647 525 ,
2673 471 2835 529 quem
2857 455 3116 527 deinceps
3146 454 3498 529 allegabimus
3530 499 3545 524 ,
3603 457 3657 513 iu

2063 546 2308 604 eamdem
2339 549 2661 606 sententiam
2705 551 2902 607 merito
2944 548 3208 616 adduces;
3258 550 3659 607 Theodoretum

2062 654 2297 709 quoque,
2326 656 2445 709 seu,
2472 652 2530 696 ut
2552 646 2728 711 aptius
2756 642 2980 712 loquar,
3012 658 3107 699 eos
3131 685 3147 711 ,
3175 657 3314 714 quos
3342 642 3659 699 Theodore-

2061 737 2147 786 tus
2169 731 2387 803 allegat,
2416 735 2508 804 qui
2534 734 2873 790 collocabant
2897 736 2950 790 in
2978 744 3227 804 potestate
3249 736 3529 810 judicandi
3559 734 3656 793 lto-

2060 824 2190 879 mini
2225 824 2423 882 tributa
2446 869 2461 892 ,
2489 841 2609 882 eam
2641 869 2658 895 ,
2715 828 2782 883 de
2815 843 2920 901 qua
2952 829 3307 900 disputamus,
3342 830 3649 902 imaginem.

2055 917 2318 975 Nimirum
2343 921 2388 975 si
2418 922 2632 989 penitus
2656 935 2844 977 eorum
2892 937 3051 978 sensa
3093 921 3398 995 perpendas
3421 965 3436 990 ,
3493 922 3653 980 facile

2052 1011 2122 1067 ad
2144 1011 2578 1085 intelligentiam,
2605 1028 2701 1071 seu
2726 1014 2793 1070 ad
2816 1015 3173 1088 intelligendi,
3192 1015 3650 1090 discernendique

2052 1114 2375 1177 potestatem
2401 1122 2467 1164 ac
2492 1108 2599 1165 vim
2627 1110 2813 1180 Opinio
2838 1125 2903 1165 ea
2929 1110 3231 1167 deducitur.
3277 1111 3429 1182 Quod
3452 1112 3500 1170 si
3528 1128 3651 1184 pro-

2057 1200 2273 1257 nuntiat
2298 1202 2672 1260 'l‘heodoretus
2692 1246 2707 1268 ,
2755 1219 2861 1259 non
2900 1219 3023 1261 esse
3053 1205 3211 1274 plane
3232 1206 3467 1262 similem
3503 1207 3649 1263 Divi-

2050 1309 2135 1350 nte
2163 1294 2532 1366 intelligentiae
2566 1296 2855 1351 humanam
2905 1297 3314 1369 intelligentiam
3350 1297 3426 1371 (α)
3453 1340 3468 1365 ,
3525 1300 3645 1370 quis

2048 1403 2111 1445 ea
2138 1388 2208 1444 de
2234 1403 2293 1444 re
2323 1389 2606 1461 ambigat?
2648 1389 2754 1446 Sed
2781 1389 2925 1444 aliud
2955 1399 3037 1445 est
3064 1404 3185 1448 esse
3212 1398 3502 1461 utcumque
3529 1391 3640 1448 Deo

2048 1480 2279 1537 similent
2322 1484 2378 1538 in
2418 1481 2773 1556 intelligentia
2818 1484 2931 1553 ipsa
2974 1484 3281 1550 hominem,
3327 1484 3474 1541 aliud
3522 1500 3647 1543 esse

2049 1588 2270 1643 prorsus
2299 1574 2549 1630 similem.
2570 1575 2911 1632 Postremum
2931 1575 3053 1644 hoc,
3075 1577 3219 1648 quod
3251 1579 3447 1635 merito
3468 1580 3645 1650 rejicit

2045 1664 2442 1735 'I'heodoretus,
2474 1677 2529 1724 et
2541 1684 2640 1723 nos
2657 1668 2928 1740 rejicimus
2944 1687 2959 1735 ;
2978 1670 3207 1739 primum
3233 1670 3388 1728 facile
3406 1671 3646 1728 admitti-

335 1758 491 1832 quit,
535 1769 591 1814 ut
636 1774 757 1816 cum
787 1758 984 1815 anima:
1013 1769 1201 1815 natura
1234 1759 1302 1816 sit
1335 1761 1690 1827 immortalis,
1741 1776 1842 1818 nec
1862 1761 1931 1817 ab
1960 1763 2009 1823 B
2037 1773 2177 1815 mus.
2201 1759 2305 1816 Sed
2320 1774 2672 1831 quaecumque
2692 1760 3465 1831 scnserit’l‘beodoretus,eam
3486 1778 3638 1831 sane,

334 1847 492 1904 initio
522 1866 629 1920 quo
649 1860 830 1906 creata
855 1860 959 1918 est,
990 1867 1225 1922 unquam
1248 1853 1507 1924 deinceps
1529 1869 1650 1909 esse
1681 1853 1931 1916 desistat,

335 1942 389 1997 id
417 1957 525 2014 quo
547 1942 682 1999 nihil
712 1944 905 1999 melius
938 1944 1095 2001 habet
1119 1988 1134 2012 ,
1182 1960 1288 2001 non
1316 1961 1440 2002 cum
1470 1947 1590 2017 ejus
1615 1948 1933 2005 immortali—

332 2044 446 2092 tate
473 2036 751 2108 perduret.
793 2036 929 2107 Quid
960 2053 1091 2094 vero
1116 2038 1309 2094 melius
1330 2038 1384 2094 in
1409 2038 1531 2109 ejus
1555 2048 1744 2096 natura
1772 2056 1931 2097 crea-

331 2138 448 2183 tttm
470 2138 573 2196 est,
602 2143 763 2200 quam
791 2128 933 2200 quod
964 2128 1031 2185 ad
1059 2128 1143 2185 sui
1170 2128 1445 2186 Creatoris
1474 2131 1761 2201 imaginem
1794 2132 1929 2187 facta

330 2220 453 2275 est?
501 2219 615 2276 Non
639 2220 799 2293 igitur
820 2223 874 2276 in
908 2220 1032 2276 tidei
1054 2223 1358 2276 retentione
1388 2263 1402 2287 ,
1440 2223 1925 2293 contemplatione,

329 2314 648 2379 dilectione,
673 2331 791 2385 qlue
817 2329 920 2370 non
944 2316 1045 2370 erit
1077 2329 1314 2385 Semper,
1334 2314 1434 2369 sed
1465 2316 1596 2371 ineo
1622 2317 1762 2388 quod
1787 2333 1927 2371 scm-

327 2421 428 2478 per
456 2406 583 2475 erit,
618 2407 937 2464 invenienda
968 2416 1072 2475 est,
1104 2420 1266 2480 quam
1293 2407 1397 2464 diei
1422 2418 1707 2479 oporteat,
1741 2410 1929 2481 imagi-

328 2515 449 2558 nem
480 2500 594 2556 Dei.
609 2518 629 2554 ι

398 2615 492 2672 ει.
524 2614 631 2671 Sed
658 2615 747 2672 alii
777 2630 885 2672 non
908 2617 960 2672 in
983 2616 1428 2683 accidentalibus,
1459 2628 1518 2675 ut
1541 2620 1610 2675 ita
1633 2619 1926 2688 appellem,

323 2708 678 2780 qualitatibus
708 2709 793 2765 his
821 2710 1117 2775 collocant,
1142 2711 1237 2768 sed
1257 2712 1311 2768 in
1335 2713 1750 2778 essentialibus;
1769 2712 1927 2768 diffe-

320 2809 454 2857 runt
479 2811 683 2869 autem,
706 2801 833 2857 dum
865 2802 969 2858 hoc
995 2804 1171 2873 ipsum
1195 2804 1423 2860 delinire
1444 2804 1700 2873 student,
1726 2814 1780 2860 et
1808 2813 1923 2860 sta-

319 2893 504 2950 bilire.
545 2895 722 2966 Atque
753 2896 804 2951 in
826 2896 1019 2965 Spiritu
1048 2896 1167 2967 ipso
1191 2938 1206 2962 ,
1229 2912 1327 2952 seu
1352 2896 1529 2952 anima
1560 2897 1793 2951 hominis
1816 2911 1923 2952 non

323 2988 482 3058 pauci
525 3003 646 3044 eam
676 2988 963 3060 imaginem
1007 2999 1272 3047 statuunt.
1323 2988 1397 3045 At
1450 2990 1673 3046 minime
1717 3006 1920 3046 conve-

320 3080 502 3146 niunt,
534 3094 660 3136 ntnn
692 3081 744 3136 in
776 3081 1155 3152 intelligentia,
1176 3084 1376 3138 uuntin
1404 3082 1701 3150 voluntate,
1722 3099 1848 3138 nunt
1867 3083 1921 3139 in

320 3184 554 3245 utroque
582 3175 771 3230 eadem
801 3176 977 3247 imago
1004 3175 1074 3231 sit
1097 3176 1435 3232 cellae-inda.

395 3270 522 3327 time
549 3270 708 3327 docet
732 3312 748 3335 ,
808 3271 1037 3328 Gelenio
1057 3271 1355 3337 interprete
1374 3311 1390 3339 ,
1424 3270 1583 3326 Philo
1610 3270 1715 3345 (De
1741 3272 1917 3343 opiﬁc.

314 3365 538 3437 3109.15
584 3365 709 3419 edit.
740 3362 984 3435 Lugdun.
1023 3364 1152 3418 anni
1181 3361 1346 3435 1561)
1395 3380 1410 3417 :
1458 3363 1697 3419 tDicitur
1737 3363 1919 3435 imago

308 3456 469 3527 juxta
498 3465 737 3514 mentem
772 3458 1057 3515 rectricem
1094 3457 1330 3511 anitum:
1375 3455 1444 3511 ad
1482 3455 1610 3511 illud
1641 3458 1785 3512 enim
1809 3458 1920 3512 sin-

313 3549 525 3620 gulare,
545 3563 643 3606 ceu
669 3549 1020 3620 archetypum
1053 3549 1104 3603 in
1125 3562 1452 3619 unoquoque
1481 3562 1635 3604 mens
1660 3548 1916 3620 effigiata,

312 3653 405 3702 est
434 3641 831 3714 quodammodo
855 3643 997 3698 Deus
1025 3640 1143 3711 ejus
1172 3682 1188 3709 ,
1218 3642 1306 3711 qui
1341 3642 1510 3711 ipsam
1542 3641 1875 3698 circumfert.
1894 3660 1914 3695 ι

315 3737 601 3793 Philonem
645 3736 797 3805 sequi
844 3734 1055 3789 videtur
1084 3734 1340 3790 Clemens
1367 3733 1764 3789 Alexandrinus
1795 3734 1911 3806 (lib.

313 3847 372 3888 γι
419 3830 645 3902 Strom.)
681 3828 986 3885 «hominem
1019 3843 1246 3883 monens
1266 3827 1332 3881 ad
1359 3826 1449 3882 Dei
1477 3827 1763 3896 imaginem
1794 3842 1917 3881 esse

314 3923 542 3988 factum,
575 3938 682 3978 non
710 3931 928 3993 propter
954 3932 1241 3976 structurae
1263 3936 1375 3976 suae
1392 3917 1637 3991 tigu'ram,
1660 3919 1754 3975 sed
1776 3934 1915 3991 quo-

314 4020 465 4072 niam
486 4015 560 4071 uti
588 4016 728 4070 Deus
753 4014 964 4071 ratione
995 4013 1214 4070 molitur
1243 4014 1424 4068 omnia
1448 4053 1464 4076 ,
1514 4013 1592 4067 sic
1623 4011 1788 4068 homo
1822 4012 1914 4082 qui

315 4105 555 4178 perfecta
575 4106 903 4179 cogitatione
926 4105 1183 4178 praeditus
1210 4115 1316 4172 est,
1356 4120 1422 4160 ex
1453 4105 1705 4160 rationali
1739 4105 1908 4160 facul-

313 4209 430 4255 tate
456 4201 649 4268 bonas,
674 4209 730 4256 et
758 4198 1015 4255 honestas
1044 4202 1288 4255 actiones
1316 4200 1684 4269 exsequitur.»
1718 4199 1912 4253 Attinia

322 4292 490 4349 tradit
514 4292 663 4349 Zeno
688 4291 803 4366 (tib.
832 4309 891 4357 ιι,
922 4304 1024 4348 tra.
1051 4292 1141 4358 t9,
1183 4291 1301 4363 20).

384 4406 481 4463 '25.
513 4406 700 4464 Eidem
732 4409 972 4479 opinioni
1016 4407 1224 4464 accedit
1246 4407 1578 4479 Augustinus
1608 4406 1721 4481 (lib.
1744 4422 1818 4461 ιιι
1843 4406 1911 4461 de

308 4498 548 4556 Civitate
581 4517 695 4571 cap.
756 4499 885 4573 25);
934 4502 1135 4572 quippe
1189 4511 1470 4571 postquam
1516 4499 1702 4555 retulit
1747 4498 1908 4554 verba

311 4591 449 4648 illa:
487 4590 649 4646 «fecit
673 4600 803 4663 ergo
846 4592 985 4647 Dens
1010 4592 1280 4669 hominem
1311 4592 1377 4645 ad
1396 4593 1706 4662 imaginem,
1759 4602 1811 4646 et
1836 4591 1910 4644 si-

312 4682 675 4739 militudinem
697 4699 905 4753 suam,»
942 4682 1057 4739 haec
1082 4683 1289 4753 subjicit
1323 4700 1336 4738 :
1374 4700 1394 4735 ι
1433 4684 1593 4738 talem
1617 4683 1912 4755 quippeilli

306 4775 553 4831 animam
582 4776 787 4831 creavit
812 4817 828 4842 ,
879 4790 983 4846 qua
1012 4790 1107 4847 per
1136 4775 1402 4832 rationem
1424 4783 1586 4846 atque
1610 4776 1912 4847 intelligen-

312 4869 446 4923 tiam
476 4870 730 4926 omnibus
750 4878 899 4927 esset
927 4872 1273 4943 prmtantior
1293 4869 1619 4926 animalibus
1644 4871 1911 4927 terrestri-

307 4960 439 5026 bus,
472 4970 529 5018 et
556 4961 884 5029 natatilibus,
915 4974 968 5017 et
991 4962 1299 5021 volatilibus
1329 5005 1344 5031 ,
1374 4979 1492 5036 qua:
1540 4973 1778 5022 mentem
1804 4962 1905 5019 Itu-

296 5038 543 5126 EUSmodi
575 5069 681 5108 non
709 5052 992 5111 haberent.

283 5212 309 5218 φ
384 5147 528 5204 Alibi
550 5148 767 5205 brevius
791 5190 807 5217 ,
851 5149 946 5205 sed
987 5165 1093 5207 non
1124 5150 1303 5207 minus
1329 5164 1589 5221 expresse
1617 5148 1813 5221 (Tract.
1847 5165 1905 5205 ιιι

298 5241 366 5297 in
386 5239 570 5310 Jonn.)
596 5258 611 5296 :
649 5240 797 5298 «Non
823 5240 994 5298 distas
1013 5257 1044 5297 a
1069 5257 1286 5314 pecore,
1319 5243 1423 5299 nisi
1449 5242 1755 5299 intellectu:
1790 5242 1905 5300 noli

302 5333 528 5390 aliunde
550 5334 793 5406 gloriari.
813 5375 829 5391 .
849 5375 864 5392 .
889 5374 903 5390 .
954 5334 1109 5394 Unde
1151 5350 1281 5408 ergo
1308 5337 1499 5394 melior
1519 5337 1615 5392 es?
1662 5335 1740 5393 Ex
1764 5335 1901 5394 ima-

1947 3151 1994 3214 C

2037 1865 2199 1923 quam
2226 1852 2313 1908 hic
2339 1853 2714 1923 proposuimus
2741 1854 3047 1922 Opinionem
3071 1854 3116 1909 si
3133 1856 3255 1926 quis
3276 1852 3517 1921 alterius,
3542 1869 3641 1911 nec

2042 1947 2298 2013 recentis,
2318 1960 2417 2000 nec
2439 1946 2821 2002 contemnendi
2846 1945 3140 2016 Scriptoris
3168 1945 3491 2001 auctoritate
3511 1960 3640 2002 con-

2041 2039 2257 2095 firmare
2279 2039 2484 2111 cupiat,
2513 2049 2676 2107 atque
2706 2041 2999 2106 illustrare,
3033 2038 3212 2107 adeat,
3236 2039 3489 2104 obsecro,
3517 2055 3639 2111 qua:

2041 2142 2238 2189 auctor
2267 2133 2387 2189 libri
2413 2132 2476 2186 de
2502 2133 2727 2204 Spiritu,
2757 2143 2805 2188 et
2826 2133 3011 2189 Anima
3035 2148 3095 2187 ea
3126 2131 3195 2188 de
3220 2147 3281 2188 re
3301 2131 3464 2188 tradit
3489 2134 3632 2202 (cap.

2034 2224 2151 2297 36).
2196 2222 2456 2281 Consulat
2477 2236 2660 2282 autem
2681 2239 2813 2296 rogo
2831 2224 3126 2281 editionem
3149 2223 3371 2280 Patrum
3393 2222 3634 2280 S.Mauri

2036 2318 2055 2391 (
2078 2317 2145 2372 In
2176 2320 2397 2389 oppend.
2424 2319 2546 2372 tanti
2586 2334 2638 2373 τι
2663 2318 2938 2390 Augustin.
2968 2332 3089 2389 pag.
3111 2315 3243 2389 55);
3272 2330 3397 2372 nam
3416 2316 3469 2371 in
3492 2331 3636 2371 mar-

2032 2412 2158 2484 gine
2204 2414 2394 2483 capitis
2447 2411 2538 2476 56,
2593 2412 2740 2483 quod
2797 2411 2997 2481 allego,
3027 2411 3193 2465 citata
3224 2409 3463 2465 inveniet
3490 2424 3630 2463 non-

2031 2506 2181 2561 nulla
2211 2505 2465 2562 Bernardi
2500 2506 2637 2567 loca,
2659 2521 2724 2559 ex
2756 2504 2952 2571 quibus
2979 2502 3224 2573 Scriptor
3246 2501 3350 2558 iste
3378 2502 3627 2573 exscrip-

2030 2596 2169 2652 sisse
2196 2596 2407 2653 videtur
2436 2611 2556 2666 qure
2580 2610 2642 2651 ea
2676 2596 2746 2651 de
2768 2609 2825 2649 re
2857 2595 3036 2650 ducet.

2100 2712 2191 2768 27.
2223 2711 2280 2767 In
2304 2711 2598 2768 Voluntate
2623 2725 2783 2779 porro
2808 2709 3142 2765 constituunt
3165 2706 3411 2763 eamdem
3439 2706 3631 2778 imagi-

2029 2821 2152 2863 nem
2179 2804 2270 2875 qui
2300 2804 2355 2859 in
2380 2804 2631 2859 libertate
2660 2801 2953 2857 cnllocaut.
2994 2803 3168 2871 Atque
3207 2799 3294 2856 his
3325 2798 3468 2856 favet
3491 2798 3627 2856 Ter-

2029 2899 2286 2955 tullianus
2313 2898 2429 2954 haec
2448 2896 2653 2952 docens
2677 2894 2794 2965 (lib.
2817 2911 2856 2951 ιι
2878 2905 3066 2949 contra
3083 2892 3343 2971 Marcion.
3365 2908 3482 2963 cap.
3518 2892 3588 2964 5)
3611 2909 3624 2945 :

2034 3012 2053 3047 ‹
2085 2993 2364 3061 Liberum,
2391 3000 2447 3047 et
2473 2989 2558 3045 sui
2584 2987 2835 3053 arbitrii,
2867 2997 2921 3042 et
2952 3003 3066 3042 sua:
3096 2986 3379 3054 potestatis
3411 2986 3628 3041 invenio

2026 3088 2301 3144 hominem
2329 3101 2360 3141 a
2382 3087 2489 3142 Deo
2506 3084 2814 3139 institutum
2839 3098 2852 3135 :
2885 3080 3087 3136 nullam
3114 3079 3284 3151 magis
3311 3079 3623 3149 imaginem,

2026 3172 2082 3240 et
2105 3178 2517 3238 similitudinem
2553 3174 2647 3232 Dei
2700 3176 2753 3229 in
2800 3174 2894 3228 illo
2920 3171 3361 3227 animadvertetis
3386 3211 3401 3235 ,
3462 3185 3623 3241 quam

2025 3272 2475 3346 ejusmodistatus
2495 3267 2745 3324 formam.
2760 3286 2781 3319 ι
2803 3265 2869 3322 Ει
2885 3265 3141 3332 deinceps
3160 3263 3301 3337 (cap.
3329 3262 3407 3333 6):
3420 3262 3624 3332 iOpor-

2027 3368 2174 3423 tebat
2199 3364 2490 3436 imaginem
2518 3404 2534 3430 ,
2563 3370 2619 3418 et
2651 3354 3056 3416 similitudinem
3089 3357 3182 3412 Dei
3209 3355 3362 3411 liberi
3384 3353 3620 3419 arbitrii,

2022 3470 2077 3516 et
2107 3457 2219 3513 sum
2243 3456 2523 3529 potestatis
2552 3453 2762 3509 institui
2791 3494 2805 3517 ,
2862 3453 2914 3507 in
2945 3466 3048 3522 qua
3090 3449 3192 3506 hoc
3218 3447 3393 3519 ipsutn
3417 3447 3614 3518 imago,

2021 3563 2076 3610 et
2104 3551 2401 3609 similitudo
2432 3549 2522 3604 Dei
2555 3547 2943 3618 deputaretur;
2984 3543 3193 3599 arbitrii
3220 3541 3430 3597 scilicet
3461 3540 3624 3596 liber-

2024 3656 2106 3703 tas
2129 3687 2146 3714 ,
2181 3656 2235 3702 et
2266 3653 2559 3716 potestas.»

2089 3739 2182 3796 ‘28.
2211 3737 2573 3808 Hieronymus
2603 3746 2817 3804 quoque
2845 3729 2962 3785 haec
2981 3727 3226 3784 scribens
3249 3728 3329 3799 (lt)
3354 3742 3368 3781 :
3418 3725 3612 3783 «Solus

2022 3831 2163 3887 Deus
2188 3841 2270 3886 est
2299 3871 2314 3894 ,
2347 3832 2401 3883 in
2428 3842 2586 3898 quem
2617 3833 2895 3894 peccatum
2921 3837 3028 3876 non
3056 3820 3218 3875 cadit.
3248 3820 3454 3874 Caetera
3486 3833 3612 3874 cum

2018 3923 2128 3978 sint
2155 3921 2308 3976 liberi
2327 3918 2535 3974 arbitrii
2563 3916 2732 3990 (juxta
2764 3914 2905 3984 quod
2929 3922 2986 3969 et
3013 3913 3174 3977 homo
3198 3911 3266 3967 ad
3292 3910 3605 3982 imaginem,

2017 4025 2071 4071 et
2097 4012 2503 4069 similitudinem
2532 4009 2624 4065 Dei
2648 4007 2819 4063 factus
2840 4006 2968 4078 est),
3002 4006 3053 4060 in
3071 4015 3356 4075 utramque
3386 4012 3612 4074 partem,

2017 4123 2169 4164 suam
2203 4115 2429 4177 possunt
2458 4103 2678 4159 flectere
2706 4102 3091 4156 voluntatem.)

2088 4214 2241 4280 Titus
2272 4219 2578 4277 Bostrcnsis
2603 4216 2851 4271 similiter
2873 4216 2988 4269 tia-c
3016 4194 3263 4267 elocutus
3295 4210 3408 4283 (lib.
3430 4225 3467 4264 ιι
3495 4224 3617 4265 can-

2016 4328 2096 4372 tra
2130 4315 2422 4385 illuuiem):
2458 4312 2774 4367 illuminent
2809 4307 2949 4362 Deus
2973 4305 3259 4361 honoravit
3284 4348 3298 4371 ,
3344 4301 3617 4359 fabricatis

2014 4427 2139 4467 eum
2178 4409 2244 4465 ad
2284 4407 2574 4481 imaginem
2616 4419 2803 4458 suam:
2841 4411 2897 4455 ut
2928 4403 3068 4458 sicut
3100 4402 3215 4470 ipse
3245 4397 3499 4454 libertate
3525 4411 3621 4451 na-

2018 4514 2152 4558 tura:
2175 4502 2345 4557 bonus
2365 4509 2469 4565 est,
2498 4499 2578 4553 sic
2621 4497 2782 4550 homo
2810 4493 3060 4550 libertate
3090 4490 3353 4563 propositi
3382 4490 3620 4544 imitator

2019 4595 2116 4651 Dei
2138 4602 2307 4659 esset,
2336 4607 2443 4648 non
2467 4590 2748 4647 abstinens
2769 4602 2797 4641 a
2828 4594 3072 4656 peccato,
3097 4584 3219 4653 quia
3245 4582 3385 4636 desit
3411 4588 3615 4633 natura:

2018 4688 2119 4759 ipsi
2150 4695 2387 4756 potestas
2410 4724 2426 4752 ,
2469 4682 2561 4739 sed
2601 4681 2853 4737 libertate
2883 4676 3142 4748 propositi
3163 4678 3414 4730 virtutem
3446 4673 3617 4728 hono-

2017 4796 2166 4836 rans.
2192 4799 2210 4832 ι

2016 4856 2023 4861 δ
2085 4872 2177 4926 99.
2203 4872 2284 4925 An
2313 4884 2418 4924 non
2444 4883 2577 4923 vero
2604 4866 2891 4938 imaginem
2921 4863 3038 4929 Dei,
3056 4863 3125 4919 de
3145 4878 3244 4932 qua
3269 4859 3610 4924 disserimus,

2015 4964 2070 5020 in
2089 4963 2337 5020 libertate
2348 4961 2533 5016 Statuit
2556 4959 2841 5026 Macarius,
2868 4957 3083 5027 quando
3112 4956 3225 5011 haec
3247 4954 3406 5010 docet
3426 4951 3612 5025 (flant.

2015 5054 2153 5128 ‘15)?
2182 5074 2201 5108 ι
2252 5055 2332 5110 'l‘u
2365 5070 2491 5110 vero
2525 5062 2810 5124 prOpterea
2828 5068 2888 5107 es
2909 5050 2974 5105 ad
3004 5051 3316 5121 imaginem,
3347 5059 3401 5102 et
3422 5045 3615 5101 simili-

2015 5145 2253 5203 tudinem
2286 5146 2402 5219 Dei,
2430 5144 2683 5216 quoniam
2720 5144 2794 5197 uti
2825 5142 2965 5197 Dens
2993 5139 3075 5195 sui
3095 5138 3253 5210 juris,
3289 5153 3352 5193 ac
3380 5143 3616 5205 potesta-

2016 5243 2081 5299 tis
2108 5252 2224 5310 est,
2261 5251 2317 5299 et
2350 5240 2493 5314 quod
2521 5238 2632 5295 vult
2659 5237 2789 5294 facit
2954 5237 3023 5293 ita
3053 5237 3216 5292 etiam
3247 5248 3299 5290 tu
3331 5231 3614 5306 potestatis

2012 5351 2074 5394 es
2095 5346 2221 5402 ιιιιε,
2250 5354 2271 5389 ι
2305 5344 2411 5392 etc.

380 5518 459 5591 (ιι)
488 5475 721 5574 Rursum
743 5518 809 5591 ad
831 5519 1002 5591 instar
1030 5518 1125 5575 Dei
1151 5519 1392 5591 omnium
1417 5518 1732 5591 conditoris.
1764 5534 1891 5591 reg-
1993 5509 2187 5591 Homo,
2207 5531 2336 5574 vero
2364 5519 2417 5573 in
2439 5515 2732 5591 iudicando
2755 5513 2982 5571 testibus
3001 5528 3135 5581 opus
3158 5509 3347 5591 habet,
3370 5518 3428 5564 et
3449 5523 3609 5591 accu~

296 5589 403 5649 nat
424 5590 607 5656 homo,
635 5599 693 5645 et
706 5589 932 5661 judicat.
964 5589 1159 5646 Verum
1190 5590 1331 5645 Deus
1350 5590 1775 5653 accusatoribus.
1802 5589 1896 5646 aut

298 5661 537 5718 testibus
572 5661 796 5717 minime
836 5663 1034 5732 indiget
1062 5700 1079 5725 ,
1111 5661 1328 5732 quando
1346 5662 1573 5733 judicat.
1631 5662 1723 5718 Sic
1749 5661 1894 5719 enim

277 5732 443 5789 .Cain
478 5732 862 5791 condemnavit
900 5743 1150 5804 tanquam
1187 5732 1407 5792 sceleris
1431 5734 1549 5803 eius
1593 5733 1886 5806 inspector.

2002 5590 2298 5675 “E‘K‘P'wv
2326 5589 3489 5675 ‘1‘!“"l.i8".".'.‘?‘.e“r9,‘.':‘?-PP(PFHEE“_fl'tl';

2074 5659 2154 5735 (ρ)
2177 5659 2233 5716 In
2263 5647 2421 5730 epist.
2440 5647 2573 5735 oliui
2594 5660 2718 5719 146.
2742 5658 2797 5715 lit
2817 5647 3058 5716 editione
3085 5647 3382 5711 Veronensi
3405 5650 3489 5724 Ep
3508 5647 3605 5706 ,21

2002 5731 2390 5791 ad'Damasum
2411 5745 2467 5790 n.
2494 5731 2588 5790 40.

3672 5734 3809 5839 ρ
