4120 6170
476 207 583 264 8Η9

1155 203 1221 263 ΙΝ
1262 200 1520 262 lllLAlill
1563 202 1777 263 EPIST.
1819 200 1956 261 SEU
1998 200 2101 260 LIB

2196 236 2224 262 ..
2268 176 2722 259 ntsSEnrArta
2763 195 3109 256 saeuum.

3661 198 3770 253 H10

545 326 631 382 50.
662 322 860 380 Marius
886 322 1072 380 Victor
1098 322 1288 377 harum
1330 334 1556 376 numero
1598 317 1886 376 sociandus
1934 325 2056 375 est:
2085 320 2137 383 Α
2163 331 2313 372 suam
2336 313 2563 371 Creator
2591 316 2830 370 omnium
2861 328 2984 369 eum
3018 312 3249 379 creavit,
3279 311 3421 385 quod
3445 312 3574 368 nulli
3615 312 3779 368 altcri

473 423 673 495 quippe
702 421 819 479 haec
850 419 1019 477 Deum
1048 417 1356 489 loquentem
1386 414 1592 472 inducit
1618 432 1631 470 :

566 555 711 608 Nunc
729 553 977 605 hominem
996 552 1254 615 faciamus,
1274 551 1361 615 ait,
1382 553 1466 615 qui
1487 556 1671 614 regnet
1690 550 1742 600 iu
1765 550 1913 615 orbe,

564 620 633 681 Et
646 620 710 668 sit
733 619 894 681 imago
908 615 1002 681 Dei
1026 612 1269 681 :sigtiletn
1294 612 1445 681 decet
1467 612 1581 664 esse
1598 613 1791 681 creanti

567 680 719 732 Liber
734 679 796 731 ad
820 675 1075 728 arbitrium
1094 676 1272 728 fruitur
1296 677 1381 740 qui
1406 683 1576 727 mente
1602 675 1798 726 creatis.

548 813 639 870 5i.
689 810 800 868 Hos
843 819 1142 882 sequuntur
1186 809 1595 877 Damascenus,
1649 817 1704 864 et
1742 806 2069 865 Bernardns.

479 908 679 965 Horum
709 906 916 977 primus
946 905 1063 961 haec
1084 906 1159 960 ait
1187 905 1329 977 (Lib.
1379 920 1439 961 ιη
1458 904 1528 960 de
1566 903 1672 960 ﬁde
1697 902 1926 959 Ortltad.
1953 919 2070 974 cap.

481 999 573 1071 i2)
600 1017 613 1054 :
642 997 808 1055 «Cum
835 998 903 1055 ad
934 998 1226 1069 imaginem
1246 997 1440 1065 beatae,
1464 1005 1522 1054 et
1541 995 2076 1068 supersubstantialis

483 1092 780 1150 divinitatis
810 1090 974 1147 homo
999 1091 1070 1147 sit
1096 1089 1305 1157 iactus,
1344 1091 1415 1145 sit
1451 1099 1633 1146 autem
1672 1089 1849 1144 divina
1887 1098 2080 1144 natura

483 1200 581 1256 per
612 1197 672 1240 se
712 1184 882 1240 libera
906 1225 923 1248 ,
967 1184 1160 1254 suique
1184 1183 1323 1253 juris
1350 1222 1366 1249 ,
1413 1198 1476 1238 ac
1503 1183 1779 1239 voluntate
1810 1181 2032 1253 praedita
2059 1220 2077 1249 ,

483 1262 823 1350 consequens
847 1285 935 1336 est
950 1277 1224 1332 hominem
1253 1277 1401 1334 velut
1427 1278 1594 1348 ipsius
1624 1275 1911 1348 imaginem
1944 1274 2082 1332 libe-

490 1387 611 1431 rum
626 1389 750 1430 esse
764 1382 954 1430 natura
977 1387 1095 1439 sua,
1118 1382 1173 1428 et
1196 1373 1470 1428 voluntate
1493 1370 1832 1441 praeditum.»
1852 1369 2083 1425 Bernar-

486 1468 586 1524 dus
605 1484 734 1523 vero
761 1467 868 1543 (de
896 1466 1043 1523 (ἔνιοι.
1066 1477 1117 1523 et
1145 1466 1256 1521 Lib.
1301 1466 1520 1520 arbitrio
1545 1480 1662 1536 cap.
1704 1466 1759 1529 υ,
1808 1480 1953 1519 nam.
1987 1459 2082 1534 i8)

486 1570 669 1618 monet
697 1601 716 1629 ,
764 1561 820 1615 in
862 1560 1098 1615 libertate
1122 1559 1320 1614 arbitrii
1360 1559 1637 1628 imaginem
1664 1556 1761 1612 Dei
1786 1571 1911 1612 esse
1934 1555 2082 1627 posi-

489 1666 620 1710 tam.
664 1672 674 1683 '

557 1749 649 1805 52.
693 1746 751 1804 ln
783 1744 1135 1818 intelligentia
1161 1756 1325 1815 porro
1362 1743 1745 1816 potissimum;
1788 1741 1881 1798 sed
1927 1750 1984 1797 et
2027 1741 2081 1796 in

490 1844 745 1900 libertate
787 1845 951 1897 etiam
992 1838 1241 1895 eamdem
1286 1837 1575 1905 imaginem
1621 1849 1822 1906 ponere
1876 1833 2087 1890 videtur

492 1927 811 1993 Ambrosius
844 1933 960 1989 haec
1005 1931 1223 2001 scriptis
1271 1928 1531 1985 mandans
1571 1925 1839 2002 (Herum.
1870 1942 1981 1998 cap.
2018 1925 2088 1995 8,

490 2030 624 2084 alias
655 2046 710 2083 η.
742 2024 839 2100 43)
874 2044 889 2082 :
917 2044 936 2081 t
981 2024 1096 2081 Non
1125 2038 1253 2094 ergo
1289 2035 1419 2077 caro
1445 2028 1624 2092 potest
1651 2033 1774 2076 esse
1799 2018 1866 2074 ad
1898 2016 2090 2088 imagi-

494 2136 618 2178 nem
647 2121 761 2189 Dei,
791 2118 889 2175 sed
912 2118 1092 2174 anima
1134 2125 1338 2182 neStra,
1368 2129 1487 2185 qua:
1519 2112 1686 2168 libera
1722 2122 1827 2183 est.
1859 2117 1916 2165 et
1933 2107 2093 2164 diil'u-

496 2204 1036 2284 sis'cagitationibus,
1064 2219 1226 2279 atque
1250 2206 1490 2263 consiliis
1518 2203 1627 2259 huc
1647 2209 1808 2273 atque
1839 2201 1965 2257 illuc
2001 2215 2095 2255 va-

495 2318 652 2383 gatur
675 2348 692 2376 ,
723 2321 845 2378 quin
871 2301 1270 2361 consideranda
1293 2306 1502 2370 spectat
1528 2297 1729 2352 omnia.
1774 2294 1915 2351 Ecce
1949 2307 2094 2349 nunc

498 2413 687 2456 sumus
707 2400 760 2454 iu
791 2396 941 2453 Italia
961 2436 976 2463 ,
1000 2403 1057 2452 et
1073 2395 1372 2464 cogitamus
1404 2405 1501 2458 ea,
1523 2386 1735 2460 quaead
1764 2385 2092 2453 Orientales,

497 2504 591 2550 aut
630 2491 1006 2550 Occidentales
1029 2497 1207 2560 partes
1243 2495 1490 2556 spectare
1538 2482 1791 2539 videntur
1813 2521 1829 2547 ,
1876 2489 1931 2535 et
1969 2493 2095 2534 cum

499 2588 603 2644 illis
626 2584 832 2641 versari
860 2582 1104 2639 videmur
1123 2621 1139 2647 ,
1170 2579 1259 2651 qui
1290 2579 1344 2634 in
1378 2575 1602 2633 Perside
1627 2581 1755 2630 sunt
1778 2571 2053 2629 constituti
2075 2610 2095 2639 ,

500 2687 558 2737 et
582 2677 703 2735 illos
730 2676 1001 2741 videmus,
1032 2672 1123 2744 qui
1145 2671 1344 2742 degunt
1373 2670 1425 2725 in
1457 2667 1659 2733 Africa,
1686 2667 1731 2721 si
1758 2679 1894 2737 quos
1913 2663 2100 2735 cogni-

425 2822 434 2833 .
503 2780 589 2828 tos
614 2769 772 2828 nobis
794 2782 858 2825 ea
886 2777 1030 2824 terra
1053 2763 1393 2834 susceperit:
1437 2761 1715 2834 sequimur
1747 2757 2097 2830 proﬁciscen-

505 2878 609 2933 tes,
642 2863 969 2920 inhteremus
992 2856 1482 2931 peregrinantibus.
1510 2854 1828 2926 copulamur
1861 2851 2102 2906 absenti-

506 2958 629 3027 bus,
660 2954 986 3026 alloquimur
1014 2962 1314 3022 separatos,
1338 2948 1625 3005 defunctos
1651 2958 1865 3017 quoque
1893 2941 1958 2998 ad
1989 2942 2101 2997 col-

507 3049 748 3119 loquium
772 3045 1177 3111 resnscitamus,
1207 3057 1430 3114 eosque,
1453 3050 1514 3097 ut
1535 3042 1798 3106 viventes,
1829 3034 2102 3110 complec-

509 3142 671 3198 timur
692 3182 708 3208 ,
738 3150 793 3196 et
813 3149 1063 3196 tenemus
1087 3178 1105 3205 ,
1135 3144 1190 3191 et
1214 3135 1338 3190 vitae
1362 3132 1538 3188 ofﬁcia
1569 3131 1653 3187 bis
1677 3173 1690 3199 ,
1719 3145 1983 3202 usumque
2007 3129 2102 3186 de-

508 3235 750 3292 ferimus.
783 3233 858 3289 Ea
881 3232 1041 3305 igitur
1066 3239 1150 3286 est
1176 3228 1245 3282 ad
1270 3228 1544 3299 imaginem
1565 3224 1686 3293 Dei,
1710 3240 1829 3297 quae
1852 3239 1958 3278 non
1981 3238 2102 3278 cor-

509 3344 678 3400 pareo
702 3326 1034 3392 aestimatur,
1056 3322 1151 3379 sed
1175 3322 1373 3377 mentis
1414 3320 1635 3392 rigore:
1682 3332 1803 3388 quae
1849 3317 2102 3372 absentes

508 3421 700 3483 videt,
748 3417 1107 3474 transmarina
1145 3415 1261 3470 visu
1298 3413 1446 3477 obit,
1498 3412 1759 3483 percurrit
1803 3409 2100 3480 adspectu,

511 3521 785 3570 scrutatur
804 3510 982 3573 abdita
1007 3550 1024 3576 ,
1059 3507 1184 3574 huc,
1211 3518 1374 3579 atque
1394 3506 1523 3563 illuc
1547 3521 1655 3561 uno
1683 3512 1957 3560 momento
1982 3519 2106 3559 sen-

513 3623 606 3663 sus
634 3622 763 3663 suas
788 3620 884 3678 per
909 3604 1072 3659 totius
1100 3602 1260 3658 Orbis
1287 3601 1447 3669 fines,
1469 3610 1526 3657 et
1551 3600 1735 3655 mundi
1763 3608 1971 3656 secreta
1999 3599 2106 3654 cir-

513 3699 777 3757 cumfert:
801 3713 920 3771 quae
948 3698 1061 3754 Deo
1083 3696 1345 3769 jungitur,
1371 3692 1588 3750 Christo
1615 3691 2106 3761 adh:eret,descen-

511 3796 592 3852 dit
613 3795 665 3850 in
687 3792 960 3850 lni'ernum
981 3832 997 3859 ,
1040 3799 1199 3863 atque
1223 3788 1537 3854 adscendit,
1581 3788 1753 3847 libe’ra
1776 3796 2021 3843 versatur
2050 3788 2106 3845 iu

512 3888 674 3945 cmlo.
709 3886 950 3957 Denique
972 3882 1096 3941 audi
1123 3882 1428 3939 dicentem:
1473 3890 1651 3938 nostra
1678 3893 1853 3937 autem
1894 3896 2099 3936 conver-

514 3980 647 4036 satio
672 3978 730 4037 in
756 3978 899 4034 cretis
925 3987 1022 4033 est.
1052 3996 1073 4030 ι

586 4070 644 4127 1η
680 4072 926 4126 eamdem
977 4069 1287 4141 opinionem
1339 4066 1495 4124 facile
1545 4065 1782 4124 dcduces
1831 4074 2108 4122 auctorem

515 4165 874 4220 instructionis
909 4163 1218 4232 sacerdotis,
1262 4165 1377 4220 sive
1417 4162 1722 4220 Bernartius
1768 4164 1813 4218 is
1838 4161 1947 4229 sit,
1996 4163 2112 4218 sive

515 4255 652 4311 alius
673 4258 960 4327 quispiam,
992 4271 1155 4328 quem
1177 4272 1327 4312 num.
1352 4254 1422 4313 i6
1441 4256 1692 4329 allegavi.
1718 4255 1799 4311 Ad
1815 4254 2109 4327 imaginem,

519 4358 574 4406 ut
604 4348 814 4404 haberes
843 4350 1163 4416 memoriam,
1191 4358 1295 4406 etc.

591 4443 681 4501 35.
706 4444 762 4500 in
788 4444 982 4501 eximia
1008 4444 1301 4499 exsistendi
1347 4445 1399 4499 in
1425 4459 1653 4513 corpore
1671 4486 1685 4506 .
1716 4442 1955 4514 illudque
1999 4443 2115 4498 ani-
2140 4481 2197 4543 Β

522 4537 725 4605 mandi,
749 4548 804 4592 et
833 4535 1246 4609 praeclarissime
1265 4534 1457 4607 agendi
1485 4534 1693 4591 ratione
1718 4535 1965 4591 eamdem
1986 4536 2119 4590 ima-

520 4632 699 4704 ginem
728 4631 934 4688 invenit
957 4638 1146 4687 auctor
1172 4629 1292 4684 libri
1326 4629 1390 4684 de
1415 4629 1643 4701 Spiritu,
1690 4636 1738 4682 et
1765 4627 1986 4694 Anima,
2027 4626 2118 4699 qui

524 4724 732 4797 pridem
758 4724 1060 4796 Augustino
1088 4722 1445 4779 tribuebatur.
1505 4723 1687 4793 Atque
1714 4721 1858 4778 illius
1898 4720 2114 4793 quidem

524 4818 799 4891 ingeniosa
824 4815 1026 4873 monita
1048 4814 1253 4872 referre
1276 4816 1468 4887 placet,
1496 4824 1552 4870 ut
1576 4830 1638 4871 ea
1674 4814 1884 4872 scilicet
1916 4830 2118 4885 expen-

524 4910 615 4967 dat
643 4910 834 4975 lector,
857 4907 1208 4979 conferatqne
1235 4922 1357 4963 cum
1396 4906 1464 4964 iis
1489 4906 1871 4978 scriptoribus,
1901 4924 2037 4979 quos
2063 4908 2121 4965 in

527 5003 688 5075 ltnjus
704 5001 946 5075 opusculi
964 5001 1204 5073 margine
1218 4999 1324 5056 PP.
1341 4999 1453 5058 S.M
1460 4999 1574 5055 auri
1588 4999 1822 5072 allegant
1840 4997 2118 5073 (Cap.35).

532 5113 552 5148 ι
582 5093 694 5151 Nec
718 5094 788 5150 ob
810 5093 911 5150 hoc
933 5092 1108 5149 solum
1137 5092 1378 5162 quidem,
1411 5092 1552 5162 quod
1576 5091 1640 5147 ad
1658 5091 1944 5148 consilium
1968 5107 2124 5148 sanc-

2168 424 2235 464 ex
2261 407 2526 463 creaturis
2554 405 2798 461 donavit.
2828 405 2962 473 Qua:
2994 406 3172 477 imago
3202 403 3516 477 diligentius
3551 404 3606 460 in
3632 405 3778 460 inte-

2170 501 2332 557 rioris
2356 500 2591 556 hominis
2622 499 2905 571 dignitate,
2926 506 2982 554 et
3003 497 3284 553 nobilitate
3314 507 3399 553 est
3413 497 3773 554 consideran-

2176 592 2265 647 da.
2291 592 2474 648 Primo
2501 591 2718 664 quidem
2749 590 2892 661 quod
2922 590 3080 645 sicuti
3104 589 3246 645 Deus
3269 602 3405 645 unus
3431 603 3646 660 semper
3663 584 3783 643 ubi.

2173 699 2278 756 que
2306 694 2448 740 tatus
2475 693 2558 739 est
2587 725 2601 752 ,
2632 684 2813 740 omnia
2844 681 3159 748 viviﬁcaris,
3196 698 3419 748 movens
3443 723 3459 749 ,
3495 690 3553 736 et
3577 682 3783 753 guber-

2175 794 2331 844 nans,
2359 781 2501 835 sicut
2529 777 2821 850 Apostolus
2850 776 2924 831 ait
2955 776 3158 847 (Actor.
3187 793 3303 847 cap.
3327 792 3459 843 xvtt,
3484 772 3606 849 28),
3634 773 3782 846 quod

2174 871 2230 926 in
2259 889 2321 927 eo
2347 871 2561 926 vivimus
2586 912 2602 938 ,
2632 886 2894 926 movemur
2919 912 2933 935 ,
2965 877 3010 945 et
3038 886 3219 923 sumus
3238 911 3251 935 ,
3284 869 3363 925 sic
3387 869 3569 923 anima
3598 869 3651 923 in
3679 882 3785 923 suo

2179 978 2410 1034 corpore
2433 963 2628 1032 ubique
2655 972 2766 1017 tata
2792 961 2972 1033 viget,
2997 960 3279 1015 viviﬁcaris
3311 959 3441 1016 illud
3469 1001 3483 1025 ,
3513 974 3740 1015 movens
3766 999 3784 1026 ,

2179 1068 2233 1111 et
2264 1055 2591 1127 gubernans.
2642 1050 2751 1110 Nec
2792 1052 2935 1110 enim
2971 1053 3024 1109 in
3070 1050 3368 1124 majoribus
3410 1052 3655 1123 corporis
3698 1051 3785 1107 sui

2180 1146 2439 1203 membris
2471 1147 2642 1217 major
2671 1156 2753 1201 est
2779 1189 2791 1211 ,
2816 1154 2871 1202 et
2902 1145 2954 1201 in
2999 1145 3299 1201 minoribus
3328 1145 3547 1212 minor;
3589 1145 3688 1200 sed
3733 1145 3787 1200 in

2190 1238 2427 1294 minimis
2458 1247 2566 1293 tota
2600 1247 2684 1294 est
2710 1281 2724 1307 ,
2754 1248 2809 1294 et
2836 1237 2890 1292 in
2919 1236 3169 1293 maximis
3200 1245 3331 1292 tota.
3384 1235 3475 1292 Sic
3499 1235 3673 1291 infusa
3705 1241 3790 1291 est

2183 1330 2399 1400 corpori
2426 1370 2442 1396 ,
2488 1341 2545 1384 ut
2577 1345 2682 1384 non
2716 1344 2813 1401 per
2841 1326 3205 1385 membrorum
3237 1339 3418 1400 partes
3441 1324 3684 1401 partibus
3714 1328 3791 1382 sit

2185 1422 2377 1478 divisa.
2408 1420 2541 1479 Nam
2565 1422 2618 1478 in
2642 1422 2883 1495 quolibet
2906 1422 3037 1501 loco
3056 1438 3181 1493 pars
3203 1422 3445 1493 corporis
3463 1419 3789 1496 percutitur,

2187 1525 2298 1572 tota
2321 1514 2488 1575 dolet.
2528 1514 2662 1572 Miro
2692 1526 2870 1572 autem
2900 1517 3062 1572 modo
3103 1532 3207 1573 una
3236 1514 3534 1588 eademque
3555 1512 3792 1571 viviﬁca-

2191 1610 2336 1666 tione
2363 1609 2619 1666 membris
2643 1608 2959 1680 przcsidens,
2987 1623 3108 1665 cum
3140 1607 3255 1680 ipsa
3283 1625 3379 1680 per
3404 1618 3651 1664 naturam
3684 1622 3791 1663 non

2112 1715 2163 1777 Β
2187 1702 2257 1756 sit
2284 1701 2518 1768 diversa,
2551 1716 2644 1771 per
2664 1714 2862 1770 corpus
2891 1710 3068 1756 tamen
3094 1701 3201 1771 agit
3223 1700 3460 1756 diversa.
3489 1698 3607 1769 ipsa
3630 1690 3790 1770 quip-

2193 1809 2258 1864 pe
2285 1803 2387 1861 est,
2407 1809 2524 1863 qua:
2549 1808 2642 1864 per
2667 1792 2856 1849 oculos
2881 1792 3045 1857 videt.
3070 1790 3221 1847 audit
3239 1806 3335 1863 per
3364 1802 3544 1858 aures,
3572 1802 3669 1862 per
3698 1802 3797 1846 nti-

2189 1903 2275 1942 res
2310 1887 2589 1951 aduratur,
2626 1901 2721 1956 per
2746 1899 2808 1941 os
2826 1892 3024 1956 gustat,
3062 1901 3160 1956 per
3187 1886 3435 1941 membra
3464 1884 3642 1940 omnia
3674 1888 3803 1938 tau-
3855 1950 3869 1958 ’

2190 1978 2265 2050 git
2293 1994 2308 2043 ;
2353 1987 2409 2032 et
2445 1975 2715 2048 tangendo
2741 2019 2756 2044 ,
2787 1975 2908 2031 lene
2935 1975 3003 2030 ab
3037 1984 3233 2046 aspero
3255 1974 3555 2041 discernit;
3586 1982 3643 2029 et
3666 1984 3796 2027 cum

2191 2086 2297 2127 non
2328 2070 2399 2127 sit
2420 2069 2634 2125 diversa
2657 2112 2670 2135 ,
2704 2084 2797 2141 per
2822 2082 3017 2125 sensus
3045 2076 3224 2124 tamen
3247 2074 3506 2139 aperatur
3552 2065 3798 2123 diversa.

2195 2166 2275 2222 Ex
2305 2180 2409 2237 qua
2435 2180 2494 2220 re
2521 2163 2867 2235 intelligitur,
2900 2162 3043 2235 quod
3086 2164 3156 2217 ita
3179 2170 3262 2217 est
3287 2162 3465 2217 anima
3496 2160 3800 2217 secundum

2193 2274 2349 2314 suum
2381 2257 2595 2313 modum
2626 2257 2679 2312 in
2707 2271 2806 2312 suo
2834 2270 3064 2326 corpore
3091 2297 3104 2318 .
3156 2257 3297 2312 sicut
3326 2255 3468 2310 Dens
3505 2266 3589 2309 est
3621 2255 3674 2309 in
3697 2267 3804 2309 suo

2195 2352 2413 2409 Munda.
2469 2349 2701 2406 Interius
2727 2349 3028 2419 siquidem,
3076 2350 3132 2403 et
3175 2347 3449 2414 exterius;
3498 2347 3791 2415 superius,

2198 2449 2252 2501 et
2282 2441 2506 2499 inferius
2532 2450 2647 2498 est:
2675 2440 2910 2512 regendo
2948 2439 3218 2510 superior,
3248 2438 3510 2509 portando
3540 2436 3764 2493 interior
3783 2478 3801 2502 ,

2198 2535 2457 2607 replenda
2481 2534 2729 2600 interior,
2770 2532 3159 2589 circumdanda
3188 2530 3445 2589 exterior.
3495 2525 3589 2587 Sic
3612 2540 3697 2586 est
3722 2530 3809 2584 in-

2199 2641 2306 2701 tus,
2340 2639 2397 2686 ut
2424 2638 2574 2686 extra
2593 2627 2682 2695 sit;
2715 2629 2795 2684 sic
2809 2627 3131 2694 circumdat,
3160 2633 3220 2682 ut
3244 2633 3520 2697 penetret;
3550 2626 3630 2681 sic
3655 2636 3799 2695 pra:-

2198 2724 2340 2782 sidet
2362 2767 2376 2791 ,
2406 2731 2465 2780 nt
2494 2730 2710 2794 portet;
2744 2722 2824 2778 sic
2846 2729 3057 2793 portat,
3111 2729 3171 2776 ut
3207 2718 3510 2791 prarsideat.
3568 2717 3639 2774 Et
3665 2717 3813 2773 sicut

2206 2820 2345 2874 Deus
2371 2832 2471 2873 nec
2501 2815 2871 2871 crescentibus
2900 2814 3164 2870 creaturis
3188 2815 3420 2879 crescit,
3460 2824 3564 2868 nee
3588 2812 3815 2868 decres-

2206 2911 2456 2969 centibus
2503 2909 2800 2964 decrescit:
2845 2908 2925 2962 sic
2954 2907 3132 2962 anima
3163 2920 3261 2962 nec
3291 2906 3510 2961 minutis
3549 2905 3815 2960 membris

2203 3004 2481 3066 minuitur,
2514 3015 2615 3057 nec
2634 2999 2877 3056 adauctis
2924 3009 3171 3071 augetur.
3207 2999 3333 3054 Hec
3352 3008 3436 3053 est
3458 2998 3656 3068 imago,
3686 2998 3809 3053 sive

2127 3096 2173 3160 C
2207 3092 2506 3152 similitudo
2535 3091 2921 3163 omnipotentis
2952 3090 3048 3147 Dei
3072 3132 3088 3157 ,
3130 3104 3293 3162 quam
3334 3089 3515 3145 anima
3554 3087 3717 3144 habet
3756 3088 3814 3144 in

2206 3203 2286 3245 se.
2320 3207 2339 3240 ι

2275 3281 2365 3337 54.
2410 3279 2608 3336 Eadem
2640 3290 2866 3350 prorsus
2901 3275 3114 3333 monuit
3153 3284 3343 3333 auctor
3373 3274 3496 3330 libri
3524 3273 3592 3328 de
3633 3273 3814 3345 digni-

2207 3382 2311 3431 tate
2338 3373 2648 3428 conditionis
2676 3372 2934 3434 humanm,
2981 3370 3078 3440 qui
3107 3369 3197 3425 diu
3228 3368 3549 3424 Ambrosius
3572 3368 3821 3423 credita

2205 3476 2307 3532 est,
2332 3464 2458 3520 dum
2493 3465 2609 3519 inec
2637 3463 2852 3534 scriptis
2881 3461 3102 3518 tradidit
3116 3458 3198 3533 (a)
3229 3475 3244 3516 :
3280 3477 3302 3512 ι
3329 3458 3484 3517 Sicut
3501 3458 3647 3515 Deus
3675 3472 3821 3515 unua

2207 3572 2422 3629 semper
2464 3555 2660 3627 ubique
2700 3562 2845 3610 totus
2887 3562 3007 3621 est,
3054 3554 3238 3609 omnia
3276 3553 3587 3617 vivilleans,
3635 3550 3823 3606 omnia

2210 3666 2432 3709 movens
2448 3693 2465 3721 ,
2488 3659 2541 3708 et
2568 3650 2877 3722 gubernans
2900 3665 2916 3705 :
2944 3650 3025 3706 sic
3047 3648 3227 3704 anima
3251 3648 3305 3704 in
3331 3658 3431 3703 suo
3450 3656 3684 3718 corpore
3702 3644 3825 3701 ubi.

2209 3760 2316 3816 que
2346 3754 2451 3802 tota
2497 3746 2675 3817 viget,
2709 3744 2991 3800 vivilicans
3011 3785 3028 3813 ,
3075 3754 3301 3800 movens
3339 3741 3473 3797 illud
3493 3782 3507 3808 ,
3541 3748 3597 3797 et
3620 3738 3824 3813 [illum

2211 3856 2366 3898 nans.
2409 3858 2428 3893 ι

2282 3932 2390 3989 35.-
2418 3930 2803 3988 Eternitatem
2834 3930 3028 3985 animae
3053 3972 3068 3997 ,
3098 3928 3227 3983 dum
3276 3927 3416 3984 alios
3462 3934 3715 3982 recenset
3746 3924 3827 3980 tio

2214 4027 2354 4082 tulos
2376 4069 2390 4095 ,
2424 4032 2516 4080 aut
2562 4024 2863 4095 ipsissimos
2893 4022 3103 4079 scilicet
3129 4063 3143 4088 ,
3172 4034 3315 4092 quos
3339 4027 3499 4076 antea
3527 4016 3829 4088 descripsi-

2214 4135 2333 4175 mus
2356 4160 2372 4187 ,
2406 4128 2496 4174 aut
2524 4118 2590 4174 iis
2636 4130 2855 4188 prorsus
2885 4114 3111 4181 omnes,
3145 4115 3197 4169 in
3246 4106 3442 4185 quibus
3482 4111 3644 4167 etiam
3696 4123 3828 4166 eam

2215 4227 2375 4284 quam
2417 4211 2646 4267 dicimus
2666 4251 2683 4279 ,
2712 4209 3001 4281 imaginem
3030 4207 3238 4273 statuit,
3267 4213 3657 4263 commemorat
3682 4202 3827 4259 Pro.

2216 4307 2450 4372 dcutius,
2480 4304 2596 4359 haec
2625 4305 2843 4372 scriptis
2873 4298 3138 4356 mandans
3165 4299 3240 4371 (b)
3266 4314 3281 4356 :

2309 4398 2398 4451 Est
2418 4395 2593 4447 similis
2614 4393 2773 4445 saeclis
2793 4394 2921 4457 quod
2946 4406 3044 4443 non
3066 4391 3368 4457 consumitur
3390 4390 3525 4455 ullis,

2314 4460 2454 4522 Quod
2477 4460 2698 4522 sapiens,
2717 4455 2939 4522 jttstique
2961 4468 3135 4522 capas,
3155 4455 3430 4522 reginaque
3455 4464 3621 4522 rerum

2316 4515 2553 4584 imperat;
2581 4515 2871 4583 antev'idet,'
2885 4515 3179 4584 perpendit,
3190 4515 3457 4579 praeiret,
3478 4517 3643 4584 instat.

2320 4576 2616 4643 Verborum,
2639 4576 2930 4645 morumque
2952 4576 3507 4645 o'pit'ex,'iustruc_taque
3528 4576 3659 4627 mille

2319 4647 2544 4710 Artibus,
2571 4641 2623 4696 et
2643 4645 2820 4710 malum
2846 4641 3000 4710 sensu
3026 4641 3505 4710 μετέμαθε-εὐρὰξ)

2322 4708 2410 4760 His
2430 4701 2639 4758 animam
2664 4705 2875 4756 similem
2898 4705 2992 4755 sibi
3014 4701 3241 4754 conditor
3260 4701 3510 4766 eﬂlglavit.

2298 4815 2475 4888 Atque
2518 4829 2639 4871 cum
2689 4810 2848 4868 laude
2871 4810 3126 4883 quidem,
3155 4825 3218 4865 ac
3264 4808 3456 4865 merito
3494 4807 3609 4862 haec
3648 4801 3843 4876 junxit

2224 4908 2570 4965 Prudentius.
2613 4904 2825 4963 Etenim
2854 4906 2897 4959 si
2931 4901 3349 4973 unumquodque
3371 4898 3562 4955 borum
3607 4894 3845 4952 attribu-

2230 5012 2405 5057 lorum
2438 5014 2682 5056 seorsum
2715 4997 3041 5069 sumpseris,
3075 4996 3296 5051 minime
3326 4992 3574 5049 videntur
3600 4989 3796 5046 idonea
3821 5030 3843 5059 ,

2228 5105 2289 5151 ιιι
2314 5096 2406 5151 Dei
2432 5094 2716 5166 imaginem
2742 5093 2794 5148 in
2819 5092 2998 5146 anima
3020 5088 3373 5146 conStituan't.
3402 5084 3473 5142 Et
3497 5097 3629 5140 sane
3647 5081 3692 5138 si
3717 5083 3846 5138 itare

527 5196 598 5243 ta:
619 5186 896 5243 Trinitatis
916 5183 1685 5242 sicexcellenteraConditore
1702 5185 1954 5243 conditus
1974 5187 2126 5243 homo
2231 5185 2477 5245 attendas
2498 5228 2512 5250 ,
2545 5184 2659 5242 Deo
2689 5183 3005 5240 similiorem
3034 5180 3299 5253 Angeium
3342 5186 3453 5250 prae
3499 5175 3715 5233 homine
3753 5174 3851 5229 di-

530 5290 655 5348 est,
697 5278 794 5336 sed
822 5278 985 5335 etiam
1012 5274 1153 5349 quod
1181 5276 1247 5333 ad
1280 5277 1571 5349 imaginem
1597 5317 1613 5345 ,
1639 5289 1693 5333 et
1718 5276 2125 5335 similitudinem
2233 5294 2325 5335 ces
2347 5321 2363 5347 ,
2390 5278 2585 5351 quippe
2614 5275 2814 5333 clarius
2845 5274 3057 5331 elucent
3098 5274 3198 5329 ista
3226 5270 3280 5327 in
3315 5268 3550 5343 Angela,
3580 5274 3740 5340 quam
3782 5266 3848 5323 in

613 5455 690 5531 (a)
728 5455 788 5512 In
841 5455 981 5515 libro
1030 5459 1094 5513 de
1130 5455 1201 5511 Di
1238 5457 1332 5512 nit.
1365 5457 1560 5513 condit.
1602 5456 1874 5528 humanm,
1928 5474 1987 5515 ca
2036 5502 2047 5513 .
2079 5459 2137 5514 2.
2246 5457 2590 5513 inscribitur:
2616 5455 2753 5509 dicta
2771 5451 2835 5507 Β.
2859 5449 3030 5505 Albini
3053 5447 3243 5503 Leuitce
3266 5461 3419 5521 super
3439 5444 3569 5500 illud
3587 5443 3851 5501 Genesis:

608 5530 712 5584 ide.
747 5529 996 5584 obsecro.
1026 5544 1144 5584 oua:
1188 5476 1257 5584 (ἵε
1297 5528 1399 5584 hac
1424 5527 1702 5584 Scrimore
1728 5530 1921 5584 docent
1950 5473 2051 5584 PB.
2082 5520 2139 5584 Β.
2248 5529 2541 5584 Faciamus
2560 5527 2831 5582 hominem
2850 5556 2865 5584 ι
2891 5532 3021 5584 etc.,
3050 5520 3187 5574 adeo
3206 5529 3260 5572 tu
3286 5526 3498 5575 constes
3520 5514 3843 5584 opusculum

556 5520 712 5596 Vide,
747 5529 996 5589 obsecro.
1026 5544 1144 5600 qua:
1188 5520 1257 5586 de
1297 5528 1399 5585 hac
1424 5527 1702 5601 Scriptore
1728 5520 1921 5586 docent
1950 5520 2051 5584 [δι’.
2082 5520 2139 5585 8.
2248 5529 2541 5586 Faciamus
2560 5527 2831 5582 hominem
2850 5556 2865 5587 ς
2891 5532 3021 5585 etc.,
3050 5520 3187 5574 adeo
3206 5529 3260 5572 tu
3286 5520 3498 5575 constes
3520 5520 3843 5584 opusculum

569 5599 739 5657 Mauri
759 5640 775 5662 .
805 5617 927 5676 pag.
946 5603 1064 5678 iiii
1113 5604 1400 5678 appendic.
1446 5602 1573 5658 tomi
1602 5618 1639 5657 ll
1688 5602 1977 5678 Ambrosii.
2008 5600 2145 5657 Illud
2254 5602 2321 5678 de
2350 5600 2612 5678 Dignitate
2640 5597 2859 5678 hominis
2885 5593 3235 5678 inscriptum,
3260 5602 3382 5646 esse
3412 5589 3751 5660 potissimum
3775 5600 3852 5642 π

559 5685 763 5748 certum
797 5670 913 5738 ést',
946 5674 1090 5748 haec,
1133 5670 1343 5748 aliaque
1385 5675 1565 5748 hujus
1592 5675 2027 5748 opusculirerba
2056 5690 2150 5748 eo:
2255 5670 2560 5748 Alcbu'vlna
2584 5670 3037 5748 consarcinatum.

567 5727 1605 5821 animum;amisissem
1624 5727 1717 5804 ilio
1738 5727 2045 5817 simas,
2059 5727 2153 5825 qia
2258 5727 2316 5729 'i'
2342 5727 2419 5819 (b)
2449 5743 2507 5800 in
2532 5740 2828 5821 Apotheos.
2852 5737 2955 5797 sub
2973 5735 3127 5799 titulo
3146 5735 3210 5799 de
3233 5741 3423 5805 nm
3446 5731 3651 5804 mna,
3673 5745 3726 5784 νο
3748 5727 3849 5799 εξ.
