4120 6170
337 226 440 283 861

3637 109 3669 120 ,μ

1027 220 1095 280 IN
1132 215 1392 279 κωκυ
1430 213 1653 277 ΕΡΕΤ.
1696 215 1825 274 εει]
1868 214 1912 273 [ὲ

2017 212 2089 273 1L.
2133 211 2609 275 DiSSERTATlO'
2629 211 2971 276 SECUNDA.
3530 213 3633 273 5‘62

337 340 574 399 homine.
608 338 810 396 Tamen
838 353 966 394 num
997 336 1203 409 Angelo
1230 336 1489 405 impressa
1519 336 1586 388 sit
1611 348 1709 398 ea,
1739 332 1807 387 de
1828 346 1930 402 qua
1958 333 2012 393 Α
2036 344 2170 400 quas
2214 329 2375 387 habet
2423 331 2601 386 anima
2646 346 2768 386 cum
2799 329 3065 387 Trinitate
3110 327 3480 391 Sanctissimn.
3529 330 3632 386 Po-

332 435 574 506 agimns.
610 432 707 488 Dei
747 430 927 502 imago
948 472 963 498 ,
1007 428 1199 484 merito
1227 426 1523 483 dubitatur.
1554 423 1728 495 Quid?
1755 423 1928 495 quod,

328 530 380 586 si
400 529 471 585 de
495 526 799 583 :rternitate
825 524 1164 595 disputamus
1184 563 1200 590 ,
1231 537 1339 578 non
1366 535 1431 577 ea
1457 528 1542 577 est
1585 518 1889 591 huiusmodi
1914 559 1929 584 ,

332 631 393 680 ut
418 636 519 692 per
543 634 604 675 se
630 620 744 675 sola
774 617 873 674 Dei
901 616 1137 673 similem
1165 615 1346 671 faciat.
1379 615 1462 669 Att
1489 628 1595 668 non
1626 610 1928 675 materiam,

330 730 437 786 qua
454 725 771 784 empyreum
792 718 1036 775 constat,
1062 716 1323 765 aeternum
1342 706 1651 763 duraturam
1671 702 1933 759 facimus?

327 805 463 876 Quis
488 814 668 861 tarnen
698 803 793 858 Dei
820 802 1057 867 similem
1087 801 1233 857 illam
1261 799 1437 865 dicat,
1467 809 1562 853 aut
1605 796 1698 851 Dei
1744 794 1932 866 imagi-

274 934 279 941 ~
330 913 457 957 nem
505 898 559 953 in
587 911 649 952 ea
684 894 957 950 collocet?
989 893 1274 949 Darmones
1322 890 1457 962 ipsi,
1492 899 1548 945 et
1587 890 1783 944 anima:
1811 902 1932 959 quas

328 994 385 1049 in
412 992 602 1050 inferis
624 990 972 1057 cruciantur,
1013 996 1276 1059 perpetuo
1306 985 1641 1057 perstabant.
1676 984 1758 1038 An
1782 982 1931 1038 simi-

328 1086 408 1142 les
436 1096 725 1155 propterea
746 1082 860 1139 Deo
880 1081 903 1136 ?

398 1176 579 1248 Atque
618 1176 737 1233 haec
764 1171 981 1244 quidem
1012 1172 1126 1241 ipsa
1170 1168 1403 1235 adhibe,
1454 1166 1499 1221 si
1546 1164 1660 1229 vis,
1706 1163 1748 1220 si
1791 1161 1929 1219 forte

326 1271 601 1342 quispiam
643 1267 828 1325 Fausti
857 1265 1174 1338 Regiensis,
1200 1271 1256 1320 et
1282 1260 1493 1317 Maximi
1535 1257 1787 1331 martyris
1828 1272 1924 1312 au-

324 1364 580 1422 ctoritate
606 1362 859 1420 suﬂ‘ultus
883 1361 989 1434 (a),
1014 1375 1164 1427 eam,
1192 1373 1351 1431 quam
1376 1356 1605 1413 dicimus
1622 1394 1640 1423 ,
1671 1352 1763 1408 Dei
1796 1351 1929 1406 ima-

325 1461 509 1531 ginem
538 1457 594 1514 in
626 1455 933 1513 aeternitate
961 1453 1208 1509 collocet.

399 1551 491 1608 56.
538 1549 595 1605 In
621 1549 856 1619 potentia
886 1545 1233 1603 construendi
1254 1541 1671 1612 stabiliendique
1696 1537 1923 1595 mdilicia

323 1642 414 1697 alii
446 1642 818 1697 collocarunt:
860 1653 1088 1708 quorum
1136 1636 1459 1693 sententiam
1493 1643 1548 1690 et
1586 1633 1885 1704 expositam
1906 1672 1922 1700 ,

2034 434 2292 480 stremum
2320 424 2461 493 hoc,
2503 423 2647 494 quod
2691 424 2860 482 fusius
2904 431 3094 481 auctor
3134 424 3222 481 ille
3260 425 3633 497 prosequitur,

2034 513 2226 571 iisdem
2257 516 2438 571 verbis
2479 531 2752 586 exponere
2797 518 3007 588 placet,
3054 516 3248 589 quibus
3290 517 3379 573 ille
3423 526 3640 574 enarrat

2037 603 2176 679 (cap.
2201 604 2295 677 55)
2321 623 2334 660 :
2375 625 2392 663 α
2422 605 2718 674 Quamdam
2749 608 2913 664 etiam
2944 619 3146 666 sancta:
3175 608 3451 666 Trinitatis
3475 608 3638 667 habet

2035 688 2360 768 imaginem:
2386 699 2560 768 primo
2587 700 2639 755 in
2664 715 2729 755 eo
2753 701 2898 771 quod
2925 702 3065 757 sicut
3095 701 3235 758 Deus
3260 711 3373 769 est,
3398 702 3553 768 vivit,
3581 710 3637 759 et

2033 792 2206 862 sapit,
2238 792 2311 847 ita
2339 790 2518 848 anima
2545 794 2842 850 secundum
2876 810 3029 850 suum
3063 797 3281 851 modum
3313 806 3397 852 est
3418 838 3433 862 ,
3465 796 3628 862 vivit,

2032 892 2087 938 et
2126 883 2287 952 sapit.
2321 883 2419 941 Est
2446 899 2661 957 qucque
2692 894 2746 941 ct
2790 887 2888 942 alia
2919 887 3155 946 Trinitas
3196 889 3246 944 in
3278 904 3373 955 ea;
3415 892 3538 961 quia
3567 889 3633 947 ad

2034 975 2317 1046 imaginem
2369 978 2619 1047 perlecta:
2660 979 2908 1049 quidem,
2953 987 3009 1036 et
3050 996 3275 1037 summm
3319 980 3630 1048 Trinitatis,

2032 1083 2152 1136 quae
2179 1078 2260 1123 est
2292 1067 2345 1133 in
2392 1069 2587 1138 Patre,
2618 1066 2673 1126 ἐι
2717 1070 2856 1127 Filio
2876 1113 2889 1134 ,
2921 1082 2977 1128 et
3003 1072 3204 1146 Spiritu
3234 1075 3466 1142 Saneto,
3499 1090 3632 1131 cons

2031 1159 2140 1215 dita
2168 1172 2271 1217 est.
2307 1161 2376 1217 Et
2405 1162 2531 1219 licet
2552 1166 2709 1219 unitts
2738 1166 2807 1221 sit
2848 1175 3051 1223 natura:
3074 1171 3281 1237 anima,
3311 1178 3423 1227 tres
3450 1179 3631 1227 tamen

2032 1253 2084 1309 in
2116 1268 2176 1309 se
2218 1256 2360 1310 vires
2406 1255 2604 1321 habet,
2637 1256 2688 1311 id
2729 1268 2812 1312 est
2854 1257 3184 1314 intellectum
3207 1302 3219 1324 .
3256 1262 3585 1317 voluntatem
3610 1304 3626 1330 ,

2029 1354 2082 1401 et
2126 1347 2485 1413 memoriam;
2539 1348 2680 1417 quod
2728 1348 2869 1405 idem
2898 1391 2914 1417 ,
2964 1351 3089 1407 licet
3144 1350 3265 1407 aliis
3315 1354 3524 1421 verbis,
3576 1355 3630 1411 in

2029 1439 2323 1511 Evangelio
2348 1440 2689 1511 designatur,
2725 1456 2848 1497 cum
2875 1441 3071 1498 dicitur
3096 1460 3108 1496 :
3143 1444 3324 1516 diliges
3354 1442 3630 1502 Dominum

2028 1530 2193 1588 Deum
2225 1541 2366 1586 tuum
2394 1548 2459 1587 ea:
2480 1543 2584 1587 toto
2612 1530 2767 1588 corde
2793 1544 2879 1588 tuo
2900 1576 2915 1600 ,
2944 1543 2989 1589 et
3014 1551 3079 1590 ex
3101 1544 3206 1590 toto
3231 1539 3408 1590 anima
3433 1546 3523 1592 tua
3542 1580 3555 1606 ,
3584 1547 3631 1593 et

2027 1643 2090 1681 ea:
2115 1634 2221 1680 tota
2244 1636 2408 1680 mente
2434 1636 2563 1693 tua;
2595 1624 2646 1681 id
2675 1636 2758 1681 est
2787 1643 2852 1681 ex
2880 1637 2991 1682 toto
3017 1629 3293 1685 intellectu
3326 1637 3416 1685 tuo
3436 1672 3452 1697 ,
3481 1639 3535 1685 et
3561 1646 3626 1686 ex

323 1732 787 1804 descriptamque,
808 1731 1139 1800 etrejectam
1167 1733 1369 1800 pariter
1393 1726 1506 1784 vidi
1526 1725 1595 1782 ad
1628 1726 1768 1781 hunc
1797 1738 1917 1780 mo-
1947 1728 1994 1788 Β
2026 1729 2133 1775 tota
2164 1719 2438 1773 voluntate
2465 1726 2575 1784 tua,
2608 1727 2663 1773 et
2683 1733 2748 1774 ex
2780 1726 2892 1791 tota
2922 1719 3183 1776 memoria
3211 1732 3319 1778 tua.
3351 1720 3483 1776 Nam
3521 1722 3628 1779 sic-

320 1827 455 1883 dttm
501 1827 622 1897 (6):
668 1843 689 1879 ι
724 1824 1085 1896 Reperiuntur
1130 1832 1185 1878 et
1227 1821 1368 1889 alia,
1413 1822 1470 1876 in
1521 1820 1715 1890 quibus
1758 1818 1921 1872 homo

324 1920 496 1978 Deum
541 1919 799 1976 imitatur.
841 1916 1119 1989 Siquidem
1150 1915 1216 1971 ad
1246 1915 1603 1972 imitationem
1633 1910 1730 1968 Dei
1759 1911 1920 1966 Crea-

212 2056 228 2065 .
323 2013 464 2069 toris
509 2013 675 2068 homo
716 2011 985 2067 construit
1029 2008 1254 2075 domos,
1306 2007 1575 2077 parietes,
1629 2004 1917 2069 civitates,

319 2111 547 2174 portus,
589 2117 794 2169 naves,
849 2101 1093 2168 navalia,
1147 2113 1376 2164 currus,
1406 2106 1462 2153 et
1510 2097 1615 2153 alia
1670 2095 1916 2161 inlinita,

317 2194 484 2251 veluti
504 2194 766 2264 imagines
780 2233 805 2260 ,,
819 2202 876 2249 et
905 2193 1103 2264 ﬁguras
1131 2192 1253 2249 οωιὶ
1273 2233 1291 2259 ,
1314 2190 1474 2257 solis,
1508 2188 1679 2255 lunae,
1709 2196 1761 2244 et
1784 2186 1915 2241 stel-

315 2287 531 2353 larum,
557 2288 687 2345 item
729 2286 1004 2342 hominum
1026 2327 1042 2353 ,
1073 2292 1132 2342 et
1170 2283 1483 2340 animalium
1526 2280 1915 2337 irrationalium

317 2383 561 2449 fortnas;
592 2380 799 2438 ittliitita
824 2392 1003 2439 tamen
1028 2379 1187 2436 estin
1210 2379 1419 2434 ratione
1443 2375 1709 2433 condendi
1739 2374 1917 2429 diver-

312 2474 468 2530 sitas.
511 2473 646 2533 Nam
677 2473 823 2530 Deus
859 2470 1101 2529 omnium
1130 2486 1194 2528 ex
1228 2471 1326 2537 iis,
1365 2486 1484 2540 qua:
1529 2479 1686 2534 sunt,
1710 2476 1766 2524 et
1805 2481 1914 2522 non

310 2575 475 2635 sunt,
494 2576 675 2633 creat,
710 2566 869 2637 idque
896 2566 1015 2622 sine
1040 2564 1226 2622 labore
1245 2604 1258 2627 ,
1288 2574 1343 2620 et
1372 2570 1653 2633 tempore:
1686 2561 1808 2632 quia
1836 2560 1914 2614 si-

310 2659 428 2715 mul
454 2669 615 2730 atque
639 2658 895 2724 voluerit,
929 2656 1174 2728 producit
1193 2654 1338 2728 quod
1359 2653 1412 2710 ei
1435 2654 1716 2726 placuerit.
1740 2652 1916 2707 llomo

309 2766 444 2808 vero
473 2752 699 2809 materia
724 2766 859 2821 opus
891 2750 1086 2817 habet,
1117 2748 1321 2821 indiget
1348 2747 1752 2814 instrumentis,
1780 2760 1914 2802 con-

304 2843 436 2899 sitio
454 2884 470 2911 ,
502 2852 778 2914 tempore,
806 2850 863 2899 et
891 2841 1112 2911 labore,
1141 2856 1206 2898 ac
1234 2840 1423 2896 solidis
1448 2840 1652 2896 artibus
1681 2839 1747 2894 ad
1777 2851 1915 2909 opus

303 2936 754 2995 construendum.
800 2934 1080 3009 Siquidem
1128 2934 1459 2991 architectus
1509 2933 1713 3005 indiget
1764 2933 1914 2988 l'ubro

304 3031 529 3098 arario,
558 3030 709 3086 laber
732 3040 914 3089 autem
936 3027 1160 3087 utrarios
1186 3026 1438 3096 metallis,
1466 3037 1521 3085 et
1545 3026 1909 3083 carbonibus:

2027 1826 2083 1871 ut
2112 1831 2181 1872 ex
2224 1818 2381 1874 Patre
2428 1830 2722 1891 generatur
2751 1818 2946 1885 Filius,
2973 1829 3029 1877 et
3054 1836 3125 1876 ex
3159 1820 3348 1888 Patre,
3380 1819 3627 1892 Filioque

2025 1910 2266 1980 procedit
2294 1909 2525 1982 Spiritus
2548 1912 2808 1978 Sanctus,
2838 1914 2909 1969 ita
2936 1928 3004 1969 ex
3025 1912 3305 1969 intellectu
3333 1920 3625 1986 generatur

2024 2005 2305 2074 voluntas,
2339 2019 2393 2062 et
2418 2024 2482 2063 ex
2513 2008 2595 2064 his
2616 2008 2881 2066 ambobus
2914 2007 3157 2078 procedit
3204 2007 3484 2074 memoria,
3519 2009 3623 2065 sic-

2022 2108 2079 2152 ut
2128 2098 2281 2155 facile
2328 2114 2360 2155 a
2405 2101 2649 2173 sapiente
2712 2101 2953 2173 quolibet
3002 2111 3178 2172 potest
3222 2100 3467 2171 intelligi.
3514 2099 3624 2157 Nec

2021 2191 2164 2246 enim
2189 2193 2371 2247 anima
2402 2192 2637 2264 perfecta
2669 2205 2845 2265 potest
2870 2208 2993 2250 esse
3024 2194 3144 2249 sine
3177 2194 3258 2248 bis
3290 2193 3490 2261 tribus,
3522 2206 3623 2249 nec

2023 2284 2212 2341 borum
2243 2286 2401 2342 trium
2432 2288 2647 2359 aliquod
2672 2288 2789 2345 sine
2818 2289 2937 2343 aliis
2967 2287 3179 2344 duobus
3201 2288 3464 2358 integrum
3493 2302 3626 2345 con-

2020 2385 2148 2445 stat,
2179 2388 2438 2448 quantum
2467 2378 2532 2441 ad
2555 2394 2705 2435 suam
2750 2380 2978 2452 pertinet
3011 2378 3396 2436 habitudinem.
3428 2379 3495 2434 Et
3516 2379 3624 2435 sic-

2020 2476 2078 2525 ut
2109 2469 2251 2526 Deus
2289 2470 2479 2539 Pater,
2521 2473 2664 2528 Deus
2690 2471 2890 2538 Filius,
2922 2471 3065 2528 Deus
3095 2471 3327 2544 Spiritus
3355 2471 3618 2537 Sanctus;

2021 2577 2131 2618 non
2160 2573 2339 2620 tamen
2369 2575 2477 2619 tres
2509 2564 2722 2631 Dii,sed
2750 2578 2888 2618 unus
2920 2563 3083 2631 Deus,
3113 2573 3165 2621 ct
3195 2574 3304 2620 tres
3336 2578 3614 2635 personte;

2018 2656 2089 2711 ita
2122 2657 2299 2712 anima
2332 2658 2637 2715 intellectus
2659 2699 2673 2723 ,
2703 2657 2879 2713 anima
2902 2656 3173 2727 voluntas,
3205 2658 3383 2713 anima
3412 2672 3618 2712 memo-

2018 2749 2096 2805 ria
2112 2792 2129 2818 ,
2148 2763 2252 2805 non
2281 2757 2461 2806 tamen
2487 2759 2598 2807 tres
2617 2749 2811 2806 animae
2832 2749 2886 2805 in
2909 2764 3018 2806 uno
3037 2764 3266 2820 corpore
3282 2791 3296 2816 ,
3324 2749 3420 2807 sed
3439 2748 3619 2806 anima

2016 2860 2120 2899 una
2144 2886 2159 2910 ,
2205 2856 2259 2900 et
2286 2853 2393 2901 tres
2423 2845 2587 2902 vires.
2615 2845 2789 2917 Atque
2819 2845 2871 2901 in
2904 2844 2987 2900 bis
3019 2846 3189 2901 tribus
3211 2843 3446 2899 divinam
3478 2844 3614 2899 ima-

2014 2938 2192 3010 ginem
2217 2938 2359 3009 gerit
2380 2938 2696 2994 mirabiliter
2724 2939 2776 2993 in
2805 2952 2903 2994 sua
2940 2948 3130 2993 natura
3172 2946 3357 2997 noster
3393 2935 3618 2992 interior

2018 3028 2179 3091 homo
2200 3071 2217 3096 ,
2259 3037 2313 3086 et
2340 3044 2405 3085 ex
2445 3030 2528 3085 his
2560 3031 2712 3102 quasi
2752 3029 3225 3087 excellentioribus
3262 3031 3460 3088 anima
3487 3031 3616 3087 viri-

301 3123 560 3181 similiter
582 3131 639 3179 et
665 3137 855 3179 omnes
883 3122 973 3193 qui
1004 3123 1150 3194 ligna
1174 3121 1424 3185 cadunt.
1460 3120 1524 3175 iis
1549 3119 1640 3191 qui
1668 3119 1906 3189 plantas,
1936 3122 1981 3186 C
2015 3123 2111 3178 bus
2131 3122 2383 3192 jubemur
2411 3121 2632 3194 diligere
2662 3121 3038 3192 Cenditorem,
3072 3132 3129 3177 ut
3157 3124 3208 3178 in
3238 3131 3494 3191 quantum
3530 3122 3611 3177 in-

300 3228 403 3271 aut
426 3224 625 3271 terram
651 3214 925 3271 excolunt.
942 3214 1127 3285 .Atque
1155 3214 1257 3270 hoc
1283 3220 1440 3285 pacto
1461 3227 1552 3270 ars
1574 3226 1910 3282 unaquaque

300 3307 376 3363 ab
397 3306 518 3363 aliis
547 3305 756 3362 artibus
782 3320 939 3365 usum
971 3319 1156 3367 earum
1190 3312 1463 3361 mutuatur
1488 3322 1501 3358 :
1536 3312 1908 3361 verumtamen

303 3404 504 3467 homo,
552 3401 681 3455 dum
720 3404 791 3455 ita
838 3398 1111 3471 quippiam
1153 3398 1451 3465 construit,
1498 3398 1737 3477 imitatur
1775 3410 1911 3466 quu-

242 3505 250 3510 '
300 3492 599 3549 dammodo
624 3501 926 3549 creatorem
944 3531 962 3559 ,
987 3491 1138 3551 velut
1163 3491 1339 3562 imago
1366 3487 1741 3561 archetypum.
1771 3487 1910 3542 lina-

298 3600 375 3657 go
395 3576 538 3641 enim
560 3585 837 3656 archetypi
862 3585 1086 3654 ﬁguram
1109 3582 1305 3639 habet:
1337 3597 1522 3638 verum
1550 3596 1715 3654 quum
1739 3595 1910 3635 mem-

302 3683 525 3737 brorum
555 3680 790 3751 speciem
828 3678 1025 3735 habent
1045 3718 1061 3742 ,
1090 3678 1329 3734 actiones
1374 3686 1552 3732 tamen
1582 3690 1686 3729 non
1720 3673 1903 3729 habet.

299 3773 468 3831 Caret
494 3772 638 3828 enim
669 3769 885 3835 anima,
919 3784 1014 3842 per
1043 3784 1202 3841 quam
1234 3779 1483 3825 movetur
1511 3781 1729 3839 corpus.
1772 3787 1792 3820 ι

374 3867 469 3922 57.
507 3864 787 3922 Colloeant
829 3864 920 3920 alii
969 3866 1022 3920 in
1066 3862 1418 3920 similitudine
1466 3877 1591 3918 cum
1639 3860 1904 3918 Trinitate

299 3958 684 4015 Sanctissima.
715 3959 786 4013 At
805 3972 969 4031 quum
996 3956 1241 4013 eamdem
1268 3954 1673 4012 similitudinem
1697 3952 1904 4009 studio-

296 4052 420 4109 sius
467 4052 754 4123 designare
803 4051 1176 4119 contendunt,
1228 4049 1561 4121 aliquantum
1614 4045 1900 4103 dissident.

298 4144 560 4203 Nonnulli
585 4142 676 4213 qui
718 4142 1107 4201 Damascenum
1137 4140 1371 4212 allegant
1396 4138 1467 4215 (c)
1498 4140 1681 4211 (quam
1713 4146 1860 4195 recte
1880 4180 1896 4207 ,

294 4236 539 4295 viderint
578 4233 738 4308 alii),
778 4236 914 4295 alias
956 4234 1174 4306 quidem
1220 4234 1457 4289 rationes
1495 4229 1759 4301 alierum,
1803 4230 1901 4288 sed

298 4327 446 4385 hanc
484 4329 719 4397 pariter,
763 4326 907 4399 quod
950 4326 1162 4383 divinas
1206 4324 1581 4397 processiones
1609 4324 1781 4380 Adam
1830 4324 1901 4379 sit

296 4421 582 4479 imitatus:
615 4432 669 4479 et
698 4420 843 4493 quod
871 4421 985 4491 ipse
1029 4434 1137 4477 non
1184 4418 1254 4474 sit
1291 4418 1538 4492 genitus,
1567 4415 1705 4474 Abel
1748 4419 1900 4488 geni-

2014 3214 2303 3285 telligitur,
2331 3215 2611 3285 diligatur,
2638 3228 2693 3271 et
2723 3217 2775 3271 itt
2804 3223 3060 3288 quantum
3088 3214 3328 3288 diligitur
3348 3257 3362 3279 ,
3394 3228 3612 3284 semper

2010 3308 2061 3362 in
2093 3310 2349 3364 memoria
2381 3308 2661 3365 habeatur.
2691 3307 2799 3366 Nec
2829 3308 3003 3368 solum
3031 3308 3229 3365 snfticit
3254 3308 3322 3366 de
3350 3324 3416 3363 eo
3445 3307 3614 3365 intel-

2010 3398 2220 3467 lectus,
2253 3401 2354 3457 nisi
2387 3400 2478 3457 fiat
2520 3401 2572 3455 in
2613 3415 2799 3458 amore
2860 3401 2981 3472 ejus
3022 3400 3291 3458 voluntas.
3352 3401 3463 3456 lmo
3504 3416 3603 3458 nec

2008 3490 2123 3546 hanc
2147 3492 2252 3547 duo
2289 3492 2590 3559 sufﬁciunt,
2627 3495 2725 3548 nisi
2750 3493 3009 3550 memoria
3037 3494 3294 3563 addatur,
3328 3510 3434 3566 qua
3466 3509 3609 3555 sent-

2007 3600 2104 3656 per
2132 3585 2184 3640 in
2208 3597 2387 3642 mente
2417 3586 2789 3658 intelligentis,
2812 3598 2868 3643 et
2886 3588 3159 3658 diligentis
3188 3598 3403 3645 maneat
3429 3591 3602 3647 Deus:

2008 3675 2080 3734 Ut
2121 3676 2260 3733 sicut
2288 3677 2495 3734 nullum
2527 3689 2702 3750 potest
2730 3693 2851 3735 esse
2895 3690 3260 3749 momentum,
3291 3696 3399 3752 quo
3441 3679 3606 3737 homo

2008 3786 2114 3826 non
2143 3782 2355 3839 utatur,
2388 3772 2469 3828 vel
2514 3772 2721 3829 fruatur
2768 3772 2865 3830 Dei
2898 3774 3168 3841 bonitate,
3201 3782 3255 3830 et
3304 3775 3610 3830 misericor-

2006 3864 2127 3935 dia;
2162 3860 2234 3923 ita
2263 3867 2467 3924 nullum
2506 3868 2573 3924 sit
2600 3880 2929 3927 momentum
2957 3910 2971 3935 ,
3003 3884 3110 3941 quo
3151 3878 3471 3940 praesentem
3504 3886 3611 3927 non

2006 3959 2201 4019 habeat
2226 3976 2349 4025 eum
2388 3962 2443 4018 in
2482 3963 2759 4019 memoria.
2790 3961 2857 4018 Et
2888 3961 3010 4018 ideo
3039 3962 3170 4018 mihi
3209 3963 3356 4032 juste
3396 3964 3608 4020 videtur

2009 4054 2213 4111 dictum
2232 4096 2249 4123 ,
2276 4066 2523 4113 nostrum
2549 4056 2859 4113 interiorem
2886 4056 3154 4113 horniuem
3178 4071 3297 4111 esse
3324 4057 3611 4128 imaginem

2004 4144 2121 4202 Dei.
2154 4165 2175 4201 ι
2217 4145 2274 4203 In
2317 4145 2419 4203 hac
2459 4146 2575 4219 ipsa
2631 4156 2900 4219 postrema
2955 4145 3318 4220 descriptione
3361 4148 3610 4218 congruit

2003 4248 2190 4297 auctor
2232 4239 2433 4308 libelli,
2459 4240 2552 4313 qui
2589 4241 2653 4296 de
2690 4240 2948 4313 Dignitate
2986 4240 3210 4298 hominis
3258 4242 3568 4299 inscribitur
3593 4284 3608 4309 ,

2002 4343 2059 4389 et
2107 4332 2400 4405 aliquando
2430 4333 2716 4391 Ambrosio
2760 4334 2928 4407 (quod
2943 4333 3063 4405 jam
3094 4334 3353 4407 diximus)
3380 4335 3613 4390 tributus

2002 4437 2104 4485 est.
2130 4428 2208 4485 De
2227 4428 2381 4500 cuius
2401 4427 2615 4502 quidem
2639 4427 2807 4485 libelli
2831 4436 3050 4486 auctore
3076 4427 3199 4485 vide
3224 4444 3344 4500 qua:
3368 4428 3434 4485 ad
3459 4444 3604 4485 num.

295 4525 421 4587 tus,
451 4514 595 4571 ileva
633 4514 976 4587 processerit.
1019 4513 1224 4572 Auctor
1251 4529 1379 4570 vero
1409 4512 1529 4573 libri
1560 4513 1622 4567 de
1652 4510 1852 4586 Spiritu
1877 4554 1892 4581 ,
1921 4503 1975 4569 D
2001 4521 2075 4579 34
2108 4521 2444 4581 tradidimus.

293 4619 351 4666 et
392 4608 611 4677 Anima,
645 4619 994 4681 quemantea
1035 4608 1196 4665 etiam
1236 4606 1497 4681 allegavi,
1538 4606 1698 4677 paulo
1741 4605 1899 4662 aliter

294 4719 423 4760 rem
454 4704 736 4775 proponit,
765 4709 1054 4774 monetque
1079 4701 1214 4757 duas
1253 4702 1514 4775 imagines
1540 4700 1751 4759 Sanctae
1777 4699 1897 4756 Tri-

290 4794 487 4851 nitatis
518 4808 676 4863 posse
714 4792 769 4849 in
810 4794 986 4849 anima
1017 4791 1388 4848 considerari:
1426 4792 1652 4863 primam
1694 4791 1748 4847 in
1789 4806 1855 4846 eo
1879 4832 1895 4861 ,

287 4885 444 4959 quod
474 4886 614 4943 sicut
647 4886 786 4943 Deus
830 4895 949 4954 est,
982 4886 1143 4953 vivit,
1184 4894 1238 4941 et
1281 4886 1453 4956 sapit,
1494 4887 1563 4941 ita
1605 4885 1781 4941 anima
1814 4899 1901 4941 se-

287 4976 534 5035 cundum
564 4992 723 5035 suum
747 4977 963 5035 modum
985 4988 1097 5043 est,
1127 4977 1252 5032 vivit
1277 5019 1292 5044 ,
1316 4985 1371 5032 et
1399 4977 1556 5057 sapit.
1583 4977 1722 5049 (Qua
1753 4976 1802 5032 in
1840 4992 1898 5031 re

288 5073 553 5130 convenit
589 5087 811 5145 prorsus
852 5082 1039 5127 auctor
1066 5071 1234 5127 libelli
1264 5071 1327 5125 de
1357 5069 1620 5142 Dignitale
1646 5070 1897 5128 conditio-

284 5168 380 5223 nis
408 5166 682 5235 humanm,
712 5165 829 5223 h:rc
865 5166 1280 5237 expressissimo
1318 5165 1556 5223 docens:
1586 5165 1735 5223 Sicut
1755 5163 1899 5223 Deus

282 5270 372 5317 est
391 5301 408 5328 ,
436 5262 585 5327 uiuit,
606 5270 655 5316 et
692 5261 859 5329 sapit,
892 5262 965 5315 ita
988 5261 1160 5315 anima
1185 5258 1464 5315 secundum
1505 5273 1655 5313 suum
1692 5258 1901 5312 modum

281 5362 371 5410 est
391 5394 407 5422 ,
430 5354 551 5410 vivit
566 5395 582 5421 ,
608 5362 653 5411 et
671 5354 852 5425 sapit.)
878 5352 1182 5411 Secundam
1210 5353 1267 5411 in
1288 5353 1451 5411 variis
1470 5351 1864 5415 convenientiis
1878 5393 1896 5423 ,

381 5533 460 5678 (ag
500 5532 646 5604 Lege
672 5531 855 5590 Petav.
889 5532 952 5588 de
983 5532 1125 5615 Opif.
1147 5573 1164 5603 ,
1222 5522 1320 5595 lib.
1348 5546 1420 5601 tt,
1444 5530 1480 5588 2
1500 5575 1516 5599 ,
1548 5529 1638 5590 1‘4.

381 5607 432 5677 (ὁ
477 5604 821 5678 κτιιεοάοιιθι.
876 5616 1068 5676 quaest.
1117 5618 1191 5661 xx
1255 5604 1308 5660 ln
1354 5600 1638 5675 Genesim,

611 5604 821 5661 odoret.
876 5600 1191 5676 quaest.“
1255 5604 1308 5660 ln
1354 5600 1641 5675 Genesim,
1697 5604 1907 5663 Joanne

284 5653 455 5738 Pido’
473 5677 787 5746 interprete.

391 5748 466 5825 (ι)
507 5747 587 5807 Ex
614 5763 679 5805 eo
702 5749 839 5825 libro
856 5790 873 5821 ,
901 5766 1061 5825 quem
1086 5749 1398 5831 inscripsit:
1426 5751 1678 5831 quomodo
1697 5753 1766 5809 ad
1783 5754 1915 5837 inta-

2076 4615 2170 4673 58.
2207 4612 2540 4686 Augustinus
2583 4622 2762 4679 autem
2784 4654 2800 4681 ,
2835 4620 2892 4670 et
2921 4612 3299 4671 Theodoretus
3336 4610 3429 4666 diu
3471 4619 3599 4669 ante

2005 4704 2107 4764 hos
2138 4706 2442 4780 Scriptores
2474 4705 2614 4763 idem
2646 4704 2820 4776 ipsum
2866 4712 3241 4773 argumentum
3275 4716 3613 4773 persequun-

2007 4812 2113 4858 tur.
2145 4802 2201 4859 ιη
2241 4815 2307 4861 eo
2348 4814 2477 4855 vero
2514 4798 2660 4855 illam
2681 4840 2698 4864 ,
2729 4797 2796 4852 de
2835 4813 2938 4869 qua
2986 4798 3196 4867 agimus
3218 4836 3235 4863 ,
3265 4795 3456 4852 aninue
3485 4810 3610 4852 cum

2005 4893 2270 4951 Trinitate
2295 4890 2645 4951 Sanctissima
2674 4889 3081 4947 similitudinem
3104 4889 3338 4947 collocat
3363 4889 3613 4960 Augusti-

2002 5005 2106 5049 nus
2135 4986 2212 5058 (ά)
2236 5028 2252 5053 ,
2280 4993 2340 5040 ut
2385 4984 2578 5042 divinis
2610 4981 2865 5038 Personis
2902 4982 3018 5037 hare
3059 4982 3157 5036 tria
3201 4979 3605 5051 respondeant,

2003 5094 2157 5138 mens
2177 5120 2193 5146 ,
2216 5092 2369 5134 amor
2390 5117 2405 5142 ,
2438 5085 2493 5132 et
2519 5075 2712 5131 notitia
2732 5115 2747 5141 ,
2774 5088 2873 5129 seu
2894 5072 3153 5146 Cognitio.
3177 5072 3274 5130 Vel
3304 5073 3566 5129 memoria
3588 5113 3604 5140 ,

2003 5169 2356 5243 intelligentia
2382 5210 2399 5236 ,
2428 5168 2699 5223 voluntas.

2076 5264 2166 5322 39.
2212 5264 2339 5321 Eam
2358 5304 2374 5330 ,
2403 5261 2472 5320 de
2507 5276 2610 5331 qua
2636 5263 2880 5332 agimus,
2909 5258 3317 5320 similitudinem
3340 5300 3357 5328 ,
3405 5271 3501 5330 per
3527 5257 3605 5312 si—

2005 5356 2363 5417 militudinem
2383 5396 2399 5423 ,
2420 5368 2584 5428 quam
2610 5352 2770 5410 habet
2800 5351 2962 5409 homo
2993 5367 3116 5409 cum
3145 5344 3410 5408 Trinitate
3439 5348 3607 5407 Sanc-

2012 5537 2338 5624 ginsmufgcti
2370 5535 2463 5593 Dei
2499 5554 2696 5595 nimus.
2726 5537 2898 5603 Tomo
2950 5553 2969 5593 ι
3021 5528 3274 5597 editionis
3305 5534 3355 5593 le
3393 5534 3601 5607 Quien,

2359 5697 2413 5737 Ix
2459 5681 2527 5756 de
2561 5680 2788 5746 Trinit.,
2820 5696 2939 5756 cap.
2981 5682 3050 5749 4,
3098 5689 3153 5736 et
3190 5695 3305 5754 seq.
3355 5678 3596 5756 Rursus,

2020 5752 2969 5851 libLsn,etcapitepsstremnlib.
3020 5768 3126 5845 xiv.
3271 5752 3287 5787 ῖ
3510 5756 3515 5763 ’
3592 5762 3598 5767 '
