4120 6170
562 224 672 278 865

1227 221 1296 278 ΙΝ
1334 219 1595 278 [HLARII
1638 217 1859 274 EPIST.
1900 217 2031 275 SEU
2075 193 2296 272 LlBEL.
2346 213 2804 274 DlSSERTATIO
2841 215 3184 273 SECUNDA.

3752 216 3852 270 8‘4

560 337 790 403 tissima,
824 337 1021 406 pariter
1043 335 1276 406 explicat
1300 332 1660 404 Hieronymus
1681 332 1938 387 Arctinus
1964 331 2075 402 (a),
2108 340 2160 386 et
2186 337 2237 392 Α
2267 330 2428 387 habet
2458 331 2646 395 Pater,
2679 342 2964 403 postquam
3012 331 3247 402 Spiritus
3293 331 3522 388 Sanctus
3563 334 3863 404 processit?

563 431 754 488 eadem
798 431 942 496 fere,
975 437 1137 500 atque
1183 426 1546 498 Augustinus,
1600 424 1869 496 proponit.
1914 421 1996 478 En
2038 437 2160 494 quae

561 525 725 582 tradit
755 525 846 580 ille
871 522 963 593 (In
990 539 1144 577 serat.
1179 523 1232 574 in
1273 521 1481 575 Domin.
1513 536 1583 576 xx
1625 531 1745 590 post
1772 516 2108 587 Pentecost.)
2143 533 2156 569 :

565 635 585 671 ι
617 616 750 671 Cum
777 627 956 671 autem
986 614 1120 669 dixit
1145 615 1564 677 similitudinem,
1597 613 1686 669 hic
1715 613 1865 668 addit
1892 623 2120 667 nostram
2143 652 2157 677 ,

558 708 804 764 referens
849 706 1253 762 similitudinem
1301 706 1368 762 ad
1407 705 1768 769 Trinitatem,
1798 694 2052 776 Quoniam
2105 706 2157 760 in

556 800 778 857 homine
823 811 905 856 est
948 799 1200 872 quaedam
1240 799 1540 855 similitudo
1587 799 1868 855 Trinitatis
1902 818 1916 854 :
1958 800 2161 855 creavit

557 909 790 965 namque
828 893 972 949 Deus
1011 895 1110 950 tria
1156 895 1207 950 in
1254 893 1503 961 homine,
1532 892 1882 958 memoriam,
1917 892 2160 947 intellec-

557 998 703 1056 tum,
748 988 1111 1055 voluntatem,
1157 1004 1252 1058 per
1297 1003 1456 1056 quam
1504 1003 1628 1046 cum
1653 986 1918 1042 Trinitate
1965 985 2162 1040 indivi-

555 1081 716 1138 duam
745 1081 1034 1154 quamdam
1079 1081 1240 1137 habet
1267 1080 1700 1137 similitudinem.
1735 1080 1879 1136 Patri
1929 1095 2160 1150 namque

559 1193 654 1247 per
701 1177 1016 1231 memoriam
1067 1175 1443 1231 assimilatur:
1496 1174 1635 1230 Filio
1681 1189 1777 1245 per
1827 1173 2157 1228 intellectum

555 1267 967 1324 conformatur:
1001 1266 1222 1336 Spiritui
1270 1267 1471 1322 Sancto
1516 1281 1612 1335 per
1649 1265 1980 1320 voluntatem
2011 1279 2161 1320 com-

555 1361 854 1431 paginatur.
884 1357 1017 1414 Nam
1049 1359 1187 1413 sicut
1213 1358 1370 1413 Pater
1400 1375 1429 1412 a
1458 1359 1605 1413 nullo
1633 1368 1748 1424 est,
1775 1358 1869 1413 sed
1901 1358 1968 1412 ab
1991 1373 2055 1412 eo
2077 1367 2161 1413 est

556 1452 725 1508 Filius
749 1495 764 1519 ,
793 1454 872 1508 sic
913 1453 1172 1508 memoria
1213 1467 1334 1508 cum
1364 1454 1437 1508 sit
1475 1453 1558 1507 vis
1585 1457 1779 1507 anima:
1798 1494 1812 1518 ,
1839 1468 1869 1505 a
1903 1451 2047 1506 nulla
2070 1467 2160 1506 ea-

555 1563 676 1604 rum
706 1555 823 1613 est,
855 1546 950 1602 sed
998 1547 1066 1600 ab
1096 1561 1160 1602 ea
1189 1556 1274 1602 est
1314 1545 1643 1601 intellectus.
1676 1545 1826 1600 Sicut
1861 1558 1991 1600 vero
2035 1543 2158 1614 Spi-

555 1639 689 1694 ritus
714 1639 942 1695 Sanctus
972 1654 1000 1693 a
1029 1639 1188 1694 Patre
1213 1638 1457 1708 procedit
1477 1681 1490 1702 ,
1522 1650 1577 1694 et
1603 1653 1633 1692 a
1661 1637 1831 1704 Filio;
1863 1638 1941 1691 sic
1965 1638 2158 1692 volun-

2262 424 2430 495 Cujus
2471 423 2684 496 quidem
2731 425 3131 495 processioncm
3185 439 3279 495 per
3321 425 3663 482 eductionem
3707 426 3864 483 llevte

2261 531 2326 573 ex
2356 528 2505 573 costa
2547 515 2740 572 Adatni
2781 516 3007 572 indicari
3041 516 3156 582 vis;
3190 531 3549 589 quamquam,
3577 530 3635 572 ut
3666 528 3858 574 ctetera

2261 610 2505 665 omittam
2524 651 2539 674 ,
2569 609 2796 664 formata
2822 618 2905 665 est
2939 610 3081 664 lleva
3105 624 3172 664 ex
3197 619 3345 664 costa
3373 610 3564 664 Adatni
3589 627 3604 676 ;
3633 610 3864 681 Spiritus

2262 703 2492 760 Sanctus
2520 718 2649 758 vero
2679 705 2940 758 formatus
2969 717 3073 758 non
3102 712 3218 770 est,
3246 703 3340 759 sed
3371 703 3628 760 ineil‘ahili
3662 703 3824 759 modo
3848 747 3862 771 ,

2264 807 2319 852 ct
2346 796 2504 865 plane
2527 795 2707 850 divino
2739 795 2999 865 procedit.
3033 811 3114 855 ιιι.
3145 794 3383 852 Adamus
3414 796 3583 851 filium
3607 796 3775 852 habet
3797 814 3860 853 ex

2262 890 2521 954 muliere,
2556 893 2662 942 non
2694 903 2760 942 ex
2803 903 2862 943 se
2909 896 3137 942 tantum.
3168 887 3252 944 An
3299 887 3349 942 id
3396 889 3651 956 exprimit
3693 888 3864 944 divini

2262 981 2387 1038 Filii
2410 981 2847 1051 generationem?
2870 998 2945 1037 tv.
2976 981 3141 1037 Filios
3165 982 3423 1052 plurimos
3445 980 3633 1037 habuit
3664 980 3862 1051 Adam,

2261 1088 2462 1144 eosque
2489 1085 2541 1129 et
2574 1089 2784 1141 mares,
2815 1085 2870 1129 et
2916 1073 3196 1138 fmininas,
3224 1083 3279 1129 et
3320 1073 3550 1143 probos,
3581 1083 3636 1129 et
3665 1075 3868 1142 impro-

2261 1167 2378 1221 bos.
2407 1166 2489 1222 An
2518 1167 2693 1237 imago
2747 1182 2808 1224 ea
2840 1177 2921 1222 est
2968 1167 3332 1238 generationis
3395 1166 3669 1237 Unigeniti
3721 1169 3866 1224 Dei?

2260 1273 2315 1312 v.
2341 1257 2506 1313 lilium
2535 1257 2723 1314 habuit
2753 1260 2991 1315 Adamus
3012 1275 3077 1314 ex
3110 1259 3275 1325 lieva,
3307 1274 3425 1330 qum
3456 1276 3522 1315 ex
3544 1275 3611 1316 eo
3635 1259 3862 1316 formata

2262 1361 2372 1418 est,
2421 1363 2583 1423 atque
2629 1351 2789 1422 hujus
2833 1353 3050 1422 quidem
3101 1352 3353 1408 formatio
3401 1353 3634 1424 Spiritus
3679 1353 3864 1411 Sancti

2264 1447 2664 1514 processioncm
2696 1446 2921 1502 innuerc
2945 1445 3160 1502 dicitur.
3190 1445 3272 1501 An
3305 1446 3472 1501 filium
3504 1447 3669 1503 habet
3700 1446 3867 1504 Pater

2260 1553 2327 1593 ex
2354 1537 2557 1610 Spiritu
2595 1537 2828 1594 Sancto?
2856 1537 3126 1594 Hactenus
3152 1538 3205 1593 in
3239 1536 3331 1594 filii
3359 1540 3712 1610 generatione
3737 1555 3866 1610 per-

2261 1629 2518 1684 stitimus.

556 1741 638 1786 tas
665 1747 691 1784 a
718 1732 977 1787 memoria
998 1773 1013 1799 ,
1045 1743 1099 1788 et
1125 1732 1434 1788 intellectu:
1463 1732 1564 1787 nisi
1591 1733 1735 1788 enim
1761 1733 2020 1788 memoria
2045 1747 2158 1788 rem
2189 1726 2236 1786 B
2334 1723 2426 1779 41.
2468 1723 2753 1780 Processio
2784 1738 2950 1796 porro
2985 1723 3218 1796 Spiritus
3269 1725 3452 1783 Sancti
3497 1726 3709 1782 felicius
3756 1743 3864 1783 non

557 1823 705 1893 prius
734 1825 1059 1896 attingeret,
1109 1840 1210 1880 nec
1258 1825 1562 1880 intellectus
1603 1840 1722 1881 eam
1763 1834 2015 1895 caperet,
2061 1840 2161 1881 nec

553 1929 672 1970 eam
700 1915 948 1971 voluntas
969 1929 1366 1987 consequenter
1392 1926 1691 1987 appeteret.
1725 1918 1862 1972 Ecce
1884 1916 2160 1988 quomodo

555 2009 725 2065 factus
753 2019 836 2066 est
864 2009 1026 2065 homo
1053 2012 1123 2064 ad
1147 2012 1534 2066 similitudinem
1560 2011 1677 2066 Dei.
1709 2030 1728 2063 ι

624 2101 740 2158 Non
762 2103 1024 2159 absimilis
1041 2113 1126 2160 est
1147 2103 1474 2160 Theodoreti
1496 2105 1792 2170 sententia;
1821 2105 1935 2160 lucc
1963 2105 2161 2174 quippe

558 2195 633 2249 ait
662 2195 879 2266 (Quasi.
899 2213 967 2252 xx
997 2198 1048 2250 in
1073 2195 1309 2252 Genesim
1338 2196 1358 2266 )
1391 2213 1406 2252 :
1431 2196 1638 2252 tHabet
1663 2197 1806 2252 enim
1827 2197 1939 2268 ipsa
1967 2196 2161 2266 (anima

553 2286 802 2358 humana)
837 2288 1141 2345 facultatem
1172 2289 1492 2346 rationalem
1515 2329 1528 2355 ,
1557 2300 1613 2346 et
1642 2290 1856 2346 vitalem
1901 2291 1952 2344 itt
1980 2304 2040 2345 se
2066 2308 2079 2342 :
2107 2303 2161 2344 et

556 2394 711 2434 mens
739 2379 955 2448 quidem
997 2380 1246 2450 producit
1288 2395 1631 2449 sermonem,
1661 2381 1936 2437 concurrit
1978 2390 2159 2435 autem

561 2485 684 2527 cum
714 2487 963 2529 sermone
993 2474 1236 2545 spiritus,
1254 2489 1362 2530 non
1392 2484 1682 2545 generatus
1711 2475 2160 2545 quidem,quem-

552 2567 840 2624 admodum
892 2584 1106 2636 sermo,
1163 2571 1257 2625 sed
1292 2583 1553 2640 perpetuo
1582 2584 1926 2641 consequens
1952 2582 2160 2626 sermo-

553 2675 677 2716 nem
700 2703 714 2724 ,
743 2671 798 2716 et
825 2675 947 2716 eum
976 2676 1076 2730 eo,
1107 2661 1236 2717 dum
1276 2661 1488 2736 editur,
1515 2676 1868 2718 concurrens.
1921 2681 1940 2714 ι

625 2751 993 2807 Demascenus
1031 2767 1196 2822 porro
1238 2753 1394 2808 aliam
1433 2753 1636 2808 invenit
1683 2753 1822 2806 inter
1867 2752 2156 2807 humanam

552 2844 785 2898 animam
803 2887 817 2911 ,
842 2855 897 2899 et
921 2846 1236 2901 Trinitatem
1261 2845 1666 2901 Sanctissimam
1690 2845 2119 2901 convenientiam
2145 2861 2157 2898 :

552 2952 605 2994 et
637 2939 750 2993 haec
777 2950 857 2994 εει
879 2937 1054 3009 (Orat.
1072 2956 1130 2996 ιιι
1149 2938 1216 2994 de
1254 2938 1504 3009 lmagin.,
1527 2956 1578 2991 ιι.
1598 2938 1692 3010 20)
1714 2957 1726 2992 :
1749 2957 1767 2991 ι
1788 2938 1954 2995 Sicuti
1978 2939 2155 3003 Pater,

553 3031 643 3101 qui
677 3041 757 3086 est
797 3049 979 3101 mens,
1011 3043 1064 3090 et
1091 3032 1260 3088 Filius
1288 3032 1558 3099 Verbum,
1583 3043 1638 3088 et
1663 3033 1898 3104 Spiritus
1928 3033 2159 3089 Sanetus

2261 1817 2581 1887 exprimitur
2609 1833 2704 1887 per
2732 1818 3133 1887 processioncm
3154 1859 3168 1884 ,
3199 1832 3296 1873 seu
3322 1818 3730 1888 productionem
3762 1820 3870 1875 He-

2262 1924 2344 1961 v:e
2372 1923 2438 1964 ex
2489 1907 2684 1964 Adami
2713 1919 2882 1965 costa.
2914 1909 3129 1965 Etenim
3154 1952 3170 1976 ,
3200 1919 3258 1966 ut
3297 1910 3348 1966 id
3393 1914 3638 1966 omittam
3658 1955 3674 1976 ,
3719 1913 3867 1982 quod

2261 2012 2386 2056 ante
2424 2001 2493 2056 de
2519 2001 2708 2057 eadem
2738 2002 3088 2071 processione
3113 2001 3227 2057 dixi
3249 2044 3264 2066 ,
3300 2017 3430 2058 sane
3461 2004 3698 2074 Spiritus
3723 2004 3867 2061 San-

2261 2103 2383 2148 ctus
2422 2108 2520 2166 per
2561 2094 2912 2164 spirationem
2945 2094 3219 2164 procedit,
3247 2109 3350 2150 nec
3390 2109 3457 2150 ex
3498 2097 3620 2150 solo
3666 2095 3866 2164 Patre,

2265 2202 2450 2242 verum
2481 2187 2641 2242 ctiam
2671 2202 2738 2241 ex
2763 2185 2906 2242 Filio
2934 2187 3215 2257 procedit,
3248 2198 3411 2256 atque
3434 2204 3501 2242 ex
3549 2203 3738 2245 amore
3767 2190 3868 2244 Pa-

2265 2281 2360 2335 tris
2384 2321 2398 2346 ,
2426 2290 2480 2335 et
2519 2278 2642 2335 Filii
2697 2279 2959 2344 procedit.
2993 2280 3074 2335 An
3117 2278 3234 2336 haec
3276 2280 3720 2345 similitudinem,
3769 2298 3869 2339 seu

2263 2375 2547 2446 imaginem
2577 2376 2810 2447 aliquam
2839 2376 2892 2431 in
2923 2377 3304 2445 proeessione,
3336 2390 3433 2431 seu
3463 2377 3640 2446 potius
3667 2377 3719 2432 in
3754 2377 3868 2432 for-

2262 2469 2500 2524 matione
2521 2466 2684 2524 Hevte
2712 2483 2776 2523 ex
2803 2480 2952 2524 cosm
2977 2468 3167 2524 Atlami
3200 2468 3439 2524 habent?
3463 2467 3864 2543 Restatitaque

2263 2561 2426 2632 (quod
2452 2561 2566 2632 jam
2594 2561 2726 2634 dixi)
2752 2572 2811 2617 ut
2837 2563 3085 2619 latissime
3107 2563 3436 2634 accipiatur,
3485 2579 3593 2618 non
3636 2565 3871 2634 rigorose

2262 2651 2590 2721 similitudo,
2621 2664 2783 2726 atque
2815 2657 2991 2726 imago
3020 2656 3110 2712 illa
3139 2655 3448 2722 Trinitatis,
3478 2671 3641 2726 quam
3667 2673 3721 2711 ιι.
3751 2657 3856 2720 '57,

2264 2761 2329 2800 ex
2357 2747 2532 2802 aliena
2561 2749 2826 2804 sententia
2854 2747 3260 2818 descripsimus.
3288 2747 3476 2820 Neque
3504 2764 3639 2805 vero
3669 2751 3791 2804 hare
3816 2750 3868 2805 in

2264 2845 2628 2912 Damasceno,
2660 2861 2817 2916 quem
2847 2848 2899 2900 in
2946 2846 3087 2901 hanc
3112 2845 3527 2918 explicationem
3573 2845 3867 2918 allegatum

2263 2936 2410 3004 vidi,
2440 2952 2696 3006 expresse
2721 2937 2949 2993 invenis.
2976 2935 3115 2992 Num
3148 2938 3199 2992 id
3227 2954 3295 2994 ex
3338 2954 3406 2992 eo
3443 2937 3572 3003 flat,
3601 2939 3748 3010 quod
3779 2955 3870 2994 co-

2264 3029 2411 3086 dices
2453 3031 2589 3086 alios
2615 3032 2683 3086 ab
2729 3031 2823 3096 iis,
2854 3047 2990 3102 quos
3023 3032 3206 3088 habuit
3238 3032 3288 3087 le
3331 3032 3540 3102 Quien,
3570 3034 3724 3105 cujus
3757 3036 3870 3090 edi-

556 3139 693 3179 unus
725 3126 859 3182 Deus
887 3135 1049 3183 sunt:
1081 3127 1159 3182 sic
1186 3141 1340 3181 mens
1371 3127 1593 3181 verbum
1618 3167 1632 3190 ,
1688 3135 1742 3180 et
1771 3126 2000 3195 Spiritus
2021 3141 2160 3181 unus
2185 3118 2231 3182 C
2266 3123 2412 3180 tione
2439 3132 2594 3191 utor,
2623 3124 2869 3180 diversos
2900 3125 2934 3180 ii
2962 3127 3167 3193 citent,
3201 3128 3385 3182 nescio
3413 3143 3427 3180 :
3461 3125 3568 3182 Sed
3603 3127 3721 3182 lure
3749 3137 3868 3182 tan-

469 3257 474 3261 ς
553 3217 737 3274 Ιιοιιιο.
775 3237 794 3270 ι
827 3220 1004 3289 Atque
1033 3219 1147 3272 lnee
1199 3217 1438 3290 quidem,
1480 3231 1620 3288 qua),
1668 3216 1742 3271 uti
1796 3218 2006 3278 notavi.
2055 3219 2153 3273 de-

553 3319 842 3365 sumuntur
893 3327 961 3365 ex
1010 3311 1253 3364 oratione
1319 3324 1374 3363 ιιι
1431 3309 1496 3362 de
1541 3307 1896 3380 Imaginibus,
1933 3308 2045 3366 fere
2071 3327 2157 3366 re-

554 3412 811 3473 petuntur
861 3404 912 3456 in
961 3402 1236 3473 Opuseulo
1291 3403 1550 3474 inscripto
1597 3419 1610 3456 :
1672 3402 1938 3472 Quomodo
1983 3403 2156 3474 imago

553 3491 652 3548 Dei
679 3494 937 3563 impressa
963 3493 1028 3550 sit
1058 3492 1274 3550 homini.
1654 3564 1657 3568 ,

622 3584 714 3642 40.
750 3588 829 3642 An
861 3585 977 3642 hmc
1006 3586 1246 3657 rigorose
1271 3587 1567 3643 sumimus?
1595 3586 1736 3643 Nihil
1771 3588 1967 3643 minus.
1997 3587 2152 3643 Enim

551 3694 680 3736 vero
699 3681 742 3735 si
765 3681 989 3750 primam
1009 3681 1420 3751 explicationem
1447 3681 1778 3751 inquisitioni
1801 3681 2116 3751 subjicimus
2135 3723 2148 3747 ,

549 3773 728 3842 aliqua
757 3783 1085 3839 occurrunt,
1129 3791 1249 3844 qua:
1291 3775 1596 3831 diﬂicultati
1638 3791 1745 3830 non
1767 3776 1868 3832 levi
1896 3777 2149 3832 subsunt.

551 3866 800 3922 Profecto
819 3884 1171 3938 quaecumque
1194 3883 1260 3924 ea
1283 3870 1440 3924 fuerit
1463 3912 1476 3933 ,
1501 3871 1616 3924 sive
1639 3873 1836 3940 imago.
1861 3870 1978 3926 sive
2003 3871 2152 3925 simi-

554 3959 757 4028 litudo,
786 3960 900 4016 sive
949 3970 1234 4032 utrumque
1280 3961 1501 4026 horum,
1537 3977 1644 4016 non
1669 3975 1732 4015 ea
1757 3956 1887 4017 erat
1910 3961 2150 4017 desitura

553 4052 606 4106 in
635 4053 870 4118 Adanto,
898 4053 993 4108 sed
1024 4053 1090 4108 ad
1123 4053 1268 4108 illius
1293 4063 1538 4124 posteros
1581 4054 1956 4122 producenda,
1989 4053 2036 4108 si
2066 4054 2148 4108 itt-

554 4157 755 4199 nocens
781 4143 1125 4214 perstitisset.
1159 4145 1272 4199 Non
1304 4159 1434 4215 ergo
1462 4145 1514 4199 in
1545 4161 1612 4200 eo
1633 4144 1890 4200 collocari
1935 4145 2027 4199 illa
2057 4158 2153 4214 po-

549 4234 704 4300 terit,
735 4235 877 4307 quod
905 4238 1018 4306 ipse
1043 4252 1149 4292 non
1181 4239 1249 4293 sit
1277 4239 1510 4309 genitus.
1541 4237 1696 4306 Quod
1716 4237 1765 4294 si
1795 4239 2038 4309 rigorose
2061 4253 2152 4293 su-

551 4327 750 4382 mimus
796 4345 992 4385 nomen
1033 4331 1278 4401 genitus,
1323 4334 1445 4404 quis
1489 4332 1727 4403 genitum
1779 4348 1810 4389 a
1853 4334 1967 4388 Deo
2009 4331 2152 4389 dicet

549 4419 857 4477 Adatnum?
882 4421 1130 4478 Profecto
1161 4441 1262 4479 vox
1295 4425 1384 4479 illa
1414 4417 1656 4496 rigorosc
1680 4437 1890 4496 sumpta
1915 4427 2150 4482 consub-

2262 3229 2372 3274 tutn
2402 3220 2455 3274 in
2483 3234 2551 3275 eo
2584 3220 2868 3289 leguntur,
2901 3234 3020 3291 quae
3047 3220 3279 3275 recitare
3310 3219 3394 3274 hic
3425 3219 3558 3275 libet
3582 3218 3677 3287 (Et
3709 3219 3860 3276 Orat.

2259 3329 2316 3368 ιιι
2343 3313 2409 3368 de
2441 3313 2662 3384 lmagin.
2695 3331 2747 3368 n.
2777 3314 2871 3384 20)
2898 3331 2910 3366 :
2947 3332 2966 3367 ‹
2995 3312 3239 3370 Tertium
3267 3328 3437 3384 genus
3469 3312 3764 3384 imaginum
3789 3327 3870 3368 est

2247 3403 2448 3463 eorum
2475 3449 2490 3472 ,
2518 3422 2638 3478 qua
2669 3422 2766 3479 per
2794 3407 3151 3462 imitationem
3179 3422 3208 3459 a
3239 3407 3348 3461 Deo
3381 3405 3517 3460 facta
3543 3417 3668 3460 sunt
3696 3423 3710 3458 :
3743 3417 3869 3474 puta

2259 3497 2518 3554 homo....
2550 3498 2679 3553 Nam
2707 3499 2868 3554 veluti
2898 3498 3093 3564 Pater,
3131 3499 3222 3569 qui
3271 3512 3424 3552 mens
3463 3508 3574 3562 est,
3601 3507 3654 3552 et
3691 3497 3871 3553 Filius

2243 3587 2388 3648 item
2417 3592 2641 3648 verbum
2667 3634 2680 3657 ,
2714 3600 2768 3647 et
2814 3591 3048 3663 Spiritus
3075 3591 3309 3648 Sanctus
3338 3607 3475 3645 unus
3512 3589 3659 3645 Deus
3700 3601 3866 3655 sunt;

2257 3685 2336 3740 sic
2365 3701 2517 3740 mens
2538 3728 2551 3751 ,
2581 3685 2804 3740 verbum
2825 3728 2839 3750 ,
2871 3694 2926 3740 et
2951 3684 3175 3754 Spiritus
3203 3698 3343 3738 unus
3366 3683 3528 3737 homo
3552 3691 3699 3738 sunt.
3724 3683 3866 3738 Tum

2257 3779 2421 3834 etiam
2456 3788 2681 3847 propter
2723 3777 2933 3832 arbitrii
2963 3776 3298 3839 libertatem,
3331 3783 3386 3830 et
3431 3772 3732 3844 imperandi
3765 3791 3867 3829 au-

2257 3870 2563 3927 ctoritatem
2590 3869 2756 3924 Detnn
2786 3868 3024 3923 imitatur
3053 3885 3068 3924 :
3096 3867 3169 3922 ait
3199 3866 3396 3937 quippe
3417 3884 3428 3919 :
3449 3865 3736 3921 Faciamus
3770 3865 3870 3920 lto-

2259 3973 2457 4026 tninem
2479 3971 2544 4025 ad
2563 3971 2874 4041 imaginem,
2898 3978 2953 4023 et
2981 3967 3388 4022 similitudinem
3422 3977 3663 4020 nostram
3690 3982 3705 4020 :
3734 3965 3871 4017 sub-

2250 4063 2443 4134 ‘ditque
2476 4081 2487 4116 :
2517 4063 2581 4117 Et
2608 4061 2960 4116 dominamini
2985 4061 3220 4130 piscibus
3250 4059 3437 4125 maris,
3461 4077 3480 4110 ι
3512 4068 3617 4113 etc.
3649 4058 3707 4112 In
3733 4071 3870 4126 Opu-

2255 4157 2408 4214 scul'o
2437 4172 2598 4224 vero,
2629 4139 2770 4227 quod
2802 4156 3078 4226 inscripsit
3115 4173 3127 4210 :
3161 4153 3418 4224 quomodo
3467 4153 3534 4205 ad
3584 4152 3868 4222 imaginem

2256 4248 2352 4304 Dei
2373 4249 2525 4303 homo
2568 4250 2670 4317 sit,
2715 4261 2962 4319 magnam
3009 4255 3215 4318 partem
3243 4259 3432 4300 eorum
3472 4241 3707 4313 repetit,
3737 4257 3870 4314 qua:

2255 4341 2420 4398 modo
2445 4342 2720 4409 attulimus
2744 4383 2757 4406 ,
2787 4351 2900 4395 tum
2926 4341 3042 4395 haec
3066 4337 3280 4406 subjicit
3310 4334 3471 4410 (Pag.
3519 4333 3626 4392 575
3667 4337 3801 4389 toms'
3853 4350 3870 4389 t

2253 4437 2378 4491 edit.
2413 4433 2622 4507 Venet.)
2650 4452 2662 4488 :
2686 4454 2705 4488 ‹
2731 4433 2956 4504 Quando
2973 4421 3042 4488 de
3066 4432 3180 4487 Deo
3205 4445 3384 4487 sermo
3409 4439 3513 4493 est,
3543 4443 3680 4483 unus
3710 4427 3873 4483 Deus

552 4517 862 4572 Stantialetn
920 4517 1140 4572 indicat.
1166 4518 1249 4574 An
1279 4521 1753 4575 consubstantialis
1776 4520 1886 4574 Deo
1909 4519 2148 4575 Adatnus
2177 4515 2227 4575 D
2253 4526 2592 4592 celebratur,
2615 4535 2669 4581 ct
2719 4525 2974 4580 adorator
2999 4525 3051 4579 in
3081 4523 3251 4578 tribus
3276 4521 3656 4594 hypostasihus
3676 4561 3692 4585 ,
3724 4535 3875 4576 nna-

549 4612 671 4666 est?
697 4611 778 4666 Ad
811 4611 963 4667 haec:
1001 4613 1046 4666 si
1073 4613 1305 4668 animam
1336 4626 1551 4684 spectas
1572 4656 1587 4681 ,
1617 4629 1647 4669 a
1679 4615 1789 4670 Deo
1820 4625 2034 4671 creatus
2061 4615 2144 4672 di:

548 4706 689 4760 citur
721 4705 886 4762 Adam
910 4747 925 4770 ,
956 4721 1062 4760 non
1089 4708 1306 4778 genitus
1333 4725 1345 4760 :
1374 4710 1418 4763 si
1445 4721 1575 4764 vero
1602 4723 1798 4778 corpus
1821 4751 1834 4774 ,
1864 4723 1969 4763 non
1999 4709 2147 4779 geni-

554 4809 639 4854 tus
663 4842 677 4864 ,
710 4799 804 4854 sed
837 4801 1095 4856 formatus
1139 4800 1376 4858 Adantus
1405 4801 1636 4868 dicitur,
1687 4803 1886 4874 quippe
1926 4818 1994 4858 ex
2025 4819 2149 4860 cor-

549 4909 680 4964 pore
704 4904 950 4960 constat,
981 4912 1089 4964 quo
1122 4912 1227 4952 non
1271 4907 1484 4952 constat
1530 4897 1672 4952 Deus
1693 4939 1707 4963 ,
1737 4898 1959 4968 ipsaque
2002 4895 2147 4951 illius

548 4988 728 5044 anima
770 4988 994 5058 spiritus
1017 4997 1102 5045 est
1131 4989 1243 5044 Deo
1272 4989 1428 5061 longe
1477 4989 1729 5055 inferior,
1781 4999 1965 5059 utpote
1995 5004 2146 5044 crea-

549 5094 667 5149 tus,
697 5093 753 5139 et
778 5084 1050 5139 mutabilis
1070 5125 1086 5152 ,
1117 5095 1173 5139 et
1197 5101 1226 5138 a
1253 5085 1432 5139 divina
1473 5084 1771 5140 substantia
1813 5083 2020 5139 infinito
2065 5084 2147 5137 iu-

550 5174 773 5230 tchaIIo
799 5175 1028 5230 distans.
1061 5178 1140 5229 An
1171 5177 1350 5246 itaque
1390 5177 1632 5232 Adamus
1661 5178 1825 5231 divini
1861 5176 2023 5232 Verbi
2049 5192 2143 5248 ge-

549 5268 882 5323 nerationem
913 5268 1202 5338 exprimit?
1228 5269 1395 5336 Quam
1425 5271 1469 5322 si
1514 5279 1695 5324 tamen
1723 5269 1944 5324 omnino
1969 5270 2146 5326 adhuc

549 5361 630 5416 vis
655 5359 959 5430 exprimere
978 5401 992 5426 ,
1021 5359 1301 5427 advertas,
1333 5362 1587 5429 obsecro,
1620 5377 1779 5433 quam
1811 5363 2032 5434 pulchre
2053 5379 2147 5419 ex-

545 5455 765 5525 primat.
799 5455 880 5510 An
911 5469 1017 5516 non
1066 5453 1264 5532 Filium
1315 5453 1552 5530 Adamns
1598 5454 1813 5523 habuit,
1865 5465 2144 5527 postquam

547 5561 616 5604 ex
661 5548 806 5604 illius
853 5557 1005 5605 costa
1051 5547 1278 5605 formata
1317 5556 1402 5605 est
1451 5547 1742 5604 l-teva‘IAn
1777 5563 1907 5605 vero
1951 5547 2146 5605 Filium

613 5735 692 5806 (ai
731 5733 865 5796 Vide
887 5750 1012 5808 quae
1036 5735 1106 5792 de
1131 5748 1198 5794 eo
1221 5733 1459 5794 diximus
1484 5731 1554 5793 ad
1578 5747 1728 5794 num.
1765 5733 1856 5793 H'.

2250 4636 2356 4692 que
2377 4619 2552 4676 deitas
2574 4662 2589 4687 ,
2624 4635 2729 4675 una
2756 4628 2944 4674 natura
2967 4660 2984 4687 ,
3013 4633 3118 4674 una
3141 4619 3222 4673 vis
3239 4663 3252 4685 ,
3284 4625 3339 4673 et
3365 4615 3598 4687 potentia
3620 4657 3636 4680 ,
3668 4615 3878 4670 volun-

2254 4724 2336 4769 tas
2365 4729 2471 4768 una
2499 4732 2511 4767 :
2549 4725 2658 4768 tres
2687 4727 2937 4783 personae
2959 4753 2973 4776 ,
3003 4722 3058 4767 et
3089 4721 3199 4767 tres
3224 4711 3571 4782 hypostases,
3603 4723 3878 4779 unaquse-

2250 4822 2354 4878 que
2381 4823 2501 4862 Ctltll
2533 4823 2627 4862 sua
2662 4807 3010 4878 proprietate.
3044 4804 3176 4862 Nam
3224 4805 3526 4875 proprietas
3550 4803 3725 4858 Patris
3778 4813 3872 4860 est

2251 4896 2694 4957 innascibilitas:
2741 4901 3039 4971 proprietas
3087 4897 3237 4962 Filii,
3288 4898 3582 4953 nativitas:
3626 4906 3683 4952 et
3730 4913 3874 4966 pro-

2253 4995 2452 5065 prietas
2481 4994 2748 5066 Spiritus,
2790 4992 3084 5063 processio.
3133 4989 3277 5046 Deus
3303 4999 3386 5045 est
3413 4989 3572 5045 Pater
3594 5031 3608 5054 ,
3641 4989 3738 5059 qui
3768 5003 3869 5044 ca-

2247 5079 2337 5144 ret
2367 5087 2518 5142 initio
2545 5106 2558 5141 :
2592 5089 2736 5143 Deus
2768 5095 2850 5142 est
2881 5085 3081 5152 Filius,
3115 5085 3206 5155 qui
3233 5083 3460 5156 perinde
3506 5081 3721 5137 initium
3753 5099 3873 5137 non

2253 5180 2476 5246 habuit,
2508 5180 2806 5250 quamlibet
2835 5179 2907 5233 sit
2949 5193 3013 5234 ex
3041 5177 3200 5234 Patre
3235 5196 3248 5232 :
3282 5177 3425 5232 Deus
3457 5173 3690 5244 Spiritus
3715 5173 3872 5230 Sano

2248 5283 2400 5335 etus.
2433 5274 2713 5344 utriusque
2740 5282 3076 5337 ceteternus,
3127 5273 3396 5341 simulque
3444 5269 3585 5324 initii
3615 5283 3828 5338 expers
3855 5287 3868 5322 :

2252 5381 2320 5423 ex
2349 5365 2506 5420 Patre
2548 5365 2800 5435 prodiens
2823 5408 2839 5433 ,
2873 5379 2978 5419 non
3010 5362 3132 5418 Filii
3180 5377 3360 5428 more,
3394 5371 3447 5415 ut
3489 5361 3705 5430 genitus
3746 5360 3822 5415 sit
3853 5402 3870 5426 ,

2251 5458 2330 5514 ttti
2357 5457 2562 5523 Filius,
2605 5457 2702 5514 sed
2745 5457 3109 5534 processione.
3146 5454 3324 5512 Unum
3357 5454 3458 5510 tria
3488 5462 3573 5509 est
3608 5452 3825 5509 deitate
3849 5497 3864 5519 ,

2251 5550 2416 5622 inque
2443 5551 2611 5608 tribus
2635 5549 3042 5623 hypostasihtts.
3077 5567 3097 5601 ι
