4120 6170
289 310 400 366 835

979 305 1046 363 IN
1085 303 1347 363 HlLARIl
1386 301 1604 361 EPIST.
1648 300 1781 360 SEU
1819 297 2041 359 LIBEL.
2087 296 2538 356 DISSERTATIO
2574 294 2912 356 SECUNDA.

3490 293 3599 352 866

365 425 456 479 4-2.
500 423 639 478 Alia:
667 420 1086 494 explicationes.
1117 436 1253 494 quas
1279 421 1523 492 praebent
1550 428 1742 477 auctor
1771 417 1895 474 libri
1925 424 1975 482 Α
2008 436 2029 470 ι
2057 417 2174 473 Non
2207 427 2292 473 est
2332 431 2465 488 ergo
2489 416 2557 472 ad
2602 416 2890 486 imaginem
2924 411 3040 475 Dei.
3072 412 3252 483 inqua
3277 411 3418 467 Deus
3448 426 3598 467 sem-

294 517 358 571 de
389 515 593 586 Spiritu
617 522 663 569 et
692 513 903 578 Anima,
930 520 1121 568 auctor
1141 528 1354 584 quoque
1373 512 1541 569 libelli
1558 512 1623 566 de
1638 510 1901 582 Dignitate

292 607 603 664 conditionis
630 605 893 671 humanm,
915 604 1268 676 Augustinus,
1302 619 1366 660 ac
1392 601 1785 669 'l‘heodoretus,
1819 616 1898 656 eae

292 700 474 756 minus
488 697 612 753 lata:
626 697 899 762 videntur,
919 703 972 751 et
986 695 1161 765 excipi
1177 692 1465 750 commode
1483 702 1727 765 possunt,
1743 692 1902 748 dum-

294 790 460 849 modo
472 790 651 862 primo
666 788 733 843 ad
758 787 1032 844 hominem
1049 787 1274 842 minime
1294 796 1563 854 coarctes,
1582 784 1677 842 sed
1694 784 1899 856 Angelo

292 897 615 941 communes
627 881 789 937 facias
806 899 820 937 :
835 879 1073 938 secundo
1087 879 1303 937 fatearis
1320 879 1728 951 processionum
1752 879 1900 935 ordi-

295 994 423 1036 nem
450 977 708 1035 minutius
747 987 1023 1033 servatura
1058 974 1280 1031 minime
1321 976 1490 1033 fuisse
1541 975 1838 1048 aliquando
1868 991 1899 1030 a

297 1069 735 1143 prteclarissimis
782 1071 866 1126 his
910 1068 1250 1126 doctoribus.
1296 1068 1503 1137 Tertio,
1560 1084 1625 1126 ex
1661 1068 1897 1134 duabus,

296 1180 435 1236 quas
463 1163 850 1235 explicavimus
880 1177 948 1218 ex
983 1162 1304 1236 Augustino,
1335 1170 1393 1218 et
1420 1160 1786 1226 Theodoreto,
1828 1164 1902 1215 si-

298 1253 718 1319 militudinibus.
751 1252 933 1309 minus
958 1253 1121 1308 latam
1148 1267 1269 1309 esse
1291 1268 1432 1318 eam,
1463 1269 1584 1322 quae
1613 1254 1665 1307 in
1695 1262 1897 1317 mente,

298 1346 514 1415 notitia,
547 1357 603 1403 et
627 1362 836 1413 amore,
876 1362 1040 1418 quam
1062 1362 1183 1418 qua:
1211 1346 1265 1401 in
1304 1345 1680 1417 intelligentia,
1706 1345 1901 1401 volun-

296 1450 433 1507 tate,
465 1451 521 1497 et
549 1456 736 1497 amore
774 1439 1091 1504 collocatur,
1116 1439 1282 1494 autin
1308 1438 1458 1494 affini
1502 1438 1630 1493 alio.
1671 1438 1732 1493 Et
1771 1452 1904 1494 sane

303 1533 686 1589 Theodoretus
721 1532 838 1603 ipse
860 1533 927 1588 de
966 1532 1077 1596 illa,
1112 1546 1272 1602 quam
1301 1546 1450 1586 num.
1481 1530 1551 1586 38
1592 1528 1899 1595 attulimus,

297 1625 561 1695 opinione
582 1623 847 1696 judicium
875 1623 977 1679 hoc
1003 1622 1246 1695 profert:
1278 1641 1297 1675 ε
1331 1622 1441 1680 Sed
1472 1622 1780 1693 huiusmodi
1804 1622 1902 1677 atl-

295 1729 431 1775 sunt
450 1718 653 1775 homini
676 1730 929 1790 tanquam
954 1717 1169 1787 imagini
1193 1734 1206 1771 :
1236 1732 1395 1788 quam
1423 1716 1494 1771 ob
1521 1730 1634 1771 rem
1664 1730 1766 1771 nec
1790 1729 1907 1771 ser-

2002 526 2100 583 per
2120 510 2250 569 est?
2277 510 2372 567 sed
2407 510 2555 575 audi,
2588 510 2713 580 quia
2755 509 2821 563 ad
2854 508 3142 579 imaginem
3174 516 3257 563 est
3303 505 3397 561 Dei
3424 522 3437 559 :
3468 503 3601 560 dicit

2002 605 2147 662 enim
2198 602 2490 673 Apostolus
2518 600 2598 673 (ll
2630 599 2865 657 Corinth.
2921 614 3003 667 tu,
3055 594 3204 668 18):
3256 598 3365 653 Nos
3416 597 3599 666 itaque

2000 711 2191 752 omnes
2243 695 2477 751 revelata
2528 692 2666 750 facie
2710 691 2937 763 gloriam
2991 691 3082 745 Dei
3129 689 3501 762 speculantes,
3530 686 3599 743 ad

2001 788 2248 846 eamdem
2294 787 2587 859 imaginem
2622 785 2992 841 reformamur
3020 780 3236 855 agloria
3266 781 3321 837 in
3343 780 3595 854 gloriam,

2001 884 2141 939 sicut
2168 898 2197 936 a
2221 881 2435 938 Domini
2466 880 2682 954 spiritu.
2714 900 2734 935 ι

2070 975 2162 1033 45.
2208 977 2318 1049 Ego
2350 991 2512 1046 porro
2537 974 2763 1031 minime
2779 988 2973 1053 vereor
2989 972 3168 1037 fateri,
3193 971 3249 1028 in
3270 969 3602 1027 beatitudine

2001 1067 2256 1125 collocari
2280 1082 2441 1140 posse
2471 1066 2759 1139 imaginem
2793 1067 3061 1138 aliquam;
3103 1079 3267 1136 quam
3315 1072 3496 1119 tamen
3524 1062 3601 1116 si-

2002 1162 2364 1220 militudinem
2409 1162 2623 1233 potius,
2666 1176 2826 1233 quam
2875 1160 3161 1231 imaginem
3214 1156 3489 1227 appellare
3534 1154 3601 1210 li-

2000 1258 2118 1314 buit
2143 1255 2386 1326 Origeni,
2419 1264 2475 1310 et
2509 1253 2797 1323 Scriptori,
2823 1267 2986 1323 quem
3027 1250 3359 1331 illustramus
3389 1245 3603 1320 (Recole

2004 1368 2059 1405 n.
2097 1346 2209 1419 i3).
2240 1349 2347 1406 Sed
2380 1357 2577 1419 praeter
2620 1361 2762 1409 eam,
2793 1360 2954 1416 quam
3001 1345 3125 1398 vita:
3168 1343 3326 1397 alteri
3367 1338 3606 1397 servavit

2005 1442 2167 1509 Deus,
2200 1441 2363 1496 aliam
2388 1440 2567 1495 adhuc
2597 1440 2650 1494 in
2683 1438 2804 1506 hac,
2834 1452 2995 1509 quam
3022 1437 3274 1501 vivimus,
3303 1434 3439 1502 vita,
3469 1432 3609 1488 ima-

2003 1537 2181 1606 ginem
2208 1534 2417 1590 homini
2438 1533 2757 1604 impressam
2786 1531 2954 1587 fuisse
2980 1547 3007 1583 a
3038 1530 3171 1596 Deo,
3202 1528 3446 1600 plerique
3483 1543 3608 1583 seu-

2004 1629 2167 1683 tiunt.
2223 1610 2584 1696 Quamobrem
2617 1626 2661 1681 si
2689 1624 3001 1690 concedam,
3028 1624 3078 1677 id
3111 1638 3218 1692 quo
3245 1621 3603 1686 contendunt,

2006 1719 2276 1775 Ambrosii
2310 1719 2487 1775 verbis
2521 1718 2772 1791 (tametsi
2821 1714 3064 1773 nonnihil
3103 1714 3331 1771 obscura
3362 1729 3425 1769 ea
3456 1711 3600 1783 sint)

295 1830 412 1880 mo,
447 1828 549 1869 ncc
577 1813 800 1884 spiritus
830 1827 925 1882 per
957 1826 1018 1867 se
1046 1810 1307 1866 subsistit.
1353 1811 1416 1865 At
1456 1810 1509 1865 in
1542 1808 1896 1866 Sanctissima
1928 1796 1978 1858 Β
2004 1811 2320 1883 signiticari,
2359 1827 2465 1866 non
2496 1811 2756 1866 continuo
2787 1809 2962 1865 fateor
2989 1808 3055 1862 ad
3086 1807 3272 1874 aliam,
3310 1820 3435 1877 qua:
3457 1820 3602 1861 mor-

294 1907 569 1964 Trinitate
611 1916 722 1962 tres
751 1905 1102 1976 intelligimus
1141 1902 1492 1977 hypostases,
1535 1916 1738 1975 easque
1779 1903 1899 1957 sine

296 2002 621 2059 confusione
663 2001 862 2068 unitas,
893 2009 949 2055 et
977 2014 1075 2069 per
1095 2013 1155 2054 se
1185 1995 1565 2054 subsistentes.
1599 1996 1731 2051 Nam
1772 2006 1899 2052 ante

296 2094 486 2152 secula
526 2092 741 2166 genitus
782 2101 865 2147 est
890 2107 920 2146 a
949 2090 1114 2147 Patre
1154 2090 1294 2145 Deus
1324 2088 1586 2156 Verbum,
1625 2087 1901 2157 insepara-

296 2185 424 2243 bilis
450 2195 633 2241 autem
671 2192 756 2240 est
782 2198 813 2240 a
841 2183 1086 2255 genitore
1116 2200 1129 2236 :
1162 2180 1232 2237 Et
1262 2179 1622 2252 proficiscitur
1647 2194 1678 2234 a
1708 2177 1821 2234 Deo
1845 2186 1900 2234 et

296 2280 463 2336 Patre
481 2277 713 2351 Spiritus
744 2279 999 2343 Sanctus,
1029 2277 1120 2347 qui
1170 2283 1226 2333 et
1260 2274 1576 2346 intelligitur
1606 2274 1659 2329 in
1683 2272 1898 2345 propria

303 2371 611 2446 ltypostasi.
640 2388 660 2424 ι
692 2369 767 2426 Ea
793 2385 979 2440 porro,
1006 2385 1166 2440 quam
1204 2384 1266 2424 es
1302 2366 1633 2438 Hieronymo
1675 2364 1902 2420 Aretino

297 2463 657 2537 subiecimus,
677 2463 969 2533 explicatio
991 2462 1096 2518 hoc
1120 2460 1344 2530 insuper
1363 2459 1527 2517 habet
1547 2456 1896 2523 incommodi,

298 2555 447 2629 quod
469 2556 598 2612 dum
628 2555 944 2611 memoriam
973 2554 1195 2625 reliquis
1217 2553 1427 2609 duabus
1453 2551 1717 2624 potentiis
1746 2558 1901 2606 ante-

301 2648 505 2704 riorem
535 2649 682 2713 facit,
710 2662 741 2702 a
771 2647 1045 2703 communi
1080 2645 1526 2717 philosophorum
1554 2643 1818 2708 omnium,
1848 2652 1903 2699 et

301 2741 706 2813 Theologorum
729 2740 1079 2813 persuasione
1105 2739 1309 2796 recedit
1336 2737 1604 2812 (statuunt
1621 2738 1764 2793 enim
1785 2751 1904 2792 om-

300 2851 406 2892 nes
431 2834 765 2891 intellectum
788 2833 1048 2891 memoria
1076 2834 1314 2904 priorem
1337 2830 1504 2902 esse),
1528 2840 1584 2887 et
1607 2832 1726 2901 plus
1746 2845 1904 2902 aequo

301 2936 552 2983 veterum
584 2925 1009 2993 Platonicorum,
1037 2924 1374 2995 aliorumque
1400 2923 1753 2979 Etlmicornm
1782 2922 1906 2993 phi-

303 3018 663 3089 losophorum
702 3017 916 3088 placitis
958 3016 1189 3081 accedit,
1222 3016 1313 3088 qui
1352 3015 1561 3071 scilicet
1599 3015 1908 3070 statuebant

301 3111 573 3168 memoria
613 3112 848 3168 animam
870 3152 887 3179 ,
914 3120 1205 3182 antequam
1246 3110 1460 3181 corpori
1488 3108 1902 3175 infunderetur,

2005 1915 2113 1961 tem
2163 1914 2403 1962 nostram
2450 1903 2807 1960 subsecutura
2831 1910 2933 1967 est,
2978 1902 3167 1966 vitam,
3199 1915 3341 1965 eam,
3375 1898 3443 1955 de
3497 1913 3606 1970 qua

2002 1999 2233 2070 agimus,
2263 1998 2552 2069 imaginem
2583 1996 2822 2067 protrahi
2864 1994 3086 2051 debere.
3119 1993 3188 2049 Et
3217 2008 3406 2049 revera
3448 2001 3506 2047 ut
3553 1993 3605 2048 in

2001 2092 2292 2148 Ambrosio
2323 2092 2441 2161 ipso
2469 2090 2788 2157 consistam,
2820 2090 2980 2160 paulo
3008 2096 3133 2144 ante
3172 2086 3447 2144 Ambrosii
3482 2101 3611 2144 sen-

2004 2185 2228 2241 tentiam
2276 2184 2501 2254 allegavi
2542 2198 2608 2239 ex
2663 2196 2731 2238 eo
2773 2184 2914 2254 ipso,
2956 2197 3116 2252 quem
3144 2182 3468 2247 citaverunt,
3504 2194 3611 2235 nu-

2004 2293 2158 2333 mero
2188 2278 2257 2333 45
2286 2276 2655 2346 desumptam,
2701 2274 2753 2329 in
2780 2289 2884 2345 qua
2918 2274 3136 2345 quidem
3165 2275 3363 2330 animae
3386 2283 3609 2340 nostrae,

2002 2387 2117 2440 qua!
2137 2369 2298 2425 libera
2324 2377 2417 2434 est,
2446 2377 2494 2423 et
2519 2367 2733 2440 diffusis
2762 2368 3173 2439 cogitationibus,
3202 2379 3353 2433 atque
3382 2367 3615 2423 comitiis

2005 2464 2105 2519 huc
2132 2473 2283 2535 atque
2317 2462 2446 2516 illuc
2476 2470 2715 2532 vagatur,
2747 2460 3060 2534 imaginem,
3085 2461 3154 2517 de
3180 2476 3286 2532 qua
3317 2460 3407 2516 hic
3430 2461 3609 2516 disse-

2004 2556 2198 2620 rimus,
2223 2553 2449 2608 inditam
2478 2552 2663 2608 docet.

2076 2648 2167 2703 46.
2201 2647 2366 2703 Estne
2398 2663 2562 2718 porro
2590 2646 2758 2713 aliud,
2793 2647 2846 2702 in
2877 2662 2987 2718 quo
3026 2645 3275 2704 eamdem
3323 2647 3612 2719 imaginem

2005 2741 2282 2797 colloces?
2314 2740 2411 2797 Est
2440 2740 2647 2812 utique.
2678 2739 2963 2810 Quodnam
3013 2756 3176 2812 porro
3218 2741 3267 2797 si
3307 2757 3607 2815 exposcas,

2008 2836 2189 2892 statim
2214 2834 2485 2891 indicabo.

2084 2932 2161 2984 Ac
2190 2929 2423 3000 primum
2455 2926 2672 2999 quidem
2706 2927 2886 3000 imago
2921 2928 3013 2989 Dei
3043 2927 3151 2984 dici
3194 2937 3485 3001 utcumque
3513 2944 3611 3001 po-

2011 3023 2141 3079 terit
2192 3021 2377 3089 homo,
2410 3030 2680 3092 quatenus
2729 3023 2871 3078 sicut
2911 3022 3050 3077 Deus
3090 3021 3298 3076 entium
3342 3023 3609 3091 omnium,

2011 3130 2405 3186 causarumque
2433 3115 2828 3186 perfectiones,
2864 3122 3023 3185 atque
3053 3113 3408 3170 excellentias
3452 3114 3506 3170 in
3558 3129 3621 3170 se

304 3205 593 3278 praeditam
619 3220 762 3273 esse,
792 3216 845 3262 et
885 3203 1157 3261 luculenta
1180 3244 1196 3270 ,
1225 3204 1514 3259 multarum
1543 3216 1747 3267 rerum,
1776 3216 1911 3271 quas

2017 3208 2429 3277 complectitur;
2462 3223 2622 3277 quam
2649 3209 2721 3263 ob
2748 3223 2863 3263 rem
2893 3223 3050 3261 causa
3081 3223 3358 3262 causarum
3381 3207 3622 3278 appella-

300 3301 421 3373 jam
448 3300 732 3369 didicerat,
754 3299 943 3357 notitia
969 3297 1325 3371 praedivitem.
1359 3299 1438 3352 An
1464 3294 1776 3352 Catholicus
1797 3294 1913 3351 lucc

309 3393 617 3465 proponet?

384 3487 477 3543 43.
519 3488 600 3542 An
627 3501 758 3543 vero
796 3485 1084 3558 imaginem
1117 3486 1210 3541 Dei
1242 3483 1451 3540 homini
1480 3484 1799 3556 impressam
1830 3483 1915 3539 di-

309 3595 426 3649 ces,
444 3580 586 3651 quod
609 3582 751 3637 sicut
778 3580 960 3645 Pater,
977 3581 1067 3651 qui
1088 3595 1241 3635 mens
1265 3586 1370 3644 est,
1386 3588 1440 3635 et
1467 3578 1633 3633 Filius
1650 3577 1915 3641 Verbum,

311 3682 374 3730 et
398 3671 631 3744 Spiritus
659 3674 889 3729 Sanctus
930 3688 1068 3729 unus
1094 3673 1238 3728 Deus
1274 3681 1423 3737 sunt,
1469 3671 1550 3727 sic
1591 3685 1765 3735 meus,
1800 3684 1920 3724 ver-

311 3770 465 3834 bum,
511 3775 568 3823 et
600 3766 828 3838 Spiritus
864 3767 971 3822 sint
1010 3782 1149 3822 unus
1181 3765 1385 3821 homo"
1432 3765 1514 3820 An
1547 3763 1684 3830 lucc,
1716 3777 1837 3834 quae
1865 3762 1918 3818 in

312 3861 540 3919 homine
561 3861 931 3934 agnoscimus,
956 3876 1075 3927 seu,
1100 3869 1158 3917 ut
1189 3858 1509 3930 expressius
1533 3858 1841 3929 loquamur,
1868 3857 1921 3912 in

313 3957 496 4013 anima
538 3954 799 4022 hominis,
848 3963 959 4011 tres
1002 3953 1330 4026 hypostases
1381 3961 1539 4018 sunt,
1572 3960 1629 4007 et
1659 3965 1764 4005 una
1795 3951 1924 4005 sub-

314 4050 538 4116 stantia,
561 4066 656 4106 seu
677 4051 933 4118 essentia,
968 4051 1110 4105 sicut
1126 4049 1307 4115 Pater,
1333 4047 1590 4112 Verbum,
1616 4056 1668 4101 et
1692 4043 1926 4116 Spiritus

315 4144 553 4199 Sanctus
582 4153 695 4200 tres
723 4142 1043 4216 hypostases
1079 4151 1227 4208 sunt,
1262 4151 1317 4198 et
1346 4154 1486 4196 unus
1519 4139 1696 4195 Deus?
1731 4139 1787 4194 Si
1821 4136 1926 4192 hu-

315 4235 559 4306 iusmodi
591 4234 967 4292 convenientia
1001 4235 1282 4291 sufﬁceret
1315 4233 1383 4289 ad
1409 4231 1698 4303 imaginem
1743 4229 1834 4286 Dei
1872 4230 1935 4295 in,

322 4328 549 4384 homine
585 4328 989 4394 stabiliendam,
1028 4326 1174 4383 haud
1210 4342 1356 4398 aegre
1385 4326 1572 4398 utique
1600 4327 1652 4380 in
1693 4325 1930 4379 humano

320 4437 556 4494 corpore
584 4436 704 4478 eam
734 4421 1057 4478 collocares.
1080 4420 1298 4477 Scilicet
1323 4418 1522 4490 corpus
1541 4416 1609 4473 ad
1639 4416 1930 4473 essentiam

2018 3314 2104 3359 tus
2132 3310 2219 3359 est
2257 3318 2286 3356 a
2321 3300 2660 3373 philosophis
2689 3319 2704 3357 :
2736 3304 2806 3355 ita
2839 3299 3002 3354 homo
3037 3299 3424 3368 perfectiones,
3457 3309 3622 3370 atque

2018 3396 2368 3453 excellentias
2393 3405 2765 3452 creaturarum
2794 3394 3035 3450 omnium
3059 3394 3112 3449 in
3140 3408 3201 3450 se
3220 3393 3617 3465 complectitur;

2018 3505 2180 3559 quam
2219 3490 2290 3545 ob
2329 3505 2441 3545 rem
2474 3489 2857 3554 microcosmus,
2901 3503 2998 3544 seu
3031 3503 3229 3558 parvus
3267 3487 3520 3554 Mundus,
3565 3494 3623 3544 et

2021 3592 2271 3641 creatura
2299 3582 2540 3639 omnium
2567 3583 2957 3653 perfectissima
2985 3592 3070 3637 est
3094 3582 3413 3653 appellatus.
3461 3583 3530 3639 Et
3556 3582 3625 3638 de

2025 3681 2138 3735 Deo
2167 3678 2383 3750 quidem
2434 3677 2511 3744 id,
2563 3676 2704 3748 quod
2733 3676 2865 3743 dixi,
2892 3675 3253 3732 indubitatum
3293 3684 3398 3733 est.
3434 3675 3624 3734 llestat

2022 3774 2225 3844 itaque,
2258 3769 2479 3844 utquod
2511 3771 2581 3827 de
2610 3771 2827 3827 homine
2852 3770 3067 3834 tradidi,
3100 3770 3285 3841 paucis
3312 3770 3620 3827 ostendam.

2029 3867 2346 3939 Spectemus
2374 3866 2551 3937 primo
2581 3865 2879 3933 hominem,
2905 3874 2965 3920 ut
2989 3865 3061 3920 ita
3089 3864 3300 3936 loquar,
3332 3864 3623 3934 particula-

2029 3962 2146 4016 tim.
2190 3959 2494 4016 Humanum
2517 3974 2713 4029 corpus
2739 3974 2901 4030 quam
2935 3966 3197 4029 praestans
3224 3959 3317 4023 sit,
3337 3965 3394 4014 et
3438 3958 3625 4015 bruto-

2027 4069 2147 4109 rum
2177 4051 2529 4108 animantium
2559 4034 2817 4122 speciem,
2859 4066 2923 4108 ac
2960 4051 3188 4106 formam
3219 4062 3422 4122 quanto
3462 4053 3630 4109 inter-

2031 4145 2174 4200 vallo
2232 4154 2502 4216 superet,
2562 4144 2663 4198 viri
2721 4143 3154 4214 prmstantissimi
3225 4145 3339 4214 jam
3412 4144 3620 4216 pridem

2031 4234 2406 4302 ostenderunt,
2435 4250 2468 4292 e
2490 4235 2687 4306 quibus
2737 4234 2824 4291 hic
2855 4234 3037 4291 indico
3073 4234 3440 4313 Lactantium,
3468 4251 3631 4308 quem

2033 4328 2182 4399 legas
2210 4335 2340 4399 opto
2368 4325 2480 4402 (lib.
2499 4327 2593 4383 tde
2622 4324 2893 4398 Opiﬁcio).
2940 4329 3036 4382 Diu
3064 4343 3228 4400 porro
3254 4339 3382 4386 ante
3402 4328 3636 4386 Lactan-

2036 4419 2168 4475 tium
2195 4420 2384 4477 Cicero
2411 4420 2526 4493 (lib.
2560 4436 2577 4475 ι
2608 4420 2673 4476 de
2696 4420 2920 4493 0f/ic.):
2950 4438 2969 4475 ι
3003 4421 3196 4491 Nobis,
3225 4424 3418 4495 inquit,
3446 4439 3635 4495 perso-

324 4518 563 4575 luminis
595 4518 849 4588 pertinet,
874 4531 976 4573 nec
1005 4516 1125 4573 sine
1150 4528 1380 4586 corpore
1410 4511 1616 4584 percipi
1645 4508 1810 4566 homo
1839 4522 1933 4579 po-
1958 4544 2014 4606 Β
2036 4530 2160 4571 nam
2192 4514 2450 4586 imposuit
2469 4514 2585 4585 ipsa
2616 4524 2805 4571 natura
2831 4530 2953 4571 cum
2984 4516 3329 4582 excellentia,
3363 4524 3632 4588 ιιι-πειθη-

327 4620 460 4676 test,
487 4610 629 4665 sicut
662 4625 763 4666 nec
790 4610 910 4665 sine
939 4608 1116 4664 tribus
1151 4606 1354 4663 divinis
1393 4603 1645 4677 personis
1686 4602 1933 4659 Sanctis-

324 4704 467 4760 sima
498 4703 753 4760 Trinitas.
789 4703 925 4770 Quis
965 4712 1147 4759 tamen
1183 4701 1238 4757 in
1279 4714 1510 4770 corpore
1549 4697 1785 4753 humano
1812 4711 1932 4753 eam

326 4797 621 4869 imaginem
649 4796 911 4853 collocet?
938 4796 1165 4852 Constat
1193 4795 1376 4865 itaque
1402 4791 1714 4863 huiusmodi
1744 4791 1938 4847 simili-

328 4888 571 4951 tudines,
596 4902 726 4949 seu.
758 4888 803 4943 si
842 4887 1125 4959 appellare
1150 4873 1224 4943 ita
1250 4870 1352 4951 vis,
1401 4886 1674 4954 imagines,
1714 4883 1938 4939 minime

326 4980 595 5054 rigorem
618 4994 761 5043 esse,
793 4980 891 5037 sed
920 4979 1213 5036 latissimas
1241 4995 1256 5032 :
1282 4976 1424 5050 quod
1465 4978 1510 5033 si
1550 4976 1646 5033 tibi
1682 4978 1814 5033 satis
1833 4985 1936 5045 est,

329 5088 438 5142 ego
468 5071 650 5143 utique
675 5071 1043 5129 Sanctissimae
1064 5069 1344 5127 Trinitatis
1366 5069 1650 5138 imaginem
1682 5067 1736 5123 in
1761 5068 1936 5123 anima

331 5164 660 5232 impressam
687 5177 810 5220 esse
841 5162 1073 5229 fatebor,
1096 5171 1315 5233 propter
1328 5176 1449 5217 eam
1474 5160 1665 5228 etiam,
1693 5176 1852 5232 quam
1874 5175 1942 5216 ex

337 5256 681 5313 Damasceno
707 5256 956 5323 attulisti,
989 5257 1279 5311 rationem.

411 5347 506 5403 44.
545 5347 650 5418 Qui
688 5348 1000 5420 imaginem,
1035 5348 1103 5403 de
1128 5363 1231 5419 qua
1255 5347 1496 5419 agimus,
1528 5348 1582 5403 in
1611 5343 1945 5404 beatitudine

336 5440 633 5509 collocant,
674 5457 779 5515 qua
815 5440 1034 5498 demum
1075 5443 1340 5512 petiturus
1379 5451 1464 5497 est
1506 5441 1692 5505 homo,
1735 5456 1859 5497 cum
1888 5441 1945 5497 in

338 5534 502 5592 caelis
527 5534 691 5591 Deum
716 5533 921 5591 videbit
943 5533 1079 5606 facie
1118 5533 1187 5589 ad
1216 5532 1402 5604 faciem
1431 5532 1535 5605 (α),
1566 5532 1683 5597 haec
1710 5532 1948 5588 Ambro-

338 5627 413 5685 sii
448 5627 616 5684 verba
666 5625 1203 5701 aii‘erunt(ﬂea:aem.
1237 5626 1327 5682 lib.
1360 5641 1417 5682 vt
1447 5642 1565 5698 cap.
1610 5625 1665 5694 8,
1724 5643 1779 5680 η.
1827 5625 1946 5698 45).

2038 4608 2218 4679 tiaque
2243 4606 2600 4664 animantium
2643 4607 2998 4679 reliquarum,
3031 4626 3051 4661 ι
3110 4609 3179 4663 Et
3229 4610 3344 4681 ipse
3395 4609 3638 4680 profecto

2038 4709 2292 4772 aSpectus
2334 4713 2399 4757 ac
2441 4700 2626 4756 vultus
2672 4700 2928 4766 hominis,
2955 4709 3217 4771 quantum
3260 4701 3351 4757 ille
3399 4702 3639 4773 reliquas
3674 4728 3679 4733 -

2039 4795 2343 4851 animantes
2375 4792 2697 4849 excellentia
2726 4792 2924 4859 vincat,
2952 4808 3015 4848 ac
3047 4793 3327 4866 dignitate,
3353 4796 3641 4853 manifesto

2041 4885 2301 4943 ostendit.
2328 4884 2551 4940 Scilicet
2574 4884 2617 4940 si
2636 4884 2856 4941 easdem
2885 4883 3186 4942 animantes
3220 4886 3446 4944 intueris
3470 4886 3638 4961 (Boet.

2043 4981 2108 5035 de
2129 4978 2389 5036 Consolat.
2421 4977 2511 5032 lib.
2548 4992 2606 5046 ν,
2657 4974 2716 5049 5)
2750 4995 2765 5032 :

2145 5105 2243 5136 η...
2268 5069 2433 5120 Variis
2450 5068 2620 5136 videas
2641 5070 2759 5136 licet
2778 5071 2941 5122 omnia
2961 5071 3249 5136 discrepare
3271 5071 3457 5132 formis,

2141 5133 2302 5183 Prona
2323 5140 2486 5183 tamen
2507 5132 2657 5182 facies
2681 5132 2896 5184 hebetes
2920 5134 3051 5185 valet
3070 5132 3332 5187 inaravare
3357 5149 3550 5187 sensus.

2142 5194 2295 5261 Unica
2318 5208 2445 5261 gens
2466 5194 2717 5244 hominum
2738 5195 2928 5246 celsum
2952 5195 3085 5261 levat
3101 5194 3248 5248 altius
3264 5210 3523 5261 cacumen,

2150 5257 2313 5321 Atque
2327 5257 2464 5309 levis
2484 5264 2622 5308 recto
2638 5262 2738 5308 stat
2760 5270 2989 5321 corpore,
3012 5259 3325 5324 despicitque
3345 5257 3525 5311 terras.

2126 5349 2214 5404 47.
2256 5347 2558 5406 Pertractat
2588 5346 2693 5404 hoc
2736 5359 3114 5420 argumentum
3156 5352 3489 5420 Augustinus
3531 5350 3649 5424 (lib.

2054 5441 2159 5498 Ide
2187 5439 2372 5497 Genesi
2393 5449 2574 5495 contra
2595 5439 2827 5495 Martiali.
2870 5456 2987 5511 cap.
3039 5442 3131 5508 17,
3168 5459 3223 5496 n.
3278 5441 3396 5514 28).
3452 5443 3653 5515 quippe

2055 5535 2147 5606 qui
2178 5534 2405 5591 innuere
2450 5548 2558 5590 non
2604 5541 2844 5601 veretur,
2876 5549 3037 5605 posse
3088 5534 3271 5608 aliquo
3299 5536 3461 5593 modo
3490 5537 3655 5611 etiam

2055 5641 2255 5699 corpus
2308 5625 2601 5683 humanum
2649 5624 2717 5682 ad
2763 5625 3053 5699 imaginem
3084 5626 3180 5684 Dei
3206 5626 3412 5685 factum
3460 5628 3654 5697 videri,

422 5763 500 5836 (a)
538 5764 689 5823 Hanc
736 5764 1030 5838 imaginem
1087 5764 1164 5838 in_
1202 5760 1557 5838 similitudine
1608 5761 1937 5833 expressiori
1978 5760 2266 5833 collocant,
2309 5778 2473 5836 quam
2524 5761 2803 5822 hominem
2834 5764 2995 5832 inter,
3046 5770 3103 5821 et
3143 5762 3338 5835 Deum,
3385 5774 3650 5838 quatenus

348 5834 550 5894 beatus
573 5845 678 5907 est,
699 5834 967 5895 statuunt.
997 5834 1203 5893 Recole
1228 5850 1287 5893 n.
1323 5836 1410 5892 ιθ.
