4120 6170
523 354 627 409 867

1201 348 1269 407 IN
1308 345 1568 404 HILARII
1601 341 1818 403 EPIST.
1862 337 1991 398 SEU
2045 337 2265 397 LIBEL.
2310 334 2765 397 DlSSEHTATlO
2800 336 3149 398 SECUNDA.

3717 336 3825 395 εδει

513 471 659 544 quod
688 469 891 531 iudicet
913 483 1011 533 nos
1040 467 1292 527 meliores
1313 480 1459 533 esse,
1480 478 1647 535 quam
1675 460 1877 523 bestias
1904 476 1916 513 :
1946 454 2111 515 tOm-
2136 456 2197 523 Α
2220 454 2360 525 quod
2391 455 2583 522 adest,
2636 456 2889 529 quodque
2928 469 3169 528 prmsens
3199 462 3302 521 est,
3336 467 3398 523 se
3423 454 3818 521 accommodat,

512 566 665 622 nium
690 564 834 622 enim
864 559 1179 625 animalium
1204 573 1457 631 corpora,
1505 557 1625 617 sive
1651 570 1772 628 quae
1822 553 1879 610 iu
1921 552 2073 622 aquis
2098 595 2113 620 ,

512 659 630 719 sive
651 655 1011 726 nemiliterra
1043 653 1265 723 vivunt,
1291 651 1408 711 sive
1432 666 1554 722 quae
1588 651 1643 707 in
1680 662 1810 713 aere
1842 644 2109 709 volitant,

512 748 769 809 inclinata
826 754 957 815 sunt
995 743 1064 801 ad
1096 753 1320 809 terram,
1360 752 1416 805 et
1462 759 1570 805 non
1600 749 1726 805 sunt
1747 747 1950 803 erecta,
1975 736 2117 793 sicut

513 837 753 896 hominis
773 851 991 907 corpus.
1019 836 1139 904 Quo
1161 833 1496 906 signiﬁcatur
1524 833 1687 897 etiam
1719 830 1959 893 animum
1989 841 2114 887 nos-

512 940 654 987 trum
679 930 733 991 in
757 943 991 1001 superna
1019 944 1138 996 sua,
1169 927 1224 993 id
1241 937 1324 991 est
1348 927 1403 989 in
1434 936 1633 987 interna
1663 922 1963 994 spiritualia
1989 935 2112 977 ere-

508 1032 663 1083 ctum
719 1037 841 1083 esse
910 1022 1132 1089 debere.
1202 1020 1279 1081 ita
1340 1019 1663 1091 intelligitur
1709 1032 1804 1089 per
1870 1014 2114 1085 animum

507 1115 789 1179 maxime,
831 1115 1136 1173 adtestante
1183 1113 1346 1177 etiam
1386 1119 1569 1175 erecta
1620 1106 1870 1183 corporis
1915 1106 2108 1175 forma,

508 1207 675 1271 homo
706 1209 880 1269 factus
915 1205 987 1263 ad
1016 1204 1327 1276 imaginem,
1355 1211 1410 1263 et
1440 1200 1850 1267 similitudinem
1881 1198 2001 1267 Dei.
2035 1217 2054 1251 ι

582 1300 729 1357 Idem
760 1298 888 1357 alibi
915 1296 999 1359 his
1021 1298 1203 1357 verbis
1247 1297 1443 1369 repetit
1477 1296 1601 1369 (lib.
1632 1286 1835 1355 Lxxxtu
1870 1290 2112 1366 quastio-

473 1404 477 1408 '
508 1412 653 1463 nunt,
708 1403 890 1466 quaest.
915 1392 1007 1462 51,
1059 1408 1112 1447 η.
1142 1390 1199 1458 2.
1255 1388 1352 1462 3):
1389 1408 1409 1447 ι
1438 1387 1724 1457 Quomodo
1769 1397 1951 1442 autem
2002 1399 2108 1449 non

508 1492 583 1547 sit
610 1491 987 1562 incongruum,
1018 1485 1163 1558 quod
1192 1484 1390 1549 dicitur
1413 1483 1576 1549 etiam
1604 1496 1801 1551 corpus
1820 1481 2019 1549 factum
2041 1476 2109 1532 ad

511 1581 923 1649 similitudinem
956 1579 1073 1644 Dei,
1105 1578 1266 1635 facile
1290 1576 1566 1646 intelligit,
1598 1573 1690 1646 qui
1715 1573 2000 1644 diligenter
2026 1579 2112 1625 at-

508 1677 677 1735 tcndit
703 1673 849 1746 quod
878 1673 1079 1737 dictum
1121 1682 1206 1731 est
1235 1690 1247 1723 ε
1284 1670 1352 1731 Et
1395 1670 1524 1731 fecit
1556 1670 1698 1731 Deus
1747 1666 1931 1725 omnia
1967 1666 2109 1723 bona

504 1767 667 1828 valde
696 1765 851 1839 (Gen.
890 1780 970 1829 tu,
1002 1762 1076 1837 l).
1124 1763 1297 1821 Nemo
1342 1760 1493 1817 enim
1535 1758 1769 1827 dubitat,
1811 1760 1939 1830 quin
1989 1757 2109 1829 ipse

2219 545 2492 618 paululum
2544 545 2839 605 admodum
2887 549 3133 604 sentiens
3166 547 3523 619 prmteritum,
3551 556 3646 604 aut
3672 544 3821 605 futu-

2218 656 2361 704 rum.
2402 639 2577 697 Homo
2607 653 2810 713 autem,
2838 640 2985 716 quod
3015 642 3243 699 rationis
3272 652 3357 699 est
3389 640 3698 715 particeps,
3728 657 3824 714 per

2216 748 2375 804 quam
2405 734 2793 804 consequentia
2824 734 3019 801 cernit,
3045 750 3237 801 causas
3269 750 3450 795 rerum
3492 734 3661 799 videt,
3727 748 3823 788 ea-

2218 841 2446 903 rumque
2474 842 2816 899 progressus,
2847 838 2901 886 et
2927 828 3078 901 quasi
3103 827 3508 883 antecessiones
3533 841 3639 882 non
3669 825 3829 900 igno—

2215 929 2322 986 rat,
2367 918 2750 989 similitudines
2799 912 3097 992 comparat,
3139 929 3195 977 et
3248 921 3413 977 rebus
3450 916 3818 999 praesentibus

2215 1011 2475 1087 adiungit.
2507 1023 2667 1091 atque
2714 1015 2955 1075 annectit
3002 1013 3248 1070 futuras:
3282 1012 3434 1071 facile
3485 1012 3650 1068 totius
3696 1011 3825 1083 vita:

2215 1119 2436 1163 cursum
2479 1105 2642 1176 videt,
2691 1107 2760 1165 ad
2805 1122 3035 1181 eamque
3085 1107 3377 1179 regendam
3412 1113 3685 1179 prmparat
3722 1120 3817 1162 res

2214 1198 2575 1263 necessarias.
2624 1198 2938 1271 Eademque
2983 1208 3171 1265 natura
3202 1200 3253 1256 vi
3289 1201 3516 1263 rationis
3543 1198 3823 1256 hominem

2213 1291 2466 1347 conciliat
2489 1293 2691 1349 homini
2721 1293 2791 1355 ad
2811 1294 3096 1364 orationis,
3125 1304 3180 1353 et
3209 1294 3279 1353 ad
3308 1295 3428 1361 vitae
3451 1295 3773 1367 societatem
3807 1310 3821 1348 ε

2216 1383 2609 1456 ingeneratque
2655 1386 2709 1442 in
2743 1386 2931 1459 primis
2972 1388 3304 1460 praecipuum
3344 1389 3632 1463 quemdam
3665 1404 3821 1443 amo-

2214 1491 2331 1532 rem
2362 1477 2412 1532 iu
2446 1468 2563 1542 eos,
2596 1479 2686 1549 qui
2719 1481 2985 1551 procreati
3018 1489 3145 1537 sunt
3182 1498 3195 1534 :
3228 1481 3588 1553 impellitque,
3628 1490 3687 1537 ut
3717 1478 3821 1535 ho-

2213 1569 2417 1623 m’umm
2448 1581 2642 1639 coetus,
2672 1578 2728 1627 et
2756 1572 3151 1636 celebrationes
3179 1582 3234 1631 et
3268 1588 3416 1643 esse,
3442 1584 3495 1631 et
3520 1590 3551 1632 a
3581 1590 3640 1630 se
3669 1573 3811 1629 obiri

2216 1660 2400 1716 Velit.)

2284 1752 2375 1809 5f.
2422 1753 2513 1812 llis
2543 1756 2682 1814 adde
2707 1799 2721 1826 ,
2755 1773 2823 1815 ne
2854 1758 3053 1815 multos
3080 1759 3327 1826 afferant,
3357 1776 3478 1832 qua:
3502 1760 3665 1818 docet
3706 1760 3815 1818 hoc

506 1835 757 1932 primitus
783 1857 854 1914 sit
876 1835 1069 1921 bonus.
1097 1857 1308 1926 Corpus
1334 1870 1551 1926 quoque
1581 1853 1838 1918 hominis,
1866 1852 1989 1922 quia
2015 1866 2101 1907 so-

2209 1835 2380 1916 Super
2405 1860 2727 1921 argumento
2758 1851 3093 1924 Augustinus
3141 1852 3230 1923 (de
3281 1851 3497 1913 diversis
3534 1855 3815 1926 quatient.

504 1950 618 2011 lum
656 1952 797 2011 inter
837 1948 1156 2013 animalium
1205 1957 1548 2009 terrenorutn
1575 1959 1804 2014 corpora
1846 1959 1952 1999 nou
1983 1960 2106 2014 pro-

504 2060 633 2112 num
659 2044 715 2101 in
742 2043 908 2109 alium
934 2049 1262 2117 prostratum
1286 2049 1391 2106 est,
1416 2054 1542 2096 cum
1565 2039 1636 2093 sit
1661 2038 1898 2109 visibile,
1915 2038 2012 2094 sed
2037 2037 2104 2103 ad

502 2135 823 2203 intuendum
853 2135 1052 2203 cretum
1082 2140 1396 2201 erectum...
1421 2130 1585 2201 etiam
1616 2131 1739 2201 quia
1775 2130 1882 2188 tale
1909 2138 2013 2195 est,
2049 2138 2107 2183 ut

504 2228 573 2287 ad
599 2226 1072 2297 contemplandum
1095 2225 1291 2287 coelum
1313 2222 1385 2280 sit
1412 2222 1613 2292 aptius,
1632 2221 1799 2297 magis
1828 2220 1881 2274 in
1913 2218 2015 2275 hoc
2038 2218 2104 2274 ad

507 2321 821 2396 imaginem,
844 2329 903 2379 et
919 2318 1328 2383 similitudinem
1356 2314 1639 2389 DeLquam
1661 2323 1857 2375 caetera
1878 2327 2103 2386 corpora

516 2412 854 2480 animalium,
884 2412 1082 2477 factum
1115 2409 1288 2471 videri
1319 2417 1516 2481 potest.
1544 2427 1562 2475 φ
1958 2436 1960 2438 τ

574 2506 665 2562 48.
695 2504 834 2574 Quin
863 2513 920 2559 et
947 2503 1119 2558 Potbo
1149 2497 1483 2557 Prumieusis
1504 2498 1620 2573 (lib.
1668 2514 1686 2552 ι
1730 2496 1801 2554 de
1829 2505 1972 2565 statu
1999 2494 2103 2552 do-

503 2616 625 2659 mus
659 2598 776 2664 Dei,
798 2597 888 2653 sub
917 2597 1071 2666 ﬁnem
1090 2605 1213 2650 tom.
1238 2610 1291 2649 tx
1321 2591 1566 2647 Bibliotlt.
1600 2589 1747 2646 Patr.
1777 2591 1900 2645 edit.
1927 2588 2101 2647 Paris.

503 2712 624 2768 pag.
654 2690 785 2764 569)
844 2692 899 2748 id
949 2693 1124 2765 ipsum
1158 2689 1357 2759 innuit,
1389 2698 1655 2763 quatenus
1678 2685 2102 2763 pulcritudinem

500 2788 747 2859 corporis
790 2789 864 2842 ita
903 2784 1272 2852 commendat,
1306 2793 1365 2838 ut
1394 2791 1622 2839 testetur
1646 2799 1784 2857 opus
1821 2782 2103 2855 sapientia}

500 2896 598 2955 per
623 2879 801 2936 officia
824 2878 1071 2950 corporis
1099 2876 1318 2934 diversa
1351 2878 1669 2937 monstrari.

570 2973 662 3030 49.
705 2970 811 3037 Sed
838 2986 934 3026 cur
964 2972 1352 3027 Datuasoenum
1387 2985 1495 3026 non
1542 2969 1880 3041 allegamus?
1900 2968 2103 3040 quippe

498 3080 566 3123 ex
595 3064 820 3135 antiquo
855 3063 1131 3134 Scriptore
1153 3103 1168 3129 ,
1200 3076 1356 3133 quem
1404 3059 1734 3116 Methodium
1776 3060 1828 3116 in
1863 3058 2003 3115 libro
2042 3059 2106 3113 de

496 3160 888 3225 resurrectione,
903 3173 1025 3215 esse
1044 3158 1122 3212 ait
1138 3155 1263 3213 P.1e
1284 3156 1480 3224 Quieti,
1498 3155 1616 3211 haec
1635 3155 1791 3211 docet
1811 3151 1887 3227 (α)
1910 3172 1923 3210 :
1943 3152 2105 3227 tQuis

497 3249 689 3307 duram
717 3250 925 3311 ossium
975 3249 1335 3307 substantiam
1371 3245 1677 3325 compegit?
1704 3225 1828 3319 quis
1855 3225 2098 3311 mem-bra
2126 3225 2172 3289 Ο

496 3336 790 3416 colligavit,
825 3354 884 3400 ut
928 3347 1110 3403 nervis
1141 3342 1516 3410 tenderentur,
1549 3348 1605 3397 et
1646 3342 1789 3397 circa
1814 3340 2099 3412 iuncturas

497 3436 697 3503 inﬂexa
752 3435 1263 3506 Iaxarentur?Quis
1319 3435 1598 3502 humores,
1655 3435 1985 3508 mollemque
2031 3452 2098 3492 ex

497 3530 666 3586 humo
694 3545 933 3598 carnem,
961 3531 1220 3600 sanguine
1252 3541 1371 3585 eam
1402 3526 1773 3598 perfundendo
1804 3525 2097 3582 fermenta-

495 3620 573 3677 vit
599 3621 622 3675 ?
652 3620 813 3679 Solus
844 3622 1001 3693 plane
1032 3620 1515 3691 praestantissimus
1559 3618 1753 3674 artifex
1812 3619 1974 3685 Deus,
2007 3617 2097 3688 qui

494 3713 793 3780 hominem,
828 3712 877 3768 id
906 3721 990 3770 est
1018 3713 1227 3767 ratione
1253 3711 1559 3784 pra-ditant,
1582 3721 1633 3765 et
1662 3710 1941 3767 animatum
1964 3711 2095 3764 ima-

438 3866 443 3870 _
491 3805 663 3877 ginem
692 3820 862 3873 suam,
895 3818 1015 3867 nos,
1043 3802 1284 3875 inquam,
1321 3800 1629 3869 fabricavit,
1663 3811 1716 3859 et
1745 3816 1811 3857 ex
1839 3800 2060 3856 humido
2080 3844 2095 3869 ,

493 3910 549 3957 et
576 3900 870 3971 perexiguo
911 3899 1121 3954 semine
1172 3897 1224 3951 iu
1271 3896 1431 3952 vulva
1486 3895 1696 3960 matris,
1731 3892 1877 3949 velut
1905 3910 1935 3950 c
1965 3909 2093 3950 cera

491 3992 874 4049 conformavit.
906 3988 1105 4063 Ecquis
1124 3988 1270 4045 enim
1294 3999 1397 4057 est,
1423 3988 1511 4059 qui
1538 3986 1803 4057 providet,
1837 4003 1903 4041 ne
1935 3984 2097 4043 fretus

493 4088 738 4143 humoris
786 4085 965 4157 cepia,
998 4095 1053 4140 et
1091 4082 1499 4153 compressione
1530 4095 1783 4136 vasorum
1829 4079 2053 4136 obrutus
2079 4120 2094 4144 ,

490 4178 638 4235 intus
680 4177 1029 4251 praefocetur?
1061 4180 1168 4231 Aut
1194 4174 1335 4245 quis,
1364 4183 1647 4247 postquam
1672 4179 1915 4247 gestatus
1944 4181 2096 4228 utero

492 4282 597 4337 est,
630 4281 683 4327 et
707 4271 920 4328 tandem
949 4269 1002 4326 in
1036 4270 1211 4326 lucem
1239 4269 1437 4330 editus.
1468 4284 1532 4325 ex
1581 4256 1879 4329 imbecillo.
1916 4279 1970 4322 et
1994 4283 2090 4337 pu-

492 4362 618 4419 sillo
649 4378 920 4435 maguum,
954 4362 1259 4432 pulchrum,
1293 4369 1347 4416 et
1383 4361 1665 4416 robustum
1697 4359 1953 4426 reddidit,
1988 4361 2091 4414 nisi

489 4458 632 4514 idem
686 4440 824 4527 ipse.
870 4469 1031 4526 quem
1087 4452 1250 4508 modo
1296 4452 1569 4519 dicebam,
1606 4452 2092 4525 praestantissimus

488 4545 742 4603 conditor
768 4545 929 4607 Deus,
965 4545 1055 4615 qui
1104 4541 1361 4619 potentiae
1404 4555 1518 4597 sua:
1550 4540 1891 4609 efficacitate,
1924 4542 2092 4599 instar

486 4640 711 4719 pictqris
740 4637 1043 4711 cujusdam,
1069 4637 1272 4692 formas
1301 4635 1353 4690 in
1376 4633 1653 4692 diversum
1687 4634 1900 4690 mutat?
1948 4634 2091 4692 Deus
2117 4623 2171 4685 D

485 4731 908 4805 immortalitatis
937 4738 1041 4797 est,
1073 4730 1203 4793 vita,
1246 4740 1300 4784 et
1332 4727 1670 4799 iucorruptio
1701 4746 1713 4784 :
1744 4744 1881 4801 opus
1906 4739 2087 4786 autem

488 4824 607 4893 Dei,
636 4826 868 4883 homo...
900 4826 968 4882 At
995 4824 1065 4879 de
1087 4822 1307 4880 homine
1333 4838 1439 4879 non
1465 4823 1589 4880 item
1616 4823 1770 4891 dixit,
1796 4822 2091 4890 Producal;

483 4921 580 4978 sed
606 4939 621 4979 :
645 4917 925 4975 Faciamus
954 4918 1207 4973 hominem
1233 4918 1302 4973 ad
1323 4917 1599 4991 imaginem
1622 4927 1922 4986 nostram,et
1946 4919 2065 4973 simi
2078 4949 2091 4961 -

484 5015 773 5070 litudiuem.
810 5014 878 5073 Et
906 5013 1200 5087 assumpsit
1237 5012 1383 5069 Deus
1434 5013 1715 5084 pulverem
1748 5012 1816 5070 de
1846 5023 2008 5079 terra,
2034 5023 2091 5071 et

483 5109 702 5167 efﬂuxit
726 5124 875 5167 eum.
905 5126 935 5165 ι
960 5105 1155 5167 Amnis
1180 5107 1354 5167 tradit
1377 5106 1433 5165 in
1464 5108 1733 5179 perductis
1761 5107 1825 5165 in.
1845 5123 1922 5165 eo
1938 5109 2082 5175 loco,

482 5215 646 5275 quem
676 5204 731 5259 in
760 5200 913 5259 calce
942 5199 1153 5275 pagina
1182 5198 1356 5272 allego
1384 5194 1482 5272 (tr),
1517 5212 1681 5277 quem
1702 5199 1902 5267 hector
1952 5215 2082 5259 con-

481 5295 626 5352 sulat
655 5304 807 5368 opto.

2210 1952 2444 2003 Lxxxtu,
2469 1949 2651 2009 quam.
2676 1939 2767 2004 5t,
2794 1957 2850 1995 n.
2880 1938 2956 2014 5).
2984 1936 3159 1997 Pauca
3183 1942 3390 2013 selige:
3422 1962 3439 1995 ι
3480 1941 3596 1998 Non
3626 1944 3822 2000 imme-

2209 2029 2336 2095 rito,
2373 2030 2547 2100 inquit
2568 2031 2678 2101 ille,
2710 2043 2766 2088 et
2804 2033 2906 2091 iste
2938 2032 3102 2093 homo
3134 2034 3404 2109 particeps
3434 2034 3635 2092 dicitur
3665 2034 3807 2093 simi-

2209 2120 2453 2177 litutliuis
2486 2121 2602 2190 Dei,
2658 2139 2768 2181 non
2820 2125 2994 2183 solum
3048 2124 3175 2199 quia
3211 2127 3365 2193 vivit,
3388 2128 3530 2199 quod
3562 2129 3725 2187 etiam
3762 2127 3819 2185 in

2208 2211 2400 2268 bestiis
2443 2223 2703 2287 apparet;
2736 2216 2830 2274 sed
2864 2220 3098 2295 amplius
3129 2220 3271 2292 quod
3304 2220 3371 2278 ad
3399 2230 3638 2279 mentem
3667 2238 3808 2280 con-

2210 2307 2437 2362 vertitur
2463 2324 2522 2363 se
2553 2321 2851 2389 regentem,
2882 2327 3042 2384 quam
3086 2314 3325 2371 illustrat
3354 2315 3643 2388 sapientia,
3667 2314 3817 2391 quod

2206 2397 2260 2454 in
2294 2399 2480 2455 bestiis
2510 2417 2615 2456 non
2672 2412 2850 2477 potest
2897 2405 3105 2462 ratione
3154 2407 3490 2464 carentibus.
3530 2427 3551 2461 ι
3608 2408 3822 2467 Recole

2206 2508 2328 2561 quae
2358 2507 2423 2547 ex
2452 2491 2702 2565 Philone,
2726 2494 3009 2557 Clemente
3036 2499 3430 2571 Alexandrino,
3459 2501 3692 2576 aliisque
3714 2504 3823 2562 Pa-

2209 2590 2403 2659 tribus,
2425 2607 2479 2647 n.
2496 2590 2567 2646 24
2596 2592 2764 2663 61⁸26,
2790 2605 2845 2655 et
2875 2612 3064 2656 rursus
3088 2582 3145 2657 ἡ.
3169 2599 3240 2657 52
3266 2616 3335 2661 ex
3363 2601 3651 2663 Ambrosio
3675 2612 3824 2661 attu-

2206 2680 2389 2738 limus.

2282 2775 2371 2832 52.
2412 2774 2738 2851 Conjunctio
2791 2797 2955 2857 porro
3000 2785 3115 2858 ipsa
3161 2787 3358 2857 anima;
3414 2796 3469 2847 et
3517 2788 3772 2861 corporis
3801 2832 3817 2859 ,

2204 2885 2529 2947 quamquam
2561 2873 2789 2943 homini,
2821 2887 3107 2953 postquam
3164 2880 3217 2937 in
3245 2889 3537 2953 peccatum
3572 2881 3820 2946 decidit,

2205 2964 2438 3036 ideoque
2471 2977 2752 3038 posmuam
2806 2985 2836 3024 a
2887 2971 3311 3041 przeclarissimo
3352 2972 3448 3031 illo
3477 2972 3817 3031 innocentia:

2206 3066 2371 3124 statu,
2405 3060 2456 3116 in
2480 3076 2587 3133 quo
2622 3062 2875 3120 conditus
2903 3075 3010 3133 est,
3053 3066 3280 3133 corruit,
3315 3066 3565 3125 nonnihil
3602 3067 3821 3126 incum-

2205 3151 2364 3206 modi!
2397 3153 2488 3218 sit,
2521 3156 2775 3224 quoniam
2805 3172 3018 3228 corpus,
3054 3159 3192 3231 quod
3217 3160 3594 3231 corrumpitur,
3624 3177 3823 3235 aegra.

2205 3252 2286 3297 vat
2315 3245 2561 3314 animum,
2595 3263 2717 3302 cum
2747 3248 3037 3306 utilissima
3082 3248 3265 3311 futura
3293 3250 3505 3317 fuisset,
3536 3252 3581 3308 si
3629 3252 3687 3311 in
3712 3267 3819 3311 an-

2205 3338 2349 3408 tiqua
2402 3338 2665 3409 dignitate
2692 3382 2707 3408 ,
2758 3342 2871 3400 Deo
2918 3344 3223 3415 obediens,
3283 3347 3612 3416 perstitisset
3648 3365 3660 3399 :
3701 3346 3821 3405 suis

2204 3439 2383 3486 tamen
2412 3432 2587 3488 adhuc
2626 3449 2733 3489 non
2766 3446 2916 3491 caret
2940 3436 3346 3497 emolumentis.
3375 3438 3604 3497 Scilicet
3642 3437 3821 3499 beati-

2205 3521 2405 3577 tudinis
2426 3525 2869 3581 cumulatissimae
2914 3529 3234 3601 participem
3268 3530 3484 3591 laudent
3511 3512 3814 3601 aliquando

2203 3614 2366 3673 faciet
2397 3617 2668 3675 hominem
2693 3660 2709 3685 ,
2752 3635 2856 3691 qua
2900 3620 3158 3681 nimirum
3206 3623 3299 3681 ille
3329 3625 3588 3696 potietur,
3617 3624 3666 3680 si
3690 3638 3817 3681 cur.

2202 3724 2333 3779 pore
2378 3711 2446 3765 ad
2491 3726 2615 3766 eum
2648 3727 2803 3768 usum
2837 3722 3019 3770 utetur
3045 3757 3062 3784 ,
3114 3726 3339 3787 propter
3363 3734 3525 3790 quem
3551 3712 3815 3775 conditus

2201 3799 2367 3857 homo
2396 3809 2512 3871 est;
2546 3813 2605 3858 ut
2640 3792 2848 3861 scilicet
2874 3806 3073 3864 divinis
3093 3808 3338 3881 jussibus
3371 3810 3727 3881 obsequatur,
3762 3820 3822 3869 ct

2200 3904 2408 3963 pareat.
2437 3893 2520 3950 An
2551 3911 2658 3953 non
2691 3896 2834 3952 ismd
2867 3913 3093 3970 corpus,
3124 3902 3266 3972 quod
3293 3884 3580 3956 sentiuntur
3610 3902 3663 3956 in
3694 3918 3819 3957 cor-

2200 3988 2457 4057 ruptione,
2484 4000 2656 4061 surget
2708 3990 2760 4045 in
2788 3991 3181 4064 incorruptione
3203 3995 3300 4049 .9...
3331 3993 3398 4049 Et
3418 3994 3559 4067 quod
3584 3997 3821 4051 semina-

2198 4090 2284 4135 tur
2303 4084 2548 4149 animale,
2578 4094 2753 4159 surget
2782 4104 2968 4156 corpus
2998 4089 3233 4160 spiritale
3261 4088 3306 4162 (l
3328 4085 3566 4147 Corinth.
3591 4107 3687 4157 xv,
3716 4092 3823 4158 62,

2198 4175 2340 4248 44)?
2394 4176 2714 4235 Eli'undetur
2769 4181 2979 4236 scilicet
3019 4181 3073 4236 iu
3119 4198 3321 4253 corpus
3369 4184 3544 4254 ipsum
3597 4186 3821 4256 egregia

2198 4267 2471 4340 qumdam,
2505 4279 2559 4324 et
2588 4284 2718 4327 vere
2742 4272 2982 4328 caelestis
3004 4274 3279 4342 voluptas,
3319 4289 3383 4332 ac
3416 4276 3679 4342 suavitas,
3708 4293 3821 4345 qua

2198 4358 2327 4415 illud
2359 4360 2647 4428 imbutum,
2676 4378 2741 4419 ac
2762 4364 2927 4420 veluti
2958 4364 3301 4439 absorptum,
3335 4382 3441 4422 nou
3476 4366 3638 4422 modo
3668 4365 3814 4423 nihil

2197 4469 2266 4508 ex
2304 4453 2444 4510 mole
2472 4455 2609 4527 ipsa,
2634 4471 2716 4525 ac,
2751 4458 2796 4514 si
2830 4474 3023 4514 vocare
3051 4460 3123 4515 ita
3153 4460 3312 4526 sinis,
3343 4461 3671 4529 corpulentia
3709 4474 3823 4519 sua

2197 4546 2434 4617 patietur
2463 4549 2816 4619 incommodi,
2855 4567 3040 4611 verum
3073 4551 3237 4607 etiam
3260 4551 3716 4625 iucundissimam
3748 4569 3823 4610 ac

2197 4640 2352 4709 plane
2393 4639 2678 4711 mirificam
2707 4657 2772 4696 ex
2824 4658 2886 4698 ea
2916 4643 3179 4715 percipiet
3206 4641 3653 4701 oblectationem.
3692 4642 3816 4701 Hoc

2197 4730 2265 4787 de
2293 4741 2612 4804 argumento
2637 4749 2761 4793 cum
2792 4733 2885 4788 alii
2915 4734 3090 4802 multi,
3120 4743 3233 4792 ttun
3258 4734 3562 4809 prtesertim
3585 4734 3821 4793 disserit

2196 4825 2446 4899 egregius
2489 4825 2573 4880 vir
2602 4822 2908 4883 Cardinalis
2941 4824 3306 4885 Bcllarminus
3358 4826 3414 4883 in
3455 4841 3520 4899 eo
3574 4826 3764 4884 libello
3792 4870 3811 4893 ,

2195 4935 2353 4990 quem
2377 4920 2441 4974 de
2459 4908 2769 4975 Sanctorum
2797 4920 3046 4993 felicitate
3065 4919 3340 4999 inscribit,
3365 4920 3436 4979 de
3455 4937 3563 4995 quo
3584 4920 3820 4994 quidem

2194 5012 2376 5068 lihello
2415 5015 2729 5085 pronuntiat
2780 5012 3100 5073 Vindelious
3124 5016 3203 5089 (in
3247 5015 3460 5089 praefat.
3495 5015 3563 5072 ad
3582 5015 3816 5093 physic.

2194 5105 2604 5178 particularem)
2633 5105 2929 5178 (eruditus,
2977 5106 3179 5179 fateor,
3228 5109 3653 5187 iugeniosusque
3680 5109 3815 5183 phi-

2194 5196 2478 5269 Iosephus,
2527 5196 2624 5253 sed
2655 5197 2994 5273 Bellarmini,
3022 5210 3185 5273 atque
3225 5200 3365 5259 adeo
3396 5192 3815 5269 Catholicorum

2187 5289 2431 5344 omnium
2460 5290 2761 5345 acerrimus
2777 5288 2974 5365 hostis)
2990 5292 3108 5363 plus
3131 5310 3250 5348 eum
3266 5294 3502 5350 ueritatis
3518 5295 3814 5363 continere,

508 5386 516 5393 ’
557 5391 645 5448 50.
679 5386 833 5459 Quod
870 5385 917 5443 si
956 5384 1195 5447 animum
1241 5382 1481 5451 hominis
1506 5382 1763 5454 attendis,
1794 5384 1936 5442 inter
1985 5384 2085 5453 ho—
2186 5398 2338 5452 quam
2362 5380 2583 5457 grandes
2601 5382 2720 5438 illos
2739 5387 3206 5453 controversiarum
3230 5384 3389 5459 libros
3413 5403 3431 5443 :
3456 5402 3564 5460 quo
3586 5387 3816 5461 quidem

478 5486 682 5543 minem
713 5485 794 5559 (.ut
823 5496 1012 5545 rursus
1041 5478 1221 5537 verbis
1240 5479 1521 5539 Ciceronis
1564 5477 1706 5553 utar)
1748 5477 1850 5552 (de
1876 5476 2082 5535 Ofﬁciis
2182 5474 2388 5546 judicio
2434 5475 2561 5531 dum
2615 5476 2947 5549 malevolum
3000 5480 3273 5547 adversus
3323 5479 3635 5545 Gatbolicos
3683 5482 3814 5539 ani—

482 5579 664 5647 tib.tv,
690 5577 781 5650 tl)
813 5595 832 5629 ι
867 5585 931 5641 et
949 5575 1206 5643 belluam,
1238 5572 1342 5637 hoc
1371 5572 1607 5633 maxime
1641 5572 1867 5629 interest
1891 5613 1919 5647 ,ο
1937 5568 2079 5642 quod

484 5669 602 5726 lucc
629 5680 855 5737 tantum,
887 5677 1147 5742 quantum
1191 5680 1354 5724 sensu
1400 5674 1671 5732 movetur,
1713 5665 1779 5718 ad
1812 5663 1862 5720 id
1904 5664 2078 5721 solum

560 5794 636 5863 (a)
678 5793 735 5850 lu
762 5794 947 5863 Eclog.
982 5809 1077 5850 seu
1101 5791 1291 5863 parall.
1322 5789 1426 5847 litt.
1452 5789 1517 5860 Α,
1550 5788 1689 5846 titul.
1721 5802 1835 5853 vut,
1861 5786 1993 5844 edit.
2032 5786 2076 5842 le

494 5862 682 5937 Quieti,
708 5872 841 5922 tom.
869 5862 931 5932 tt,
958 5878 1077 5936 pag.
1111 5862 1239 5919 510.

2188 5587 2334 5631 mum
2364 5569 2589 5643 profert,
2626 5587 2749 5639 eum
2788 5584 2997 5643 tamen,
3020 5572 3091 5641 de
3136 5584 3248 5647 quo
3277 5572 3519 5649 agimus.
3556 5570 3812 5641 libellum

2190 5663 2420 5722 mirifice
2461 5660 2827 5723 commendat.

2186 5858 2225 5919 Ρ
2260 5784 2526 5929 (512635)}.
2556 5786 2662 5844 760
2698 5788 2821 5869 (per
2852 5802 3098 5857 errorem
3147 5786 3281 5858 7481
3313 5787 3449 5855 tanti
3475 5802 3514 5844 ιι
3538 5786 3805 5846 editionis

2235 5896 2247 5913 ο
2410 5876 2425 5914 ι
2535 5897 2547 5912 ο

2235 5896 2247 5913 ο
2281 5876 2327 5914 ιε
2360 5876 2547 5914 υιαεη.

2768 6046 2771 6049 η
2802 6042 2831 6049 ρο.
3226 6046 3255 6052 ,ρ
