4120 6170
525 272 626 330 871

1203 266 1276 325 ΙΝ
1312 261 1571 322 ιιιιΑιιιι
1608 258 1824 318 EPIST.
1867 255 2002 316 SEU
2042 257 2101 314 LI

2207 256 2260 314 L.
2309 257 2759 316 DISSERTATIO
2795 256 3138 318 SECUNDA.

3724 264 3834 320 ετξ

523 384 752 440 [utilibus
798 384 938 450 caeli,
973 382 1206 438 omnibus
1235 380 1500 451 reptilibus
1537 393 1689 450 super
1717 385 1954 430 terrram.
1984 374 2125 428 lma-
2153 378 2202 437 Α
2231 374 2323 440 cit,
2357 384 2410 431 et
2449 382 2651 430 tantam
2681 377 2894 432 caeteris
2924 377 3328 434 venerationem
3358 379 3440 434 sui
3468 378 3738 446 infundit,
3778 389 3838 436 ut

520 479 698 549 ginem
729 493 858 548 ergo
897 475 1032 530 dixit
1058 473 1125 528 de
1155 475 1487 544 principatu,
1517 480 1571 525 et
1611 467 1883 532 dominio,
1921 481 2026 519 non
2055 464 2121 519 de

519 569 702 640 aliquo
739 569 889 622 alio:
941 565 1078 633 Quia
1133 565 1275 620 Deus
1321 565 1450 620 fecit
1498 562 1771 617 hominem
1824 558 2119 629 principem

519 661 784 724 omnium,
817 673 937 730 qum
965 666 1092 715 sunt
1119 671 1284 728 super
1311 665 1509 712 terram
1529 695 1543 721 ,
1575 661 1631 710 et
1666 651 1797 707 nihil
1824 665 1988 721 super
2013 659 2122 704 ter-

517 768 632 809 ram
663 751 882 808 homine
909 752 1082 824 majus
1112 759 1217 816 est,
1259 759 1314 805 et
1336 748 1518 804 omnia
1549 747 1650 802 sub
1677 752 1944 817 potestate
1975 742 2120 798 illius

517 856 664 902 sunt.
685 864 706 898 ι

591 941 657 996 Et
683 953 872 996 rursus
902 937 1128 1011 (Homil.
1160 939 1252 1005 10,
1283 955 1340 992 n.
1373 936 1432 1007 4)
1465 952 1478 990 :
1517 953 1537 987 ‹
1562 933 1853 1002 Postquam
1897 945 1995 984 nos
2022 929 2120 984 do-

513 1035 627 1089 cuit
665 1049 764 1104 per
802 1031 1182 1103 praecedentia,
1226 1029 1355 1102 quid
1400 1028 1473 1083 sit
1515 1025 1800 1082 secundum
1844 1022 2119 1094 imaginem

515 1124 613 1179 Dei
639 1125 758 1196 fecit
788 1140 902 1179 eum
931 1139 950 1178 :
978 1131 1033 1179 et
1081 1128 1140 1179 ut
1171 1136 1238 1177 ne
1283 1119 1651 1190 impudentem
1689 1115 1906 1186 quidem
1933 1113 2120 1169 defen-

512 1216 684 1273 sionis
713 1224 1039 1287 praetextum
1070 1213 1342 1284 relinquat
1371 1211 1634 1267 Ecclesiae
1664 1208 1914 1278 dogmata
1947 1206 2118 1276 impu-

511 1323 680 1378 gnare
705 1309 1007 1364 volentibus
1027 1347 1040 1370 ,
1073 1305 1348 1376 paululum
1377 1315 1694 1373 progressus
1734 1300 1878 1355 idem
1921 1299 2114 1354 iterum

511 1402 702 1468 docet,
759 1400 902 1472 quod
944 1400 1068 1456 ideo
1109 1398 1357 1470 imaginis
1399 1395 1616 1452 nomine
1661 1408 1794 1450 usus
1835 1392 1926 1458 sit,
1971 1390 2115 1462 quod

511 1497 895 1568 imperaturus,
945 1505 1001 1550 et
1037 1493 1140 1550 sub
1175 1508 1235 1550 se
1281 1501 1560 1548 creaturas
1595 1502 1787 1546 omnes
1831 1483 2116 1542 habiturus

666 1628 680 1644 ο
729 1606 749 1642 1

510 1597 659 1736 esss:
700 1680 885 1751 paucis
923 1678 1259 1749 interpositis
1287 1677 1364 1747 (η.
1397 1675 1495 1746 5):
1544 1692 1564 1727 ι
1607 1671 1794 1728 Vidisti
1838 1671 2115 1726 inenarra-

2226 465 2472 521 certatim
2499 465 2654 537 quasi
2686 469 2796 539 regi
2828 467 3103 532 obediant,
3140 481 3195 525 et
3238 471 3359 526 voci
3403 471 3522 541 ejus
3567 473 3837 530 obsecun-

2224 558 2355 614 dent
2379 577 2393 614 :
2423 569 2620 617 etcum
2643 559 2753 616 sint
2776 561 3192 629 irrationabilia,
3215 564 3486 620 rationem
3509 575 3830 636 agnoscant,

2224 661 2280 707 et
2324 653 2664 724 disciplinam
2717 668 2836 710 eam
2891 655 3224 725 imprimant,
3270 671 3433 729 quam
3482 667 3670 714 natura
3722 675 3831 716 null

2225 745 2432 802 tribuit.
2468 747 2709 818 Denique
2738 746 2983 804 videntes
3024 748 3154 805 fera:
3179 751 3298 820 ejus
3326 752 3827 822 mansuetudinem,

2223 835 2341 908 ejus
2373 837 2602 909 imperio
2634 848 3036 896 mansuescunt.
3066 839 3224 912 Swpe
3251 844 3655 913 suspenderunt
3685 859 3833 902 mor-

2221 945 2314 986 sus
2345 946 2496 998 suos,
2540 943 2830 988 revocante
2865 948 3002 988 sono
3053 934 3202 989 vocis
3241 935 3515 992 humanm.
3563 936 3829 994 Videmus

2221 1020 2443 1080 innoxio
2465 1037 2660 1079 canum
2687 1027 2850 1080 dente
2877 1025 3092 1095 lepores
3121 1025 3240 1082 sine
3270 1027 3493 1084 vulnere
3521 1029 3640 1099 capi
3666 1046 3683 1084 :
3707 1029 3826 1086 leo-

2223 1132 2319 1195 nes
2339 1132 2554 1189 quoque
2575 1119 2794 1190 ipsos,si
2814 1135 2917 1176 vox
2939 1121 3174 1177 hominis
3193 1123 3556 1193 resultaverit,
3583 1127 3824 1192 praedam

2219 1212 2492 1269 dimittere
2521 1231 2532 1266 :
2575 1215 2793 1282 parties,
2836 1224 2997 1286 atque
3024 1229 3180 1272 ursos
3211 1217 3444 1284 incitari,
3478 1233 3543 1275 ac
3571 1221 3822 1276 revocari

2220 1304 2485 1360 vocibus;
2528 1321 2695 1375 equus
2727 1307 2913 1377 plausu
2962 1306 3242 1364 hominum
3283 1308 3545 1376 fremere,
3592 1311 3815 1367 silentio

2216 1395 2430 1452 mollire
2458 1412 2675 1452 cursum
2710 1416 2722 1451 :
2750 1395 2985 1469 denique
3011 1414 3156 1467 saepe
3187 1400 3308 1456 sine
3332 1402 3564 1457 verbere
3592 1413 3826 1474 pra-ter-

2217 1499 2347 1547 eunt
2385 1491 2742 1546 verberatos:
2787 1493 2858 1547 ita
2893 1492 3268 1549 vehementius
3312 1493 3435 1549 illos
3480 1494 3671 1551 incitat
3718 1495 3828 1552 lin-

2215 1599 2334 1655 gum
2367 1583 2668 1655 flagellum.
2719 1605 2737 1639 ι

2283 1677 2376 1733 61.
2405 1677 2545 1734 Ecce
2569 1677 2697 1732 item
2725 1676 2952 1734 Marium
2981 1678 3252 1736 Victorem
3272 1721 3287 1747 ,
3319 1679 3546 1738 latinum
3573 1681 3819 1750 scilicet,

509 1775 672 1831 bilem
721 1774 1092 1845 potestatem?
1147 1771 1339 1828 Vidisti
1393 1768 1728 1840 principatus
1781 1761 2101 1836 magnitudi-

2216 1777 2270 1826 et
2297 1777 2564 1825 vetustum
2610 1771 2844 1826 Patrem.
2888 1771 3014 1826 llaec
3043 1788 3239 1841 nempe
3285 1772 3595 1844 loquentem
3635 1775 3689 1829 in
3721 1775 3824 1831 ho-

513 1869 683 1925 nem?
729 1867 926 1924 Vidisti
970 1866 1188 1924 condita
1227 1864 1410 1921 omnia
1450 1863 1553 1919 sub
1589 1861 1749 1931 hujus
1790 1865 2110 1930 potestatem

507 1962 770 2020 redacta?
816 1961 960 2017 Nihil
1006 1960 1234 2034 posthac
1283 1957 1558 2013 mediocre
1603 1954 1672 2010 de
1715 1950 1966 2008 rationali
2008 1947 2113 2004 hoc

504 2055 720 2110 animali
741 2054 1071 2124 imagineris,
1097 2050 1193 2107 sed
1214 2052 1390 2122 cogita
1414 2047 1637 2103 honoris
1659 2042 2106 2116 magnitudinem,

504 2156 560 2204 et
608 2147 820 2202 Domini
861 2162 988 2217 erga
1033 2145 1164 2200 illud
1206 2140 1680 2206 benevolentiam,
1720 2139 2110 2207 obstupescens

502 2241 648 2298 illius
686 2241 1042 2306 immensam,
1083 2246 1142 2294 et
1181 2235 1596 2293 inenarrabilem
1641 2231 2047 2301 benignitatem.
2083 2243 2102 2278 ι

582 2335 758 2408 Atque
805 2333 858 2391 id
905 2333 1078 2404 ipsum
1117 2331 1245 2387 alibi
1282 2331 1481 2400 repetit
1521 2327 1634 2401 (lib.
1675 2341 1694 2380 ι
1734 2326 1803 2380 ad
1849 2319 2106 2393 Stagir.),

502 2443 730 2486 monens
760 2445 781 2480 ι
806 2426 1041 2482 voluisse
1068 2425 1235 2481 Deum
1261 2422 1366 2478 hoc
1394 2437 1517 2478 esse
1537 2421 1591 2476 in
1621 2420 1781 2476 terris
1807 2415 2103 2481 hominem,

501 2521 646 2596 quod
676 2522 793 2594 ipse
815 2530 934 2578 erat
954 2521 1007 2575 in
1035 2517 1245 2576 (ταιῆς.)
1279 2515 1414 2573 Vide
1442 2517 1604 2570 etiam
1626 2527 1747 2582 qua:
1775 2525 1893 2566 eam
1910 2508 1966 2564 in
1988 2521 2105 2564 rem

503 2615 664 2671 tradit
703 2613 924 2671 homilia
949 2628 988 2669 ll
1010 2611 1062 2666 in
1093 2609 1390 2680 Epistolam
1417 2606 1485 2662 ad
1517 2605 1775 2662 Hebraeos
1806 2602 1882 2677 (ﬂ.
1913 2597 1992 2673 2).

571 2711 662 2768 58.
709 2709 988 2783 Nyssenus
1035 2705 1488 2778 Chrysostomum
1533 2716 1597 2757 ea
1639 2699 1693 2754 in
1743 2695 2104 2769 explicatione

499 2810 853 2876 prarcesserat
883 2817 898 2867 ;
929 2795 1333 2870 subsequuntur
1357 2804 1539 2851 autem
1567 2790 1892 2848 Severianus
1919 2785 2100 2843 Gaba-

497 2901 730 2966 litanus,
758 2907 816 2955 et
843 2895 1240 2953 Theodoretus.
1279 2891 1557 2962 Nysseuus
1597 2886 1806 2942 scilicet
1833 2893 1942 2938 tum
1972 2879 2097 2935 alibi

500 2992 736 3068 (Dialog.
766 3007 844 3057 ιιι,
877 3001 1001 3046 tam.
1036 3004 1054 3043 ι
1099 2985 1348 3042 Bibiioth.
1380 2981 1506 3036 Pat.
1543 2979 1723 3036 ϐιωοο
1751 2977 1944 3068 intime,
1977 2989 2096 3042 cap.

501 3088 604 3159 4),
635 3098 744 3142 tum
767 3084 929 3142 etiam
951 3081 1006 3138 in
1037 3081 1173 3138 libro
1198 3078 1262 3132 de
1307 3075 1528 3131 hominis
1561 3072 1768 3146 cpiﬁcio
1797 3067 1947 3125 uberi
1969 3079 2097 3121 ora-

499 3182 645 3238 tione
685 3179 810 3246 hoc,
837 3177 906 3235 de
933 3191 1042 3249 quo
1061 3174 1292 3246 agimus,
1322 3169 1682 3241 persequitur,
1723 3163 1839 3218 hzec
1869 3172 2096 3232 praeser-
2123 3163 2168 3226 ρ

499 3279 597 3335 tim
620 3289 849 3333 mouens
874 3289 888 3326 :
925 3290 944 3325 ι
980 3270 1050 3327 Ut
1081 3270 1134 3325 in
1159 3267 1260 3322 hac
1288 3265 1396 3320 vita
1422 3261 1656 3318 artifices
1683 3259 2096 3313 instrumentum

496 3387 560 3429 ea
603 3371 774 3427 forma
802 3367 1119 3428 moliuntur,
1152 3376 1272 3434 quae
1299 3358 1418 3415 usui
1449 3356 1520 3412 sit
1547 3364 1670 3425 apta
1699 3371 1713 3406 :
1745 3353 1815 3406 ita
1843 3361 2097 3419 tanquam

496 3479 591 3520 vas
635 3460 904 3533 quoddam
957 3457 1025 3513 ad
1073 3455 1220 3527 regni
1269 3445 1797 3508 administrationem
1842 3441 2093 3497 idoneum

495 3531 742 3612 naturam
771 3557 1012 3608 nostram
1041 3543 1524 3620 prmstantissimus
1551 3537 1832 3594 fabricavit
1859 3531 2052 3587 artifex
2079 3547 2092 3584 :

493 3666 559 3708 ac
583 3658 694 3706 tum
723 3647 921 3703 animae
945 3643 1196 3708 dotibus,
1229 3650 1342 3696 tum
1381 3638 1553 3709 figura
1588 3635 1700 3705 ipsa
1730 3629 1974 3701 corporis
2012 3635 2093 3680 ta-

493 3743 602 3799 lem
627 3739 930 3811 designavit
954 3734 1262 3800 hominem,
1293 3740 1351 3786 ut
1386 3728 1453 3785 ad
1485 3741 1708 3798 regnum
1752 3728 1898 3778 esset
1919 3717 2092 3788 aptis-

493 3836 685 3891 simus.
717 3852 736 3887 ι
769 3831 947 3902 Atque
985 3828 1039 3885 id
1069 3828 1270 3898 ipsum,
1297 3822 1441 3895 quod
1469 3821 1557 3877 hic
1586 3817 1819 3888 attingit,
1850 3813 2090 3883 copiosa,

493 3930 572 3985 uti
616 3927 872 3989 diximus,
902 3923 1179 3992 deinceps,
1209 3928 1373 3989 atque
1401 3913 1634 3986 eleganti
1664 3911 1873 3968 ratione
1907 3921 2094 3979 persc-

492 4020 692 4093 quitur.
743 4015 898 4086 Quod
944 4015 1140 4070 attinet
1179 4010 1247 4067 ad
1296 4006 1648 4066 Severianum
1693 4001 2090 4063 Gabalitanum,

491 4128 616 4168 eum
647 4109 892 4175 consule,
912 4122 1074 4179 quem
1106 4104 1160 4162 in
1183 4104 1331 4160 calce
1361 4101 1568 4172 paginae
1595 4097 1818 4166 designo
1837 4135 1855 4162 ,
1889 4093 2089 4154 locum,

2215 1863 2379 1919 minis
2401 1865 2678 1920 creatione
2711 1865 2880 1920 Deum
2910 1864 3116 1921 inducit
3140 1864 3244 1936 (De
3273 1865 3491 1938 Origine
3518 1868 3741 1940 mundi):

2306 1979 2446 2054 ἔειπε
2463 1978 2709 2054 hominem
2730 1978 2974 2054 faciamus,
2995 1981 3082 2054 ait,
3110 1981 3194 2043 qui
3215 1988 3398 2039 regnet
3420 1981 3470 2030 in
3492 1981 3632 2054 orbe,

2308 2041 2372 2093 Et
2390 2042 2455 2093 sit
2478 2043 2638 2104 imago
2655 2041 2750 2092 Dei
2771 2055 2782 2090 :
2805 2041 3014 2093 similem
3033 2041 3186 2093 decet
3210 2056 3324 2094 esse
3348 2047 3570 2108 creanti,
3590 2041 3686 2096 etc.

2214 2124 2284 2179 Et
2307 2125 2566 2196 deinceps
2597 2142 2611 2177 :

2303 2215 2436 2281 Ergo
2461 2216 2593 2267 hunc
2615 2218 2924 2281 praepositum
2951 2219 3101 2267 rebus
3121 2230 3232 2268 cum
3254 2218 3466 2281 conjuge
3483 2217 3626 2280 jussit

2305 2279 2545 2331 Crescere
2571 2279 2661 2343 per
2684 2279 2921 2340 subolem,
2949 2287 3205 2343 terrasque
3228 2279 3434 2344 replere
3463 2289 3707 2332 vacantes.

2210 2362 2422 2419 Rursus
2449 2378 2665 2434 quoque
2691 2383 2703 2418 :

2303 2454 2653 2519 Erimusenim
2675 2456 2884 2519 meritis,
2907 2462 3186 2519 postremus
3212 2455 3263 2504 in
3285 2456 3462 2506 ordine
3486 2462 3586 2506 toto

2301 2515 2478 2582 Eactus
2499 2515 2665 2582 homo,
2692 2523 2745 2582 ut
2767 2515 2881 2582 sese
2907 2515 3058 2582 rebus
3077 2525 3314 2582 praestare
3338 2521 3528 2569 creatis

2300 2577 2498 2642 Nosset,
2522 2587 2575 2631 et
2593 2579 2705 2630 hinc
2727 2579 2901 2630 laudes
2919 2577 3128 2630 Domino
3151 2580 3467 2644 persolveret
3491 2596 3676 2645 aequas.

2276 2686 2367 2742 62.
2413 2687 2470 2743 In
2521 2687 2766 2744 eamdem
2811 2691 3137 2745 sententiam
3173 2688 3420 2746 Alcimus
3452 2688 3646 2745 Avitus
3691 2690 3815 2761 ipse

2205 2799 2420 2857 quoque
2446 2784 2562 2841 hrec
2590 2784 2656 2841 de
2679 2785 2900 2857 homine
2929 2786 3239 2858 loquentem
3263 2787 3434 2844 Deum
3459 2788 3585 2843 facit
3608 2806 3621 2842 :

2297 2900 2438 2972 Eunt;
2460 2899 2697 2972 formetur
2717 2901 2884 2972 homo,
2910 2902 3084 2972 summi
3105 2903 3432 2972 quem_taugit
3455 2903 3615 2966 imago

2294 2961 2536 3019 Numinis.
2560 2969 2612 3013 et
2635 2971 2848 3012 nostram
2873 2961 3006 3014 Celso
3028 2961 3238 3015 donatus
3261 2961 3450 3015 honore

2295 3024 2476 3087 Induat
2497 3025 2709 3075 interius
2735 3025 2940 3074 formosa
2965 3035 3134 3076 mente
3167 3026 3390 3087 ﬁguram.

2293 3086 2439 3153 Hunc
2461 3087 2586 3136 libet
2610 3088 2796 3137 erectis
2810 3087 3073 3153 sublimem
3095 3086 3336 3140 incedere
3358 3090 3555 3153 plantis,

2295 3149 2387 3216 Qui
2412 3157 2558 3216 regat
2579 3155 2769 3216 aeterno
2789 3149 3060 3216 subjectum
3086 3153 3306 3212 pondere
3328 3149 3582 3216 mundum,

2297 3212 2449 3278 Bruta
2473 3210 2660 3270 domet,
2687 3210 2851 3278 legem
2877 3210 3172 3278 cunctis—ac
3189 3218 3379 3265 nomina
3405 3223 3565 3278 ponat,

2295 3274 2440 3336 Astra
2459 3280 2619 3336 notet,
2647 3272 2862 3336 cmlique
2879 3275 3001 3332 vias,
3026 3281 3078 3325 et
3100 3277 3264 3326 sidera
3287 3272 3434 3334 norit,

2296 3333 2536 3403 Discatet
2559 3333 2794 3403 inspectis
2813 3338 3103 3403 discernere
3121 3344 3344 3403 tempora
3366 3333 3549 3403 signis;

2296 3398 2534 3464 Subjiciat
2557 3398 2765 3461 pelagus
2787 3410 2993 3464 saevum.
3017 3398 3316 3464 ingenioque
3335 3398 3494 3453 ten'aci

2292 3459 2896 3522 PosSideat’quzecumque
2916 3459 3050 3509 videt
3069 3459 3088 3508 Ξ
3103 3464 3184 3512 cui
3209 3459 3366 3514 liestia
3388 3465 3624 3516 frendens

2293 3522 2507 3584 Serviat,
2532 3530 2584 3573 et
2604 3523 2759 3583 posito
2779 3523 2969 3572 discant
2991 3533 3248 3575 mansueta
3269 3526 3438 3580 furore

2293 3583 2561 3651 imperitim
2581 3585 2801 3651 jumenta
2823 3587 2951 3647 pati,
2971 3584 3193 3651 jussique
3218 3586 3362 3651 ligari

2293 3645 2554 3713 Feétiuent
2570 3646 2746 3713 trepidi
2769 3645 3005 3713 consueta
3020 3649 3080 3713 in
3104 3645 3497 3713 vincla'juvenci,
3558 3701 3562 3706 ,

2294 3711 2500 3770 Quoque
2525 3710 2670 3758 etiam
2694 3716 2866 3757 natura
2901 3709 3112 3760 hominis
3134 3709 3386 3765 sublimior
3410 3725 3580 3770 exstet

2292 3754 2392 3840 inci
2400 3754 2495 3832 piat
2513 3754 2676 3820 rectos
2697 3754 2753 3819 id
2762 3754 2896 3820 ’δάεῙο
2901 3754 2960 3840 ιιι*
2969 3754 3378 3840 ibi'ié'ré
3411 3754 3428 3767 ‘
3445 3754 3600 3780 ωτι-ιι,

2293 3831 2547 3896 Factorem
2570 3839 2758 3896 quierat
2781 3833 3050 3896 prolirium,
3074 3837 3153 3885 cui
3177 3831 3504 3892 mente't‘ldeli

2291 3894 2551 3958 Impendat
2571 3893 2798 3944 famulam
2822 3893 3044 3959 loitgtevo
3067 3901 3116 3947 in
3136 3904 3362 3964 tempore
3384 3905 3551 3956 vitam.

2267 4001 2360 4056 63.
2390 4001 2495 4058 Sed
2526 4001 2645 4072 quis
2671 4001 3029 4074 Augustinum
3061 4019 3167 4060 non
3197 4006 3420 4074 referat,
3458 4009 3548 4081 qui
3577 4011 3695 4068 haec
3721 4015 3804 4070 ait

2195 4093 2296 4165 (De
2323 4093 2518 4151 Genesi
2547 4106 2737 4152 contra
2765 4095 3023 4164 Manich.,
3054 4097 3144 4153 lib.
3177 4116 3216 4166 ι.
3245 4118 3360 4173 cap.
3407 4104 3509 4170 l7,
3557 4124 3611 4160 η.
3658 4108 3754 4177 28)
3783 4126 3802 4163 :

2201 4203 2220 4238 ι
2251 4185 2406 4254 Quod
2431 4186 2594 4244 homo
2614 4188 2682 4244 ad
2713 4188 3004 4260 imaginem
3036 4191 3128 4246 Dei
3153 4192 3327 4249 factus
3348 4193 3566 4264 dicitur,
3595 4211 3799 4254 secun-

493 4204 680 4272 idque,
720 4204 789 4260 de
826 4217 935 4274 quo
961 4202 1193 4273 agimus,
1239 4195 1494 4252 traditum
1529 4189 1773 4248 invenies
1809 4186 1908 4261 (α).

566 4296 655 4351 59.
686 4294 1060 4350 Theodoretns
1089 4303 1218 4347 vero
1244 4289 1297 4344 in
1325 4285 1575 4344 eamdem
1607 4281 1933 4340 sententiam
1974 4277 2091 4333 haec
2192 4279 2320 4336 dum
2360 4281 2669 4338 interiorem
2700 4282 2972 4338 hominem
3019 4283 3238 4351 dicitur.
3283 4287 3374 4344 ubi
3424 4298 3509 4344 εει
3548 4291 3709 4356 τωο.
3737 4303 3802 4348 α

493 4387 657 4445 tradit
681 4384 776 4456 (In
810 4385 978 4455 Caput
1026 4399 1080 4438 xu
1106 4381 1356 4454 Episton
1384 4395 1400 4435 ι
1430 4377 1497 4433 ad
1525 4373 1823 4445 Corinth):
1858 4390 1879 4424 ι
1919 4371 2091 4426 llomo
2193 4373 2538 4432 intellectus:
2582 4377 2727 4435 unde
2775 4380 2939 4436 etiam
2984 4380 3146 4438 habet
3189 4391 3514 4452 potestatem
3564 4385 3800 4455 ρῑειιίυηι

489 4490 574 4538 est
605 4480 698 4536 Dei
739 4479 936 4548 imago,
991 4488 1168 4543 neque
1205 4471 1383 4543 quoad
1422 4482 1650 4538 corpus,
1695 4479 1870 4534 natiue
1911 4461 2088 4535 quoad
2191 4470 2390 4535 maris,
2436 4478 2493 4527 et
2516 4471 2814 4528 volatilium
2843 4474 3001 4542 cceli,
3031 4483 3088 4531 et
3129 4457 3380 4532 omnium
3403 4491 3660 4547 pecorum
3682 4520 3697 4543 ,
3732 4489 3803 4536 ct

489 4577 760 4640 animam,
806 4571 901 4629 sed
944 4577 1152 4625 tantum
1205 4564 1349 4636 quod
1387 4562 1581 4618 attinet
1623 4559 1686 4615 ad
1724 4557 2082 4628 principatum
2113 4554 2163 4616 D
2192 4561 2448 4631 fel-3mm,
2489 4574 2545 4621 θι
2581 4566 2760 4622 omnis
2827 4576 3018 4636 term,
3065 4577 3121 4625 ει
3159 4570 3401 4626 omnium
3443 4573 3750 4642 repeminm
3777 4615 3795 4641 ’

488 4676 544 4723 et
571 4664 855 4735 imperium
873 4679 888 4718 :
907 4669 966 4718 ut
983 4659 1071 4716 cui
1096 4673 1224 4729 ergo
1249 4657 1514 4722 omnium,
1537 4669 1657 4725 qme
1686 4660 1812 4706 sunt
1839 4649 1892 4705 in
1918 4659 2084 4716 terra,

486 4757 773 4830 imperium
796 4764 880 4812 est
905 4753 1197 4819 creditum,
1224 4749 1319 4806 Dei
1343 4750 1518 4819 imago
1542 4744 1864 4816 appellatur;
1890 4741 2087 4797 mulier

485 4863 690 4917 autem,
724 4861 783 4906 ut
807 4864 926 4922 quae
955 4848 1024 4904 sit
1051 4847 1104 4902 in
1137 4851 1404 4916 potestate
1432 4841 1554 4906 viri,
1586 4850 1656 4895 est
1686 4838 1781 4894 viri
1805 4836 2000 4908 gloria,
2032 4846 2085 4891 et

484 4948 651 5004 veluti
677 4946 856 5016 imago
886 4940 1135 5013 imaginis
1160 4957 1172 4992 :
1203 4953 1325 4994 nam
1351 4938 1464 5006 ipsa
1493 4936 1655 4992 etiam
1688 4931 1805 4987 aliis
1827 4931 2080 5002 imperat,

387 5016 389 5018 η
482 5041 578 5100 sed
608 5040 724 5096 viro
747 5038 989 5109 subjecta
1017 5049 1160 5100 esse,
1185 5041 1242 5090 et
1263 5032 1312 5088 ei
1341 5045 1532 5103 parere
1559 5029 1708 5099 jussa
1736 5035 1838 5083 est.
1875 5044 1894 5077 ›

554 5135 644 5192 60.
676 5131 783 5190 Sed
812 5147 881 5186 ne
909 5129 1129 5186 Grtecos
1160 5135 1366 5182 tantum
1393 5123 1669 5178 videamur
1697 5118 1891 5174 afferre
1910 5159 1926 5186 ,
1953 5129 2080 5172 ecce

483 5227 579 5284 tibi
633 5223 978 5281 Ambrosium
1028 5219 1147 5275 hac
1191 5217 1259 5273 de
1319 5215 1541 5272 homine
1593 5211 1894 5268 tradentem
1952 5208 2078 5281 (b):

487 5339 507 5374 ι
546 5321 658 5376 lloc
678 5319 874 5374 mentis
900 5316 1086 5386 vigore
1111 5319 1167 5368 et
1195 5318 1420 5368 externa
1461 5306 1683 5378 subigit,
1712 5314 1768 5360 et
1795 5310 2044 5372 separata
2063 5343 2077 5365 ,

480 5428 544 5471 ac
569 5410 821 5468 distantia
846 5407 1007 5474 videt,
1035 5415 1091 5463 et
1115 5402 1373 5460 validiora
1399 5400 1601 5456 viribus
1627 5395 1880 5452 animalia
1904 5392 2076 5464 subji-

295 5509 480 5616 Ἃ·
552 5576 632 5651 (ο)
679 5574 829 5651 0'3“-
861 5587 912 5651 Ε
945 5571 1012 5627 de
1039 5565 1538 5651 πιαηάέ.,ενςει¹ίο,νιε
1575 5561 1730 5651 ’νέξ
1778 5555 2068 5651 Ρθεζέδέτ

509 5633 824 5728 ytOp.
843 5644 1135 5728 .Chrysost‘.
1340 5633 1748 5728 blotitfauconii.
1771 5633 1841 5688 In
1876 5645 1979 5701 quo
2005 5636 2079 5686 est

549 5717 626 5774 ‘io-
642 5716 929 5790 imaginis?
955 5716 1011 5770 iu
1035 5716 1306 5786 potestate,
1335 5718 1441 5766 etc.

630 5999 650 6067 ιι.

2190 4670 2311 4726 qua:
2336 4665 2463 4712 sunt
2487 4672 2651 4730 super
2678 4669 2876 4716 terram
2901 4677 2916 4716 :
2945 4676 3068 4718 cum
3094 4663 3239 4718 enim
3261 4662 3511 4733 dixisset,
3536 4665 3799 4736 [adamas

2191 4749 2446 4804 hominem
2471 4750 2541 4804 ad
2565 4751 2859 4819 imaginem,
2893 4762 2940 4808 et
2973 4753 3371 4810 similitudinem
3395 4766 3656 4824 nostram,
3689 4759 3798 4814 ad-

2188 4839 2324 4894 didit
2366 4842 2663 4898 continuo:
2700 4841 2769 4910 Et
2807 4844 2990 4900 habeat
3019 4855 3318 4917 potestatem
3349 4849 3571 4918 piscium
3607 4853 3795 4921 maris,

2188 4943 2235 4988 et
2265 4933 2552 4989 volatilium
2581 4937 2717 5003 cmli,
2749 4946 2804 4992 et
2832 4948 3030 4995 cmtera
3064 4955 3080 4994 :
3108 4950 3168 4996 ut
3195 4940 3648 5014 intelligeremus,
3679 4962 3794 5001 non

2188 5036 2411 5096 propter
2449 5041 2646 5099 corpus
2691 5031 2795 5087 dici
2838 5031 3112 5090 hominem
3154 5034 3354 5094 factum
3401 5036 3470 5092 ad
3497 5037 3797 5108 imaginem

2189 5117 2310 5186 Dei,
2351 5117 2445 5175 sed
2475 5133 2694 5193 propter
2721 5137 2842 5178 eam
2869 5133 3217 5204 potestatem,
3242 5141 3352 5198 qua
3379 5129 3564 5185 omnia
3588 5144 3797 5200 pecora

2187 5219 2426 5282 superat.
2471 5211 2664 5270 Omnia
2701 5215 2845 5270 enim
2869 5216 3120 5274 animalia
3155 5228 3356 5277 caetera
3388 5221 3632 5292 subjecta
3661 5233 3802 5280 sunt

2189 5299 2391 5357 homini
2419 5317 2528 5360 non
2560 5312 2780 5374 prepter
2800 5322 3020 5379 corpus,
3051 5311 3146 5366 sed
3179 5321 3398 5384 propter
3427 5313 3795 5384 intellectum,

2187 5409 2346 5465 quem
2374 5410 2475 5452 nos
2503 5395 2787 5469 habemus,
2816 5410 2869 5457 et
2900 5401 2994 5457 illa
3023 5417 3131 5459 non
3157 5402 3380 5461 habent.
3418 5424 3439 5459 ι

2255 5555 2333 5647 (ὁ)
2378 5557 2499 5647 ξτίιι.
2545 5576 2618 5647 vi.
2667 5563 2829 5634 epist.
2874 5579 3101 5635 xxxvut,
3140 5565 3277 5627 alias
3314 5567 3491 5628 classe
3531 5585 3572 5641 ι,
3622 5573 3794 5645 epist.

2186 5629 2334 5697 nm,
2367 5629 2716 5692 Horontiano.
