4120 6170
490 295 596 356 875

1218 281 1286 339 IN
1315 274 1571 336 [IILARII
1610 271 1831 330 EPIST.
1875 269 2004 328 SEU
2044 267 2263 326 LIBEL.
2308 264 2760 324 DISSERTATIO
2787 262 3069 322 TERTIA.

3691 257 3800 315 876

489 413 557 470 ad
595 411 867 483 imaginem
919 416 964 462 et
1005 401 1387 460 similitudinem
1415 406 1680 459 nostram;
1735 399 1958 446 nostram
1991 385 2091 441 uti-
2117 387 2168 445 A
2265 384 2353 441 78.
2387 384 2444 441 Si
2474 398 2601 439 vero
2630 383 2680 436 in
2701 379 3031 452 perfectione
3061 374 3277 440 eximia,
3311 387 3470 445 qnam
3499 385 3661 443 supra
3693 385 3804 426 cm-

489 522 586 577 que
612 477 720 560 non
743 501 978 566 dixisset,
1009 496 1096 568 sed
1123 505 1261 548 tuam
1293 491 1348 565 (o
1371 489 1516 562 Fili).
1545 487 1681 544 Num
1711 485 1824 539 I1ch
1853 477 2095 535 animad-

490 572 670 655 versio
691 593 997 664 Opinionem
1019 604 1138 644 eam
1161 586 1288 642 satis
1310 583 1538 649 refutet,
1567 581 1652 635 alii
1674 576 1928 635 viderint.
1954 572 2096 627 Con-

494 690 646 756 sule,
685 686 948 750 obsecro,
989 681 1264 738 Petavium
1309 677 1484 749 ipsum
1525 689 1643 744 cap.
1676 687 1752 726 vn
1790 667 1911 725 libri
1958 681 1996 721 ιι
2026 664 2094 721 de

494 778 759 836 Trinitate
792 775 869 848 (η.
900 774 981 845 4).

567 872 650 928 Ex
678 871 939 924 hactenus
968 865 1126 922 dictis
1155 862 1410 934 dijudicet
1439 860 1654 921 Lector,
1697 851 1824 926 quid
1866 851 1934 907 de
1971 863 2097 920 pos-

496 976 669 1023 trema
692 962 947 1034 opinione
968 957 1306 1016 sentiendum
1331 955 1422 1022 sit,
1445 965 1630 1008 eorum
1655 947 1880 1009 scilicet,
1906 942 1996 1013 qui
2020 940 2097 995 fa-

494 1075 675 1123 tentur
697 1066 749 1120 in
773 1063 993 1117 homine
1013 1059 1227 1130 quidem
1253 1066 1438 1113 extare
1465 1067 1582 1108 eam
1604 1095 1618 1119 ,
1643 1049 1711 1105 de
1733 1061 1835 1118 qua
1862 1041 2094 1114 agimus,

493 1158 884 1216 similitudinem
926 1165 973 1209 et
1001 1153 1308 1224 imaginem:
1363 1146 1455 1203 sed
1487 1147 1536 1200 in
1565 1158 1671 1214 quo
1705 1137 1878 1211 posita
1907 1149 1970 1190 ea
2001 1131 2093 1195 sit,

497 1255 724 1311 minime
747 1264 1029 1323 apparere.
1059 1247 1115 1304 Si
1141 1245 1268 1315 quid
1292 1242 1500 1299 scilicet
1527 1236 1807 1311 probabile
1837 1233 2098 1286 hactenus

496 1347 762 1410 diximus,
795 1354 904 1398 tam
934 1352 988 1396 et
1019 1341 1062 1395 si
1092 1338 1332 1394 stabilire
1367 1345 1518 1390 certo
1559 1345 1666 1385 non
1709 1325 2010 1398 possimus,
2042 1319 2096 1372 in

494 1451 605 1508 Quo
632 1437 749 1492 bmc
771 1435 939 1505 posita
968 1433 1074 1497 sit;
1107 1440 1285 1486 tamen
1309 1429 1526 1483 Patrum
1555 1439 1617 1478 ea
1645 1422 1698 1475 in
1723 1411 2099 1485 disquisitione

495 1507 672 1602 posita
699 1527 879 1591 ,studia
919 1525 1239 1586 effecerunt,
1283 1531 1343 1576 ut
1378 1516 1671 1575 verisimile
1710 1508 1910 1582 aliquid
1953 1507 2100 1561 inve-

497 1623 770 1686 nerimus,
801 1619 853 1674 in
885 1632 992 1688 quo
1023 1619 1164 1682 hanc
1185 1614 1529 1668 collocemus.
1562 1609 1635 1662 Ea
1667 1605 1734 1660 de
1773 1617 1835 1658 re
1881 1597 2101 1654 minime

496 1712 798 1778 dubitabis,
840 1711 884 1765 si
927 1725 990 1764 ea
1029 1705 1353 1779 expenderis
1375 1743 1388 1768 ,
1419 1715 1539 1772 quae
1569 1714 1598 1753 a
1631 1707 1857 1752 numero
1884 1689 2099 1745 decimo

497 1806 660 1862 tertio
686 1805 753 1859 ad
781 1802 925 1859 hunc
952 1815 1121 1872 usque
1151 1799 1327 1854 locum
1359 1794 1578 1864 copiose
1608 1787 1950 1845 tradidimus.

957 1955 1283 2029 QUIESTIO
1321 1952 1386 2009 III
1435 1961 1490 2008 et
1527 1949 1615 2005 IV.

499 2103 566 2162 In
595 2120 695 2175 qua
721 2099 939 2157 hominis
968 2109 1112 2169 parte
1143 2093 1309 2163 posita
1349 2090 1414 2144 sit
1455 2086 1564 2142 lucc
1584 2126 1599 2151 ,
1632 2083 1695 2138 de
1735 2096 1837 2151 qua
1874 2077 2097 2149 agimus,

566 2171 737 2266 imago
764 2202 812 2247 et
839 2189 1140 2246 similitudo.
1174 2186 1272 2240 Et:
1331 2182 1411 2236 An
1439 2179 1537 2234 soli
1565 2179 1703 2241 uiro,
1733 2190 1800 2226 an
1825 2171 1979 2226 etiam
2008 2172 2102 2238 fce-

570 2289 726 2344 minte
763 2283 990 2340 eamdem
1041 2278 1317 2348 imaginem
1359 2283 1404 2328 et
1434 2267 1828 2326 similitudinem
1854 2260 2100 2318 indiderit

573 2379 736 2437 Deus.

568 2515 659 2571 75'.
692 2513 748 2570 Si
777 2527 841 2569 ea
865 2507 1249 2581 expendimus,
1275 2518 1396 2574 quae
1421 2501 1473 2556 in
1504 2495 1772 2570 superiori
1797 2491 2100 2566 qumstione

499 2610 768 2676 diximus,
812 2605 967 2662 facile
1008 2600 1308 2665 constabit,
1355 2596 1407 2650 in
1442 2607 1669 2664 corpore
1717 2589 1838 2660 poni
1880 2583 2102 2641 minime

498 2717 664 2777 posse
685 2716 834 2767 eam,
865 2695 932 2752 de
959 2711 1062 2767 qua
1088 2693 1326 2764 agimus,
1351 2688 1446 2744 Dei
1478 2685 1765 2755 imaginem
1785 2723 1800 2749 ,
1830 2678 1934 2736 nisi
1961 2677 2102 2733 forte

499 2796 556 2852 in
587 2811 646 2851 ea
681 2789 1076 2864 signiﬁcatione
1116 2785 1170 2840 id
1209 2784 1440 2844 dicatur,
1473 2792 1633 2849 quam
1673 2781 1949 2847 praeeunte
1989 2771 2103 2825 Au-

499 2889 716 2962 gustino
829 2883 895 2937 47
923 2878 1320 2953 proposuimus.
1367 2871 1426 2929 In
1459 2870 1637 2926 anima
1665 2883 1791 2923 vero
1823 2863 1951 2936 poni
1981 2877 2102 2933 pos-

499 2958 581 3048 se,
611 2978 832 3034 minime
853 2974 1059 3030 dubito.
1077 2974 1154 3048 .At
1176 2984 1302 3024 num
1329 2967 1382 3021 in
1407 2965 1601 3019 animae
1627 2958 1950 3023 substantia,
1975 2969 2103 3035 num

498 3073 554 3129 in
591 3072 736 3126 illius
766 3066 1052 3140 pctentiis,
1086 3079 1214 3119 num
1260 3061 1361 3116 alia
1404 3056 1657 3128 quapiam
1703 3051 1948 3116 ratione,
1981 3059 2095 3103 tum

2195 488 2339 535 teras
2368 486 2646 534 creaturas
2678 474 2835 530 habet
2869 472 3070 537 homo,
3097 485 3214 525 eam
3249 464 3658 523 similitudinem
3691 464 3804 519 col-

2196 572 2379 637 loces;
2413 570 2689 626 fceminam
2718 565 2785 622 ad
2816 565 2909 621 Dei
2936 563 3223 634 imaginem
3264 558 3461 616 factam
3502 572 3670 630 neges
3712 572 3805 614 ne-

2196 680 2347 731 cesse
2373 671 2474 718 est.
2506 659 2720 716 Etenim
2749 655 2961 711 mulieri
2987 652 3206 724 praestat
3230 651 3334 715 vir,
3365 649 3620 720 illiusque
3647 655 3807 717 caput

2196 765 2296 813 est.
2327 749 2750 824 Expressissime
2777 745 3194 820 Cbrysostomus
3216 742 3321 818 (a):
3351 758 3370 794 ‹
3389 739 3461 798 Ut
3488 739 3634 797 enim
3666 737 3807 795 scias

2198 850 2430 905 humana
2460 846 2630 902 forma
2656 840 2938 915 praeditum
2967 854 3076 895 non
3101 852 3224 894 esse
3251 850 3453 893 numen
3475 876 3489 901 ,
3521 832 3645 888 audi
3667 832 3810 887 Pau-

2196 940 2306 997 Ium
2348 939 2650 996 dicentem:
2691 933 2786 990 Vir
2813 933 3018 1006 quidem
3046 949 3148 986 non
3188 929 3335 984 debet
3358 927 3553 994 velari,
3585 942 3702 982 cum
3742 926 3810 981 sit

2198 1037 2368 1106 imago
2420 1041 2466 1088 et
2505 1030 2672 1103 gloria
2714 1027 2807 1082 Dei
2837 1042 2856 1081 :
2919 1024 3113 1081 Mulier
3150 1031 3324 1078 autem
3361 1021 3527 1095 gloria
3563 1019 3661 1074 viri
3696 1027 3808 1086 est,

2201 1137 2469 1198 prapterea
2508 1122 2688 1187 debet,
2729 1120 2940 1192 inquit,
2981 1118 3149 1173 velum
3188 1116 3376 1170 habere
3421 1129 3580 1182 supra
3631 1120 3806 1181 caput.

2199 1221 2490 1276 Enimvero
2513 1217 2558 1272 si
2592 1215 2696 1270 boc
2719 1215 2840 1270 loco
2873 1211 3159 1282 imaginem
3191 1208 3243 1264 id
3273 1206 3593 1280 appellavit,
3627 1218 3809 1276 arqua-

2201 1314 2306 1369 lem
2349 1311 2546 1367 divinae
2585 1309 2730 1364 omni
2777 1321 2842 1362 ex
2884 1315 3036 1376 parte
3079 1303 3265 1358 forma:
3296 1297 3702 1357 similitudinem
3735 1296 3811 1353 si-

2203 1407 2463 1476 gniﬁcans
2486 1446 2501 1471 ,
2533 1414 2586 1458 et
2618 1402 2818 1458 idcirco
2852 1401 2944 1455 Dei
2976 1399 3152 1469 imago
3181 1405 3406 1453 vocatur
3446 1394 3612 1450 homo
3632 1435 3648 1460 ,
3681 1391 3804 1463 quia

2207 1503 2346 1558 Deus
2377 1501 2481 1556 hoc
2511 1505 2668 1570 pacto
2700 1497 2959 1567 figuratus
2998 1500 3101 1550 est.
3148 1491 3316 1564 Igitur
3353 1487 3649 1547 secundum
3689 1486 3813 1541 illos

2207 1614 2313 1653 non
2342 1597 2518 1651 virum
2549 1602 2755 1647 tantum
2788 1588 2854 1645 ad
2884 1587 3169 1660 imaginem
3213 1584 3410 1640 factum
3453 1581 3556 1638 dici
3598 1587 3816 1650 oporte-

2205 1688 2328 1755 bat,
2357 1685 2453 1742 sed
2477 1684 2642 1740 etiam
2675 1682 2994 1745 mulierem;
3029 1675 3274 1734 mulieris
3301 1675 3447 1731 enim
3489 1672 3700 1744 virique
3755 1671 3816 1725 ii-

2127 1772 2175 1833 B
2203 1794 2367 1852 gura,
2401 1785 2455 1834 et
2483 1776 2691 1845 forma,
2726 1783 2777 1828 et
2820 1771 3116 1827 similitudo
3156 1779 3238 1825 est
3277 1783 3405 1823 una.
3439 1765 3608 1834 Quam
3653 1764 3816 1834 igitur

2203 1872 2274 1929 ob
2304 1885 2520 1926 causam
2553 1867 2732 1938 imago
2765 1865 2856 1921 Dei
2889 1866 2970 1919 vir
3006 1863 3229 1928 dicitur,
3280 1859 3476 1916 mulier
3533 1873 3665 1914 vero
3706 1873 3816 1912 non

2203 1964 2371 2022 item?
2399 1961 2535 2030 Quia
2564 1961 2820 2016 nimirum
2854 1972 2958 2012 non
2989 1957 3059 2012 de
3087 1953 3318 2026 imagine
3359 1953 3690 2008 mentionem
3725 1951 3806 2004 fa-

2203 2056 2276 2112 cit
2298 2099 2312 2124 ,
2345 2073 2464 2127 quae
2494 2056 2544 2110 in
2576 2054 2747 2109 forma
2779 2052 2880 2108 sita
2909 2048 3011 2116 sit,
3045 2049 3141 2107 sed
3183 2047 3250 2104 de
3289 2045 3524 2118 imagine
3548 2089 3562 2109 ,
3604 2060 3724 2116 qua:
3758 2043 3811 2098 in

2202 2150 2479 2206 dominatu
2501 2191 2514 2218 ,
2546 2164 2704 2220 quam
2737 2147 2888 2202 solus
2921 2145 3082 2200 homo
3114 2142 3311 2208 habet,
3345 2155 3451 2197 non
3481 2149 3661 2196 autem
3688 2155 3817 2194 mu-

2205 2243 2324 2298 lier.
2357 2242 2491 2297 Nam
2525 2241 2612 2297 hic
2643 2239 2858 2311 quidem
2895 2237 3095 2293 nemini
3128 2234 3375 2291 subditus
3401 2241 3522 2298 est,
3554 2231 3643 2288 illa
3683 2229 3811 2287 huic

2210 2335 2456 2401 subdita,
2484 2331 2937 2405 quemadmodum
2968 2328 3144 2400 inquit
3174 2328 3316 2384 Deus
3341 2344 3354 2379 :
3388 2326 3468 2380 Ad
3488 2325 3653 2380 uirum
3675 2333 3820 2378 tuum

2220 2427 2482 2481 conversio
2507 2435 2613 2493 tua,
2639 2433 2684 2479 et
2713 2425 2821 2494 ipse
2840 2423 2916 2477 tui
2944 2420 3310 2476 dominabitur.
3336 2417 3549 2474 Idcirco
3574 2417 3666 2471 Dei
3695 2415 3820 2486 qui-

2210 2517 2333 2572 dem
2366 2516 2542 2586 imago
2571 2523 2657 2571 est
2685 2515 2786 2580 vir,
2819 2513 2942 2584 quia
2975 2511 3345 2566 sublimiorem
3377 2507 3587 2565 nullum
3617 2505 3816 2572 habet,

2207 2607 2663 2680 quemadmodum
2700 2608 2808 2661 Deo
2839 2603 3123 2660 sublimior
3147 2611 3233 2659 est
3269 2601 3486 2667 nullus,
3517 2601 3612 2656 sed
3642 2599 3822 2655 omni-

2207 2699 2308 2756 bus
2337 2699 2666 2754 dominatur.
2699 2697 2892 2754 Mulier
2919 2710 3049 2753 vero
3074 2695 3243 2768 gloria
3272 2694 3371 2749 viri
3397 2701 3515 2763 est,
3546 2692 3671 2764 quia
3699 2693 3825 2747 viro

2209 2791 2450 2863 subjecta
2481 2800 2583 2848 est.
2613 2810 2631 2844 ι

2282 2885 2371 2939 79.
2409 2884 2670 2950 Imitatur,
2701 2891 2756 2938 et
2782 2891 2986 2938 tantum
3017 2897 3122 2937 non
3150 2889 3321 2936 totum
3353 2878 3616 2936 exscribit
3647 2877 3827 2951 Chry-

2211 2977 2509 3033 sostomu’m
2535 2975 2910 3032 Theodoretus
2954 2973 3028 3047 (ὁ)
3074 2973 3191 3028 base
3211 2973 3446 3029 docens:
3477 2990 3497 3022 ‹
3523 2971 3698 3026 Homo
3737 2979 3829 3026 est

2214 3071 2309 3126 Dei
2342 3071 2518 3140 imago
2541 3112 2553 3133 ,
2587 3083 2760 3139 neque
2797 3067 2974 3139 quoad
3012 3081 3247 3136 corpus,
3283 3080 3458 3136 neque
3487 3062 3667 3134 quoad
3699 3064 3826 3116 ani-

499 3165 718 3222 dcmum
758 3173 1005 3222 asseres!
1051 3171 1170 3211 cm“
1214 3153 1448 3224 “nquam
1488 3164 1556 3205 ex
1599 3153 1756 3201 “mea
1814 3141 2096 3214 explicmis
2129 3163 2176 3227 C
2209 3181 2389 3229 mam,
2440 3165 2536 3221 sed
2581 3172 2786 3219 tantum
2817 3163 2961 3234 quod
3005 3160 3201 3216 attinet
3238 3159 3307 3215 ad
3346 3158 3710 3230 principatum
3771 3165 3829 3212 et

502 3254 849 3328 Opinionibus
890 3248 1259 3321 amplecteris.
1307 3244 1408 3312 Qui
1456 3241 1599 3297 enim
1649 3241 1700 3293 in
1751 3236 1940 3306 spiritu
1983 3249 2102 3290 eam

501 3348 790 3417 imaginem
823 3342 1124 3407 collocant,
1172 3339 1228 3392 in
1261 3336 1454 3390 animre
1485 3331 1785 3388 substantia
1817 3329 2104 3384 collocant.

505 3439 607 3508 Qui
637 3439 690 3492 in
721 3435 1000 3491 intellectu
1021 3473 1034 3498 ,
1060 3432 1332 3486 voluntate
1350 3471 1363 3492 ,
1391 3427 1641 3481 libertate
1659 3467 1673 3488 ,
1701 3422 1926 3492 aliisque
1953 3421 2112 3489 hujus

507 3531 684 3597 modi,
709 3531 764 3584 in
787 3525 1039 3599 potentiis
1063 3531 1284 3593 ponunt.
1307 3519 1410 3588 Qui
1433 3531 1560 3572 vero
1583 3517 1634 3570 in
1659 3515 1853 3570 eximia
1875 3511 2112 3566 hominis

504 3622 840 3696 perfectione
861 3662 874 3685 ,
907 3627 961 3674 et
987 3615 1341 3679 escellentia,
1377 3621 1537 3680 atque
1577 3609 1628 3662 in
1660 3605 1898 3660 dominio
1921 3647 1934 3670 ,
1967 3602 2111 3674 quod

507 3731 668 3788 supra
698 3721 973 3770 creaturas
1002 3716 1219 3766 exercet
1244 3749 1260 3774 ,
1293 3705 1519 3774 aliisque
1549 3700 1798 3755 affinibus
1826 3699 1984 3752 sitam
2014 3711 2113 3751 vo-

506 3787 624 3864 lunt
647 3849 662 3875 ,
713 3805 816 3860 alia
849 3803 1050 3859 addant
1092 3813 1314 3856 necesse
1344 3805 1426 3852 est
1447 3837 1460 3860 ,
1493 3791 1706 3849 tametsi
1738 3791 1792 3846 in
1822 3791 1999 3844 anima
2029 3787 2108 3860 (si

510 3901 657 3972 loqui
702 3899 774 3954 ita
813 3892 1102 3962 volumus)
1154 3876 1544 3962 fundamentum
1592 3884 1851 3950 habeant,
1901 3890 1984 3945 et,
2032 3878 2111 3934 uti

507 3988 817 4049 scholastici
846 3987 956 4044 fere
983 3987 1174 4049 aiunt,
1235 3980 1580 4036 adhtesionem
1626 3986 1679 4032 et
1705 3974 2007 4039 subiectum.
2044 3973 2111 4028 Et

508 4085 576 4141 de
606 4098 664 4138 tu
691 4080 989 4152 quaestione
1019 4077 1298 4130 hactenus.

583 4177 672 4231 76.
700 4174 850 4243 Quod
880 4173 1058 4241 itaque
1087 4168 1152 4224 ad
1199 4173 1442 4238 quartam
1469 4162 1690 4229 attinet,
1723 4157 2024 4215 desumitur
2048 4158 2113 4214 il-

513 4268 618 4324 lius
637 4267 836 4321 solutio
855 4279 883 4317 a
907 4263 1176 4318 solutione
1197 4260 1404 4329 primze,
1424 4270 1488 4310 ac
1507 4253 1755 4310 secundae
1777 4251 2109 4322 quaestionis,

510 4361 608 4420 sed
633 4358 880 4415 secundae
902 4357 1218 4426 praesertim.
1254 4351 1462 4407 Etenim
1488 4349 1532 4403 si
1557 4350 1608 4403 in
1629 4348 1803 4401 anima
1825 4387 1840 4410 ,
1865 4346 2113 4415 illiusque

515 4450 770 4525 potentiis
792 4491 808 4516 ,
848 4463 909 4502 ac
943 4443 1290 4513 qualitatibus
1310 4483 1324 4508 ,
1355 4449 1479 4505 aut,
1508 4439 1554 4493 si
1586 4439 1664 4492 vis
1684 4479 1698 4502 ,
1733 4437 1785 4490 in
1825 4436 2112 4490 virtutibus

2216 3259 2502 3328 imperium
2529 3273 2540 3309 :
2574 3265 2632 3311 ut
2662 3254 2750 3310 cui
2779 3269 2908 3325 ergo
2935 3250 3178 3309 omnium
3201 3293 3216 3320 ,
3249 3266 3370 3321 quae
3398 3258 3525 3306 sunt
3554 3250 3607 3304 in
3641 3258 3787 3304 terra
3810 3289 3825 3314 ,

2216 3352 2503 3422 imperium
2534 3359 2618 3405 est
2645 3348 2910 3404 creditum
2934 3386 2950 3413 ,
2981 3346 3077 3402 Dei
3118 3347 3297 3416 imago
3337 3341 3663 3414 appellatur.
3709 3339 3831 3394 Mu-

2216 3443 2317 3500 Iier
2344 3452 2521 3499 autem
2553 3451 2613 3497 ut
2638 3457 2757 3512 qua:
2783 3442 2853 3496 sit
2881 3442 2932 3496 in
2965 3447 3234 3510 potestate
3264 3437 3400 3502 viri,
3434 3444 3520 3492 est
3557 3434 3661 3489 viri
3701 3434 3829 3503 glo-

2217 3538 2298 3592 ria
2340 3544 2396 3592 et
2444 3536 2591 3591 velut
2634 3536 2809 3605 imago
2852 3532 3133 3604 imaginis:
3179 3545 3300 3585 nam
3344 3531 3456 3599 ipsa
3499 3527 3664 3582 etiam
3702 3526 3828 3582 aliis

2220 3630 2488 3700 imperat:
2523 3628 2617 3684 sed
2649 3628 2765 3682 viro
2794 3627 3038 3697 subjecta
3065 3639 3189 3680 esse
3210 3665 3224 3691 ,
3257 3631 3313 3679 et
3349 3623 3399 3678 ei
3441 3631 3634 3693 parere
3669 3615 3823 3689 jussa

2219 3729 2322 3776 est.
2355 3739 2374 3773 ›
2401 3720 2604 3776 Deinde
2652 3719 2815 3775 aliam
2862 3720 3126 3774 rationem
3168 3713 3437 3787 adjungit,
3493 3723 3551 3768 ut
3597 3712 3832 3782 hujusce

2225 3813 2548 3887 praestantiae
2578 3814 2854 3870 fteminam
2907 3821 3150 3868 exortem
3203 3809 3397 3865 faciat:
3452 3805 3622 3862 «Non
3674 3804 3828 3861 enim

2218 3908 2340 3972 vir,
2386 3906 2593 3976 inquit,
2651 3921 2712 3961 ex
2746 3904 2976 3960 muliere
3013 3910 3131 3968 est,
3189 3898 3531 3957 sed'muiier
3572 3911 3641 3954 ει
3686 3897 3827 3951 viro.

2220 3999 2366 4069 Ergo
2407 3998 2566 4053 etiam
2597 3997 2806 4052 ratione
2835 3996 3125 4051 ereationis
3155 3993 3255 4048 viri
3286 3992 3490 4064 primas
3519 3998 3701 4062 partes
3729 3987 3828 4043 ob-

2220 4093 2416 4146 tinent.
2469 4090 2681 4146 Etenim
2709 4105 2815 4145 non
2839 4096 2924 4145 est
2943 4096 3156 4144 creatus
3179 4087 3258 4141 vir
3279 4094 3499 4156 propter
3520 4082 3830 4144 mulierem.

2219 4183 2317 4239 sed
2341 4183 2534 4237 mulier
2557 4191 2777 4252 propter
2796 4183 2992 4237 virum.
3017 4180 3134 4236 Hoc
3153 4180 3314 4236 etiam
3338 4177 3538 4234 sufﬁcit
3555 4175 3622 4232 ad
3644 4181 3835 4230 esten-

2219 4274 2454 4330 dendum
2477 4315 2490 4341 ,
2521 4275 2695 4328 virum
2733 4273 2857 4344 jure
2883 4274 3240 4344 principatum
3272 4278 3497 4327 tenere:
3540 4281 3646 4324 non
3679 4269 3827 4322 enim

2220 4365 2310 4420 hic
2339 4374 2557 4434 propter
2586 4364 2730 4419 illius
2759 4379 2911 4418 usum
2935 4405 2950 4429 ,
2983 4363 3078 4420 sed
3108 4363 3220 4434 ipsa
3251 4371 3472 4433 propter
3511 4360 3628 4431 ejus
3668 4373 3832 4412 usum

2220 4462 2484 4532 producta
2510 4471 2611 4516 est.
2628 4480 2647 4514 ι
2673 4461 2873 4516 Eadem
2897 4461 3193 4517 tradiderat
3219 4457 3520 4530 quaestione
3548 4471 3620 4511 xx
3646 4455 3700 4509 in
3724 4453 3838 4509 Ge-

513 4547 768 4612 collocas,
790 4542 906 4612 quis
927 4539 994 4595 ab
1015 4553 1078 4594 ea
1103 4535 1360 4604 dignitate
1385 4533 1628 4587 fmminas
1650 4529 2103 4585 arceatlAl-cimut

2223 4556 2402 4610 nesim
2434 4557 2452 4624 (
2477 4556 2529 4608 in
2559 4553 2713 4608 veteri
2742 4553 2963 4607 editione
2983 4595 2997 4620 ,
3027 4555 3299 4624 interprete
3323 4549 3528 4606 Joanne
3554 4545 3729 4616 Pico).
3766 4545 3838 4601 Et

516 4639 703 4695 Avitus
739 4634 986 4691 immittas
1033 4628 1256 4698 hujusce
1294 4624 1630 4681 excellentiw
1670 4630 1947 4692 compotes
1989 4638 2113 4692 pro-

517 4733 660 4787 fecto
684 4729 808 4783 facit
825 4769 838 4792 ,
862 4740 981 4781 cum
1007 4722 1123 4777 btec
1147 4721 1218 4775 ait
1245 4717 1348 4792 (Ad
1369 4716 1652 4772 Fuscinam
1673 4733 1899 4772 sororem
1925 4715 2012 4770 lib.
2036 4718 2073 4785 ι)
2098 4734 2113 4772 :

611 4841 737 4892 Ecce
758 4842 900 4890 vides
917 4850 1043 4886 sexu
1063 4842 1115 4883 ut
1137 4842 1303 4883 careat
1322 4832 1539 4883 caelestis
1561 4833 1745 4894 imago,

609 4905 822 4954 Interior
847 4902 1047 4949 sortitus
1067 4898 1210 4945 homo
1229 4909 1372 4957 quam
1390 4904 1559 4944 mente
1581 4899 1822 4955 retentat,

613 4966 721 5017 Nec
744 4977 922 5014 sexum
943 4967 1180 5022 acceptat.

591 5072 679 5128 77.
701 5069 896 5125 Marius
917 5068 1043 5122 item
1061 5059 1768 5131 Victor'fmminasejusdem
1789 5063 2117 5132 praestantiae

519 5164 814 5237 participes
849 5160 1060 5215 videtur
1089 5156 1265 5210 facere
1287 5197 1301 5220 ,
1333 5169 1454 5208 cum
1489 5154 1656 5208 Deum
1698 5152 1814 5209 hmc
1850 5155 2115 5225 eloqueu-

520 5268 628 5314 tem
661 5255 862 5310 inducit
887 5251 1000 5324 (lib.
1031 5265 1048 5303 ι
1076 5250 1130 5302 in
1156 5245 1461 5316 Genesim)?

616 5368 757 5417 Nunc
779 5365 1029 5414 hominem
1054 5359 1300 5415 faciamus,
1331 5358 1418 5419 ait,
1443 5357 1524 5419 qui
1549 5361 1732 5418 regnet
1756 5357 1802 5406 in
1827 5356 1973 5420 orbe,

617 5431 677 5480 Et
700 5432 764 5479 sit
788 5430 950 5489 imago
965 5425 1068 5489 Dei
1091 5436 1102 5471 :
1126 5421 1338 5489 similem
1355 5420 1504 5489 decet
1523 5431 1637 5489 esse
1659 5421 1846 5489 creanti
1860 5457 1878 5480 ,

617 5491 767 5542 Liber
791 5489 850 5538 ad
871 5481 1124 5538 avrbitrium
1151 5483 1324 5532 lruitur
1347 5481 1431 5543 qui
1455 5487 1623 5530 mente
1647 5482 1846 5530 creatis.

599 5642 674 5712 (ο)
705 5635 1030 5712 εει-πηοηκιῐ
1055 5636 1110 5689 in
1135 5634 1369 5712 Genesim
1396 5647 1449 5686 η.
1473 5631 1540 5697 2,
1569 5644 1693 5702 pag.
1724 5629 1830 5686 655
1874 5629 2028 5688 Tomi
2057 5646 2112 5688 Iv

521 5705 775 5768 editionis
813 5705 1212 5765 Montfauconii.

594 5781 670 5856 (ιθ)
701 5782 761 5839 in
788 5782 1122 5840 Commenta.
1150 5776 1203 5833 in
1249 5774 1459 5846 Episto.
1488 5772 1641 5830 Pauli
1683 5771 1798 5829 Iad
1827 5772 1954 5830 Cor.
1985 5788 2105 5845 cap.

2223 4646 2294 4702 de
2324 4646 2533 4702 duabus
2564 4646 2648 4701 bis
2675 4645 3067 4718 quaestionibus
3095 4646 3248 4699 satis.

2696 4779 3019 4848 QUESTIO
3039 4776 3321 4847 QUINTA.

2334 4903 2414 4958 An
2444 4902 2672 4974 Angelus
2701 4901 2769 4956 ad
2794 4897 3184 4955 similitudinem
3221 4904 3270 4951 et
3294 4894 3574 4966 imaginem
3601 4890 3704 4949 Dei

2886 4993 3055 5062 factus
3093 4992 3184 5046 sit:

2297 5110 2388 5168 80.
2413 5109 2583 5180 Hujus
2604 5125 2816 5181 quoque
2839 5107 3152 5179 quaestionis
3174 5103 3371 5160 solutio
3391 5117 3422 5157 a
3447 5100 3465 5157 I
3496 5106 3552 5157 et
3569 5097 3612 5156 Il
3651 5114 3842 5170 quaes-

2226 5199 2392 5254 tionis
2471 5215 2534 5256 ac
2579 5199 2828 5255 secundae
2873 5197 3172 5268 praesertim
3217 5193 3486 5265 solutione
3529 5189 3834 5246 derivatur.

2229 5291 2290 5348 Si
2321 5295 2463 5348 enim
2495 5292 2906 5348 similitudinem
2976 5299 3032 5346 et
3061 5290 3348 5360 imaginem
3378 5287 3430 5341 in
3459 5285 3642 5357 gratiae
3671 5283 3840 5339 donis

2227 5385 2502 5451 colloces,
2547 5385 2667 5455 quis
2707 5383 2775 5438 ad
2821 5381 3228 5439 similitudinem
3282 5388 3339 5435 et
3383 5377 3674 5449 imaginem
3732 5371 3838 5429 Dei

2229 5478 2402 5534 factos
2430 5494 2551 5536 esse
2583 5478 2818 5549 Angelos
2847 5485 3040 5548 neget,
3074 5489 3196 5530 cum
3228 5472 3284 5528 bi
3316 5472 3370 5527 in
3411 5471 3524 5542 ipsa
3554 5467 3838 5549 creatione

2224 5649 2316 5717 at,
2361 5637 2427 5691 ad
2471 5637 2632 5717 verba
2674 5636 2798 5717 illa:
2975 5652 3076 5690 non
3116 5634 3262 5717 debet
3300 5632 3468 5690 velare
3495 5639 3652 5706 caput
3679 5645 3837 5687 suum

2223 5707 2558 5780 (interprete
2589 5708 2856 5765 Gcntiano
2888 5708 3120 5764 Iiervcto
3141 5705 3179 5776 ).
