4120 6170
297 282 406 338 877

1183 279 1232 338 J.
1264 283 1324 340 C.
1358 279 1748 340 TROMBELLI
1793 281 1858 337 IN
1888 279 2040 348 8Εο.
2070 277 2277 336 SERM.
2311 279 2703 338 PBEFATIO.

3490 284 3597 342 878

293 391 594 450 uberrimis
636 393 1098 466 amplissimisque
1141 397 1328 468 gratia:
1352 397 1510 453 donis
1549 396 1705 453 ditati
1747 397 1891 452 sint:
1925 399 1975 460 Α
2072 394 2160 452 8i.
2193 392 2262 450 At
2290 395 2332 449 si
2363 395 2446 450 vel
2477 395 2529 449 in
2561 409 2621 450 ea
2652 391 3018 465 perfectione,
3052 399 3106 450 et
3133 394 3456 452 excellentia
3486 401 3598 456 col-

296 493 355 542 et
381 500 446 539 ea
475 484 544 541 de
572 499 734 540 causa
796 484 924 540 Filii
952 485 1049 541 Dei
1073 489 1322 558 appellati
1356 487 1476 562 (a)?
1505 490 1584 544 Ad
1613 489 1897 564 imaginem

303 577 406 632 Dei
438 579 642 649 pariter
674 579 845 635 laetos
874 579 1024 636 dices
1046 621 1058 644 ,
1093 582 1136 636 si
1170 582 1454 653 imaginem
1486 582 1539 639 in
1572 585 1761 654 spiritu
1785 626 1799 650 ,
1833 583 1899 638 il-

298 671 515 742 liusque
556 673 814 742 potentiis
835 714 849 737 ,
881 688 945 728 ac
973 673 1296 731 sublimibus
1332 677 1679 747 qualitatibus
1709 691 1898 749 pones.

297 763 437 819 Nam
471 766 585 820 haec
614 764 799 836 procul
831 763 995 822 dubio
1026 780 1133 822 non
1175 767 1336 824 modo
1380 770 1432 823 in
1473 767 1698 840 Angelis
1737 776 1901 834 sunt,

294 867 490 911 verum
521 855 683 912 etiam
717 857 767 911 in
811 856 899 913 his
927 858 1235 926 excellunt,
1264 867 1318 916 et
1348 869 1626 932 prmstant.
1672 859 1815 929 Hac,
1849 871 1906 916 ut

295 949 558 1015 arbitror,
598 948 666 1004 de
694 961 856 1004 causa
891 965 996 1005 non
1025 949 1186 1007 modo
1215 952 1480 1024 Angelum
1511 953 1576 1008 ad
1619 954 1904 1025 imaginem

301 1039 403 1094 Dei
429 1039 648 1106 factum,
673 1056 859 1095 verum
882 1042 1043 1100 etiam
1068 1043 1680 1113 excellentioriquadam
1699 1047 1907 1101 ratione

295 1131 371 1186 ad
393 1131 639 1188 eamdem
663 1130 951 1202 imaginem
971 1135 1165 1188 laetum
1188 1133 1344 1189 docet
1362 1133 1904 1207 GregoriusMagnus,

295 1223 461 1294 cujus
483 1224 644 1278 verba
671 1223 875 1280 referre
898 1224 984 1280 hic
1012 1225 1189 1294 placet
1211 1225 1325 1298 (lib.
1373 1225 1548 1280 χχιιι·
1572 1225 1764 1280 Μονιιι.
1788 1243 1904 1300 cap.

301 1315 376 1372 18
398 1315 441 1387 ).
473 1315 688 1372 Scilicet
719 1311 786 1371 ad
815 1315 1088 1371 diabolum
1121 1313 1362 1374 referens
1388 1313 1528 1388 quod
1561 1315 1808 1374 Ezechiel
1842 1318 1912 1374 de

297 1425 436 1481 rege
464 1401 627 1482 Tyrio
654 1411 762 1466 ait:
795 1408 869 1464 Tu
897 1410 1222 1482 signaculum
1247 1411 1601 1468 similitudinis
1630 1410 1728 1466 Dei
1747 1451 1763 1479 ,
1797 1410 1913 1467 haec

309 1505 536 1573 cubjicit
557 1519 571 1557 :
595 1517 614 1554 ο
645 1502 916 1575 Desigillo
939 1503 1140 1575 quippe
1165 1504 1308 1558 anuli
1325 1504 1445 1558 talis
1459 1504 1754 1560 similitudo
1781 1507 1914 1562 ima-

299 1595 559 1666 ginaliter
581 1597 920 1667 exprimitur,
944 1595 1119 1668 qualis
1149 1596 1203 1652 in
1234 1597 1410 1670 sigillo
1440 1596 1630 1654 eodem
1653 1601 1910 1655 essentia.

302 1688 436 1746 liter
460 1689 707 1746 habetur.
728 1687 796 1745 Et
814 1689 939 1746 licet
963 1692 1126 1745 homo
1145 1690 1212 1746 ad
1232 1691 1322 1747 Dei
1341 1691 1743 1748 similitudinem
1765 1708 1919 1749 crea-

1998 487 2144 545 locas
2163 531 2177 556 ,
2208 505 2365 560 quam
2398 504 2624 544 numero
2650 487 2751 555 46,
2781 496 2836 542 et
2861 488 3312 558 subsequentibus
3337 491 3595 560 exposui,

1997 580 2081 636 vel
2105 596 2364 650 expresse
2385 582 2438 636 in
2461 580 2700 636 dominio
2719 593 2880 650 supra
2904 589 3129 636 caeteras
3153 589 3449 648 creaturas,
3477 597 3599 652 pro-

2001 675 2085 730 cul
2113 673 2278 729 dubio
2307 674 2375 728 ab
2405 672 2627 743 Angelis
2656 687 2718 727 ea
2750 670 2983 728 arcenda
3013 681 3093 728 est
3112 712 3126 737 ,
3162 671 3388 744 ideoque
3422 672 3598 745 imago

2003 763 2096 819 Del
2121 805 2134 830 ,
2165 762 2232 818 de
2262 778 2363 834 qua
2391 763 2619 834 agimus.

2075 856 2220 912 Sane
2247 855 2622 912 Theodoretus
2650 854 2860 928 (quaest.
2897 870 2974 910 xx
3001 855 3050 910 in
3077 855 3244 929 Gen.)
3277 857 3328 912 in
3359 871 3426 913 eo
3457 864 3602 913 totus

2004 958 2116 1014 est,
2151 960 2207 1005 ut
2233 964 2354 1006 eam
2385 950 2673 1022 imaginem
2715 951 2782 1005 ab
2822 949 3046 1020 Angelis
3074 961 3291 1018 arceat,
3317 957 3372 1005 et
3402 951 3454 1006 in
3486 949 3604 1006 solo

2007 1043 2226 1100 homine
2250 1055 2466 1100 statuat.
2495 1044 2574 1100 Ad
2598 1060 2758 1114 quem
2787 1045 3002 1114 quidem
3028 1046 3186 1100 linem
3209 1060 3330 1100 cum
3359 1046 3492 1101 alias
3519 1061 3605 1100 ra-

2009 1139 2180 1194 tiones
2202 1139 2413 1206 ali'erat,
2439 1149 2548 1194 tum
2576 1138 2713 1193 hanc
2733 1153 2887 1206 sane,
2921 1137 3064 1209 quod
3093 1138 3334 1208 Angelus
3363 1139 3415 1192 in
3443 1152 3603 1192 crea-

2011 1243 2156 1288 turas
2170 1233 2404 1304 reliquas
2426 1231 2624 1287 nullam
2643 1237 2863 1287 exercet
2880 1237 3222 1301 potestatem,
3242 1243 3405 1300 quam
3427 1235 3606 1284 tamen

2010 1324 2298 1380 maximam
2329 1335 2549 1381 exercet
2577 1327 2759 1379 homo.
2790 1322 2896 1378 Sed
2926 1321 3041 1394 ipsa
3078 1319 3408 1379 Theodoreti
3449 1320 3612 1377 verba

2012 1417 2217 1474 referre
2246 1425 2468 1489 prestat
2488 1458 2502 1484 ,
2536 1432 2602 1473 ex
2630 1417 2826 1488 quibus
2851 1415 3058 1471 scilicet
3083 1430 3145 1471 ea
3163 1455 3179 1484 ,
3207 1431 3328 1485 qua:
3354 1414 3611 1482 diximus,

2010 1509 2182 1568 lector
2224 1527 2320 1583 per
2357 1526 2416 1568 se
2447 1513 2732 1583 percipiat,
2758 1529 2775 1563 ι
2803 1509 3031 1579 Quidam
3074 1509 3142 1564 ad
3184 1508 3470 1581 imaginem
3515 1507 3610 1563 Dei

2016 1603 2291 1660 hominem
2319 1615 2560 1660 creatum
2590 1618 2712 1660 esse
2736 1603 3066 1659 arbitrantur
3095 1601 3392 1657 secundum
3426 1606 3617 1671 poten-

2019 1700 2147 1754 tiam
2173 1699 2370 1752 anima:
2401 1696 2722 1752 invisibilem
2744 1736 2760 1763 ,
2794 1711 2900 1750 non
2942 1693 3344 1765 intelligentes,
3389 1692 3530 1763 quod
3559 1700 3616 1746 et

299 1793 394 1840 tus
423 1784 527 1852 sit,
557 1784 763 1854 Angelo
795 1795 972 1839 tamen
995 1786 1147 1854 quasi
1177 1785 1350 1855 majus
1376 1785 1593 1856 aliquod
1634 1786 1878 1845 tribuens
1897 1827 1912 1855 ,
1947 1788 1995 1848 B
2021 1787 2259 1858 Angelus
2289 1786 2576 1842 invisibilis
2604 1795 2686 1842 est
2705 1826 2720 1851 ,
2752 1786 2890 1841 sicut
2913 1793 2969 1841 et
2993 1785 3212 1842 Daemon
3235 1823 3247 1837 .
3274 1815 3287 1838 .-
3311 1823 3322 1837 .
3349 1817 3364 1836 .
3391 1781 3546 1850 Quod
3573 1783 3620 1835 si

303 1891 418 1933 non
449 1891 572 1932 eum
598 1875 664 1931 ad
695 1875 1100 1932 similitudinem
1134 1877 1226 1932 Dei
1257 1875 1532 1932 conditum
1557 1921 1572 1944 ,
1606 1878 1700 1934 sed
1731 1879 1909 1948 ipsum

2019 1881 2167 1938 solus
2213 1881 2375 1936 homo
2418 1896 2484 1936 ex
2525 1879 2774 1935 omnibus
2820 1879 3084 1934 creaturis
3130 1879 3305 1948 imago
3353 1875 3449 1932 Dei
3488 1885 3612 1942 εει,

301 1969 642 2041 signaculum
685 1968 779 2023 Dei
824 1965 1192 2023 similitudinis
1230 1967 1375 2034 dici,
1422 1976 1480 2024 ut
1520 1983 1628 2038 quo
1667 1969 1919 2025 subtilior
2021 1975 2352 2046 peculiarem
2393 1973 2681 2044 quamdam
2720 1975 2987 2028 rationem
3034 1971 3258 2042 hujusce
3297 1969 3618 2026 denomina-

301 2072 392 2117 est
423 2071 611 2116 natura
633 2099 649 2127 ,
679 2074 746 2116 eo
775 2061 828 2115 in
862 2060 954 2115 illo
983 2059 1279 2116 similitudo
1305 2061 1401 2117 Dei
1431 2062 1640 2132 plenius
1668 2063 1918 2118 credatur

314 2169 600 2224 expressa.
638 2167 658 2205 ι

382 2288 477 2361 (a)_
494 2285 716 2342 Factum
755 2296 825 2341 est
863 2295 1072 2350 autem,
1115 2303 1232 2361 cum
1270 2287 1617 2361 quadamdie
1653 2288 1904 2361 venissent

309 2357 411 2429 ﬁlii
443 2359 571 2424 Dei,
614 2369 662 2414 el
702 2369 895 2413 starent
936 2374 1111 2411 coram
1153 2357 1395 2412 Domino.
1437 2357 1561 2412 Job.
1593 2371 1662 2426 ιι,
1700 2360 1752 2413 1.
1778 2359 1904 2414 Cum

301 2431 588 2503 jﬁubilarent
615 2440 756 2484 astra
781 2430 1062 2503 ntalntinn,
1096 2440 1142 2503 et
1171 2444 1248 2482 nte
1287 2429 1557 2503 laudarent
1597 2446 1770 2484 omnes
1810 2430 1908 2503 [illi

309 2499 432 2556 Dei.
464 2501 589 2557 Job.
624 2511 827 2556 xxxvnt
851 2540 865 2564 ,
899 2501 951 2554 7.
987 2499 1067 2555 Ad
1111 2499 1227 2554 haec
1250 2540 1263 2564 ,
1306 2500 1500 2554 Paulus
1543 2501 1655 2554 haec
1699 2499 1907 2566 scribit,

308 2573 334 2629 Ι
374 2573 502 2628 Cor.
542 2584 670 2641 vut,
701 2574 770 2628 ὃς
807 2571 947 2625 Nam
975 2572 1068 2624 etsi
1095 2581 1236 2636 sunt,
1260 2572 1346 2641 qui
1384 2571 1622 2624 dicantur
1646 2572 1747 2641 ﬁlii
1775 2569 1908 2638 Dei,

307 2647 419 2699 sive
445 2646 499 2698 in
525 2645 681 2710 cwlo,
712 2644 815 2698 sive
842 2647 895 2696 in
927 2652 1099 2696 terra:
1139 2657 1248 2711 quo
1289 2643 1502 2712 quidem
1544 2643 1597 2712 in
1641 2649 1760 2698 loco
1801 2647 1912 2698 An-

308 2715 464 2787 gelos
485 2717 715 2771 innuero
735 2714 969 2770 videtur.
994 2713 1096 2782 Qui
1119 2715 1263 2768 enim
1286 2711 1410 2767 Sunt
1437 2714 1534 2782 ﬁlii
1561 2711 1660 2768 Dei
1681 2715 1734 2767 iu
1765 2715 1912 2779 caelo,

2019 2068 2181 2125 tionis
2212 2074 2427 2139 oportet
2457 2081 2578 2122 esse
2601 2108 2615 2131 ,
2648 2076 2755 2122 etc.
2783 2081 2802 2116 ι

2092 2161 2266 2230 Atque
2300 2159 2385 2215 hic
2413 2155 2479 2212 Ill
2511 2156 2875 2214 dissertationi
2907 2157 3031 2214 linis
3059 2157 3148 2212 sit.

2011 2289 2056 2344 si
2089 2287 2279 2370 Augeli
2307 2302 2412 2343 non
2440 2289 2610 2370 sunt?
2655 2286 2858 2370 Tamen
2903 2289 3027 2370 quia
3053 2286 3176 2343 Jobi
3219 2287 3340 2370 lpca
3385 2286 3544 2344 aliter
3589 2301 3620 2342 a

2012 2359 2286 2431 nonnullis
2337 2369 2638 2426 vertuntur,
2687 2367 2742 2414 et
2786 2359 2936 2431 Pauli
2964 2360 3114 2414 locus
3145 2360 3314 2431 accipi
3343 2375 3499 2415 secus
3529 2371 3622 2430 po-

2012 2439 2152 2494 test,
2190 2430 2383 2501 mirum
2415 2446 2520 2485 non
2553 2441 2670 2493 est,
2703 2431 2746 2484 si
2773 2428 3194 2500 Chrysostomus
3220 2428 3395 2501 pilam
3428 2428 3622 2500 neget,

2015 2503 2152 2569 ﬁlios
2185 2497 2286 2556 Dei
2313 2501 2553 2573 Angelos
2583 2497 3184 2573 aliquando'appellari.
3221 2497 3480 2573 Homines
3501 2497 3624 2569 'qui-

2019 2573 2135 2626 dem
2159 2615 2174 2639 ,
2227 2569 2539 2641 inqult'tllii,
2605 2571 2704 2641 ﬁlii
2742 2569 2840 2624 Dei
2880 2571 3004 2642 dicti
3042 2577 3195 2637 sunt,
3236 2570 3420 2642 Angeli
3458 2581 3628 2626 autem

2019 2640 2310 2714 nunquam.
2343 2642 2555 2714 ‘Homil.
2584 2642 2824 2714 ⁸ξιιιιλὶη
2867 2640 3070 2699 Genes.
3137 2657 3193 2698 η.
3238 2640 3459 2714 Ξίρθς.
3520 2642 3624 2697 195

2017 2713 2175 2770 Tomi
2208 2728 2260 2770 tv
2290 2712 2548 2770 editionis
2580 2711 2945 2768 Montlaucon.

2030 2863 2372 2881 ...πῂ-

2395 2871 2426 2881 σο

992 2985 1443 3060 JOANNIS
1503 2981 2307 3060 CHRYSOSTOMI
2357 2979 2990 3056 TROMBELLI

760 3155 882 3243 IN
959 3153 1705 3274 SEQUENTEM.
1788 3157 2452 3242 SERMONEM
2530 3151 3178 3242 PBJEFATIO.

389 3441 634 3516 Reliquis
689 3418 1037 3498 humanitatis
1103 3457 1166 3499 ac
1239 3440 1632 3498 benevolentiae
1683 3437 1911 3505 officiis,
1943 3437 1989 3502 C
2019 3439 2288 3512 clamante,
2315 3440 2520 3497 scilicet
2568 3441 2841 3498 locutione
2881 3437 3018 3513 ipsa,
3079 3441 3148 3499 ah
3174 3457 3236 3499 ea
3278 3458 3438 3516 quam
3470 3441 3620 3502 Hila-

315 3541 514 3609 quibns
569 3537 684 3592 RR.
736 3536 841 3593 PP.
875 3537 988 3594 Dl).
1015 3533 1253 3593 Joannes
1284 3535 1610 3593 Gnalbertus
1665 3532 1917 3598 Beccari,

313 3642 372 3688 et
425 3631 701 3703 Philippus
745 3647 776 3685 a
822 3631 1032 3698 Turre,
1085 3629 1424 3686 Cassinensis
1475 3625 1918 3697 Congregationis

315 3722 634 3794 amplissimi
665 3723 951 3789 Praesules,
987 3738 1072 3778 me
1100 3721 1242 3792 apud
1275 3737 1370 3777 eos
1402 3720 1690 3776 Florentia:
1716 3720 1918 3790 degen-

316 3828 430 3874 tem
462 3817 826 3886 cumularunt,
861 3819 965 3873 hoc
995 3817 1157 3874 etiam
1205 3817 1328 3872 addi
1379 3817 1620 3881 voluere,
1672 3825 1750 3884 ut,
1793 3830 1914 3871 cum

315 3893 522 3965 scirent
547 3926 635 3966 me
664 3910 862 3966 inedita
907 3911 1122 3965 Patrum
1151 3911 1348 3980 scripta
1386 3910 1718 3980 perquirere,
1751 3917 1808 3964 ut
1852 3923 1914 3963 ea

316 4001 720 4073 pervulgarem,
762 4002 1080 4057 Sermonem
1121 4003 1174 4056 in
1201 3999 1396 4057 Codice
1413 4001 1813 4070 complectentis
1855 4000 1912 4054 S.

319 4092 509 4148 Hilarii
537 4093 886 4148 Pictaviensis
911 4092 1086 4162 Opera
1117 4093 1293 4148 eidem
1324 4092 1524 4147 Hilario
1556 4091 1836 4159 tributum,
1864 4093 1914 4147 in

317 4185 672 4241 celeberrima
700 4187 779 4240 sui
809 4184 1121 4241 Monasterii
1156 4184 1484 4241 BibliOthcca
1520 4183 1823 4250 inventum,
1849 4184 1918 4239 ad

318 4294 410 4334 me
433 4279 704 4334 mitterent
731 4278 1134 4348 diligentissime
1160 4279 1492 4349 exscriptum
1523 4294 1684 4332 manu
1713 4277 1914 4333 doctis-

319 4373 445 4428 simi
475 4373 644 4428 Patris
667 4373 732 4428 D.
755 4372 902 4428 Petri
926 4363 1132 4446 Aloysil
1153 4367 1368 4428 Galletti
1391 4367 1753 4442 Philosophia:
1785 4371 1916 4428 Lec-

322 4465 478 4528 toris,
509 4477 565 4519 et
593 4463 661 4520 de
686 4465 854 4520 veteri
879 4465 1199 4530 litteratura,
1220 4465 1302 4519 cui
1327 4480 1538 4520 summo
1561 4465 1737 4521 studio
1754 4465 1916 4520 etiam

319 4556 622 4623 incumbit,
655 4557 910 4627 praeclare
938 4556 1140 4612 meriti.
1183 4556 1318 4612 Novi
1343 4559 1548 4623 statim,
1576 4557 1776 4613 Hilario
1800 4559 1919 4612 Pic-

322 4649 548 4704 taviensi
575 4648 807 4705 adscribi
834 4650 1152 4706 Sermonem
1183 4649 1326 4705 hunc
1356 4648 1578 4705 minime
1610 4663 1804 4719 posse,
1831 4663 1919 4704 re-

2019 3531 2132 3588 rius
2161 3531 2513 3589 Pictaviensis
2541 3535 2903 3604 persequitur,
2935 3534 3091 3589 valde
3131 3546 3362 3592 remota.
3406 3536 3478 3593 At
3501 3539 3617 3594 cui-

2022 3637 2144 3679 nam
2173 3625 2560 3693 adscriberem,
2595 3627 2928 3698 ignorabam.
2965 3626 3133 3681 Porro
3169 3625 3297 3683 dum
3327 3627 3619 3685 Conclam-

2022 3717 2206 3770 toriam
2225 3715 2515 3787 Combeﬁsii
2535 3715 2907 3772 BibliollieCam
2929 3716 2994 3772 ad
3023 3733 3148 3774 eum
3178 3719 3341 3774 liuent
3374 3719 3618 3787 revolvo,

2021 3822 2079 3866 ut
2107 3813 2412 3882 perquiram
2475 3827 2600 3866 num
2633 3811 2678 3866 is
2719 3814 2910 3866 Sermo
2937 3812 3220 3882 evulgatus
3250 3813 3346 3880 sit,
3379 3828 3447 3867 an
3487 3828 3618 3880 non,

2017 3904 2296 3974 comperio
2325 3903 2631 3976 evulgatum
2659 3919 2781 3959 eum
2809 3919 2929 3959 esse
2959 3905 3197 3974 quidem,
3244 3913 3298 3959 et
3332 3905 3493 3960 Beda:
3522 3905 3620 3959 ad-

2019 3997 2282 4065 scriptum
2305 3993 2402 4066 (a),
2435 3994 2529 4051 sed
2559 3993 2757 4051 additis
2806 3996 3208 4064 immutatisque
3231 3996 3503 4051 nonnullis
3521 4011 3618 4068 pe-

2020 4087 2216 4154 riodis;
2262 4090 2346 4142 vel
2394 4090 2600 4144 scilicet
2647 4096 2705 4142 ut
2733 4102 2914 4142 sermo
2961 4089 3466 4144 accommodaretur
3498 4090 3618 4145 loco

2017 4181 2098 4237 illi
2151 4181 2451 4254 Evangelii,
2499 4183 2590 4253 qui
2637 4181 2814 4237 eidem
2863 4181 3112 4236 Sermoni
3168 4183 3220 4236 in
3269 4197 3331 4237 sa
3379 4182 3619 4238 editione

2017 4276 2349 4348 przeponitur
2381 4273 2482 4348 (ὁ),
2511 4275 2598 4330 vel
2626 4283 2682 4329 ut
2713 4272 2933 4331 uberius
2978 4273 3250 4344 analogia,
3274 4288 3395 4344 qum
3423 4273 3613 4330 Judai-

2015 4384 2138 4426 cum
2185 4367 2326 4424 inter
2373 4368 2631 4436 templum
2672 4375 2727 4422 et
2768 4365 3132 4421 Christianam
3181 4367 3480 4423 Ecclesiam
3535 4369 3618 4423 in-

2019 4467 2206 4524 terest,
2235 4458 2535 4529 explicetur
2564 4475 2576 4511 :
2610 4472 2714 4528 qua
2741 4457 2959 4526 quidem
2980 4472 3039 4512 re
3064 4457 3308 4526 ejusdem
3337 4458 3615 4514 Sermonis

2020 4550 2238 4624 puritati
2305 4565 2368 4606 ac
2406 4549 2672 4605 venustati
2717 4548 2965 4604 nonnihil
3014 4547 3225 4604 detrahi
3274 4548 3482 4604 videtur
3510 4546 3612 4618 (c).

2020 4647 2156 4700 Eum
2204 4645 2404 4714 itaque,
2450 4651 2508 4696 ut
2537 4641 2702 4696 habet
2746 4639 3115 4706 Florentlnus,
3161 4653 3320 4710 quem
3346 4638 3610 4709 diximus,
3675 4633 3678 4636 ’

395 4787 477 4858 (n)
515 4779 662 4858 inter
691 4786 965 4858 testivales
990 4783 1151 4842 Beda:
1179 4800 1460 4858 sermones
1489 4783 1646 4858 (pag.
1682 4783 1784 4858 169
1805 4783 1910 4838 To—
1939 4790 1987 4849 ι)
2013 4789 2223 4858 sumpta
2255 4792 2318 4858 ex
2344 4774 2531 4857 lilatth.
2559 4790 2651 4858 vii,
2685 4771 2789 4858 l7}
2823 4773 3002 4828 Omnis
3029 4772 3187 4858 (ri-lio;
3206 4769 3358 4858 bona,
3388 4781 3521 4856 etc.,
3545 4783 3602 4858 et

311 4842 496 4914 mi‘i-ii
527 4842 781 4913 editionis
820 4857 1164 4914 Coloniensis
1209 4858 1338 4912 anni
1386 4842 1564 4921 ltili.)
1594 4842 1718 4910 cum
1763 4855 1910 4910 inve-
1939 4842 1977 4849 ”
2015 4842 2150 4906 huic
2170 4848 2387 4921 lectioni
2411 4859 2529 4900 sese
2561 4847 2718 4900 etiam
2752 4844 3129 4921 accommodat
3147 4842 3312 4910 Beda,
3358 4845 3403 4899 si
3441 4844 3487 4921 is
3513 4854 3600 4900 est

318 4930 465 4986 nies.
497 4929 569 4984 At
591 4929 867 4984 dubitatur
893 4944 923 4983 a
954 4931 1158 4991 multis,
1191 4944 1318 4983 num
1349 4915 1558 4991 omnes,
1587 4927 1678 4995 qui
1710 4927 1762 4980 in
1813 4927 1910 4979 hac
2015 4919 2432 4995 ejussermonis
2439 4921 2646 4995 auctor,
2669 4929 2842 4995 quem
2861 4915 3098 4969 secundo
3117 4915 3234 4969 loco
3255 4918 3599 4995 apponimns.

318 4998 562 5056 editione
593 4999 752 5055 Beda:
776 5001 1085 5054 tribuuntur
1111 5000 1425 5066 Sermones,
1457 5013 1488 5051 a
1520 4997 1659 5052 Beda
1682 5012 1909 5066 compo-

321 5072 416 5126 siti
456 5074 596 5136 sint;
630 5085 818 5126 eorum
862 5074 1006 5125 enim
1037 5070 1282 5125 nonnulli
1325 5069 1488 5124 alium
1523 5069 1771 5125 videntur
1815 5069 1914 5121 ha-

319 5141 507 5197 buisse
535 5143 830 5197 auctorem.
945 5178 950 5182 -

381 5211 480 5283 ,(ῡ)
519 5213 575 5268 In
604 5211 692 5280 iis,
723 5229 860 5282 quos
887 5211 1156 5283 consului,
1187 5212 1420 5283 vetustis
1440 5209 1594 5264 libris
1621 5211 1730 5283 jam
1758 5209 1912 5283 evul-

2017 4985 2175 5048 Aliud
2206 4990 2364 5044 etiam
2394 4987 2737 5055 Evangeliqu
2770 4985 2936 5039 fuisse
2960 5001 3344 5055 nonnunquam
3367 4986 3422 5040 in
3449 4987 3600 5041 dedi-

2018 5064 2229 5119 catione
2273 5061 2487 5124 lectum,
2539 5049 2733 5124 {ndicat
2764 5055 2904 5110 Beda
2935 5057 2988 5111 in
3042 5049 3266 5110 llomilia
3299 5060 3349 5110 in
3379 5055 3598 5112 dedica—

2021 5136 2168 5188 tioiie
2212 5123 2490 5185 Ecclesise.
2533 5123 2600 5180 In
2625 5129 2714 5180 illo
2745 5135 2972 5196 tempore
3019 5130 3159 5197 facta
3201 5137 3320 5180 sunt
3354 5127 3599 5181 Encwnia

2021 5211 2076 5258 in
2101 5201 2452 5261 Hierusalem,
2477 5210 2523 5254 et
2555 5200 2728 5268 hyems
2758 5209 2884 5263 erat,
2909 5207 3042 5264 etc.,
3073 5212 3189 5268 pag.
3222 5199 3323 5252 174
3347 5200 3498 5252 'l‘omi
3521 5214 3594 5254 vu

313 5269 522 5355 xci-isi
536 5283 664 5355 Vide
679 5269 941 5355 'paginam
973 5269 1258 5355 718‘T'nmi
1300 5297 1355 5355 u_
1377 5269 1637 5336 Martene'
1661 5279 1725 5355 de
1770 5279 1905 5334 anli—
2008 5275 2244 5355 Qperum
2279 5273 2435 5355 Beda).
2469 5290 2482 5326 :
2511 5285 2612 5352 qua
2645 5273 2694 5323 in
2724 5285 2784 5355 re
2809 5284 3037 5355 prorsus
3066 5270 3311 5355 congruit
3338 5269 3601 5355 antiquis—

363 5353 442 5408 uis
477 5343 722 5408 Ecclesia:
763 5343 989 5417 ltitibus,
1037 5351 1288 5409 editionis
1331 5352 1759 5422 Autuerpiensis,
1809 5365 1903 5405 seu

365 5423 924 5480 utiusbtediolaucnsis
953 5425 1076 5478 anni
1106 5423 1304 5492 1736);
1339 5423 1391 5477 in
1423 5424 1484 5477 iis
1511 5437 1742 5493 quoque,
1773 5436 1907 5490 quos

321 5493 469 5562 ὀμιιά
513 5512 610 5551 nos
653 5511 954 5560 servamus,
1000 5496 1180 5550 sxeculi
1213 5509 1266 5547 xi
1305 5501 1361 5547 et
1402 5507 1477 5547 xu
1517 5493 1792 5548 codicibus
1845 5505 1906 5545 ea

324 5565 609 5639 Evangelii
640 5569 840 5639 portio,
869 5583 992 5639 qua:
1028 5564 1442 5639 iii-dedicatione
1482 5565 1738 5639 Ecclesiae
1768 5563 1912 5632 lege-

322 5627 515 5702 batur:
546 5647 601 5693 et
627 5627 802 5693 adhuc
827 5627 1043 5707 legitur,
1074 5635 1354 5707 desumpta
1383 5643 1568 5707 estex,
1592 5634 1780 5707 Capite
1818 5627 1912 5707 iuit

325 5708 530 5781 Lucae:
562 5707 833 5781 ingressus
859 5703 1012 5762 Iesus
1049 5703 1434 5781 perambulabat
1455 5703 1689 5781 Iericho;
1725 5703 1914 5781 Sedjn

327 5778 520 5836 Galliis
546 5771 757 5837 vidEtur
787 5795 883 5851 per
902 5795 966 5836 ea
997 5771 1237 5849 tempora
1267 5771 1431 5834 fuisse
1455 5777 1592 5833 lecta
1624 5776 1800 5847 portio
1819 5774 1914 5830 de-

2015 5337 2210 5402 silnum
2274 5337 2652 5398 Lectionarium
2720 5338 3047 5394 Gallicanum
3100 5337 3408 5394 Mabillouii.
3465 5337 3598 5396 Vide

2015 5417 2109 5472 lib.
2145 5433 2181 5471 tt
2209 5415 2275 5470 de
2303 5414 2535 5482 Liturgia
2565 5411 2859 5474 Gallicana,
2894 5425 3011 5480 pag.
3049 5409 3171 5465 168.

2090 5487 2163 5556 (c)
2207 5486 2259 5539 In
2292 5480 2541 5539 sermone
2562 5483 2672 5552 jam
2705 5482 2849 5536 edito
2873 5482 2986 5556 haec
3016 5493 3124 5556 prae
3154 5481 3365 5556 caeteris
3391 5480 3600 5556 haben-

2019 5551 2109 5614 tur
2135 5551 2155 5611 ε’
2180 5576 2198 5608 ι
2228 5557 2508 5611 Columnae
2533 5551 2678 5610 stant
2704 5563 2828 5607 ante
2855 5555 3051 5606 ostium
3079 5551 3321 5620 Tetnpli;
3349 5567 3473 5620 quia
3507 5551 3601 5606 ad-

2022 5639 2238 5685 ventum
2256 5623 2936 5695 Redcmptorisnostri,qu_i
2967 5621 3038 5695 ait
3065 5639 3078 5676 :
3116 5619 3230 5692 Ego
3252 5619 3600 5690 sum’astium,

2023 5718 2113 5772 per
2155 5716 2236 5754 me
2281 5699 2326 5752 ei
2373 5691 2504 5772 quis
2536 5695 2809 5772 introierit,
2841 5691 3172 5772 minabitur,
3208 5705 3606 5772 pt'mcqsserunt

2024 5759 2275 5830 doctores
2309 5759 2530 5839 egregii,
2561 5767 2629 5822 de
2659 5765 2852 5837 quibus
2869 5759 3613 5834 dicitApostOluszlacobus,
