4120 6170
553 241 656 298 879

1988 230 2050 284 Β.
2091 229 2350 286 HILARII

3747 228 3854 286 880

545 354 752 418 Codex,
780 348 1137 422 evulgandum
1166 345 1370 404 censui.
1419 345 1489 399 At
1520 344 1773 414 quoniam
1816 341 2137 398 Pictaviensi
2166 348 2220 410 Α
2245 358 2362 397 rum
2395 341 2510 396 loca
2543 340 2778 412 allegare
2819 340 3169 396 consuevissc
3209 340 3306 412 (ε).
3357 341 3533 410 Atque
3577 338 3706 393 huic
3733 340 3855 408 qui—

549 447 752 502 Hilario
777 444 1049 514 abjudico,
1081 441 1124 494 si
1159 439 1362 494 Hilario
1392 436 1547 491 alteri
1580 435 1816 493 tribuere
1844 436 1924 490 vis
1955 435 2136 505 (quod

548 556 651 612 per
693 552 779 593 me
825 534 1042 604 quidem
1093 530 1280 602 licet),
1331 529 1630 584 Arelatensi
1690 527 1893 582 Hilario
1943 528 2138 594 tribue,

548 646 707 702 quem
752 637 901 684 certo
949 625 1198 680 novimus
1244 633 1296 677 et
1329 635 1478 676 sacra
1530 620 1727 689 templa
1773 617 2013 674 erexisse
2042 616 2145 690 (a),

543 723 772 793 ideoque
798 717 1099 783 dedicasse,
1122 725 1176 771 et
1197 728 1478 770 sermones
1500 711 1568 766 ad
1599 710 1857 781 pupulum
1887 709 2146 765 recitasse

546 833 655 873 non
694 829 894 886 paucos
937 809 1046 884 (b);
1075 826 1140 867 ex
1175 811 1386 880 vulgata
1418 821 1631 877 quoque
1669 804 2142 874 interpretatione,

546 927 650 984 qua
681 924 812 966 sane
833 907 1000 964 utitur
1034 905 1257 976 hujusce
1284 903 1566 959 Sermonis
1595 909 1806 966 auctor,
1841 899 2147 968 Scriptura-

550 1063 599 1110 ει
642 1051 864 1122 Cephas,
892 1060 938 1105 et
965 1048 1223 1122 Joannes,
1243 1046 1330 1117 qui
1379 1044 1678 1122 videbantur
1717 1041 1972 1122 columna?
2000 1056 2134 1105 casa,

550 1129 638 1196 qui
658 1112 832 1179 eidem
855 1112 860 1113 ί
881 1120 1129 1196 adventui
1157 1112 1304 1196 ‘eju's
1333 1117 1696 1196 testimonium
1725 1112 2089 1196 perhibereut.
2115 1129 2139 1196 μ

549 1181 632 1252 An
662 1210 790 1252 vero
831 1192 1120 1249 adventum
1157 1181 1363 1242 Domini
1398 1193 1810 1256 przecesserunt,
1843 1197 1891 1238 et
1927 1199 2045 1256 eam
2077 1181 2147 1235 ob

551 1283 769 1324 causam
795 1265 1093 1320 «columna:
1113 1269 1318 1315 stantes
1330 1253 1455 1312 ante
1472 1258 1670 1312 ostium
1701 1256 1914 1323 templi:
1936 1253 2151 1307 fuerunt

551 1339 807 1402 Iacobus,
841 1345 896 1390 et
936 1333 1172 1403 Ccplias,
1204 1330 1540 1403 et‘Joannes,
1585 1328 1697 1403 qui
1721 1327 2147 1403 Cliristutii_non

551 1397 980 1481 praenunt'iarunt
1003 1397 1032 1469 ,’
1066 1403 1160 1458 sed
1203 1400 1346 1456 illius
1387 1399 1538 1481 fuere
1566 1397 1876 1481 discipuli?.
1901 1397 2151 1481 Profecto

552 1467 834 1535 columnas
865 1490 962 1532 eos
993 1467 1277 1542 pr0pterea
1302 1482 1457 1525 vocat
1476 1470 1693 1531 Paulus,
1734 1467 1878 1542 quod
1901 1467 2150 1542 stabiles,

553 1551 929 1608 columnarum
983 1537 1173 1609 instar,
1203 1545 1254 1598 in
1290 1542 1392 1597 fide
1421 1549 1626 1605 essent,
1657 1547 1712 1593 et
1752 1537 1915 1594 veluti
1963 1537 2156 1608 pracci—

554 1638 658 1692 pua
695 1620 1006 1692 Christianae
1035 1611 1658 1692 Religioitisfulcimine.

626 1695 708 1760 (a)
776 1690 831 1745 In
877 1703 995 1760 cap.
1063 1678 1271 1760 8_Vita2
1300 1686 1400 1760 AS._
1427 1681 1614 1737 Hilarii
1658 1678 2154 1760 Arelatensishlitec

554 1752 821 1818 habentur
849 1778 864 1813 ι
895 1752 961 1813 In
983 1757 1268 1812 mediatore
1280 1755 1478 1828 jugiter
1500 1768 1864 1828 parma-nere,“
1890 1752 2155 1828 instituere

554 1833 885 1894 monasteria,
912 1830 1172 1898 aediﬁcare
1199 1821 1411 1895 tenipl'a,
1441 1821 1745 1892 confirmare
1771 1821 2054 1878 Monaclios
2073 1821 2155 1874 in—
2184 1863 2232 1922 B

555 1908 816 1960 stilulione
841 1919 953 1957 sua.
1599 1927 1606 1932 -

625 1976 704 2048 (b)
724 1974 950 2048 Cap._ll
977 1968 1221 2048 ejusdem
1251 1967 1388 2048 Viue
1419 1967 1537 2048 l_t_ze_c
1565 1966 1846 2036 leguntur:
1883 1983 1902 2016 ε
2011 1962 2154 2033 peri-

556 2036 732 2102 torum
773 2036 930 2098 turba
959 2036 1241 2102 defuisset,
1285 2040 1512 2108 simplici
1547 2051 1800 2092 sermone
1831 2036 2152 2108 rusticorum

557 2119 722 2174 corda
748 2116 1060 2171 nutriebat:
1087 2122 1143 2166 at
1161 2109 1250 2164 tibi
1273 2104 1567 2163 instructos
1590 2107 1970 2176 supervenisse
1994 2104 2156 2158 vidis-

553 2200 660 2251 set,
690 2202 943 2243 sermone
968 2201 1033 2239 ac
1062 2183 1210 2257 vultu
1241 2180 1521 2257 pariterin
1551 2179 1789 2257 quadam_
1809 2177 1978 2257 gratia
2009 2176 2157 2257 inso-

553 2248 656 2313 litat
673 2257 1027 2321 excitabatur,
1074 2267 1134 2306 se
1182 2253 1300 2315 ipso
1339 2251 1552 2327 celsion
1575 2248 1982 2327 apparebat,-ut
2011 2248 2156 2327 ejus-

554 2331 677 2385 dem
703 2327 893 2397 prolati
921 2320 1140 2397 auctore
1162 2322 1441 2397 temporis,
1465 2320 1556 2397 qui
1584 2321 1709 2397 suis
1722 2320 1939 2397 scriptis
1961 2320 2156 2397 merito

555 2387 890 2457 claruerunt,
914 2395 1136 2456 Silvius,
1170 2387 1457 2453 Eusebius,
1485 2387 1778 2444 Domnulus
1798 2387 2156 2442 admiratione

557 2468 832 2531 succensi,
867 2469 920 2521 in
952 2468 1066 2520 liaac
1088 2463 1250 2518 verba
1276 2461 1623 2530 proruperint
1652 2477 1664 2511 :
1688 2458 1802 2531 Non
1825 2458 2153 2522 doctrinam,

558 2559 666 2597 non
694 2529 1080 2609 eloquentiam,
1105 2532 1200 2588 sed
1228 2529 1418 2609 nescio
1433 2529 1558 2599 quid
1577 2546 1739 2609 super
1759 2529 2004 2609 homines
2027 2543 2158 2582 con-

559 2599 898 2669 secutumi...
934 2607 999 2662 Et
1026 2608 1150 2661 licet
1176 2604 1344 2673 gratia
1373 2607 1492 2669 ejus
1519 2617 1587 2656 ex
1615 2602 1703 2673 liis
1726 2599 2002 2673 cpt-ribus,
2035 2615 2157 2668 quae

559 2683 750 2740 eadem
778 2677 994 2736 dicendi
1023 2671 1222 2744 impetit
1252 2676 1523 2743 concepit,
1545 2671 1749 2744 genuit.
1769 2671 2003 2744 ornavit,
2034 2684 2158 2744 pro-

558 2753 701 2814 tulit,
735 2752 906 2821 possit
932 2741 1134 2818 absque
1173 2741 1813 2821 litesitatii_i_ncdignosci;
1859 2741 1978 2821 vi_ta_
2008 2741 2159 2821 scili-

558 2837 645 2882 cet
673 2810 931 2878 antistitis
955 2810 1234 2874 llnt'torati.
1267 2814 1502 2869 ltomilia:
1528 2814 1581 2868 itt
1605 2810 1774 2867 tutius
1795 2818 1919 2866 anni
1953 2810 2156 2866 festivi-

561 2897 759 2951 tatibus
786 2892 1074 2960 expeditte,
1091 2899 1240 2960 etc.»
1269 2885 1377 2940 Hac
1403 2889 1632 2960 fortaSse
1652 2883 1984 2951 coiijectura,
2007 2890 2062 2936 et
2090 2895 2157 2935 eo

562 2970 724 3022 etiam
769 2957 912 3030 quod
943 2961 1083 3015 idem
1114 2959 1288 3030 Stylus
1308 2997 1321 3014 .
1348 2971 1428 3030 _ac_
1447 2957 1657 3030 phrasis
1685 2965 1964 3030 appareat.
1991 2963 2158 3030 atque

562 3053 623 3092 ea
649 3049 769 3104 qua:
789 3024 852 3088 in
883 3034 987 3085 vita
1015 3031 1074 3086 S.
1107 3024 1456 3104 Honoratiab
1475 3025 1675 3104 Hilario
1702 3024 2006 3104 Arelatensi
2029 3037 2158 3077 con-

562 3095 761 3173 seri-pta
809 3105 1050 3167 eminet,
1096 3098 1455 3156 Combetisius
1510 3095 1707 3164 aliique
1764 3095 1992 3173 permoti
2051 3109 2155 3173 non

563 3166 828 3233 modicam
882 3166 1087 3244 partem
1125 3185 1314 3244 eorum
1368 3183 1720 3244 sermonum,
1789 3181 1878 3234 qui
1925 3166 2158 3244 Eusebio

2244 437 2367 493 dem
2396 435 2722 506 conjecmrte
2745 452 2809 490 ac
2839 435 3132 505 suspicioni
3192 450 3325 489 mem
3356 435 3469 504 ipsa
3504 433 3691 487 llilarii
3717 432 3857 486 Are-

2246 530 2465 584 Iatensis
2511 529 2736 599 scriptio
2779 528 3002 598 hujusce
3051 527 3335 582 Sermonis
3383 525 3670 596 scriptioni
3709 523 3854 579 haud

2247 621 2510 676 absimilis
2569 620 2858 692 plurimum
2914 619 3076 675 favet.
3134 623 3202 674 At
3259 620 3583 690 cuicumque
3636 617 3854 672 tandem

2247 727 2426 768 sermo
2455 713 2543 768 hic
2571 713 2855 776 tribuatur,
2889 711 3171 768 laudabilis
3215 721 3292 767 est
3333 710 3541 781 utique,
3573 719 3628 764 et
3669 709 3856 780 procul

2251 807 2415 862 dubio
2443 817 2704 872 vetustus,
2731 807 2963 877 ideoque
2991 805 3060 872 is,
3089 806 3178 877 qui
3210 805 3487 874 antiquam
3541 804 3776 860 formam
3797 817 3861 859 ac

2250 900 2542 956 candorem
2577 900 2863 969 pristinum
2893 901 3138 970 recipere
3165 909 3487 955 mereretur.

2254 1039 2370 1094 Vita
2421 1040 2478 1095 S.
2518 1039 2805 1101 Honorati,
2837 1054 2955 1108 qua:
2983 1037 3170 1108 procul
3202 1036 3366 1092 dtibio
3391 1037 3459 1108 ab
3485 1035 3688 1108 Hilario
3721 1037 3864 1092 Are—

2253 1111 2447 1166 latensi
2476 1113 2778 1177 composita
2825 1117 2941 1173 est,
2981 1108 3047 1162 ad
3095 1107 3239 1162 hunc
3290 1107 3504 1174 modum
3555 1107 3864 1176 Scriptura:

2255 1183 2368 1236 loca
2388 1183 2709 1252 allegantur,
2733 1200 2784 1234 n.
2803 1184 2886 1236 5.»
2911 1180 3017 1235 «Ne
3040 1180 3226 1234 laudes
3248 1181 3520 1252 hominem
3536 1179 3590 1231 in
3608 1179 3716 1234 vita
3739 1195 3862 1252 sua,

2255 1265 2308 1309 et
2340 1251 2532 1308 iterum
2565 1273 2576 1307 :
2605 1273 2622 1306 ι
2645 1256 2783 1308 Ante
2810 1259 3037 1307 mortem
3056 1268 3123 1306 ne
3142 1251 3331 1305 laudes
3355 1253 3685 1320 quempiam.
3722 1268 3775 1304 η.
3801 1251 3861 1306 8.

2255 1324 2512 1380 Ordinate
2539 1326 2590 1379 in
2622 1341 2708 1380 me
2737 1325 3077 1388 cltaritatem,
3108 1340 3160 1375 η.
3197 1322 3277 1377 l0.
3307 1323 3362 1376 In
3392 1323 3556 1376 multa
3573 1324 3864 1390 patientia,

2259 1397 2311 1450 in
2344 1396 2557 1465 vigiliis,
2593 1397 2643 1450 in
2696 1396 2939 1465 jejuniis,
2995 1393 3046 1448 in
3091 1395 3361 1457 castitate,
3415 1393 3468 1465 in
3513 1394 3775 1457 scientia,
3806 1395 3868 1448 in

2258 1463 2424 1522 verbo
2467 1463 2836 1532 veritatis,'in
2893 1470 3089 1520 virtute
3134 1466 3251 1527 Dei,
3302 1483 3355 1519 η.
3391 1463 3460 1521 14
3525 1465 3676 1530 Euge
3706 1480 3869 1520 serve

2259 1537 2420 1599 bone.
2454 1548 2509 1594 et
2552 1539 2744 1600 fidelis.
2776 1539 2913 1592 intra
2942 1539 2995 1591 in
3023 1538 3276 1606 gaudium
3309 1536 3521 1591 Domini
3549 1537 3647 1602 tui,
3680 1553 3735 1590 η.
3775 1538 3866 1592 15.

2259 1609 2436 1679 Super
2463 1609 2707 1680 aspidem
2737 1620 2788 1664 et
2842 1608 3150 1662 basiliscum
3189 1607 3594 1680 ambulabis,“
3631 1609 3864 1662 concul-

2258 1678 2408 1735 cabis
2453 1678 2666 1736 leonem
2706 1691 2760 1734 et
2781 1681 3095 1735 draconem.
3144 1693 3197 1731 =
3243 1678 3382 1734 Ecce
3423 1679 3548 1734 dedi
3581 1679 3737 1733 vobis
3770 1694 3870 1748 po-

2261 1761 2510 1806 testatem
2563 1753 2804 1806 calcandi
2854 1765 3013 1821 supra
3063 1762 3345 1819 serpentes
3396 1761 3445 1804 et
3519 1752 3868 1819 scorpioiies,

2260 1840 2313 1876 η.
2345 1823 2434 1878 20.
2465 1822 2655 1878 Vende
2685 1823 2866 1877 omnia
2897 1829 3008 1881 tua.
3037 1833 3089 1875 et
3119 1821 3184 1875 da
3229 1821 3586 1890 pauperibus,
3633 1834 3690 1876 et
3717 1823 3868 1886 veni,

2259 1904 2312 1946 et
2341 1909 2569 1964 sequere
2599 1909 2687 1949 me
2707 1937 2720 1961 ,
2753 1911 2806 1947 η.
2831 1894 2922 1947 26.
2953 1893 3219 1947 Omnibus
3247 1894 3430 1947 omnia
3457 1896 3651 1958 factus,
3683 1910 3740 1947 n.
3771 1893 3863 1947 '57.

2257 1966 2356 2032 Qui
2391 1969 2580 2019 timent
2609 1975 2683 2029 te,
2730 1965 2991 2018 videbunt
3021 1980 3128 2027 me,
3161 1975 3212 2018 ct
3239 1965 3590 2019 laetabuntur.
3635 1983 3688 2017 =
3725 1964 3868 2031 Quid

2257 2037 2400 2092 enim
2432 2036 2600 2091 habes
2625 2035 2767 2106 quod
2793 2052 2897 2090 non
2925 2036 3220 2103 accepisti?
3248 2037 3405 2090 autsi
3437 2037 3717 2103 accepisti.
3739 2036 3871 2105 quid

2256 2108 2528 2177 gloriaris,
2549 2109 2700 2174 quasi
2729 2124 2832 2161 non
2856 2123 3070 2178 accepet
3089 2108 3171 2161 is?
3202 2126 3219 2159 ι
3248 2109 3415 2162 Porro
3431 2111 3544 2178 haec
3563 2107 3614 2160 in
3643 2108 3871 2174 Vulgata

2259 2179 2336 2233 sic
2363 2196 2419 2233 sc
2448 2179 2642 2234 habent
2676 2196 2687 2231 :
2740 2197 2759 2230 ‹
2788 2181 2923 2233 Ante
2952 2177 3183 2232 mortem
3235 2195 3302 2232 ne
3351 2177 3540 2233 laudes
3589 2177 3867 2233 hominem

2257 2253 2564 2320 quempiam
2615 2248 2855 2318 (Eccles.
2893 2266 2978 2320 xi,
3015 2249 3142 2320 30).
3183 2249 3463 2305 Ordinavit
3493 2254 3546 2304 in
3575 2266 3661 2305 me
3690 2250 3874 2305 chari-

2262 2331 2421 2393 tatent
2451 2319 2688 2393 (Cantia.
2724 2336 2779 2374 Ill
2802 2361 2816 2383 ,
2858 2319 2948 2392 4).
2978 2321 3033 2375 1η
3073 2319 3238 2375 multa
3270 2321 3563 2391 patientia,
3613 2323 3663 2375 in
3697 2321 3874 2393 tribu-

2261 2391 2485 2463 latione,
2516 2395 2567 2446 in
2601 2391 3038 2456 necessitatibus,
3071 2393 3124 2446 in
3167 2393 3529 2462 angustiis...
3565 2398 3616 2446 in
3646 2391 3870 2463 vigiliis,

2261 2464 2312 2534 in
2345 2462 2588 2532 jejuniis,
2614 2464 2664 2517 in
2695 2463 2965 2527 ca~titate,
2995 2465 3045 2516 in
3078 2464 3325 2527 scicntia,
3355 2467 3404 2518 in
3435 2462 3869 2534 lcuganimitate,

2261 2533 2315 2589 in
2344 2535 2624 2594 suavitate,
2650 2535 2700 2588 iu
2729 2534 2930 2592 Spiritu
2961 2535 3184 2601 Sancto,
3226 2537 3276 2588 in
3299 2533 3564 2589 charitati-
3590 2550 3698 2590 non
3722 2534 3868 2600 ﬁcta,

2259 2603 2319 2678 in
2359 2605 2526 2678 verbo
2554 2605 2839 2678 veritatis,
2871 2606 2923 2659 itt
2973 2605 3171 2678 virtute
3219 2606 3316 2678 Dei
3347 2605 3431 2678 (ll
3458 2605 3578 2662 Cor.
3617 2623 3693 2670 vt,
3723 2608 3783 2669 4.
3814 2608 3871 2672 5,

2260 2674 2351 2744 6).
2381 2676 2544 2748 Euge
2571 2691 2725 2748 se_r_vc
2755 2677 2896 2748 bone
2922 2687 2974 2730 et
3005 2675 3200 2748 fidelis,
3229 2674 3367 2731 intra
3394 2677 3446 2731 in
3475 2677 3733 2748 gaudium
3761 2679 3870 2731 Do-

2262 2746 2390 2820 ti_i_i_ni
2449 2747 2521 2800 tui
2568 2745 2802 2820 (Matth.
2848 2762 2993 2812 xxv,
3023 2747 3088 2801 7M
3115 2748 3158 2820 ).
3203 2748 3377 2820 Super
3411 2745 3656 2818 aspidem
3684 2758 3740 2803 et
3780 2749 3875 2803 ba-

2260 2816 2501 2871 siliscum
2541 2818 2858 2883 ambulabis,
2883 2829 2938 2872 et
2967 2816 3314 2874 conculcabis
3351 2816 3563 2875 leonem
3588 2831 3644 2875 et
3674 2823 3872 2875 draco-

2261 2903 2382 2958 nem
2435 2886 2572 2957 (Ps.
2621 2904 2706 2944 xc.
2770 2889 2899 2957 15).
2960 2890 3098 2946 Ecce
3153 2891 3273 2944 dedi
3341 2893 3492 2945 vobis
3549 2902 3874 2958 potestatem

2261 2957 2504 3033 calcandi
2534 2974 2693 3033 supra
2715 2969 2997 3033 serpentes
3024 2972 3078 3015 et
3117 2962 3429 3032 scorpiones
3454 2967 3473 3033 (
3501 2957 3629 3016 Lac.
3661 2980 3718 3029 χ,
3742 2962 3811 3017 19
3829 2961 3873 3033 ).

2261 3028 2448 3084 Vende
2471 3032 2627 3102 quod
2648 3028 2848 3102 habes.
2880 3040 2934 3085 et
2958 3031 3024 3086 da
3057 3028 3478 3102 pauperibus",
3508 3044 3563 3088 et
3589 3028 3748 3099 veni,
3790 3028 3876 3088 se-

2260 3114 2427 3169 quere
2474 3099 2559 3154 me
2609 3099 2843 3173 (Matth.
2893 3118 3005 3166 tux,
3049 3099 3112 3157 ﬁt
3145 3111 3184 3173 ).
3217 3104 3317 3171 Qui
3351 3099 3546 3159 timent
3597 3117 3671 3171 te,
3723 3104 3878 3158 vide-

2266 3173 2393 3245 bunt
2425 3187 2530 3235 me,
2553 3173 3002 3245 et_|:etabuntur(
3029 3173 3121 3230 Pa.
3169 3191 3351 3237 cxvm,
3384 3175 3454 3230 74
3478 3177 3515 3245 ).
3557 3175 3698 3242 Quid
3724 3176 3874 3232 enim

560 3249 847 3304 Emissteno
883 3235 986 3324 aut
1033 3243 1299 3324 Eucherio
1342 3241 1506 3324 tribui
1556 3252 1926 3324 consulethre,‘
1959 3235 2160 3324 Hilario

2270 3241 2438 3324 habes
2469 3242 2624 3324 .quod
2657 3259 2764 3324 non
2794 3235 3087 3312 accepisti?
3120 3235 3401 3324 _si_autem
3429 3235 3714 3324 accepisti,
3745 3246 3876 3324 quid

560 3317 866 3374 Arelatensi
899 3315 1160 3368 tribuunt.
1196 3310 1331 3366 Vide
1357 3307 1669 3364 Cumbel‘tsii
1719 3305 1968 3362 biblioth.
2011 3304 2155 3361 Con-

564 3392 743 3445 ciona.
768 3388 820 3440 in
851 3385 1075 3440 Resurr.
1107 3383 1340 3437 Domini.

639 3459 711 3530 (ο)
752 3456 895 3514 Sane
922 3457 975 3530 i_n
1007 3455 1071 3509 iis
1091 3452 1460 3530 sermonibus,
1491 3463 1629 3530 quos
1658 3449 1711 3530 i_n
1746 3448 2162 3530 resprrectionis

563 3519 863 3587 Dominicze
877 3527 1219 3581 solemnitate
1247 3519 1784 3577 recitasse'llilarium
1807 3519 2163 3574 Combelisius

563 3610 775 3666 censet,
809 3598 1042 3654 Eusebio
1064 3596 1350 3666 Etnisseno
1373 3594 1558 3660 utique
1586 3590 1917 3666 adscriptis,
1940 3590 2163 3666 Vulgata

562 3660 857 3742 Scriptura:
881 3667 1255 3738 interpretatio
1283 3664 1605 3735 plerumque
1632 3663 1854 3718 eminet.
1883 3660 1992 3717 Sed
2022 3671 2078 3716 et
2108 3662 2162 3716 in

2263 3314 2533 3391 gloriaris,
2567 3316 2717 3383 quasi
2753 3317 3200 3391 nonum-ceperis?
3224 3335 3241 3369 ι
3277 3317 3332 3391 (ἰ
3360 3317 3483 3391 (Sor.
3621 3319 3675 3372 7.
3703 3317 3723 3388 )
3748 3319 3868 3386 Qua

2263 3383 2484 3457 quidem
2520 3387 2757 3440 locorum
2791 3383 3082 3442 collatione
3109 3383 3628 3456 plat'ie'asséqneris,
3659 3383 3752 3444 aut
3774 3383 3875 3457 vip-

2265 3455 2557 3529 sissimatn.
2603 3473 2765 3529 quam
2809 3473 2952 3514 nunc
2996 3455 3292 3529 sequimur,
3335 3461 3404 3515 ab
3437 3455 3642 3514 Hilario
3683 3455 3879 3515 Arela-

2267 3526 2408 3602 tensi
2433 3526 2925 3602 tuisseallegatam,
2951 3526 3212 3602 autcerte
3240 3540 3345 3586 tam
3379 3530 3597 3585 affinem
3632 3529 3878 3602 Vulgata:

2268 3597 2792 3668 interpretationem,
2828 3613 2884 3654 ut
2906 3611 3006 3671 pro
3033 3600 3260 3672 Vulgata
3291 3603 3480 3658 haberi
3511 3602 3705 3673 possit.

590 3797 3856 3828 MM

1414 3910 2017 4042 SERMO
2115 3918 2264 4042 Β.
2359 3918 3038 4047 HILARII

854 4150 994 4224 DE
1055 4137 1792 4219 DEDICATIONE
1858 4138 2385 4214 ECCLESIJE
2445 4143 2942 4220 CUMPTUS
2998 4163 3074 4238 (a)
3132 4143 3635 4221 PICTAVIS

1310 4302 1391 4363 IN
1461 4296 1848 4364 ECCLESIA
1922 4297 2169 4361 IPSIUS
2242 4299 2527 4362 IBIDEM
2603 4299 3154 4380 CONSECRATA.

1907 4437 2560 4469 —_———G-————

644 4545 782 4617 Quia
809 4539 1039 4614 propitia
1068 4534 1306 4599 Deitate,
1333 4531 1554 4587 Fratres
1582 4525 1899 4584 Cltarissimi
1922 4566 1937 4591 ,
1968 4523 2172 4579 solem-
2202 4526 2258 4586 D
2281 4536 2455 4583 sonet.
2487 4529 2550 4584 Hi
2581 4540 2707 4586 sunt
2729 4531 2872 4586 enim
2922 4533 3128 4588 fructus
3165 4533 3320 4590 bonae
3350 4534 3586 4600 arboris,
3627 4535 3715 4592 hic
3747 4536 3887 4592 boni

569 4642 658 4700 nia
686 4631 1041 4694 dedicationis
1073 4628 1334 4684 Ecclesiae
1356 4623 1723 4687 celebramus,
1757 4619 2023 4675 debemus
2045 4629 2178 4669 con-

573 4746 766 4807 gruere
810 4721 1160 4786 solemnitati,
1212 4733 1370 4790 quam
1402 4715 1653 4778 colimus,
1701 4721 1756 4766 ut
1793 4711 1936 4766 sicut
1960 4705 2176 4807 ornatis

573 4801 866 4882 studiosius
895 4816 1140 4887 ejusdem
1175 4809 1432 4866 Ecclesiae
1463 4807 1785 4878 parietibus,
1817 4801 2056 4873 pluribus
2081 4814 2173 4854 ac.

573 4920 754 4975 censis
784 4910 1099 4972 luminibus,
1124 4904 1384 4975 ampliato
1407 4913 1632 4954 numero
1650 4898 1967 4958 lectionum,
1990 4891 2171 4946 addita

576 5010 919 5066 Psalmorum
967 4997 1222 5060 melodia,
1265 4993 1404 5048 lictis
1435 4999 1648 5044 noctem
1688 4987 1887 5056 vigiliis
1914 5000 1982 5040 ex
2022 4996 2172 5037 more

573 5098 971 5168 transegimus;
1010 5092 1080 5145 ita
1125 5087 1286 5144 etiam
1335 5080 1631 5154 penetralia
1674 5077 1918 5133 cordium
1953 5086 2170 5129 nostro-

572 5208 692 5248 rutn
741 5166 955 5256 semper
1001 5177 1324 5236 necessariis
1365 5175 1625 5229 bonorum
1673 5183 1900 5240 operum
1944 5166 2166 5220 decore-

573 5299 695 5342 mus
722 5279 1020 5338 ornatibus.
1047 5272 1274 5339 Semper
1305 5268 1357 5321 itt
1389 5264 1547 5320 nobis
1588 5259 1802 5316 ﬂamma
1833 5259 2027 5313 divina:
2058 5257 2170 5326 pie-

564 5377 690 5434 tatis
738 5384 792 5429 et
843 5373 1094 5425 fraterna:
1158 5358 1400 5419 caritatis
1456 5364 1706 5426 augescat
1752 5370 1766 5419 ;
1822 5366 2038 5420 semper
2101 5349 2156 5404 in

566 5463 874 5524 sanctuario
901 5457 1137 5531 pectoris
1180 5450 1347 5510 nostri
1377 5447 1680 5506 ctelestium
1722 5444 1978 5500 memoria
2026 5458 2166 5514 pm-

567 5574 848 5636 ceptorum
890 5566 947 5614 et
969 5554 1227 5627 angelicae
1254 5546 1583 5606 laudationis
1607 5545 1840 5602 dulcedo
1868 5553 2051 5600 sancta
2076 5559 2161 5600 re.

2228 4647 2234 4654 -
2281 4620 2458 4676 cordis
2490 4621 2793 4690 thesaurus,
2828 4627 2944 4680 haec
2974 4625 3320 4680 fundamenta
3367 4629 3631 4698 sapientis
3679 4630 3883 4685 Archi-

2281 4713 2432 4779 tecti,
2484 4730 2605 4784 qua:
2652 4716 2807 4770 nobis
2851 4715 3112 4772 hodierna
3159 4717 3345 4774 Sancti
3393 4718 3666 4790 Evangelii
3718 4720 3890 4776 lectio

2278 4807 2640 4874 commendat,
2677 4824 2775 4863 nos
2803 4793 2908 4862 non
2956 4808 3185 4865 formam
3214 4811 3584 4875 solummodo.
3621 4811 3720 4867 sed
3767 4813 3886 4867 vir-

2275 4908 2440 4954 tutem
2472 4903 2648 4968 potius
2671 4902 2868 4957 habere
2895 4902 3107 4970 pietatis
3131 4920 3144 4956 :
3173 4903 3318 4973 quod
3341 4906 3500 4959 etiam
3526 4905 3752 4974 mystica
3791 4920 3890 4962 ve-

2278 4993 2406 5046 teris
2454 4993 2791 5048 instrumenti
2837 4993 3055 5048 liiStoria
3106 4995 3392 5066 diligenter
3437 4997 3694 5060 insinuat,
3743 5011 3880 5051 cum

2279 5084 2362 5138 vel
2407 5085 2621 5154 Moyses
2648 5087 3072 5152 tabernacitlum,
3117 5090 3199 5142 vel
3230 5089 3487 5160 templum
3519 5089 3751 5143 Domino
3781 5086 3888 5145 Sa-

2278 5174 2456 5229 lomon
2488 5176 2538 5228 in
2571 5177 2783 5233 Sanctae
2822 5175 3086 5233 Ecclesiae
3127 5189 3310 5250 typum
3341 5181 3617 5247 condidit;
3648 5196 3889 5251 utraque

2276 5269 2418 5321 cnim
2460 5267 2651 5323 domus
2681 5270 2908 5325 llrmiter
2940 5270 3161 5327 fundata
3201 5288 3325 5328 esse
3354 5273 3633 5329 refertur:
3671 5273 3883 5330 Taber-

2275 5361 2521 5415 ttaculttm
2549 5360 2788 5432 quidem,
2836 5364 2979 5434 quod
3023 5376 3337 5435 c0tttpactos
3365 5367 3432 5421 de
3479 5368 3677 5422 tabulis
3711 5367 3888 5424 habe-

2271 5453 2360 5508 bat
2390 5456 2620 5524 parietes
2650 5471 2814 5525 super
2845 5459 2998 5513 bases
3039 5469 3344 5527 argeuteas,
3407 5462 3663 5532 templum
3695 5471 3882 5518 autem

2271 5559 2432 5617 super
2459 5546 2664 5618 lapides
2690 5548 2927 5619 quadros
2955 5550 3009 5606 in
3039 5550 3390 5609 fundamento
3419 5554 3755 5625 suppositos.
3785 5553 3882 5611 Li-

638 5701 713 5772 (a)
754 5699 962 5758 Nullius
983 5690 1401 5772 signiﬁcationis
1427 5696 1512 5748 est
1535 5703 1641 5748 vox
1682 5697 1946 5760 sumptus,
1986 5700 2149 5758 quam
2169 5686 2332 5748 habet
2363 5689 2556 5748 codex.
2587 5691 2843 5751 Fortasse
2869 5691 3154 5764 legendum
3177 5700 3263 5752 est
3285 5695 3616 5766 compositus.
