4120 6170
264 290 364 348 881

1272 295 1506 356 SERMO
1537 301 1626 359 DE
1664 300 2127 365 DEDICATIONE
2168 307 2548 369 ECCLESIJE.

3460 329 3571 388 882

261 426 365 512 gna
396 425 611 483 quoque
640 422 795 512 erant
823 415 1191 484 imputribilia,
1225 431 1256 473 e
1281 419 1475 490 quibus
1505 429 1559 476 et
1581 419 1858 479 Taberna-
1880 425 1938 487 Α
1960 439 2058 497 per
2083 427 2402 486 cbaritatem
2432 442 2745 503 operantur,
2785 437 3024 494 ctelestis
3052 438 3178 495 vitae
3221 444 3441 512 praemia
3469 462 3565 503 ex-

260 502 446 559 culum
476 518 639 561 omne
669 504 888 574 factum,
919 519 971 563 ct
997 508 1279 580 Templum
1326 512 1469 569 intus
1496 522 1766 583 ornatum,
1797 530 1861 571 ac

210 672 223 677 ἑ
261 594 495 666 desuper
524 606 726 654 tectum
771 598 1026 671 fulgebat.
1060 601 1264 658 Aurum
1307 607 1470 660 etiam
1510 606 1577 663 de
1605 607 1860 665 thesauro

261 689 408 747 bono
432 691 700 761 optimum
727 694 1098 765 proferebant,
1124 696 1193 752 de
1223 713 1330 766 quo
1362 700 1597 769 parietes
1620 701 1764 756 intus
1807 710 1863 757 et

260 784 397 840 foris
441 787 642 853 vestiti,
693 787 904 857 Templi
956 806 1062 845 non
1108 801 1311 845 tantum
1363 795 1630 862 parietes,
1672 810 1857 851 verum

260 879 424 933 etiam
454 879 748 950 laquearia,
781 883 978 948 trabes,
1019 886 1181 950 ostia,
1229 895 1436 955 postes,
1467 899 1519 943 et
1552 890 1857 957 pavimenta

260 980 421 1027 erant
469 982 746 1043 cooperta.
802 974 907 1032 Sed
954 987 1008 1032 et
1036 992 1188 1045 vasa,
1230 979 1316 1034 vel
1366 980 1616 1037 utensilia
1664 982 1861 1039 domus

259 1064 546 1133 utriusuue
574 1075 770 1121 cuncta
800 1081 939 1138 pene
966 1082 1185 1137 aurum,
1237 1086 1414 1143 neque
1466 1072 1601 1133 haec.
1650 1075 1752 1130 nisi
1793 1076 1861 1131 de

258 1172 394 1213 auro
419 1159 727 1230 purissimo,
753 1160 870 1217 ﬁeri
895 1162 1109 1219 licebat.
1138 1164 1373 1221 Fructus
1395 1160 1556 1221 etiam
1581 1168 1857 1235 arborum,

257 1251 351 1322 qui
396 1252 449 1305 in
487 1250 649 1306 domo
681 1252 888 1309 Domini
919 1255 1307 1321 offerebantur,
1361 1259 1638 1327 purissimi
1668 1267 1724 1314 et
1760 1275 1858 1315 ex-

256 1344 441 1415 quisiti
469 1359 595 1402 esse
628 1345 975 1418 jubebantur.
1014 1347 1128 1404 Hoc
1157 1361 1260 1417 est,
1306 1349 1462 1417 Vilis,
1492 1350 1682 1418 Olivae,
1709 1351 1857 1407 Thu-

253 1436 356 1502 ris,
386 1434 637 1508 Myrrhze,
662 1437 750 1494 vel
778 1437 997 1505 Stactis,
1030 1447 1087 1496 et
1133 1453 1452 1496 caeterarum
1502 1442 1810 1514 hujusmodi
1842 1460 1855 1497 :

252 1543 379 1600 quae
433 1528 687 1586 videlicet
722 1541 917 1589 cuncta
977 1534 1296 1601 spiritaliter
1346 1536 1617 1593 intellecta
1672 1553 1856 1593 veram

250 1632 457 1677 ηοω-ω
480 1620 629 1680 Fidei
678 1633 732 1680 et
757 1626 1090 1696 operationis
1114 1627 1480 1684 sinceritatem
1514 1628 1855 1684 denuntiant.

250 1715 465 1771 Domus
484 1731 714 1787 namque
739 1729 990 1791 utraque,
1021 1729 1083 1775 ut
1100 1721 1357 1785 diximus.
1390 1721 1730 1779 Universalis
1757 1723 1857 1779 Ec-

1960 526 2193 587 pectant.
2227 519 2295 576 Et
2332 521 2467 577 bene
2498 523 2775 596 longitudo
2805 543 2879 585 Lx
2908 527 3218 587 cubitorum
3247 541 3355 590 est.
3387 534 3565 594 Sena—

1960 606 2044 662 rio
2068 610 2268 666 etenim
2300 628 2528 671 numero
2556 615 2820 674 bonorum
2860 636 3085 690 Operum
3129 624 3267 681 solet
3304 630 3567 697 perfeCIio

1959 698 2251 771 designari,
2301 706 2429 774 quia
2455 709 2619 763 etiam
2671 708 2811 764 Deus
2837 726 2931 767 sex
2962 711 3155 769 diebus
3185 717 3374 773 mundi
3403 736 3569 777 orna-

1962 802 2202 849 mentum
2251 795 2408 864 fecit;
2439 810 2495 854 et
2520 815 2616 857 sex
2645 812 2774 857 sunt
2812 803 2976 873 hujus
3016 808 3199 865 saeculi
3244 820 3434 868 aetates
3459 854 3474 879 ,
3509 815 3565 870 in

1960 886 2157 956 quibus
2198 900 2383 946 sancta
2415 891 2655 949 Ecclesia
2689 911 2789 966 pro
2816 907 3020 952 mterna
3065 903 3253 974 requie
3295 906 3398 975 piis
3426 911 3566 964 acti-

1962 977 2062 1033 bus
2093 979 2277 1036 instat.
2311 982 2459 1039 Bene
2489 1001 2564 1041 xx
2595 991 2910 1046 suntcubiti
2952 992 3273 1065 latitudinis,
3306 1000 3430 1069 quia
3473 1017 3571 1070 ge-

1962 1072 2166 1127 minum
2200 1081 2286 1129 est
2314 1087 2646 1146 przeceptum
2680 1080 2980 1150 charitatis,
3024 1090 3278 1157 quoniam
3321 1089 3568 1149 Ecclesia
3635 1120 3643 1125 -

1962 1162 2016 1217 in
2048 1165 2391 1223 tribulatione
2412 1168 2688 1237 dilatatur,
2710 1189 2830 1229 cum
2862 1177 3135 1246 perfectus
3153 1182 3381 1252 quisque
3404 1186 3569 1241 etiam

1961 1257 2298 1314 conditorem
2329 1275 2393 1316 ex
2428 1269 2542 1315 toto
2586 1265 2774 1331 corde,
2811 1275 2920 1320 tota
2953 1270 3158 1336 anima,
3203 1281 3313 1326 tota
3344 1276 3566 1343 virtute,

1961 1356 2017 1403 et
2041 1350 2342 1417 proximum
2377 1363 2628 1425 tanquam
2651 1371 2710 1410 se
2740 1356 2915 1427 ipsum
2947 1358 3174 1432 diligere
3200 1363 3383 1420 debet.
3423 1367 3571 1426 Bene

1965 1454 2073 1495 xxx
2102 1442 2154 1496 in
2179 1443 2466 1502 altitudine
2496 1457 2624 1503 sunt
2653 1449 2840 1513 cubiti.
2874 1454 3001 1523 quia
3033 1456 3212 1510 omnis
3258 1457 3569 1517 Electomm

1960 1545 2087 1601 spes
2117 1533 2183 1588 ad
2209 1534 2471 1593 visionem
2517 1551 2721 1597 sancta:
2748 1541 3052 1610 Trinitatis,
3103 1557 3363 1617 quantum
3399 1553 3569 1621 valet,

1961 1636 2022 1678 se
2072 1627 2381 1683 exercendo
2432 1638 2487 1685 et
2555 1632 2893 1701 puriﬁcando
2936 1649 3211 1708 properat.
3264 1640 3567 1700 Nomadum

1961 1729 2095 1770 sane
2120 1725 2223 1781 est,
2255 1718 2398 1788 quod
2425 1736 2531 1778 xxx
2579 1723 2749 1779 cubiti
2792 1725 3093 1784 altitudinis
3124 1743 3232 1785 non
3282 1748 3455 1803 usque
3498 1735 3568 1791 ad

246 1808 432 1863 etesia:
490 1808 711 1880 figuram
780 1822 1182 1882 praemonstrat.
1251 1813 1436 1885 Neque
1492 1816 1848 1886 incongruum
1879 1807 1929 1868 Β
1957 1822 2269 1878 supremum
2301 1813 2487 1883 templi
2516 1813 2811 1887 fastigium,
2855 1819 2951 1875 sed
2983 1834 3154 1892 usque
3193 1822 3262 1878 ad
3292 1824 3571 1896 laquearia

247 1901 376 1972 quis
412 1902 721 1969 arbitretur,
770 1904 915 1976 quod
963 1906 1085 1961 duze
1134 1916 1262 1963 sunt
1299 1907 1493 1964 domus
1545 1910 1758 1964 Domini
1800 1910 1854 1965 in

246 1996 513 2067 mysterio
555 1996 730 2065 factae,
758 2014 881 2055 cum
913 2015 1074 2056 unam
1105 2000 1307 2058 Christi
1334 2002 1552 2059 domum
1592 2019 1716 2061 esse
1755 2005 1857 2061 Ec-

247 2087 472 2144 clesiam
504 2090 682 2146 nullus
707 2091 879 2147 fidelis
901 2095 1159 2163 ambigat.
1185 2096 1313 2152 Dus:
1341 2098 1543 2153 etenim
1572 2107 1702 2154 sunt
1726 2114 1856 2155 con-

248 2179 381 2237 ditce
407 2181 602 2237 domus
647 2183 719 2239 ob
762 2184 1211 2255 signiﬁcationem
1246 2188 1529 2260 utriusque
1574 2190 1758 2260 populi
1802 2190 1856 2245 in

250 2272 501 2347 eamdem
528 2272 719 2329 Fidem
749 2277 984 2341 venturi,
1014 2275 1186 2332 Judtei
1217 2279 1427 2335 scilicet
1476 2290 1640 2351 atque
1678 2283 1857 2353 genti-

250 2365 343 2422 lis.
377 2364 532 2422 Unde
560 2367 699 2422 bene
721 2365 1153 2424 Tahernaculum
1181 2371 1296 2426 sola
1327 2371 1480 2441 plebs
1506 2370 1694 2427 .ludtea
1725 2387 1858 2430 con-

251 2457 391 2517 didit
418 2460 472 2514 in
503 2474 707 2515 eremo.
742 2459 953 2531 Templi
994 2470 1173 2518 autem
1205 2472 1535 2520 structuram
1565 2464 1855 2538 Proselyti,

253 2562 315 2610 et
345 2552 568 2609 advenae
596 2553 664 2609 de
691 2552 961 2610 Gentibus
1009 2566 1276 2626 quotquot
1305 2558 1357 2613 in
1387 2560 1589 2628 populo
1627 2566 1757 2615 tunc
1776 2560 1856 2614 in-

252 2646 428 2701 veniri
473 2655 743 2717 poterant,
775 2647 974 2703 devota
1026 2648 1130 2704 fide
1175 2651 1604 2722 compleverunt.
1652 2652 1759 2709 Sed
1806 2659 1862 2708 et

250 2738 371 2796 Rex
407 2739 834 2809 potentissimus,
861 2739 992 2813 Tyri
1021 2742 1325 2799 conductus
1349 2759 1377 2796 a
1410 2745 1700 2800 Salomone
1719 2758 1862 2799 com-

252 2832 491 2887 modatis
537 2831 858 2899 artiﬁcibus,
913 2842 968 2888 et
1020 2834 1177 2904 lignis
1229 2835 1636 2905 gratantissime
1683 2834 1856 2906 juvit,

253 2926 386 2995 quia
417 2924 671 2979 nimirum
701 2934 831 2981 ante
873 2925 1302 2983 incarnationem
1330 2929 1665 2984 Dominicam
1708 2939 1861 2984 notus

255 3031 372 3075 erat
404 3029 607 3075 tantum
638 3022 692 3074 in
719 3020 909 3077 Iudam
940 3020 1100 3077 Deus.
1134 3025 1203 3077 At
1232 3034 1516 3093 postquam
1553 3024 1643 3078 ille
1687 3023 1743 3078 in
1772 3038 1858 3088 ea,

254 3128 367 3183 qua
395 3121 574 3181 natus,
618 3123 676 3170 et
705 3128 898 3185 passus
926 3124 1031 3182 est,
1063 3130 1228 3172 carne
1260 3116 1625 3173 resuscitatus-
1645 3133 1677 3172 a
1718 3132 1864 3172 mor-

1963 1903 2146 1971 templi
2173 1904 2519 1973 pertinebant
2538 1949 2553 1973 ,
2578 1908 2778 1968 deinde
2804 1912 2870 1968 ad
2899 1913 3170 1986 laquearia
3195 1918 3359 1975 medii
3393 1922 3573 1976 taber-

1960 1993 2135 2048 naculi
2171 1994 2262 2050 alii
2292 2012 2407 2053 xxx
2431 1999 2596 2056 cubiti
2639 2002 2945 2060 altitudinis
2974 2008 3353 2080 assurgebant.
3398 2009 3572 2069 Porro

1961 2093 2236 2141 terrenum
2268 2091 2630 2159 cmnaculum,
2671 2094 2815 2164 quod
2869 2108 3173 2168 supererat,
3226 2115 3292 2155 1.x
3334 2100 3571 2158 habebat

1961 2175 2016 2232 in
2046 2176 2410 2247 latitudinem,
2443 2196 2507 2239 ac
2550 2183 2631 2240 sic
2657 2187 2833 2242 omnis
2869 2187 3100 2244 altitudo
3127 2189 3323 2247 domus
3364 2193 3420 2249 in
3465 2209 3570 2250 cxx

1962 2268 2160 2326 cubitis
2204 2282 2323 2328 erat
2348 2283 2589 2332 extenta.
2624 2277 2781 2335 Prior
2809 2280 2972 2351 igitur
2999 2282 3195 2339 domus
3221 2299 3330 2341 xxx
3370 2286 3572 2343 cubitis

1961 2360 2018 2415 in
2045 2362 2330 2421 altitudine
2356 2368 2551 2439 surgit,
2580 2372 2704 2440 quia
2738 2385 2979 2442 prmsens
3006 2373 3249 2432 Ecclesia
3273 2378 3341 2433 ad
3376 2378 3571 2436 viden-

1962 2450 2086 2508 dam
2118 2456 2354 2524 speciem
2399 2458 2611 2515 Sanctaa
2638 2460 2921 2518 Trinitatis
2952 2472 3062 2519 tota
3108 2465 3413 2524 intentione
3445 2484 3572 2525 sus-

1964 2547 2239 2616 penditur.
2269 2548 2529 2620 Superior
2553 2553 2750 2610 domus
2777 2572 2883 2610 xxx
2912 2572 3067 2627 teque
3095 2559 3295 2616 cubitis
3328 2562 3464 2617 sein
3488 2562 3571 2618 al-

1965 2647 2076 2694 tum
2107 2640 2321 2708 attollit,
2353 2643 2479 2714 quia
2509 2645 2704 2701 soluta:
2731 2649 3052 2717 corporibus
3078 2652 3277 2707 animae
3299 2655 3571 2723 perfecto-

1964 2747 2082 2786 rum
2103 2746 2271 2804 usque
2296 2734 2362 2789 ad
2385 2735 2527 2791 diem
2558 2738 2885 2795 universalis
2903 2739 3103 2797 Judicii
3120 2741 3365 2813 ejusdem
3395 2743 3570 2801 beata:

1963 2832 2020 2880 et
2071 2824 2366 2882 individua:
2415 2828 2699 2886 Trinitatis
2747 2833 3007 2903 presenti
3039 2834 3253 2890 visione
3300 2838 3568 2892 fruuntur.

1963 2922 2225 2990 Suprema
2254 2923 2449 2982 domus
2478 2927 2560 2984 bis
2586 2927 2804 2983 tricenis
2830 2928 2938 2984 alta
2966 2917 3057 2985 est
3078 2932 3302 3000 cubitis,
3335 2933 3464 3004 quia
3485 2947 3574 2988 re-

1964 3017 2207 3071 suscitati
2236 3032 2264 3071 a
2297 3021 2525 3073 mortuis
2546 3034 2736 3075 omnes
2767 3020 2925 3076 electi
2947 3022 3405 3093 contemplatione
3426 3024 3573 3094 ejus-

1963 3105 2088 3163 dem
2134 3112 2216 3165 sui
2248 3112 2568 3180 conditoris,
2602 3114 2692 3184 qui
2733 3114 2785 3168 in
2834 3113 3004 3171 tribuis
3043 3115 3291 3187 personis
3322 3130 3460 3171 unus
3489 3125 3574 3171 est

258 3207 394 3269 tuis,
415 3217 469 3262 et
496 3207 766 3262 exaltatus
785 3218 868 3263 est
894 3224 1059 3280 super
1079 3210 1248 3265 cmlos
1275 3210 1622 3281 Deus,super
1645 3226 1861 3268 omnem
1888 3197 1934 3262 C
1972 3202 2132 3272 Deus,
2168 3215 2367 3261 a-terna
2399 3207 2622 3277 Spiritus
2650 3207 2834 3273 simul,
2873 3217 2931 3263 et
2955 3208 3136 3264 carnis
3167 3209 3572 3265 immortalitate

257 3300 520 3356 continuo
551 3313 753 3357 terram
770 3303 1017 3374 nominis
1042 3304 1161 3373 ejus
1196 3305 1365 3374 gloria
1413 3304 1656 3370 refulsit,
1688 3306 1863 3362 orbis-

259 3409 369 3464 que
410 3399 692 3451 universus
715 3396 781 3451 ad
810 3395 1225 3452 aedificationem
1263 3397 1455 3453 domus
1493 3397 1642 3454 illius
1670 3412 1859 3455 accur-

258 3489 357 3549 rit.
388 3498 445 3544 et
470 3490 682 3559 accepit
726 3488 796 3544 ab
823 3505 889 3545 eo
919 3490 1332 3558 promissionem
1378 3491 1642 3546 donorum
1670 3492 1864 3547 caeles—

262 3581 418 3637 tium.
442 3581 636 3636 Narrat
659 3597 788 3652 ergo
812 3581 1111 3652 Scriptura,
1133 3583 1253 3651 quia
1287 3583 1539 3653 praecepit
1569 3584 1679 3639 Rex
1710 3581 1865 3640 Salo-

224 3672 229 3678 ’
261 3690 415 3741 mon,
445 3686 501 3729 ut
528 3675 763 3730 tollerent
790 3675 990 3746 lapides
1009 3674 1232 3748 grandes
1260 3676 1315 3729 in
1344 3675 1693 3747 fundamentis
1714 3673 1866 3729 Tem-

261 3768 363 3840 pli,
386 3777 434 3822 et
452 3767 765 3838 quadrarent
783 3783 887 3822 eos.
909 3765 1142 3838 Lapides
1162 3777 1339 3822 autem
1361 3767 1595 3838 grandes
1618 3768 1863 3839 pretiosi,

261 3862 355 3933 qui
376 3862 428 3917 in
442 3861 790 3917 fundamento
806 3860 970 3916 locati
985 3868 1157 3915 totum
1178 3876 1315 3915 onus
1327 3859 1538 3931 Templi
1554 3862 1657 3916 sibi
1671 3876 1863 3931 super-

266 3955 498 4025 positum
516 3962 752 4025 portant,
771 3954 999 4008 eximios
1015 3963 1216 4007 sanctae
1230 3952 1488 4008 Ecclesia:
1502 3953 1764 4008 Dat-tores
1786 3952 1867 4007 in-

263 4047 504 4112 sinuant,
524 4045 757 4118 grandes
785 4044 1039 4100 nimirum
1053 4044 1729 4112 excellentiameritorum,
1751 4059 1868 4115 pre-

265 4138 436 4193 tiosos
463 4138 704 4194 claritate
720 4122 1025 4208 signorum,
1046 4137 1135 4207 qui
1163 4137 1230 4192 ab
1257 4139 1369 4207 ipso
1385 4136 1613 4192 Domino
1643 4140 1864 4193 verbum

264 4232 547 4287 audientes
563 4238 725 4285 totam
739 4231 1031 4285 crescentis
1046 4228 1302 4284 Ecclesiae
1325 4228 1579 4284 fabricam
1607 4244 1704 4284 sua
1740 4244 1867 4298 pra:-

264 4322 534 4378 dicatione
548 4330 864 4392 genuerunt.
880 4321 1025 4389 Quos
1039 4320 1283 4377 videlicet
1297 4321 1499 4393 lapides
1511 4320 1625 4376 Rex
1639 4321 1869 4392 quadra-

266 4432 328 4471 re
352 4416 626 4486 praecepit,
669 4426 725 4470 ut
752 4416 1035 4486 magistros
1054 4414 1313 4470 Ecclesia:
1338 4416 1668 4487 entnpositos
1699 4416 1865 4471 mori-

266 4509 391 4576 bus,
423 4519 477 4564 et
505 4510 802 4566 immobiles
824 4510 1005 4565 animo
1030 4525 1152 4564 esse
1187 4511 1386 4567 debere
1431 4513 1689 4584 signaret.
1719 4513 1870 4570 Sicut

1965 3297 2293 3369 gaudebunt.
2318 3316 2321 3321 ·
2347 3298 2547 3355 Factus
2589 3310 2673 3356 est
2702 3299 2916 3365 medius
2946 3301 3124 3371 paries
3152 3300 3209 3356 in
3258 3301 3465 3372 templo
3504 3301 3573 3358 de

1967 3392 2163 3449 tabulis
2189 3394 2425 3450 cedrinis
2453 3411 2522 3450 xx
2546 3395 2854 3450 cubitorum
2879 3394 3204 3462 altitudinis,
3232 3398 3321 3465 qui
3352 3395 3569 3451 divide-

1968 3494 2053 3543 ret
2073 3487 2350 3542 oracultnn
2384 3487 2437 3542 in
2463 3488 2720 3544 Sanctum
2745 3489 3109 3557 Sanctorum;
3145 3505 3177 3545 a
3209 3492 3391 3560 priore
3416 3500 3572 3563 parte

1967 3579 2153 3648 templi
2181 3578 2410 3635 habebat
2436 3595 2508 3633 xx
2526 3580 2738 3634 cubitos
2767 3580 3140 3651 longitudinis,
3173 3591 3228 3636 et
3255 3598 3323 3636 xx
3355 3583 3571 3638 cubitos

1968 3668 2293 3736 latitudinis,
2341 3678 2398 3725 et
2446 3685 2514 3725 xx
2560 3669 2777 3725 cubitos
2806 3670 3129 3726 altitudinis.
3181 3670 3352 3726 Porro
3394 3671 3568 3742 ipsum

1969 3764 2227 3835 templum
2259 3778 2371 3834 prae
2414 3763 2623 3821 foribus
2651 3764 2861 3821 oraculi
2891 3781 2963 3821 xv
2990 3765 3297 3821 cubitorum
3325 3773 3445 3822 erat
3464 3807 3481 3833 ,
3516 3766 3570 3822 in

1967 3871 2076 3928 quo
2102 3866 2260 3911 erant
2286 3872 2510 3923 mensae,
2544 3866 2601 3912 et
2642 3857 3026 3913 candelabrum
3055 3858 3126 3914 de
3174 3872 3327 3914 auro.
3362 3856 3469 3914 Sed
3515 3867 3572 3916 et

1968 3950 2141 4005 altare
2169 3964 2392 4006 aureum
2442 3964 2613 4021 prope
2640 3951 2839 4005 ostium
2884 3949 3125 4016 Oraculi,
3171 3960 3441 4022 quatenus
3488 3951 3572 4007 in-

1970 4058 2137 4098 censo
2168 4042 2224 4097 in
2245 4058 2311 4097 eo
2335 4043 2686 4114 thymiamate
2713 4057 2880 4115 vapor
2904 4040 3036 4097 fumi
3065 4042 3368 4098 ascendens
3392 4045 3573 4115 operi-

1970 4144 2055 4190 ret
2083 4135 2395 4202 oraeulum,
2438 4134 2525 4189 ubi
2554 4146 2668 4189 erat
2699 4149 2823 4189 arca
2863 4133 3221 4199 Testamenti,
3252 4150 3420 4205 super
3464 4151 3570 4207 qua

1932 4238 2127 4293 ,erant
2158 4225 2447 4281 Cherubim
2464 4225 2655 4296 gloria:
2683 4225 3064 4281 obumbrantia
3099 4225 3568 4297 Propiiiatorium.

1972 4318 2128 4373 Prior
2153 4333 2283 4386 ergo
2313 4317 2508 4374 domus
2550 4317 2746 4388 prioris
2775 4317 3035 4373 Ecclesiae
3063 4326 3265 4374 statum
3299 4335 3313 4373 :
3344 4319 3572 4376 interior

1971 4410 2097 4466 vitae
2127 4411 2365 4466 ctelestis
2390 4410 2690 4481 ingressum
2723 4409 2988 4481 designat.
3024 4408 3177 4466 Unde
3223 4420 3371 4467 recte
3399 4412 3569 4482 priori

1973 4517 2175 4558 mensa:
2201 4513 2255 4559 et
2276 4501 2595 4558 candelabra
2623 4509 2751 4556 sunt
2780 4500 2941 4566 facta,
2969 4501 3094 4572 quia
3120 4503 3374 4559 nimirum
3398 4502 3452 4557 in
3477 4502 3575 4558 hac

266 4620 400 4660 vero
416 4604 757 4676 quadratum,
776 4618 1114 4675 quocumque
1130 4606 1379 4668 vertitur,
1400 4605 1587 4669 stabit,
1610 4607 1678 4660 ita
1710 4608 1864 4663 nimi-

1976 4597 2083 4652 \'ita
2111 4597 2314 4652 lumine
2343 4606 2648 4651 sanctarum
2683 4595 3107 4666 Scripturarum,
3149 4606 3203 4649 et
3243 4596 3571 4652 Sacramen-

268 4714 393 4755 rum
412 4698 520 4753 vita
548 4698 911 4769 perfectorum
927 4714 1047 4768 qua:
1062 4698 1130 4753 ad
1155 4699 1397 4755 veritatis
1415 4699 1613 4755 lineam
1641 4701 1872 4758 sollicite

233 4823 239 4826 ν
265 4790 475 4846 directa
496 4800 598 4856 est,
631 4790 791 4845 nullis
822 4792 1178 4845 tentationum
1204 4790 1525 4860 impulsibus
1556 4805 1696 4845 asua
1723 4792 1875 4847 novit

265 4884 566 4940 srabilitate
591 4883 770 4954 dejici.
805 4882 933 4938 Erat
960 4893 1138 4938 autem
1160 4883 1444 4954 Templum
1478 4883 1571 4938 Dei
1600 4897 1872 4939 marmore

269 4977 448 5051 pario.
481 4977 624 5044 quod
652 4988 755 5041 est,
787 4977 963 5046 lapide
987 4977 1111 5033 albo
1136 4985 1464 5043 extructum,
1494 4986 1553 5031 ut
1579 4975 1869 5031 candorem

272 5072 677 5129 Ecclesiasticae
696 5071 964 5128 eaStitatis
989 5072 1341 5143 exprimeret,
1372 5071 1439 5127 de
1455 5086 1563 5141 quo
1589 5072 1642 5126 in
1670 5070 1870 5126 amoris

270 5164 501 5221 Cantico
549 5165 809 5220 Dominus
852 5165 962 5220 ait:
1005 5165 1157 5221 Sicut
1185 5165 1351 5219 lilium
1396 5164 1531 5218 inter
1572 5164 1770 5234 spinas,
1798 5165 1874 5218 sic

271 5261 444 5316 amica
462 5273 583 5314 mea
610 5260 740 5313 inter
788 5260 945 5330 ﬁlias.
1001 5259 1241 5315 Habebat
1282 5260 1422 5313 idem
1461 5274 1525 5313 ιχ
1562 5257 1773 5312 cubitos
1820 5257 1874 5312 in

277 5351 699 5424 longitudinem,
722 5367 829 5406 xxx
862 5350 1080 5406 cubitos
1105 5351 1159 5405 in
1193 5349 1880 5417 latitudinem,xxxxcubi-

273 5456 367 5503 tos
413 5448 467 5500 in
516 5444 877 5501 altitudinem.
929 5444 1232 5515 Longitudo
1274 5459 1405 5514 ergo
1456 5442 1664 5512 Templi
1717 5441 1876 5496 fidem

271 5550 484 5597 sancta:
513 5538 771 5595 Ecclesiae
792 5538 1061 5610 designat,
1092 5553 1187 5607 per
1208 5551 1368 5607 quam
1400 5534 1778 5606 loiiganimiter
1798 5535 1875 5588 in-

276 5645 367 5692 ter
395 5648 560 5704 opera
582 5648 677 5690 sua
702 5632 840 5687 bona
865 5646 1149 5702 pravorum
1171 5629 1397 5683 adversa
1427 5627 1620 5682 tollat:
1652 5623 1881 5680 latitudo

274 5727 604 5785 cbaritatem
624 5768 640 5793 ,
672 5740 776 5797 qua
807 5724 920 5795 ipsa
954 5724 1101 5778 intus
1130 5736 1227 5793 per
1263 5721 1471 5775 viscera
1513 5717 1732 5790 pietatis
1762 5731 1885 5789 spa-

202 5872 211 5877 .
275 5822 490 5878 tiatur:
520 5817 750 5875 altitudo
774 5830 949 5887 spem,
993 5830 1098 5885 qua
1125 5822 1347 5885 prapter
1373 5812 1516 5869 bona
1542 5825 1733 5880 opera,
1766 5822 1885 5882 qute

1978 4701 2154 4746 torum
2171 4691 2474 4746 caelestium
2504 4688 2802 4744 refectione
2830 4703 2966 4757 opus
2992 4686 3287 4742 habemus:
3313 4687 3368 4743 ln
3395 4686 3576 4743 futuro

1976 4792 2152 4838 autem
2203 4783 2399 4837 talibus
2449 4795 2558 4836 non
2607 4779 2886 4849 egebimus
2937 4778 3214 4845 subsidiis,
3274 4779 3369 4836 ubi
3414 4780 3577 4851 juxta

1976 4877 2274 4934 Psalmistte
2319 4889 2510 4944 vocem
2555 4876 2860 4944 quicumque
2891 4872 3227 4945 apparuerint
3253 4890 3370 4927 cum
3411 4875 3577 4947 justi-

1977 4971 2069 5034 tia,
2092 4967 2415 5022 satiabuntur
2454 4966 2725 5036 manifesta
2750 4964 2919 5036 gloria
2948 4962 3179 5019 Domini.
3211 4963 3269 5020 lu
3313 4964 3417 5020 hac
3445 4981 3578 5037 ergo

1979 5062 2086 5117 vita
2116 5060 2280 5116 corda
2319 5058 2612 5130 justorum,
2663 5057 2815 5128 quasi
2855 5058 3024 5112 altare
3073 5057 3277 5113 incensi
3325 5072 3570 5125 aureum,

1976 5153 2264 5226 splendida
2290 5151 2496 5224 fulgent
2519 5167 2614 5224 per
2641 5149 2959 5205 munditiam
2993 5150 3319 5205 sanctitatis.
3350 5152 3581 5207 Aroma-

1978 5248 2120 5303 tibus
2150 5254 2278 5302 sunt
2305 5244 2503 5302 referta
2530 5243 2921 5300 desideriorum
2951 5242 3332 5312 spiritualium.
3377 5243 3573 5299 incen-

1980 5340 2071 5397 dio
2100 5341 2327 5412 ﬂagrant
2352 5337 2557 5393 amoris
2576 5337 2840 5400 continui,
2864 5343 2920 5391 et
2943 5336 3097 5405 quasi
3124 5335 3361 5390 ccclesiis
3385 5336 3577 5391 introi-

1983 5445 2068 5491 tus
2098 5435 2272 5505 posita
2296 5432 2675 5486 suavissimum
2704 5444 2817 5486 suae
2851 5426 3114 5483 orationis
3147 5441 3404 5497 vaporem
3436 5427 3579 5483 inter

1981 5533 2165 5583 sancta
2210 5531 2518 5578 sanctorum
2548 5536 2781 5591 superna
2807 5519 3084 5585 emittunt,
3115 5519 3203 5572 ubi
3224 5515 3463 5574 Christus
3503 5529 3577 5574 est

1984 5622 2040 5675 in
2071 5620 2280 5674 dextera
2311 5615 2408 5671 Dei
2436 5615 2647 5682 sedens,
2677 5628 2837 5684 quem
2859 5611 3207 5683 apertissime
3234 5626 3360 5668 arca
3388 5611 3579 5666 Testa-

1986 5713 2174 5780 menti,
2198 5726 2320 5781 quae
2346 5719 2463 5765 erat
2492 5709 2629 5763 intra
2661 5708 2865 5772 velum,
2897 5705 3175 5777 designat;
3208 5707 3264 5761 in
3292 5720 3399 5777 qua
3428 5704 3574 5762 Urna

1986 5815 2097 5863 erat
2125 5822 2283 5862 aurea
2306 5803 2498 5859 habens
2528 5802 2744 5870 Manna,
2775 5810 2821 5857 et
2856 5798 3014 5871 Virga
3054 5798 3252 5867 Aaron,
3290 5792 3404 5869 qua:
3430 5796 3578 5868 {ron-'-
