4120 6170
557 281 669 340 885

2003 270 2062 327 Β.
2107 269 2360 338 “unum

3754 261 3861 334 ssi

555 399 760 462 duerat,
808 403 852 448 et
897 392 1111 447 Tabula:
1145 390 1453 455 testamenti.
1486 387 1604 459 Ipsa
1640 403 1871 461 namque
1899 388 2039 449 Arca
2069 404 2166 445 na-
2189 391 2245 454 Α
2272 388 2658 460 redemptionis
2683 404 2907 445 munere
2934 390 3140 445 electos
3163 407 3292 446 suos
3315 392 3367 448 in
3393 403 3595 450 interna
3618 396 3877 454 taberna-

562 500 737 546 turam
770 487 1122 554 humanitatis
1151 484 1307 556 ejus;
1341 483 1488 540 Urna
1519 499 1730 539 manune
1771 483 2164 552 plenitudinem

555 582 884 639 divinitatis:
932 579 1093 646 Virga
1142 579 1324 632 Aaron
1375 577 1671 649 potentiam
1720 576 2004 632 sacerdotii
2046 578 2165 644 ejus

564 671 961 738 inviolabilem;
1019 669 1238 724 Tabulae
1294 671 1606 726 testamenti
1660 669 1989 740 designant,
2038 670 2164 740 quia

559 769 675 842 ipse
699 774 785 821 est
804 763 890 834 qui
917 762 1090 834 legem
1115 761 1377 828 condidit,
1403 764 1604 833 quique
1633 761 1796 816 etiam
1828 761 2165 818 benedictio-

560 874 682 914 nem
717 858 819 926 his,
844 856 933 925 qni
961 853 1135 926 legem
1161 853 1382 920 faciunt,
1415 853 1585 910 dabit.
1621 854 1766 909 Bene
1795 862 1974 908 autem
1999 853 2162 910 Tem-

560 953 706 1024 plum
741 964 850 1022 prae
878 947 1087 1004 foribus
1111 947 1328 1004 Oraculi
1355 964 1426 1004 xv
1455 959 1569 1004 erat
1596 949 1901 1004 cubitorum
1932 947 2166 1020 longitu-

562 1044 728 1114 dinis,
774 1042 1032 1120 quoniam
1077 1039 1252 1096 adhuc
1282 1040 1334 1094 in
1377 1039 1478 1095 hac
1526 1041 1634 1095 vita
1661 1040 1883 1111 jejuniis
1913 1049 1969 1096 et
1991 1039 2168 1095 conti-

562 1139 742 1210 nentia
771 1135 1018 1209 castigari
1043 1143 1280 1206 oportet,
1315 1144 1372 1188 ut
1397 1134 1464 1188 ad
1500 1135 1725 1188 interna:
1752 1131 2054 1188 dulcedinis
2079 1148 2166 1187 sa-

559 1231 799 1287 tietatem
831 1229 1112 1302 pervenire
1142 1227 1457 1294 videamur;
1493 1242 1617 1282 nam
1645 1227 1750 1284 hoc
1783 1242 2012 1284 numero
2039 1239 2159 1280 cas-

563 1322 877 1393 tigationem
929 1319 1052 1373 vita:
1096 1318 1380 1388 pratsentis
1426 1317 1627 1387 signari
1661 1316 1916 1388 intelligit
1959 1316 2164 1384 omnis,

561 1415 651 1488 qui
679 1411 1168 1488 quadragenarium
1200 1408 1392 1481 Moysi,
1426 1410 1510 1464 vel
1540 1408 1731 1476 Heliae,
1759 1411 1839 1464 vel
1866 1409 2034 1479 ipsius
2061 1408 2160 1462 Do-

561 1513 688 1567 mini
734 1509 1003 1582 jejunium
1057 1515 1202 1560 recte
1252 1504 1553 1576 intelligere
1609 1504 1741 1558 vult.
1796 1505 1940 1564 liene
1987 1503 2167 1574 ipsum

560 1605 874 1668 Oraculum,
905 1603 955 1656 in
984 1615 1089 1672 quo
1119 1599 1282 1666 Area,
1315 1615 1436 1669 qua:
1462 1613 1558 1670 per
1578 1597 1851 1653 Cherubin
1874 1599 2060 1669 gloriae
2089 1606 2172 1653 te-

2268 483 2385 538 cula
2415 483 2693 547 lwtantcs;
2723 498 2829 538 non
2860 498 2955 539 eos
2987 483 3169 554 utique
3196 484 3424 542 ulterius
3450 501 3478 540 a
3505 502 3602 543 sua
3625 503 3872 558 praesen-

2272 576 2340 630 tia
2373 576 2693 642 removebit,
2722 575 2817 631 sed
2849 591 2880 629 a
2909 576 3220 632 discrimine
3243 577 3452 647 judicii,
3486 580 3631 650 quod
3661 581 3714 636 in
3745 598 3875 639 aere

2268 667 2599 734 faciendum,
2628 669 2861 726 docente
2885 669 3169 739 Apostolo,
3203 672 3456 728 novimus
3482 673 3539 743 (Ι
3575 673 3756 731 Thess.
3798 693 3873 743 iv,

2271 763 2396 833 i6),
2428 762 2484 818 in
2517 762 2899 817 habitationem
2934 763 3127 817 Patria:
3156 763 3397 820 caelestis
3427 765 3726 822 immittens
3753 808 3768 832 ,
3818 776 3880 824 ut

2269 870 2369 926 pro
2398 855 2512 910 suis
2543 855 2770 925 quisque
2817 855 3027 910 meritis
3072 857 3394 924 promissu)
3437 860 3588 928 regni
3627 860 3880 918 celestis

2269 949 2454 1006 sedem
2485 949 2797 1020 percipiant.
2837 948 2982 1005 Bene
3021 958 3201 1004 autem
3237 948 3457 1017 dicitur,
3489 952 3629 1022 quod
3657 953 3881 1008 benedi-

2269 1052 2440 1098 centes
2466 1041 2591 1112 Regi
2619 1040 2835 1109 profecti
2857 1051 2972 1096 sunt
3002 1042 3056 1096 in
3083 1041 3422 1104 tabernacula
3451 1060 3568 1109 sua,
3599 1047 3726 1116 quia
3759 1046 3882 1103 haec

2270 1147 2354 1192 est
2382 1135 2635 1191 nimirum
2666 1135 2780 1190 sola
2815 1135 3097 1206 occupatio
3128 1136 3467 1206 quietissima
3523 1153 3587 1194 ac
3618 1139 3883 1195 ﬁdelissi-

2271 1244 2356 1286 ma
2385 1229 2583 1285 civium
2614 1243 3000 1300 supernorum,
3049 1230 3282 1301 hymnos
3309 1231 3605 1300 gratiarum
3647 1246 3749 1285 suo
3791 1231 3884 1286 di-

2269 1338 2396 1380 cere
2424 1321 2690 1378 conditori
2722 1339 2734 1374 :
2770 1319 2895 1375 hinc
2918 1321 3062 1376 enim
3089 1321 3353 1392 scripturn
3381 1322 3509 1395 εει(
3538 1320 3629 1378 Ps.
3654 1338 3885 1390 Lxxxm,

2271 1417 2303 1485 5
2328 1416 2346 1488 )
2372 1434 2384 1469 :
2417 1415 2564 1470 Beati
2585 1416 2672 1486 qui
2694 1415 2927 1470 habitant
2953 1415 3006 1469 in
3035 1417 3186 1470 domo
3207 1424 3319 1480 tua,
3347 1416 3403 1469 in
3429 1416 3677 1472 saeculum
3699 1417 3886 1471 δωρειιὶ

2272 1508 2555 1564 laudabunt
2584 1517 2632 1562 te
2672 1523 2690 1561 :
2737 1507 2985 1568 laetantes
3017 1507 3069 1562 in
3115 1517 3379 1576 tempore,
3414 1517 3472 1562 et
3514 1509 3684 1565 alacri
3715 1510 3891 1566 corde

2273 1618 2435 1672 super
2477 1600 2729 1656 omnibus
2774 1600 2952 1668 bonis,
3001 1616 3121 1672 qua:
3167 1600 3374 1658 fecerat
3406 1602 3668 1660 Dominus
3719 1603 3891 1659 David

560 1698 809 1770 gebatur,
837 1710 908 1749 xx
935 1694 1146 1750 cubitos
1167 1691 1545 1762 longitudinis,
1571 1689 1893 1758 latitudinis,
1927 1689 2173 1744 altiludi-
2273 1709 2434 1752 servo
2481 1708 2601 1764 suo,
2635 1701 2691 1750 et
2740 1691 2904 1752 lsrael
2954 1693 3153 1764 populo
3181 1707 3302 1748 suo.
3352 1693 3628 1750 Ltetantes
3673 1697 3882 1766 quippe

564 1790 648 1844 nis
681 1786 933 1856 habebat,
967 1785 1054 1855 qui
1086 1798 1345 1840 numerus
1373 1783 1782 1858 perfectionem,
1815 1792 1870 1836 ut
1909 1781 2164 1848 diximus,
2198 1783 2247 1842 B
2268 1787 2398 1858 justi
2426 1801 2589 1856 super
2621 1785 2801 1854 bonis,
2835 1801 2955 1855 qute
2983 1801 3011 1840 a
3045 1786 3275 1840 Domino
3305 1787 3598 1856 accipiunt,
3631 1787 3891 1842 taberna.

567 1885 797 1955 geminae
823 1879 1130 1937 dilectionis
1152 1879 1413 1944 insinuat,
1441 1878 1566 1950 quia
1593 1876 1850 1948 quidquid
1876 1877 1930 1931 in
1953 1877 2052 1932 hac
2076 1891 2171 1947 pe—
2272 1879 2394 1934 cula
2421 1879 2701 1934 introeunt
2730 1878 3036 1934 ctelestium
3069 1878 3438 1944 mansionum,
3470 1879 3596 1948 quia
3643 1882 3898 1948 quamvis

561 1977 934 2048 regrinatione
962 1989 1059 2046 pro
1085 1973 1196 2029 Deo
1222 1975 1450 2044 geritur,
1485 1981 1654 2026 totum
1687 1972 1787 2027 hoc
1815 1972 1866 2026 in
1899 1971 1987 2026 illa
2010 1987 2169 2027 man-

564 2073 717 2128 sione
744 2070 933 2144 patriaa
960 2067 1236 2139 perennis,
1283 2066 1371 2122 tibi
1405 2065 1804 2137 magniﬁcentia
1845 2065 1963 2133 ejus
1991 2065 2170 2121 conti-

570 2179 675 2222 nua
707 2165 970 2222 bonorum
993 2159 1279 2228 spirituum
1304 2157 1612 2213 laudatione
1634 2157 1956 2224 sustollitur,
1982 2158 2035 2215 in
2057 2158 2173 2212 sola

566 2253 874 2308 dilectionis
910 2250 1264 2322 amplitudine
1294 2247 1591 2320 perﬁcitur.
1639 2248 1767 2306 llaec
1799 2263 1917 2316 nos,
1965 2247 2175 2305 charis-

468 2329 476 2338 ’
568 2344 714 2412 simi,
759 2343 812 2398 in
845 2343 1131 2416 praesentis
1179 2339 1299 2395 festi
1343 2341 1513 2396 nostri
1546 2338 1800 2409 gaudiutn
1850 2337 1932 2394 de
1965 2339 2174 2408 factura

332 5543 534 5656 Ἃ

576 2436 760 2514 templi
790 2449 966 2516 pauca
1010 2449 1075 2488 ex
1107 2433 1352 2504 pluribus
1401 2431 1735 2496 fraternitati
1775 2441 1972 2488 vestra:
2008 2448 2178 2502 expo-

566 2531 744 2585 suisse
783 2529 961 2600 libuit,
996 2534 1263 2598 quatenus
1296 2535 1352 2582 et
1380 2525 1630 2582 miranda
1671 2528 1950 2583 terrestris
1979 2527 2175 2585 domus

561 2623 766 2688 fabrica
798 2622 1098 2682 delectaret
1126 2620 1436 2686 audientes,
1467 2629 1521 2674 et
1552 2618 1669 2676 haec
1698 2619 1889 2676 eadem
1915 2621 2176 2690 spiritua-

567 2717 691 2772 liter
721 2715 996 2785 intellecta
1030 2721 1242 2776 mentes
1271 2723 1484 2771 nostras
1515 2712 1797 2768 ardentius
1823 2713 1892 2769 ad
1933 2728 2177 2770 amorem

569 2824 821 2881 superna:
854 2807 1203 2866 habitationis
1235 2809 1491 2879 erigeret.
1524 2806 1631 2864 Sed
1677 2809 1838 2864 etiam
1873 2809 1973 2866 hac
2017 2808 2180 2866 modo

568 2904 816 2976 exposita
867 2901 1241 2970 dedicatione,
1292 2917 1355 2957 ac
1401 2901 1694 2960 festivitate
1737 2905 2054 2972 subsecuta,
2107 2908 2179 2963 ita

568 2996 847 3066 Scriptura
897 2995 1165 3051 conclusit
1195 2998 1212 3064 (
1239 2994 1304 3050 Ill
1350 2997 1483 3068 Reg.
1529 3013 1648 3065 vm,
1681 2997 1793 3071 66)
1837 3017 1850 3055 :
1885 2997 1954 3054 Et
1983 3001 2181 3056 dimisit

571 3090 822 3160 Salomon
849 3089 1089 3161 papulas,
1115 3090 1200 3159 qui
1227 3089 1582 3146 benedicentes
1611 3091 1742 3164 Regi
1786 3095 2006 3162 profecti
2057 3105 2178 3150 sunt

2271 1986 2466 2043 graves
2497 1971 2659 2041 hujus
2700 1969 2910 2038 saeculi,
2944 1970 3192 2040 quamvis
3220 1969 3366 2041 longi
3402 1969 3602 2026 fuerint
3641 1972 3884 2040 labores,

2276 2065 2436 2119 breve
2468 2063 2720 2118 nimirum
2751 2069 2804 2116 et
2833 2062 2954 2117 leve
2998 2061 3258 2133 quidquid
3305 2073 3508 2117 teterna
3539 2062 3883 2124 beatitudine

2277 2139 2483 2214 linitur.
2528 2155 2683 2211 Unde
2721 2161 2954 2226 oportet,
2989 2154 3287 2220 Carissimi,
3338 2161 3400 2208 ut
3430 2155 3483 2212 in
3513 2153 3894 2211 :ediﬁcatione

2279 2251 2482 2306 Domus
2511 2249 2602 2306 Dei
2630 2246 3000 2320 unusquisque
3029 2254 3273 2301 nostrum
3317 2245 3658 2302 exhortando
3676 2288 3694 2313 ,
3723 2246 3890 2302 obse-

2278 2346 2501 2414 crando,
2561 2343 2910 2414 increpando,
2968 2342 3082 2413 ipse
3124 2341 3223 2412 piis
3273 2339 3484 2395 actibus
3529 2339 3893 2405 desudando,

2279 2449 2537 2516 quantum
2565 2439 2728 2506 valet,
2763 2437 2996 2503 insistat,
3021 2450 3087 2491 ne
3115 2437 3158 2490 si
3179 2433 3486 2505 quempiam
3506 2431 3625 2489 Rex
3646 2433 3896 2490 caelestis

2283 2549 2425 2591 nunc
2449 2531 2699 2590 desidere
2727 2532 2780 2594 in
2813 2544 2980 2600 opere
3005 2528 3086 2584 sui
3117 2525 3302 2598 templi
3328 2525 3703 2596 conspexerit,
3737 2527 3895 2582 hunc

2283 2633 2336 2688 in
2369 2639 2610 2700 tempore
2654 2627 2848 2682 futnrte
2876 2625 3256 2693 dedicationis,
3291 2637 3502 2694 magna:
3529 2637 3645 2676 sua
3684 2622 3893 2676 soletn-

2283 2727 2468 2782 uitatis
2499 2723 2692 2780 reddat
2722 2731 2989 2778 exortem.
3037 2719 3358 2790 Satagamus
3387 2728 3578 2776 mutuo
3604 2716 3894 2778 charitatis

2284 2821 2505 2885 auxilio,
2537 2826 2598 2874 ut
2625 2831 2815 2875 omnes
2837 2831 2932 2872 vos
2963 2814 3129 2871 alacri
3173 2813 3360 2879 corde,
3390 2821 3446 2868 et
3485 2811 3789 2867 indefessos
3835 2811 3893 2868 in

2283 2915 2557 2988 operibus,
2588 2927 2710 2985 qnte
2742 2913 2857 2982 ipse
2901 2910 3180 2981 praecepit,
3233 2909 3532 2971 inveniens,
3585 2922 3784 2962 omnes
3820 2905 3889 2962 ad

2287 3010 2524 3080 prmmia,
2560 3023 2676 3078 qua:
2708 3005 2975 3076 promisit,
3010 3011 3282 3072 perpetua:
3310 3014 3422 3056 suae
3454 2999 3682 3054 visionis
3711 2997 3889 3051 intro-

2285 3104 2445 3158 ducat
2492 3103 2650 3176 Jesus
2697 3099 2946 3155 Christus
2983 3095 3242 3150 Dominus
3288 3099 3496 3157 noster,
3528 3091 3620 3160 qui
3669 3089 3807 3145 vivit
3836 3098 3893 3144 et

566 3185 622 3238 in
654 3184 987 3246 tabernacula
1015 3201 1129 3250 sua,
1165 3185 1419 3253 laetantes,
1449 3196 1496 3242 et
1525 3187 1688 3244 alacri
1713 3189 1866 3244 corde
1885 3207 2041 3262 super
2063 3207 2175 3246 om-
2203 3169 2247 3233 Ο
2282 3203 2474 3267 regnat
2502 3171 2818 3250 cum'Patre
2843 3191 2983 3244 Deus
3010 3188 3064 3244 in
3089 3187 3292 3242 unitate
3320 3183 3555 3254 Spiritus
3584 3181 3771 3238 Sancti
3799 3196 3894 3252 per

568 3273 719 3330 nibus
741 3274 886 3332 bonis
909 3290 1024 3338 qtae
1048 3275 1243 3344 fecerat
1270 3274 1519 3344 Dominus
1551 3277 1722 3333 Dauid
1758 3297 1919 3351 puero
1948 3298 2041 3336 suo
2068 3323 2083 3348 ,
2127 3293 2176 3338 et

569 3364 739 3420 Israel
767 3365 961 3439 populo
998 3381 1090 3420 sua
1132 3382 1150 3420 :
1196 3366 1439 3438 Dimittat
1481 3369 1624 3426 enim
1662 3370 1920 3428 Dominus
1954 3386 2176 3443 peracto

2283 3301 2476 3348 cuneta
2503 3287 2703 3344 saecula
2723 3285 3073 3344 steculorum.
3103 3283 3296 3344 Amen.

632 3500 3853 3528 _____________________________________________._____

1610 3622 2190 3710 MONITUM
2242 3617 2843 3708 EDITORIS.

645 3760 705 3818 ln
731 3760 968 3818 editione
999 3761 1297 3818 Veronensi
1327 3777 1395 3820 eo
1426 3762 1529 3818 luci
1572 3763 1914 3820 interseritur
1942 3779 2176 3836 opuscu-

573 3854 685 3909 lum
709 3854 797 3910 cui
827 3854 1012 3910 titulus
1042 3871 1054 3908 :
1091 3853 1316 3910 Metrum
1352 3855 1407 3909 in
1437 3853 1695 3922 Genesim,
1735 3857 1803 3911 ad
1830 3856 2052 3913 Leonem
2079 3875 2176 3929 pn-

573 3963 712 4016 pam.
744 3945 898 4015 Quod
926 3946 1145 4019 quidem
1174 3961 1416 4016 carmen,
1459 3963 1581 4005 cum
1626 3948 1696 4003 ad
1739 3948 2000 4005 Hilarium
2047 3965 2175 4006 nos-

2283 3773 2426 3820 trum
2457 3777 2563 3818 non
2597 3761 2869 3831 pertinere
2899 3769 3061 3812 nemo
3085 3751 3418 3809 eruditorum
3450 3748 3658 3806 inﬁcias
3683 3760 3798 3816 eat,
3820 3750 3892 3808 ad

2283 3858 2459 3928 Opera
2483 3855 2658 3911 sancti
2689 3867 2842 3926 papae
2865 3853 2950 3908 cui
2979 3855 3323 3918 nuncupatur
3352 3842 3701 3915 relegandu
3729 3841 3894 3897 duxi-

2285 3964 2423 4006 mus.

578 4069 3860 4098 W

1099 4193 1446 4279 LIBER
1517 4189 1681 4280 DE
1755 4195 2172 4278 PATRIS
2247 4195 2400 4278 ET
2458 4191 2733 4278 FILII
2790 4187 3354 4312 UNITATE,

900 4375 1005 4440 ET
1081 4375 1436 4454 ALIQUOT
1512 4375 1901 4444 LOCOBUM
1969 4375 2253 4440 SACRE
2331 4370 2793 4438 SCRIPTURIE
2877 4361 3553 4432 INTEBPBETATIO.

1883 4530 2097 4585 ἢ
2108 4526 2578 4585 οὓΞΙᾶ-θωσο

644 4676 746 4744 Qui
796 4674 930 4730 hunc
973 4670 1163 4728 librum
1203 4685 1338 4726 anno
1370 4670 1510 4727 1555
1541 4669 1677 4742 typis
1710 4668 2052 4726 Frobenianis
2087 4670 2172 4725 edi

569 4777 897 4834 curaverunt,
940 4767 1026 4822 uia:
1050 4765 1200 4820 illum
1237 4781 1264 4818 ε
1303 4765 1447 4835 prelo
1473 4765 1845 4832 subduurant,
1879 4779 1992 4818 cum
2029 4779 2170 4818 cont-

567 4871 807 4935 pererunt
830 4861 978 4916 illum
1001 4875 1102 4914 non
1129 4874 1313 4920 novum
1339 4857 1532 4913 Hilarii
1549 4874 1697 4929 opus.
1721 4857 1810 4913 sed
1831 4856 2167 4926 rhapsodiam

565 4971 675 5012 esse
697 4951 914 5008 studiosi
941 4949 1260 5022 cujuspiam,
1291 4957 1398 5002 tum
1430 4965 1455 5004 e
1479 4949 1703 5004 secundo
1739 4948 1869 5004 libro
1896 4948 1959 5004 de
1986 4946 2164 5001 Trini-

566 5055 686 5112 tate,
713 5054 821 5098 tum
846 5042 1067 5100 maxime
1111 5056 1172 5094 ea:
1199 5056 1333 5094 nono
1370 5040 1802 5107 consarcinatum,
1845 5041 1926 5096 cui
1955 5038 2165 5094 aliunde

563 5138 773 5198 adtexta
807 5143 879 5192 est
918 5133 1181 5204 appendix
1217 5133 1280 5188 de
1321 5133 1476 5188 variis
1511 5131 1704 5198 Christi
1747 5131 2155 5203 cognominibus.

563 5230 694 5286 Haec
723 5243 877 5299 porro
921 5224 1180 5297 appendix
1218 5224 1476 5296 descripta
1517 5233 1677 5286 estea:
1713 5241 1830 5294 cap.
1871 5223 1903 5279 6
1933 5224 2051 5278 libri
2095 5224 2159 5281 de

561 5322 664 5390 ﬁde
697 5319 1005 5385 orthodoxa,
1048 5315 1189 5386 apud
1233 5316 1559 5374 Ambrosium
1598 5326 1645 5384 et
1671 5316 1813 5386 apud
1855 5315 2159 5387 Gregorium

564 5412 704 5470 Naz.
730 5411 949 5483 vulgati,
983 5425 1129 5480 quem
1156 5406 1390 5478 Gregorii
1416 5405 1599 5470 Baetici
1641 5423 1750 5462 esse
1769 5407 1980 5479 plurimi
2017 5407 2158 5462 arbi-

560 5514 782 5566 trantur.
811 5501 896 5558 Ea:
921 5503 1095 5558 eodem
1126 5498 1476 5562 additamenta
1506 5498 1777 5570 con/icitur
1801 5514 1964 5564 sermo
1985 5499 2039 5554 in
2065 5514 2158 5570 ap-

563 5595 776 5668 pendice
800 5592 1079 5664 Augustini
1110 5606 1244 5646 nunc
1273 5590 1399 5655 115.

548 5677 552 5679 ’
588 5727 592 5735 .
633 5686 777 5754 Deus
799 5686 892 5758 qui
923 5685 1122 5756 ubique
1151 5689 1237 5740 est
1265 5680 1376 5755 (Ex
1411 5681 1501 5740 lib.
1545 5698 1582 5740 ιι
1627 5681 1818 5740 Hilarii
1846 5683 1910 5740 de
1943 5683 2156 5754 Trinit.,

620 5789 718 5862 ἠ.
746 5776 829 5848 ε),
854 5785 910 5833 et
939 5777 1138 5850 ubique
1167 5784 1311 5834 totus
1335 5785 1439 5848 est,
1470 5777 1539 5831 ita
1577 5777 1819 5850 regimen
1853 5778 2158 5852 intelligen-

668 5901 786 6069 Χ

2275 4668 2364 4724 tiae
2391 4666 2625 4732 excedit,
2659 4673 2810 4723 extra
2849 4680 3006 4739 quem
3039 4663 3173 4720 nihil
3203 4671 3307 4726 est,
3337 4661 3421 4718 cui
3453 4675 3672 4732 semper
3695 4665 3795 4730 sit,
3832 4672 3897 4722 ut

2278 4763 2381 4818 hoc
2416 4763 2578 4818 modo
2614 4777 2674 4818 se
2713 4761 2844 4826 velit
2882 4760 2935 4815 in
2985 4758 3211 4816 veritate
3258 4756 3590 4812 sacramenti
3621 4755 3889 4827 intelligi.

2279 4855 2392 4912 iloc
2409 4854 2862 4925 imperspicabilis
2887 4862 3093 4909 natura!
3118 4861 3204 4908 est
3228 4866 3426 4907 nomen
3447 4851 3500 4906 in
3527 4851 3706 4916 Patre,
3731 4856 3895 4924 quod

2274 4955 2416 5010 Deus
2447 4952 2749 5018 invisibilis,
2778 4947 3086 5014 ineﬁ'abilis,
3117 4947 3380 5013 inﬁnitus,
3411 4946 3476 5000 ad
3499 4961 3661 5017 quem
3687 4955 3741 5002 et
3767 4947 3894 5001 elo-

2269 5045 2542 5119 quendum
2567 5059 2748 5100 sermo
2788 5043 2971 5107 sileat,
3004 5050 3058 5096 et
3085 5039 3520 5110 investigandum
3549 5053 3744 5094 sensus
3781 5037 3894 5093 he-

2271 5139 2506 5202 betetur.
2559 5147 2614 5194 et
2643 5131 3115 5206 complectettdum
3161 5131 3511 5203 intelligentia
3539 5139 3888 5187 coarctetur.

2269 5230 2469 5291 Deﬁcit
2493 5244 2625 5300 ergo
2651 5226 2762 5300 (Ex
2793 5243 2936 5284 num.
2975 5223 3033 5296 7)
3061 5226 3113 5281 in
3145 5224 3548 5295 nuncupatione
3574 5220 3888 5289 confessio,

2267 5333 2322 5380 et
2359 5322 2619 5394 quidquid
2667 5321 2741 5377 illi
2787 5335 3100 5376 sermonum
3130 5319 3423 5391 aptabitur,
3468 5317 3638 5372 Deum
3667 5325 3727 5370 ut
3765 5325 3888 5384 est,

2267 5424 2610 5488 quantusque
2635 5421 2738 5480 est,
2767 5428 2873 5469 non
2910 5415 3182 5484 loquetur.
3227 5410 3477 5468 Perfecta
3506 5409 3731 5466 scientia
3760 5421 3891 5480 est,

2267 5509 2347 5565 sic
2374 5508 2545 5564 Deum
2568 5505 2730 5568 scire,
2766 5514 2822 5560 ut
2849 5505 2977 5560 licet
2998 5520 3104 5560 non
3138 5502 3519 5574 ignorabilem,
3544 5510 3723 5558 tamen
3756 5501 3890 5558 ine-

2266 5596 2594 5660 narrabilem
2625 5594 2787 5652 scias.
2819 5593 3133 5665 credendus
3171 5590 3278 5659 est,
3307 5591 3886 5665 intelligendus,ado-

2266 5690 2474 5748 randus
2496 5699 2599 5756 est,
2629 5699 2681 5744 et
2707 5691 2770 5744 iis
2795 5686 2991 5744 ofﬁciis
3016 5685 3370 5760 eloquendus.

2346 5784 2442 5853 [est
2469 5793 2649 5855 autem
2681 5782 2849 5861 Filios
2873 5783 3161 5872 progenies
3201 5780 3422 5860 ingeniti
3450 5776 3560 5860 (Es
3599 5793 3743 5840 nunt.
3781 5775 3886 5857 3),
