4120 6170
328 260 440 317 885

1306 257 1513 316 LIBER
1563 257 1654 317 DE
1687 255 1936 315 PATRIS
1975 253 2066 313 ET
2108 255 2266 314 FILII
2306 257 2631 321 UNITATE.

3524 271 3630 330 886

324 386 464 429 unus
488 386 556 429 ex
578 385 711 440 uno,
740 386 903 428 verus
931 387 963 428 a
994 386 1146 439 vero,
1175 372 1327 429 vivus
1354 386 1386 428 a
1411 371 1556 438 vivo.
1597 369 1869 442 perfectus
1890 384 1920 429 a
1949 375 2004 437 Α
2028 384 2189 427 manu
2238 388 2336 429 sua
2380 375 2577 447 operit,
2620 391 2799 449 pugno
2840 391 3055 435 omnem
3103 379 3364 447 mundum
3401 385 3623 459 claudit,

321 463 587 536 perfecto,
617 464 834 536 virtutis
872 464 1065 532 virtus,
1106 464 1387 536 sapientiae
1430 464 1716 536 sapientia.
1748 462 1921 534 gloria

320 554 533 628 gloria),
575 554 752 628 imago
776 554 1063 613 invisibilis
1105 555 1223 625 Dei,
1256 554 1427 612 forma
1457 555 1626 624 patris
1651 554 1870 626 ingeniti
1904 573 1919 610 :

2027 479 2187 535 quem
2236 475 2406 522 totum
2455 470 2636 527 omnia
2677 471 2949 540 nesciunt,
2993 481 3048 528 et
3083 476 3376 535 metuendo
3421 481 3622 553 sciunt,

2031 556 2191 626 cujus
2229 560 2432 616 nomini
2482 572 2537 618 et
2577 563 2765 619 virtuti
2805 562 3153 635 famulantur,
3185 567 3330 625 hunc
3374 571 3527 631 orbis
3555 589 3623 631 ex

322 649 488 708 habet
529 651 693 722 igitur
734 649 1032 707 nativitatis
1075 650 1236 721 hujus
1277 650 1463 722 utique
1513 658 1782 705 secretum
1814 647 1923 722 (Ea:
2024 651 2139 722 ipsa
2170 654 2559 714 elementorum
2586 659 2688 716 sibi
2710 661 3115 720 succedentium
3144 676 3522 727 momentanea
3545 671 3627 726 vi-

321 760 465 799 num.
496 743 575 816 9).
603 743 674 800 Et
700 743 748 799 si
770 744 890 816 quis
916 743 1052 799 forte
1082 744 1453 816 intelligentiae
1479 758 1593 798 suae
1621 743 1920 814 imputave-

322 834 413 901 rit,
436 833 816 907 generationis
845 833 1005 905 hujus
1031 843 1429 890 sacramentum
1454 848 1562 889 non
1590 848 1752 907 posse
1782 848 1917 889 con-

319 928 496 996 sequi,
524 940 646 981 cum
674 935 853 980 tamen
883 933 935 981 et
957 925 1119 981 Pater
1141 925 1212 981 sit
1238 925 1484 981 absolute
1515 926 1841 994 intellectus,
1864 935 1920 983 et

320 1017 494 1075 Filius
518 1033 617 1074 nec
658 1018 834 1089 major
865 1033 952 1085 eo,
987 1034 1088 1075 nec
1131 1020 1348 1085 minor;
1398 1020 1516 1076 sine
1541 1018 1730 1075 dolore
1767 1035 1796 1074 a
1829 1035 1915 1076 me

319 1108 525 1175 audiet,
560 1109 776 1181 Ignoro,
802 1124 903 1181 ego
932 1110 1140 1177 nescio,
1174 1125 1280 1169 non
1309 1111 1549 1181 requiro.
1584 1112 1916 1171 Consolabor

316 1217 406 1257 me
440 1209 620 1258 tamen
654 1202 1018 1274 :Archangeli
1046 1204 1315 1268 nesciunt,
1348 1203 1540 1274 Angeli
1572 1220 1677 1258 non
1726 1204 1910 1260 audie-

314 1302 463 1359 runt,
505 1291 773 1363 Pr0pheta
822 1307 926 1348 non
974 1294 1162 1360 sensit,
1211 1292 1506 1366 Apostolus
1536 1296 1909 1367 interrogavit,

312 1384 485 1441 Filius
505 1385 621 1455 ipse
642 1400 750 1441 non
776 1384 966 1441 edidit.
996 1385 1189 1442 Cesset
1212 1388 1368 1443 dolor
1395 1388 1762 1459 querelarum.
1792 1388 1910 1447 Non

313 1486 388 1546 te,
411 1478 653 1550 quisquis
677 1492 739 1535 es
764 1479 854 1550 qui
883 1478 1001 1536 haec
1037 1479 1259 1550 quaeris,
1300 1495 1499 1536 revoco
1529 1482 1583 1537 in
1609 1481 1907 1550 excelsum,

310 1586 423 1628 non
464 1572 520 1628 in
559 1570 969 1643 amplitudinem
1009 1570 1196 1641 tendo,
1268 1587 1376 1627 non
1419 1571 1631 1629 deduco
1672 1574 1728 1629 in
1777 1589 1908 1645 pro-

305 1663 557 1725 fundum.

2023 744 2337 805 cissitudine
2377 759 2624 808 testatur.

2093 838 2252 896 Ratio
2277 844 2522 913 qumdam
2542 853 2648 915 est,
2670 861 2789 916 quae
2810 846 2953 917 apud
2979 847 3199 907 Grzecos
3223 852 3369 929 λόγος
3383 856 3624 927 appella-

2022 941 2129 1002 tur,
2162 949 2282 1004 qum
2312 934 2450 990 inter
2473 935 2686 993 Patrem
2736 944 2792 993 et
2821 937 3015 995 Filium
3052 956 3311 1012 personas
3352 946 3437 1002 vel
3466 962 3622 1004 voca-

2020 1024 2142 1080 bula
2188 1026 2469 1098 distinguit
2498 1047 2512 1082 :
2542 1030 2666 1100 quia
2695 1030 2811 1100 ipse
2860 1031 3025 1089 Filius
3070 1035 3211 1089 ratio
3253 1036 3469 1106 dicitur,
3497 1056 3617 1111 qua:

2022 1124 2200 1172 tamen
2224 1119 2363 1174 ratio
2394 1120 2579 1176 multis
2606 1121 2913 1178 nominibus
2935 1125 3256 1194 appellatur.
3288 1127 3446 1184 Modo
3468 1131 3612 1186 enim

2018 1209 2267 1278 verbum,
2298 1212 2459 1267 modo
2508 1212 2697 1281 virtus,
2744 1215 2904 1269 modo
2955 1216 3240 1285 sapientia,
3274 1218 3435 1273 modo
3479 1220 3616 1277 dex-

2019 1310 2156 1368 tera,
2188 1302 2350 1358 modo
2380 1303 2686 1369 brachium,
2734 1304 2896 1359 modo
2941 1307 3251 1377 margarita,
3293 1308 3457 1364 modo
3494 1311 3615 1366 the-

2014 1409 2230 1462 saurus,
2254 1396 2417 1450 modo
2448 1396 2603 1464 retia,
2631 1397 2794 1452 modo
2814 1406 3073 1467 aratrum,
3098 1401 3259 1457 modo
3287 1401 3431 1472 fons,
3452 1405 3614 1461 modo

2013 1498 2189 1560 petra,
2236 1488 2399 1544 modo
2443 1489 2583 1559 lapis
2637 1490 2932 1562 angularis,
2982 1491 3143 1548 modo
3196 1508 3387 1565 agnus,
3445 1499 3609 1553 modo

2015 1585 2199 1650 homo,
2228 1581 2390 1638 modo
2416 1582 2639 1649 vitulus,
2682 1583 2844 1639 modo
2872 1584 3074 1655 aquila,
3106 1585 3269 1642 modo
3296 1586 3405 1655 leo,
3450 1590 3613 1645 modo

2011 1677 2120 1744 via,
2152 1676 2316 1733 modo
2341 1678 2561 1745 veritas,
2585 1677 2750 1734 modo
2776 1678 2905 1747 vita,
2931 1693 3056 1735 cum
3088 1680 3158 1736 sit
3182 1679 3325 1737 Deus
3355 1684 3533 1741 omnia
3555 1693 3610 1742 et

380 1755 510 1850 nam
535 1756 607 1813 de
637 1766 831 1814 natura
872 1756 1175 1815 divinitatis
1216 1757 1491 1829 attigimus
1520 1757 1630 1833 (Ex
1655 1777 1801 1817 num.
1837 1762 1899 1817 11
1937 1766 1982 1826 Β
2012 1770 2066 1826 in
2093 1772 2363 1828 omnibus.
2402 1770 2472 1828 Et
2500 1786 2597 1843 per
2624 1772 2741 1828 hmo
2768 1774 3030 1831 vocabula
3059 1774 3363 1833 divinarum
3391 1778 3610 1850 diSpen-

299 1859 349 1905 ιι
378 1848 491 1923 12),
526 1864 633 1907 non
659 1866 925 1910 summam
950 1852 1319 1920 intelligentia:
1348 1854 1897 1923 comprehendentes,

296 1940 399 1998 sed
421 1942 783 2015 intelligentes
805 1943 1372 2015 incomprehensibilia
1412 1958 1536 2001 esse
1571 1961 1691 2015 quze
1721 1946 1897 2017 loqui-

295 2048 442 2089 mur.
470 2033 684 2091 Nullum
715 2050 866 2106 ergo,
894 2036 1052 2102 dicis,
1081 2036 1322 2093 ofﬁcium
1346 2034 1470 2093 ﬁdei
1493 2045 1598 2106 est,
1628 2039 1674 2094 si
1705 2037 1779 2094 nil
1802 2053 1897 2109 po-

298 2126 428 2182 terit
446 2128 855 2198 comprehendi.
880 2127 1051 2185 immo
1078 2129 1182 2187 hoc
1209 2129 1443 2187 ofﬁcium
1472 2130 1607 2187 ﬁdes
1645 2131 1896 2202 proﬁtea-

297 2228 406 2287 tur,
458 2220 512 2275 id
562 2220 705 2277 unde
743 2222 1000 2293 quaeritur
1041 2218 1731 2296 incomprehensibile'sibi
1770 2240 1895 2285 esse

293 2310 461 2369 scire.
483 2311 745 2383 Superest
757 2313 825 2370 de
845 2314 1193 2371 inenarrabili
1211 2318 1558 2387 generatione
1576 2316 1695 2373 Filii
1717 2317 1894 2374 adhuc

293 2402 530 2473 aliquid:
550 2404 717 2461 immo
741 2405 943 2476 aliquid
973 2406 1105 2463 illud
1136 2407 1314 2464 adhuc
1342 2417 1512 2463 totum
1542 2418 1643 2465 est.
1671 2407 1888 2477 Aﬁstuo,

290 2496 532 2565 ditl‘eror,
579 2498 834 2564 bebesco,
866 2510 921 2558 et
960 2501 1100 2558 unde
1150 2502 1402 2573 incipiam
1444 2505 1648 2562 nescio.
1682 2505 1891 2562 'Nescio

289 2591 438 2649 enim
463 2591 677 2662 quando
704 2602 865 2649 natus
896 2594 967 2648 sit
990 2592 1161 2650 Filius
1188 2612 1201 2649 :
1229 2603 1286 2650 et
1308 2595 1459 2653 nefas
1484 2604 1566 2653 est
1588 2596 1723 2652 mihi
1748 2597 1889 2653 scire

290 2682 509 2753 quando
538 2694 695 2740 natus
722 2685 794 2740 sit
831 2684 1020 2740 Filius.
1052 2684 1223 2755 Quem
1255 2686 1561 2757 imprecer?
1597 2703 1757 2758 quem
1788 2689 1887 2743 im-

288 2774 535 2845 plorent?
559 2790 627 2833 ex
663 2775 863 2848 quibus
906 2777 1059 2834 libris
1098 2777 1166 2834 ad
1207 2786 1477 2834 tantarum
1508 2777 1885 2836 difﬁcultatum

286 2870 653 2927 narrationem
708 2870 870 2927 verba
927 2873 1297 2942 praesumam?
1354 2871 1616 2927 Evolvam
1666 2886 1883 2928 omnem

284 2961 513 3020 Graecia:
538 2964 820 3021 scholam?
849 2964 958 3021 Sed
985 2964 1113 3036 legi,
1147 2966 1237 3021 ubi
1262 2956 1520 3035 sapiens?
1551 2965 1637 3021 ubi
1668 2966 1885 3023 scriba?

287 3055 380 3111 ubi
410 3057 745 3129 conquisitor
769 3058 1001 3114 saeculi?
1028 3058 1083 3114 In
1115 3057 1219 3115 hoc
1237 3073 1368 3129 ergo
1394 3058 1594 3114 mundo
1620 3060 1882 3129 sophistae

2005 1862 2276 1917 sationum
2303 1863 2559 1935 mysteria
2581 1876 2999 1935 cognoscuntur.

2072 1951 2207 2008 Nam
2235 1962 2291 2009 et
2317 1957 2386 2009 ob
2428 1954 2531 2010 hoc
2562 1953 2796 2012 Verbum
2828 1967 3168 2026 nuncupatur
3201 1959 3363 2031 :quia
3390 1968 3449 2016 et
3476 1975 3604 2031 pro-

2002 2047 2118 2117 prie
2143 2048 2323 2105 divino
2359 2062 2456 2105 ore
2487 2051 2770 2119 processit,
2799 2061 2855 2107 et
2885 2050 3019 2106 nihil
3047 2050 3210 2109 Pater
3252 2053 3372 2111 sine
3411 2068 3481 2110 eo
3509 2065 3602 2110 aut

1995 2142 2179 2211 jussit,
2205 2151 2296 2198 aut
2324 2142 2471 2198 fecit.
2500 2143 2679 2200 Virtus
2708 2144 2907 2201 dicitur
2935 2162 2949 2199 :
2982 2146 3105 2215 quia
3128 2158 3260 2203 vere
3288 2146 3356 2204 de
3384 2147 3519 2215 Deo,
3545 2156 3601 2203 et

1998 2249 2214 2306 semper
2253 2250 2376 2290 cum
2422 2236 2553 2302 Dco,
2587 2245 2643 2292 et
2687 2237 2864 2292 omnis
2908 2247 3145 2306 potestas
3169 2237 3347 2294 Patris
3396 2239 3451 2295 in
3482 2240 3601 2309 ipso

1996 2328 2265 2383 consistit.
2297 2327 2573 2396 Sapientia
2624 2327 2924 2397 appellatur
2957 2346 2971 2382 :
3001 2328 3125 2399 quia
3171 2328 3240 2385 de
3282 2328 3450 2386 corde
3494 2329 3597 2385 Pa-

1996 2421 2095 2477 tris
2142 2421 2437 2477 adveniens
2484 2436 2681 2477 arcana
2726 2421 2778 2476 in
2825 2420 3143 2478 cmlestibus
3188 2421 3369 2491 (Apud
3413 2421 3595 2476 Δηιὼν.

1993 2514 2236 2571 cmlestia
2261 2512 2630 2583 credentibus)
2657 2529 2838 2570 resera
2848 2513 3206 2579 vit.,Dextera
3228 2523 3593 2584 nuncupatur:

1992 2608 2134 2676 quod
2178 2621 2275 2675 per
2312 2620 2437 2660 eum
2479 2607 2661 2665 omnia
2711 2619 2876 2674 Opera
2925 2604 3110 2660 divina
3158 2604 3398 2675 perfecta
3443 2615 3589 2665 sunt.

1990 2697 2277 2753 Brachium
2304 2694 2503 2752 dicitur
2530 2714 2543 2752 :
2574 2698 2697 2767 quia
2737 2697 2807 2753 ab
2853 2697 2975 2766 ipso
3006 2698 3187 2754 omnia
3217 2698 3587 2755 continentur.

1989 2790 2273 2860 Margarita
2304 2789 2602 2861 appellatur
2628 2806 2643 2841 :
2666 2791 2791 2858 quia
2820 2788 2955 2847 nihil
2992 2789 3088 2847 illo
3119 2790 3410 2862 pretiosius
3438 2792 3588 2847 inve-

1989 2882 2153 2938 nitur.
2184 2880 2494 2937 Tliesaurus
2532 2879 2729 2937 dicitur
2762 2897 2776 2937 :
2803 2889 2860 2936 ut
2904 2881 2957 2935 in
2989 2881 3110 2952 ipso
3156 2898 3346 2941 omnes
3375 2881 3589 2941 divitias

1986 2955 2633 3047 regnorummcoelesﬁum
2668 3013 2683 3037 ,
2732 2988 2854 3045 qua:
2898 2973 3362 3044 remnditm,sunt,
3411 2990 3578 3047 agno-

1986 3077 2225 3126 scantur.
2251 3068 2451 3138 (Ambr.
2481 3068 2713 3124 condita:
2741 3067 2988 3139 agnosc.)
3016 3068 3175 3125 Retia
3196 3068 3391 3127 dicitur
3420 3086 3434 3127 :
3457 3070 3584 3140 quia

284 3151 438 3207 multi
459 3156 795 3223 etsapientes
823 3162 982 3210 sunt:
1013 3154 1328 3225 sapientiam
1357 3165 1535 3210 autem
1566 3155 1660 3211 Dei
1689 3170 1880 3228 repro-
1908 3145 1953 3209 C
1990 3180 2089 3237 per
2119 3165 2316 3235 ipsum,
2343 3171 2398 3219 et
2426 3162 2477 3218 in
2505 3161 2622 3233 ipso
2649 3162 2717 3218 de
2758 3162 2896 3218 mari
2923 3161 3128 3227 saeculi,
3154 3163 3397 3233 gentium
3428 3164 3584 3234 quasi

285 3243 574 3301 baverunt.
615 3247 865 3303 Scribam
891 3248 1025 3320 legis
1056 3249 1375 3304 consulam?
1418 3250 1523 3307 Sed
1564 3251 1794 3322 ignorat,
1825 3263 1884 3310 et

283 3351 418 3392 crux
443 3336 644 3395 Christi
670 3340 987 3396 scandalum
1015 3352 1117 3397 est.
1155 3342 1427 3400 Hortabor
1453 3343 1596 3402 forte
1620 3360 1715 3401 vos
1749 3361 1881 3403 con-

284 3431 473 3488 nivere
519 3443 573 3489 et
618 3445 800 3491 tacere
834 3454 847 3491 :
888 3437 1014 3507 quia
1045 3438 1112 3492 ad
1146 3439 1549 3495 venerationem
1590 3439 1708 3511 ejus
1752 3442 1880 3497 satis

282 3525 377 3594 sit,
410 3527 552 3599 quod
578 3527 635 3582 in
673 3528 982 3601 Evangeliis
1017 3531 1341 3603 prmdicatur
1368 3543 1513 3590 tanta
1538 3534 1678 3590 inter
1707 3524 1883 3594 homi-

283 3634 383 3675 nes
405 3619 599 3678 l‘ecisse
624 3622 891 3694 stupenda
918 3624 1177 3697 prodigia.

356 3710 445 3767 Ea:
472 3730 612 3769 num.
654 3716 742 3773 i3.
774 3717 1125 3773 —Consistit
1153 3719 1298 3775 enim
1343 3735 1523 3776 meum
1556 3721 1605 3776 in
1637 3723 1875 3792 patroci-

284 3806 432 3863 nium
456 3808 837 3865 meditatarum
860 3811 1237 3867 difﬁcultatum
1265 3814 1498 3884 piscator
1519 3831 1704 3887 egens,
1730 3817 1881 3889 igno-

285 3914 393 3972 tus,
428 3906 697 3975 indoctus,
732 3911 979 3967 manibus
1006 3912 1118 3967 lino
1141 3914 1437 3983 occupatis,
1467 3925 1616 3969 veste
1637 3914 1877 3984 humida,

283 4000 514 4071 pedibus
543 4003 671 4059 limo
713 4004 916 4071 oblitis,
950 4015 1093 4061 totus
1120 4022 1151 4062 e
1193 4007 1335 4061 navi.
1363 4005 1599 4075 Quaerite
1646 4018 1701 4064 et
1730 4010 1881 4066 inve-

285 4093 420 4165 nite,
451 4105 629 4153 utrum
669 4097 968 4155 mirabilius
989 4096 1151 4155 fuerit
1189 4105 1432 4155 mortuos
1471 4101 1782 4169 suscitasse,
1811 4118 1879 4159 an

285 4188 541 4260 imperito
588 4191 871 4247 scientiam
911 4193 1063 4247 istius
1118 4192 1377 4248 doctrina:
1421 4193 1737 4251 intimasse?
1792 4198 1882 4253 Ait

283 4284 451 4349 enim,
486 4284 543 4339 In
572 4286 836 4356 principio
873 4294 989 4341 erat
1013 4286 1271 4343 Verbum.
1319 4286 1696 4347 Transeuntur
1739 4297 1878 4345 tem-

287 4393 441 4449 pora,
469 4381 905 4435 transmittuntur
926 4380 1143 4445 sarcula,
1179 4379 1439 4435 tolluntur
1456 4391 1675 4436 aetates:
1702 4382 1880 4453 pisca-

281 4479 371 4526 tor
401 4486 552 4543 meus
576 4473 887 4535 illitteratus
915 4473 1106 4530 libera
1141 4482 1386 4544 tempore
1419 4483 1524 4540 est,
1556 4476 1686 4532 vicit
1709 4491 1874 4532 omne

282 4564 628 4636 principium.

362 4656 686 4731 Principium
717 4660 807 4715 lib.
833 4676 906 4716 Ix.
934 4689 1005 4701 —
1026 4660 1341 4717 Tractantes
1373 4670 1497 4716 ante
1526 4677 1725 4733 paucos
1763 4664 1878 4720 dies

286 4750 355 4807 de
398 4752 724 4809 indiﬂereuti
771 4764 962 4810 natura
1006 4753 1098 4810 Dei
1152 4756 1317 4825 patris
1361 4763 1415 4810 et
1443 4755 1537 4811 Dei
1583 4756 1700 4821 ﬁlii,
1743 4770 1877 4825 etc.,

285 4858 448 4915 usque
489 4843 560 4898 ad
582 4844 693 4903 hac
717 4860 861 4903 num.
892 4842 985 4901 44.
1035 4848 1113 4900 Ac
1150 4845 1229 4926 sic
1259 4845 1553 4916 perfectam
1585 4846 1745 4903 ﬁdem
1775 4848 1895 4923 do-_

287 4936 423 5003 cuit,
445 4950 569 4992 cum
603 4935 654 4990 id
682 4936 825 5008 quod
853 4937 1016 4995 modo
1053 4947 1157 5004 est,
1186 4937 1428 5009 ejusdem
1461 4941 1719 5011 temporis
1746 4955 1883 5011 opus

285 5026 392 5094 sit;
416 5035 471 5083 et
497 5026 549 5085 id
578 5027 722 5100 quod
744 5039 1001 5101 operatur
1025 5029 1186 5089 Pater
1209 5038 1464 5102 Operatur
1502 5040 1559 5088 et
1588 5032 1756 5089 Filius
1783 5048 1876 5090 exe

289 5131 371 5179 tra
393 5119 684 5191 singularis
713 5123 783 5179 sit
814 5122 1090 5179 unionem.

358 5211 443 5268 Ea:
458 5213 619 5283 rapit.
647 5213 680 5275 6
708 5212 975 5273 Tractatus
991 5214 1055 5285 de
1076 5215 1181 5285 fide
1204 5216 1516 5275 orthodoxa.
1554 5217 1879 5290 —Denique

287 5318 387 5373 pro
435 5312 612 5377 captu,
648 5319 748 5379 pro
780 5305 1001 5373 viribus,
1050 5321 1148 5377 pro
1185 5306 1299 5363 ﬁde
1342 5318 1527 5365 nostra
1574 5309 1881 5369 intueamur

290 5398 432 5459 Deus
470 5400 601 5470 quid
644 5402 716 5457 sit
754 5417 768 5454 :
812 5409 868 5457 et
907 5399 1190 5463 videamus
1227 5417 1295 5457 an
1343 5403 1422 5458 illi
1468 5403 1640 5477 possit
1678 5404 1879 5475 aliquid

286 5492 617 5565 comparari.
644 5490 806 5557 Certe
836 5492 940 5549 hoc
966 5502 1052 5549 est
1080 5494 1243 5560 Deus,
1264 5494 1409 5567 quod
1431 5506 1486 5552 et
1511 5511 1629 5551 cum
1661 5496 1878 5567 dicitur,

286 5602 397 5643 non
431 5598 607 5656 potest
648 5588 791 5659 dici;
839 5604 959 5645 cum
1003 5589 1325 5656 :estimatur,
1371 5605 1475 5645 non
1516 5598 1694 5661 potest
1733 5591 1881 5646 aesti-

286 5679 470 5745 mari;
503 5694 624 5737 cum
659 5691 1023 5754 comparatur,
1053 5697 1159 5739 non
1191 5692 1368 5754 potest
1391 5682 1731 5754 comparari:
1762 5698 1884 5739 cum

295 5772 574 5853 deﬁnitur,
627 5775 745 5861 ipsa
790 5773 1105 5850 deﬁnitione
1145 5791 1240 5847 sua
1287 5776 1485 5843 Crescit
1517 5795 1529 5832 :
1560 5776 1656 5851 qui
1692 5778 1886 5841 coelum

1988 3256 2279 3313 multitudo
2309 3254 2533 3326 piscium
2560 3257 2616 3310 in
2640 3254 2883 3311 Ecclesia
2904 3263 3326 3326 congregantur,
3368 3256 3459 3312 ubi
3484 3257 3584 3312 bo-

1986 3364 2180 3405 norum
2222 3349 2595 3419 malorumque
2640 3346 2949 3403 discrimina
2991 3354 3410 3418 cognoscuntur.
3443 3349 3585 3404 Ara-

1989 3458 2127 3502 trum
2174 3452 2516 3514 nuncupatur
2548 3461 2560 3498 :
2587 3444 2710 3515 quia
2760 3443 2916 3513 signo
2963 3443 3139 3499 crucis
3177 3456 3293 3499 suae
3338 3445 3577 3512 gentium

1983 3549 2204 3612 pectora
2232 3537 2568 3608 subiguntur,
2600 3544 2659 3590 ut
2687 3534 2996 3591 necessario
3024 3534 3230 3591 'semini
3265 3552 3577 3607 praeparen-

1984 3644 2090 3689 tur.
2139 3632 2283 3688 Fons
2327 3645 2480 3703 aqum
2520 3629 2821 3701 appellatur
2852 3646 2864 3681 :
2891 3628 3015 3699 quia
3063 3642 3131 3683 ex
3170 3642 3237 3683 eo
3281 3629 3577 3685 sitientium

1983 3722 2147 3783 corda
2192 3725 2432 3782 caelestis
2480 3739 2634 3795 aquae
2674 3722 2846 3795 gratia
2892 3721 3200 3792 irrigantur.
3243 3720 3401 3777 Petra
3443 3722 3578 3778 dici-

1985 3833 2072 3879 tur
2104 3840 2119 3878 :
2152 3822 2276 3893 quia
2317 3818 2662 3876 credentibus
2690 3815 3079 3881 fortitudinem,
3112 3814 3405 3871 incredulis
3430 3815 3577 3870 duri-

1986 3916 2112 3971 tiem
2148 3919 2387 3984 praestat.
2419 3910 2579 3982 Lapis
2609 3910 2805 3965 dicitur
2827 3908 3136 3981 angularis:
3166 3909 3290 3982 quia
3321 3917 3578 3981 utrosque

1984 4008 2219 4079 parietes
2238 4006 2439 4061 veteris
2466 4020 2528 4061 ac
2553 4004 2676 4059 novi
2707 4001 3042 4058 Tcstamenti
3068 4018 3203 4058 unus
3234 4001 3500 4060 mediator
3523 4003 3578 4059 in
3642 3990 3647 3999 λ

1983 4100 2279 4168 semetipso
2306 4099 2588 4154 continens
2617 4097 2909 4168 copulavit.
2930 4096 3115 4168 Agnus
3142 4098 3449 4168 appellatur
3477 4115 3492 4157 :
3520 4108 3578 4154 ut

1983 4193 2291 4249 innocentia
2322 4192 2524 4248 Christi
2556 4200 2611 4247 et
2650 4191 2828 4261 passio
2853 4191 3271 4247 demonstretur.
3301 4191 3475 4248 Homo
3495 4193 3580 4248 di-

1984 4294 2076 4343 tur
2111 4284 2275 4355 :quia
2330 4284 2626 4340 secundum
2677 4296 2895 4338 carnem
2925 4292 3144 4354 propter
3187 4297 3287 4338 nos
3329 4282 3578 4341 homines

1982 4378 2132 4435 nasci
2179 4378 2431 4449 dignatus
2492 4386 2596 4433 est.
2645 4375 2864 4432 Vitulus
2911 4375 3110 4430 dicitur
3143 4375 3307 4447 :quia
3356 4385 3578 4447 propter

1982 4482 2224 4529 nostram
2255 4471 2483 4527 salutem
2524 4471 2638 4541 pati
2664 4470 2937 4526 sustinuit.
2973 4469 3163 4540 Aquila
3192 4469 3389 4529 dicitur
3415 4488 3429 4524 :
3453 4471 3577 4541 quia

1984 4573 2105 4635 post
2128 4563 2485 4621 venerabilem
2505 4561 2978 4629 resurrectionem,
3003 4562 3156 4630 quasi
3180 4563 3343 4623 remis
3364 4560 3574 4627 alitum,

1982 4656 2049 4712 ad
2074 4657 2287 4711 Patrem
2315 4654 2575 4711 revolavit
2606 4656 2722 4727 (rex
2754 4653 2940 4708 alitum
2962 4652 3028 4707 ad
3056 4652 3230 4706 Patris
3252 4651 3457 4706 revolat
3485 4667 3576 4707 se-

1983 4743 2151 4819 dem).
2180 4747 2324 4804 Idem
2353 4746 2441 4803 leo
2477 4747 2650 4801 dictus
2678 4753 2762 4801 est
2786 4763 2801 4800 :
2828 4745 2951 4815 quia
2978 4744 3094 4814 ipse
3120 4755 3203 4800 est
3242 4758 3337 4799 rex
3367 4760 3575 4816 regum,

1981 4842 2072 4912 qui
2103 4850 2333 4897 mortem
2360 4854 2423 4895 ac
2449 4838 2721 4895 diabolum
2748 4838 2964 4894 virtutis
2990 4852 3103 4893 sua:
3132 4845 3396 4908 potestate
3424 4853 3577 4895 corr.-

1984 4935 2197 4990 minuit.
2232 4935 2328 4991 Via
2371 4944 2455 4991 est
2485 4951 2498 4987 :
2529 4933 2651 5003 quia
2687 4947 2783 5003 per
2811 4931 2986 5002 ipsum
3012 4946 3290 4988 accessum
3321 4930 3581 4995 habemus

1992 5028 2312 5101 (adscensus
2341 5025 2444 5100 est)
2499 5026 2568 5081 ad
2595 5026 2765 5081 Deum
2796 5036 3024 5096 patrem.
3060 5025 3268 5081 Veritas
3294 5034 3408 5085 est:
3453 5025 3580 5096 quia

1989 5121 2329 5179 mendacium
2356 5120 2547 5177 nescit.
2573 5119 2694 5178 Vita
2714 5129 2799 5177 est
2825 5138 2837 5173 :
2868 5120 2991 5192 quia
3019 5120 3133 5193 ipse
3163 5119 3412 5177 universa
3444 5120 3585 5176 vivi-

1994 5217 2139 5271 ﬁcat.
2173 5215 2341 5272 Vides
2366 5230 2517 5288 ergo,
2547 5215 2671 5288 quia
2693 5230 2789 5286 per
2813 5215 2929 5272 haec
2951 5214 3211 5272 vocabula
3232 5214 3584 5288 signiﬁcatio-

1990 5309 2525 5379 nesdispositionum
2560 5317 2614 5365 et
2643 5323 2866 5379 operum
2898 5307 3208 5375 divinorum
3236 5318 3585 5382 praepstensae

1989 5411 2115 5457 sunt
2146 5419 2158 5455 :
2190 5416 2300 5457 non
2333 5410 2511 5457 tamen
2544 5402 2658 5477 ipse
2690 5401 2833 5456 Deus
2878 5415 2973 5471 per
3002 5401 3118 5456 haec
3143 5401 3363 5472 proprie
3393 5400 3585 5457 deﬁni-

1990 5503 2074 5550 ωε
2101 5502 2203 5549 est.

2064 5587 2147 5643 Er.
2175 5603 2289 5659 cap.
2334 5586 2368 5643 8
2423 5586 2655 5660 prwdicti
2702 5584 2994 5640 Tractatus.
3026 5614 3099 5625 —
3126 5584 3223 5640 Est
3268 5599 3397 5656 ergo
3426 5585 3589 5641 Pater

1996 5684 2140 5738 Deus
2174 5684 2493 5747 immensus,
2521 5689 2777 5743 mtcrnus,
2808 5680 3393 5750 incomprehensibilis,
3425 5679 3587 5735 inaes-

1999 5773 2274 5835 timabilis.
2310 5772 2406 5832 Est
2443 5780 2496 5831 et
2525 5772 2693 5829 Filius
2734 5772 2852 5844 ejus
2885 5770 3139 5837 Dominus
3163 5780 3352 5831 noster
3387 5780 3590 5841 tantus,
