4120 6170
494 261 597 313 887
1481 258 1542 312 ΙΝ
1587 254 2006 313 FRAGMENTA
2049 260 2104 312 S.
2152 256 2410 314 HlLUlll
2471 254 2775 313 EPISCOPI
3697 256 3802 310 888

489 386 726 450 quantus
749 387 833 434 est
860 377 1056 444 Pater;
1083 376 1180 432 sed
1224 387 1331 430 non
1383 374 1620 440 aliunde,
1651 374 1746 431 sed
1783 374 1851 429 de
1878 375 2037 431 Patre
2071 393 2084 429 :
2118 382 2172 442 Α
2195 376 2481 446 imaginem
2509 385 2885 431 cernerentur.
2936 373 3071 430 Nam
3116 375 3313 431 Filium
3341 375 3463 446 quis
3492 375 3680 432 videre
3708 393 3805 448 po-

495 474 618 543 quia
662 473 854 543 inquit,
906 471 983 525 De
1010 469 1168 525 Patre
1197 469 1349 537 exivi,
1392 471 1494 524 lioc
1538 478 1642 530 est,
1691 469 1872 524 lumen
1903 468 1972 524 de
2017 469 2100 523 lu—
2203 472 2302 523 tuit
2349 478 2640 538 antequam
2674 468 3099 538 conspicabilem
3134 469 3415 524 materiam
3447 486 3568 525 cum
3599 471 3808 542 placuit

497 564 662 621 mine.
690 565 840 632 Quod
871 565 915 617 si
941 563 1107 616 filium
1131 562 1305 633 (Apud
1328 562 1560 616 Ambros.
1589 562 1692 615 huc
1721 563 1930 616 accrdit
1950 563 2094 633 quod
2200 562 2513 633 assumpsit,
2539 564 2620 616 vel
2647 563 2824 630 ipsum
2855 562 3128 616 hominem
3156 562 3382 617 induere
3403 562 3660 632 dignatus
3682 566 3805 618 est?

501 661 581 713 sic
612 657 805 728 tilium)
831 658 950 722 Dei,
1000 667 1059 711 ut
1083 659 1192 726 jam
1225 657 1428 710 dictum
1460 667 1563 720 est,
1592 659 1763 710 visum
1798 673 1825 710 a
1856 657 2098 726 patribus

495 750 880 821 approbemus,
908 758 966 802 ut
992 765 1098 803 non
1125 758 1294 803 totum
1325 749 1377 802 in
1421 748 1512 802 illo
1543 748 1687 818 quod
1718 747 1814 802 Dei
1840 758 1923 802 est
1951 750 2092 803 vidc-

501 855 654 900 retur
684 862 697 898 :
730 844 824 898 sed
857 842 1241 911 dispositiones
1274 857 1453 897 rermu
1486 840 1808 905 futurarum,
1836 856 1956 911 qua:
1983 843 2094 896 suis

498 933 802 1005 quibusque
833 933 1169 1002 temporibus
1194 931 1530 1000 COIttplettd;L'
1557 940 1734 997 erant,
1759 931 1811 986 in
1857 933 1972 1000 ipso
2001 948 2095 1002 per

1257 1116 1418 1198 DE
1491 1106 2040 1199 ESSENTIA
2122 1117 2532 1199 PATRIS
2609 1116 2759 1198 ET
2845 1115 3110 1198 FILII

2199 656 2332 724 Quia
2376 668 2430 709 et
2474 657 2516 709 si
2564 655 2797 711 Abraha:
2821 657 2966 711 visus
2994 667 3099 721 est,
3128 656 3222 711 sed
3268 656 3524 711 informa
3575 657 3797 712 humani

2200 749 2447 816 corporis
2479 748 2626 802 visus
2668 757 2767 813 est,
2813 763 2916 818 qua
2957 749 3026 802 de
3069 749 3188 818 ejus
3216 748 3392 804 fuerat
3421 765 3583 806 carne
3626 751 3807 818 (Apud

2203 841 2437 894 Ambros.
2472 856 2580 910 quo
2610 841 2729 895 scil.
2776 842 3066 910 postremis
3107 842 3441 912 temporibus
3489 843 3540 896 in
3580 842 3806 899 homine

2203 943 2462 988 venturus
2488 947 2608 988 esse
2629 934 3052 1003 ostenderetur).

1427 1276 1750 1338 CONTRA
1794 1276 2275 1339 HIERETICOS
2319 1276 2559 1340 LIBER
2601 1277 2827 1340 UNUS.

579 1479 727 1534 Hunc
753 1493 953 1549 quoque
997 1477 1180 1530 librum
1225 1491 1256 1527 a
1304 1473 1563 1528 Ludovico
1601 1473 1779 1526 Mier
1826 1487 1889 1524 ex.
1927 1468 2102 1522 Victo-

504 1575 618 1626 rina
642 1571 942 1626 bibliotheca
969 1570 1251 1641 vulgatum,
1283 1585 1310 1621 e
1351 1567 1493 1621 libris
1532 1569 1596 1620 de
1625 1565 1876 1619 Trinitate
1903 1564 2098 1631 conﬂa~

505 1677 614 1719 tum
643 1681 750 1719 esse
776 1664 973 1732 primus
1011 1661 1288 1714 observavit
1327 1659 1571 1713 Gillotius
1596 1675 1613 1712 :
1642 1658 1728 1729 qui
1768 1657 1912 1721 locis,
1940 1671 1968 1709 ε
1991 1653 2105 1724 qui-

2207 1472 2390 1524 transit
2425 1475 2493 1526 ad
2531 1475 2623 1528 lib.
2649 1490 2762 1540 vIu,
2796 1475 2933 1529 unde
2963 1475 3186 1545 primunt
3213 1475 3492 1546 priemissis
3518 1476 3808 1542 vocabulis,

2208 1563 2426 1618 Fratres
2447 1565 2574 1628 mei,
2609 1566 2846 1620 exscribit
2870 1566 2978 1620 lucc
3006 1583 3148 1621 num.
3186 1566 3273 1620 Η.
3299 1567 3429 1632 Qua:
3457 1568 3659 1636 scripta
3683 1579 3810 1623 sunt

2208 1655 2469 1724 legamus,
2502 1667 2556 1711 et
2583 1673 2705 1727 quze
2736 1657 3024 1728 legerimus
3054 1659 3414 1730 intelligamus
3447 1678 3458 1713 :
3490 1668 3537 1713 et
3564 1660 3649 1714 ubi
3675 1678 3809 1730 per—

506 1759 600 1811 bus
629 1770 866 1812 centones
886 1755 1073 1827 quique
1096 1753 1328 1808 distracti
1359 1763 1500 1817 sunt,
1535 1753 1742 1812 notatis.
1770 1762 1956 1805 σωτευά
1982 1764 2107 1817 sup-
2143 1789 2184 1848 Β
2211 1749 2344 1802 venit
2373 1750 2440 1802 ad
2473 1751 2623 1804 verba
2653 1768 2775 1804 num
2837 1751 2930 1808 ‘20.
2955 1753 3148 1806 Omnia
3179 1767 3301 1822 qua:
3324 1754 3486 1808 habet
3513 1753 3692 1820 Pater,
3730 1755 3815 1808 Fi-

507 1846 714 1920 pressit.
757 1845 826 1900 Et
854 1863 970 1901 vero
998 1847 1110 1916 quis
1135 1845 1325 1900 rivulos
1373 1844 1606 1914 quaeritet
1641 1843 1961 1914 [wculentos,
1993 1855 2106 1892 cum

507 1960 694 2016 purum
725 1946 918 2013 fontem
939 1941 1008 1994 ad
1034 1955 1247 1993 manum
1277 1938 1463 1992 habeat
1481 1939 1506 1991 ἶ)

577 2035 840 2106 Loquitur
871 2033 1241 2104 Evangelium,
1269 2034 1357 2102 qui
1390 2047 1495 2087 non
1528 2028 1850 2084 houoriﬁcat
1881 2027 2103 2093 Filium,

503 2145 617 2187 non
659 2127 983 2183 honoriﬁeat
1032 2126 1251 2182 Patrem
1291 2125 1385 2195 qui
1428 2124 1575 2178 misit
1621 2123 1792 2177 illum.
1843 2119 2110 2176 Conclusa

506 2231 633 2277 sunt
662 2222 846 2275 omnia
884 2221 1152 2273 adversus
1194 2217 1436 2270 haeretici
1470 2214 1668 2269 furoris
1701 2214 1935 2284 ingenia,
1973 2219 2109 2276 etc.,

508 2331 574 2370 ea:
614 2314 702 2368 lib.
735 2329 807 2366 vn
833 2313 896 2365 de
923 2310 1072 2365 Trin.
1113 2328 1145 2363 a
1176 2327 1321 2363 num.
1360 2310 1424 2364 21
1464 2319 1574 2376 post
1610 2309 1857 2374 medium,
1905 2307 1973 2360 ad
2001 2309 2111 2360 lucc

509 2407 741 2480 ejusdem
781 2404 899 2458 libri
944 2419 1088 2456 num.
1120 2403 1208 2456 51.
1244 2401 1312 2455 Ει
1348 2402 1471 2472 quia
1514 2399 1781 2455 calumnia
1821 2399 1948 2453 dicti
1978 2409 2113 2452 tam—

507 2515 669 2570 quam
703 2497 990 2552 insolentis
1022 2495 1330 2558 exsisteret,
1375 2502 1434 2546 ut
1478 2493 1864 2548 conscientiam
1901 2493 2114 2561 (poten-

509 2591 663 2657 tiam)
694 2591 872 2661 potius
922 2599 1129 2643 natura:
1158 2588 1582 2642 demonstraret.
1625 2585 1823 2650 Quibus
1866 2584 2113 2638 subnectit

510 2695 692 2738 auctor
719 2681 832 2737 haec
858 2697 1002 2735 num.
1035 2681 1125 2736 33.
1161 2679 1229 2734 Et
1264 2678 1547 2733 audiamus
1577 2694 1701 2732 eum
1729 2693 1945 2733 omnem
1989 2677 2116 2732 ﬁdei

513 2777 676 2848 hujus
701 2775 1068 2846 cognitionem
1104 2775 1383 2846 Apostolis
1427 2775 1758 2828 revetantem
1792 2773 1907 2826 :ait
1943 2773 2114 2837 enim,

513 2870 628 2939 Ego
653 2883 772 2924 sum
800 2869 885 2923 via
918 2879 971 2922 et
1009 2868 1211 2922 veritas
1241 2879 1296 2921 et
1339 2867 1472 2929 vita,
1505 2865 1605 2918 nisi
1625 2865 1762 2935 quod
1793 2881 1886 2932 pro
1917 2865 1982 2919 Et
2024 2879 2117 2918 au-

515 2961 766 3026 diamus,
818 2960 964 3029 ponit
1014 2959 1141 3014 audi
1182 2977 1195 3014 :
1243 2976 1304 3013 ac
1358 2959 1683 3028 prosequitur
1735 2973 1897 3027 usque
1941 2957 2117 3011 istlucc

511 3070 658 3108 num.
692 3051 782 3117 '59,
812 3062 868 3107 ut
909 3053 994 3107 bic
1023 3052 1236 3106 Domini
1280 3067 1460 3106 sermo
1488 3060 1826 3120 sequeretur,
1854 3049 1970 3106 Non
1999 3065 2119 3104 crc-

511 3147 640 3203 ditis
670 3147 925 3215 quoniam
967 3161 1069 3215 ego
1115 3145 1167 3200 in
1198 3144 1378 3208 Patre,
1423 3154 1478 3200 et
1525 3144 1686 3200 Pater
1714 3145 1766 3199 in
1807 3145 1932 3199 me?
1978 3143 2116 3198 Hinc
2143 3134 2188 3195 C

2214 1841 2266 1894 lii
2296 1851 2460 1898 sunt:
2490 1854 2543 1897 et
2587 1846 2769 1898 omnia
2800 1859 2920 1913 qua:
2949 1843 3070 1899 Filii
3113 1854 3257 1910 sunt,
3304 1845 3478 1900 Patris
3517 1855 3663 1900 sunt.
3696 1847 3815 1917 Ipse

2213 1933 2356 1988 enim
2385 1935 2482 1998 ait,
2512 1933 2578 1988 Et
2611 1951 2729 1988 mea
2761 1937 2944 1990 omnia
2974 1945 3064 1990 tua
3092 1944 3239 2003 sunt,
3273 1947 3326 1991 et
3359 1948 3445 1990 tua
3478 1953 3594 1993 mea
3623 1955 3638 2003 ;
3666 1941 3818 1993 omit-

2215 2027 2273 2078 tit
2321 2043 2437 2097 qua:
2487 2027 2550 2080 ab
2607 2028 2726 2081 hinc
2763 2031 2830 2082 ad
2870 2029 3093 2082 medium
3139 2045 3285 2083 nunt.
3337 2029 3401 2084 2|
3450 2031 3773 2086 intercedant
3801 2050 3818 2085 :

2214 2122 2349 2174 unde
2377 2136 2585 2175 rursum
2623 2123 2903 2177 exscribit:
2937 2121 3286 2178 Vivilicamur
3313 2140 3446 2194 ergo
3478 2136 3696 2194 pmpter
3739 2126 3821 2179 in-

2216 2212 2551 2268 habitantem
2586 2215 2640 2268 in
2689 2214 2845 2270 nobis
2883 2215 3148 2285 Spiritum
3171 2215 3401 2281 Christi,
3449 2227 3582 2280 etc.,
3615 2218 3681 2270 ad
3710 2219 3822 2272 lucc

2216 2323 2375 2376 usque
2405 2323 2547 2360 num.
2579 2305 2670 2362 ‘26.
2705 2307 2922 2361 Habitat
2964 2306 3108 2362 enim
3139 2308 3190 2361 iu
3240 2308 3399 2362 nobis
3436 2309 3684 2364 Christus
3717 2327 3732 2363 :
3766 2320 3822 2363 et

2220 2400 2499 2454 habitante
2541 2399 2761 2455 Christo
2794 2401 2997 2455 habitat
3029 2401 3188 2456 Deus.
3237 2400 3456 2456 Deinum
3485 2401 3696 2471 reliquis
3725 2403 3823 2454 liu-

2210 2495 2301 2566 jus
2324 2492 2526 2546 numeri
2553 2493 2716 2547 verbis
2743 2495 2964 2559 omissis,
2991 2505 3252 2561 comparet
3284 2493 3486 2546 initium
3512 2494 3707 2546 numeri
3726 2494 3821 2556 ‘17,

2219 2600 2318 2651 quo
2345 2594 2449 2638 toto
2487 2601 2548 2637 ac
2575 2584 2910 2651 subsequente
2935 2589 3042 2657 fere
3088 2594 3193 2639 toto
3239 2585 3518 2655 descripto,
3561 2585 3825 2638 clauditur

2221 2675 2345 2730 liber
2383 2678 2461 2731 liis
2503 2678 2707 2732 verbis:
2740 2677 2797 2734 Si
2830 2694 2960 2733 vero
3000 2694 3098 2749 per
3128 2678 3442 2748 adoptivum
3490 2693 3689 2733 nomen
3736 2678 3824 2734 hic

2221 2771 2472 2826 dominus
2517 2786 2618 2837 ρει,
2653 2770 2858 2836 Spiritu
2905 2781 3094 2828 sancto
3143 2786 3336 2827 carens
3377 2772 3571 2842 Spiritu
3618 2775 3824 2827 erroris

2221 2865 2517 2930 animaris;
2549 2865 2672 2933 quia
2721 2881 2882 2920 nemo
2922 2865 3022 2919 nisi
3057 2866 3107 2920 in
3154 2865 3357 2935 Spiritu
3399 2875 3593 2920 sancto
3639 2865 3823 2920 Domi-

2222 2975 2349 3014 num
2377 2958 2560 3013 Jesum
2585 2969 2764 3028 potest
2785 2959 2967 3015 dicere
3001 2979 3012 3014 :
3039 2960 3220 3028 quibus
3247 2969 3427 3014 auctor
3449 2960 3639 3032 adjecit
3661 2962 3815 3014 dum-

2222 3062 2385 3117 taxat,
2415 3053 2538 3124 quia
2566 3053 2681 3124 ipse
2711 3062 2970 3124 operatur
2998 3052 3183 3108 omnia
3211 3052 3268 3108 in
3305 3052 3579 3109 omnibus.

529 3259 3768 3288 Μ

1550 3324 2122 3427 MONITUM
2191 3325 2790 3430 EDITORIS.

585 3465 684 3520 Hic
711 3463 1037 3519 iii-editione
1066 3463 1390 3530 Veronensi,
1420 3477 1579 3532 quam
1604 3461 1931 3528 recudimus,
1963 3475 2115 3516 nien-

514 3557 662 3611 tione
703 3554 842 3610 facta
881 3555 948 3610 de
986 3554 1196 3610 dnaibus
1241 3553 1486 3623 epistolis
1528 3552 1724 3607 Hilarii
1764 3555 1831 3607 ad
1871 3554 2116 3624 Augusti-

515 3666 636 3705 num
674 3649 970 3719 inscriptis,
1003 3648 1249 3720 sequitur
1279 3647 1638 3719 fragmentum
1667 3649 1879 3702 titulum
1913 3649 2119 3704 habens

515 3741 798 3813 przeﬁxum
830 3735 990 3795 Fides
1038 3741 1266 3795 Alcuini.
1313 3741 1512 3795 Horum
1559 3755 1687 3797 vero
1739 3751 2120 3795 monumento-

511 3850 632 3890 rum
659 3844 906 3890 neutrum
930 3850 995 3890 eo
1019 3833 1123 3890 luci
1150 3833 1414 3890 ‘recudere
1444 3833 1752 3902 debuimus,
1794 3833 2122 3904 quandoqui.

513 3927 638 3982 dem
680 3943 778 3983 nec
823 3926 1149 3997 supradictae
1175 3926 1419 3996 epistolae
1447 3926 1515 3982 ad
1554 3930 1844 3983 Auctorem
1878 3935 2119 3981 nostrum

515 4019 823 4089 pertineant
864 4029 956 4074 aut
1001 4019 1273 4090 pertinere
1304 4020 1532 4089 possint,
1581 4029 1640 4074 ut
1682 4021 1878 4091 cuique
1907 4019 2111 4090 patebit

2222 3464 2336 3517 sive
2361 3462 2766 3535 chronologiam
2814 3466 2936 3521 sive
2962 3465 3124 3521 etiam
3156 3463 3365 3518 illarum
3395 3470 3607 3517 textum
3651 3469 3833 3518 atten-

2221 3557 2366 3614 denti
2397 3557 2548 3631 (Fid.
2577 3555 2712 3631 Opp.
2737 3558 2875 3630 Aug.
2900 3568 2936 3612 t.
2968 3573 3006 3612 ιι
3035 3576 3124 3630 pp.
3146 3555 3309 3611 675et
3335 3555 3611 3612 I007nost.
3629 3555 3787 3626 edit.)
3814 3575 3828 3622 ;

2222 3664 2323 3705 nec
2349 3649 2502 3704 Fides
2530 3649 2734 3704 Alcuini
2761 3652 2850 3705 alii
2877 3666 3035 3720 quam
3065 3647 3361 3720 percelebri
3381 3651 3649 3702 monacho
3673 3648 3832 3718 cujus

2224 3741 2440 3797 nomine
2488 3742 2792 3811 insignitur,
2821 3741 2986 3796 salvis
3016 3739 3216 3796 criticze
3247 3739 3466 3810 regulis,
3515 3738 3829 3808 adjudicari

2221 3846 2404 3906 queat,
2427 3835 2671 3890 autalias
2684 3850 2843 3907 quam
2877 3836 3015 3891 inter
3038 3833 3207 3906 ipsius
3234 3831 3410 3904 Opera
3439 3833 3834 3888 convenienter

2221 3929 2496 3984 collocari.

526 4123 3801 4159 Μ

1568 4271 2205 4378 NICOLAI
2331 4271 2809 4376 ΕΑΒκί

717 4484 892 4606 ΙΝ
986 4480 2099 4615 FRAGMENTA
2201 4482 2837 4614 SANCTI
2941 4480 3634 4614 HILARII

1841 4708 2488 4792 PIUEFATIO.

590 4843 727 4898 Huic
795 4843 954 4914 Operi
1001 4852 1200 4897 tantum
1233 4843 1518 4912 adjecimus
1574 4845 1782 4899 notulus
1830 4845 1898 4898 ad
1950 4845 2108 4898 imam
2143 4853 2195 4912 D
2220 4859 2559 4908 surLtssiut-z,
2586 4844 2724 4901 beati
2751 4843 2938 4902 llilarii
2971 4846 3302 4903 Pictavensis
3331 4849 3573 4920 episcopi
3626 4849 3870 4908 librum.

513 4938 760 5011 paginam
812 4939 1084 5008 ascriptas.
1106 4935 1236 4991 Cum
1265 4948 1437 4993 autem
1464 4950 1734 4992 auctorum
1763 4939 1917 4994 verba
1940 4955 2112 4992 excer-

516 5045 638 5101 pere
661 5029 786 5083 satis
812 5029 1071 5082 habuisset
1103 5027 1294 5095 Faber,
1343 5046 1434 5084 nec
1460 5039 1689 5084 curasset
1721 5041 1900 5085 notare
1927 5049 2025 5099 quo
2056 5048 2118 5084 ea:

513 5121 646 5176 libro
673 5137 733 5175 ea
762 5121 1117 5191 excerpsisset,
1137 5121 1455 5175 commodius
1471 5123 1633 5176 visum
1657 5132 1730 5175 est
1750 5125 2114 5178 historicorum

509 5229 780 5268 sacrorum
812 5213 951 5267 locos
999 5213 1282 5266 secundum
1331 5213 1581 5268 editiones
1633 5212 1839 5282 Valesii,
1884 5217 2116 5284 quamvis

516 5305 695 5362 Fabro
719 5307 1028 5377 posteriores
1059 5306 1309 5360 indicare.

583 5441 902 5498 Clarissima
939 5441 1058 5496 viro
1091 5440 1209 5497 Jac.
1250 5439 1502 5498 Aueusro
1541 5441 1769 5499 THUANO
1797 5443 1948 5501 Sacri
1978 5460 2114 5501 con-

511 5535 1104 5602 sistoriiCousiliario,
1137 5535 1480 5607 Senatusque
1520 5537 1846 5594 Parisiensis
1886 5539 2111 5596 Praesidi

513 5628 835 5685 doctissimo
874 5640 1036 5701 atque
1059 5630 1504 5700 prudentissimo,
1528 5631 1797 5690 NICOLAUS
1821 5633 2022 5691 Faesn.
2045 5636 2104 5692 S.

2219 4939 2390 4992 aviro
2432 4937 2713 5002 doctrina,
2756 4939 3070 5007 prudentia,
3127 4955 3448 5012 morumque
3519 4944 3836 5016 integritate

2223 5032 2482 5094 maximo,
2496 5030 2558 5085 P.
2583 5031 2794 5088 Pithmo
2809 5030 3354 5102 suprema’voluntate
3373 5035 3644 5103 relictum,
3665 5054 3838 5094 meae-

2221 5139 2327 5192 que
2377 5123 2496 5178 lidei
2523 5165 2538 5190 ,
2573 5133 2630 5178 ut
2671 5123 2880 5179 solidus
2911 5123 2980 5179 ad
3009 5136 3062 5180 te
3094 5129 3450 5195 perveniret,
3505 5128 3558 5184 id
3591 5140 3677 5184 est
3705 5132 3836 5187 sine

2223 5216 2332 5271 ulla
2353 5215 2682 5272 deductione
2711 5225 2765 5272 et
2793 5233 2954 5287 quam
2999 5221 3208 5288 optimo
3256 5221 3379 5291 jure
3419 5222 3561 5293 apud
3592 5232 3831 5280 testato-

2223 5326 2370 5378 rem,
2421 5309 2521 5366 fuit
2547 5310 2922 5366 commissum.
2953 5312 3148 5368 Munus
3169 5315 3352 5380 est,_si
3376 5315 3506 5369 folia
3544 5331 3829 5386 numeres,

2224 5420 2331 5460 nun
2358 5404 2513 5459 valde
2545 5419 2820 5475 maguum,
2875 5404 2972 5461 sed
3021 5406 3068 5461 si
3111 5408 3354 5462 auctoris
3385 5407 3704 5480 dignitatem
3729 5452 3744 5475 ,
3777 5414 3830 5467 si

2223 5497 2389 5554 fatum
2441 5498 2586 5566 libri,
2628 5499 2674 5554 si
2718 5499 2794 5555 rei
2821 5497 2892 5555 de
2920 5514 3023 5570 qua
3054 5509 3251 5557 tractat
3277 5505 3601 5571 gravitatem
3632 5508 3825 5560 cousi-

2219 5591 2408 5657 deres,
2456 5593 2748 5661 ejusmodi,
2797 5605 2854 5648 ut
2899 5608 3004 5648 non
3052 5593 3491 5666 acceptissimum
3544 5612 3669 5654 esse
3723 5617 3828 5654 nc-

2219 5696 2400 5756 queat.
2435 5685 2552 5741 Tibi
2585 5688 2726 5741 enim
2778 5688 3022 5742 omnium
3051 5688 3460 5758 disciplinarum
3491 5706 3694 5760 genere
3727 5694 3818 5747 in-

588 5763 639 5816 t.
705 5762 870 5828 Quale
914 5762 1011 5819 hoc
1043 5762 1207 5833 Opus.
1237 5794 1306 5806 -—-
1330 5763 1473 5822 Ecce
1499 5767 1594 5824 tibi
1615 5768 1872 5838 restituo,
1902 5786 2112 5830 enses
2217 5777 2832 5846 struetissimo,Ga|lica:
2847 5781 3034 5838 salutis
3055 5795 3120 5838 ac
3137 5780 3309 5839 laudis
3331 5782 3728 5850 amantissimo,
3749 5793 3811 5841 et
