4120 6170
347 272 453 330 889

1487 267 1764 325 NICOLM
1808 262 2012 322 ΕΑῧηί
2054 265 2441 325 ΡΒΑἰΡΛΤΙΟ.

3541 272 3646 328 890

343 386 582 457 antiquae
608 383 827 455 pietatis
869 398 934 440 ac
975 382 1295 440 constantia:
1341 382 1745 439 studiosissimo
1772 422 1787 446 ,
1833 393 1939 436 non
1966 378 2136 449 Anc,
2162 391 2222 438 ut
2242 397 2368 439 eum
2419 382 2668 455 indigitat
2717 384 3092 442 Nazianzenus
3132 381 3251 455 (ον.
3282 397 3400 452 xxt,
3430 402 3485 439 η.
3528 384 3646 457 53),

344 486 522 549 potest
551 492 658 532 non
685 476 1049 548 gratissimum
1079 491 1203 533 esse
1231 476 1437 546 antiqui
1460 475 1744 546 scriptoris
1767 472 1936 539 Galli,

343 568 747 640 Theologorum
778 570 866 635 qui
900 569 954 622 in
985 568 1281 624 Occidente
1309 568 1613 625 ﬂoruerunt
1651 568 1943 624 celeberri-

344 667 417 718 mi
439 677 502 718 ac
531 661 900 729 disertissimi,
931 662 1276 734 excelsaeque
1320 662 1553 726 arboris,
1604 671 1664 716 ut
1692 676 1817 716 eum
1849 676 1945 714 vo-

344 763 436 813 cat
478 755 538 811 Β.
573 755 936 827 HierOnymus
961 752 1185 826 (Comm.
1215 756 1270 809 in
1313 753 1442 809 Esui
1470 771 1518 808 ο.
1546 754 1660 827 1.x),
1688 769 1792 823 qtta
1815 751 1946 808 tedi-

348 846 500 903 licata
530 858 614 903 est
641 847 871 903 ecclesia
906 845 1021 913 Dei,
1063 848 1128 901 ad
1159 846 1277 903 haec
1300 847 1463 903 etiam
1494 846 1778 903 fortissimi
1809 863 1942 901 con-

347 937 572 996 fessoris
600 938 822 1003 librum,
855 938 925 994 de
944 938 1262 1009 gravissima
1288 941 1533 996 omnium
1561 956 1680 1013 quae
1710 955 1944 1011 unquam

344 1032 402 1089 in
446 1032 686 1091 Ecclesia
726 1031 944 1088 fuerunt
971 1034 1342 1091 controversia
1371 1039 1655 1104 scriptum,
1710 1044 1830 1104 p05t
1866 1042 1947 1089 tot

346 1138 520 1179 annos
547 1139 580 1180 e
622 1124 862 1181 tenebris
892 1133 1106 1180 erutum
1143 1126 1428 1181 clarissimi
1456 1126 1531 1180 tui
1561 1125 1795 1181 nominis
1820 1140 1947 1180 aus-

347 1215 503 1288 piciis
530 1216 703 1272 lucem
749 1217 1014 1289 aspicere.
1046 1216 1175 1275 Haec
1200 1219 1300 1274 etsi
1326 1219 1459 1273 satis
1499 1217 1569 1273 ad
1598 1217 1947 1273 commenda-

349 1312 551 1368 tionem
592 1313 833 1367 mnneris
865 1312 1099 1378 valeant,
1132 1312 1273 1383 apud
1303 1320 1358 1369 te
1412 1314 1681 1384 praecipue
1709 1312 1805 1383 qni
1846 1327 1946 1382 pro

348 1415 441 1462 tuo
484 1421 612 1476 ergo
654 1406 862 1462 litteras
905 1405 1340 1476 religionemque
1388 1408 1600 1472 studio,
1655 1412 1946 1476 erectoqne

347 1512 509 1572 atque
537 1500 767 1557 infracto
791 1500 1055 1555 adversus
1077 1499 1294 1555 divitias
1315 1503 1599 1572 fumosque
1624 1500 1851 1566 aulicos,
1877 1500 1944 1554 ad

346 1609 471 1664 quae
490 1595 604 1649 sola
634 1608 775 1649 nunc
824 1593 1190 1659 concurritur,
1222 1594 1407 1658 animo
1437 1607 1653 1661 semper
1682 1592 1733 1647 id
1774 1606 1946 1664 genus

346 1686 605 1757 reliquias
632 1685 880 1747 Attalicis
907 1684 1311 1741 conditionibus
1331 1685 1612 1756 prmtnlisti
1653 1703 1665 1738 :
1702 1683 1943 1740 Passieni

2047 478 2233 531 στύλον
2260 484 2354 540 τῆς
2379 477 2645 541 ἐκκλησίας
2691 480 3039 542 verebantur,
3081 474 3348 533 cuniculis
3389 475 3444 531 id
3487 490 3649 545 agerc

2047 574 2382 633 statuerunt,
2439 572 2723 640 ipsumque
2756 571 3110 626 Athanasium
3141 572 3192 625 in
3234 569 3423 641 primis
3454 568 3650 624 tollen-

2047 659 2174 715 dttm
2201 662 2666 735 evertendumque
2685 672 3059 734 susceperunt.
3089 663 3225 719 Hinc
3258 663 3368 719 illa:
3392 662 3461 717 de
3485 660 3651 718 Arse-

2047 753 2474 821 niointerfecto,
2528 766 2585 812 et
2630 757 2910 813 confracta
2935 757 3106 812 calice
3153 757 3323 813 sacris
3374 755 3647 827 mysteriis

2047 847 2317 905 destinato
2345 851 2669 907 calumniae:
2696 867 2923 923 quarum
2957 859 3224 924 praetextu
3251 866 3372 906 cum
3400 865 3430 905 a
3461 849 3650 907 factio-

2048 939 2125 995 sis
2169 940 2488 1011 depositus,
2544 942 2998 1013 lmperatorisque
3049 943 3272 1000 decreto
3320 944 3373 999 in
3426 943 3646 999 exilium

2049 1034 2247 1091 missus
2273 1042 2442 1102 esset,
2467 1043 2613 1091 totus
2642 1036 2791 1092 orbis
2821 1038 2957 1093 tanti
3010 1035 3117 1092 viri
3165 1051 3294 1093 casu
3347 1049 3647 1092 concussus

2048 1136 2151 1183 est.
2186 1126 2326 1196 Quin
2372 1128 2533 1184 etiam
2566 1144 2688 1185 cum
2720 1130 2946 1202 synodis
2976 1128 3357 1185 Alexandrina:
3382 1170 3396 1195 ,
3452 1128 3648 1183 Roma-

2049 1230 2241 1289 n:e,et
2267 1222 2617 1277 tecnmenicze
2660 1222 2970 1279 Sardicensi
3022 1222 3351 1277 Athanasius
3378 1235 3531 1276 suam
3565 1220 3645 1276 in—

2049 1313 2357 1369 nocentium
2402 1313 2779 1384 approbasset,
2809 1314 3228 1368 calumniatores
3257 1327 3390 1368 vero
3418 1327 3525 1367 non
3555 1325 3645 1366 so-

2050 1405 2160 1460 lum
2189 1414 2270 1459 tot
2291 1406 2575 1460 sententiis
2594 1404 2831 1460 convicti
2871 1412 3035 1475 atque
3059 1404 3321 1471 damnati,
3349 1403 3444 1460 sed
3482 1404 3646 1460 etiam

2050 1495 2474 1577 libellis'ohlatis
2529 1496 2704 1553 eidem
2758 1498 2834 1570 (α)
2864 1496 3172 1553 Sardicensi
3204 1495 3437 1569 synodo,
3477 1495 3647 1551 Juliu-

2049 1605 2154 1662 que
2192 1590 2434 1645 Pontitici
2495 1590 2652 1645 Rom.
2702 1590 2947 1645 criminis
3001 1590 3223 1645 admissi
3267 1589 3649 1660 haereseosque

2050 1682 2262 1737 veniam
2310 1682 2631 1751 deprecati,
2688 1682 2951 1739 Ecclesia:
2994 1682 3365 1740 communioni
3419 1681 3651 1740 fuissent

347 1787 527 1835 tamen
552 1779 837 1835 sentcntiae
860 1779 906 1833 si
932 1779 1074 1835 bene
1105 1788 1158 1833 te
1184 1776 1333 1846 novi,
1365 1777 1615 1839 accedes.
1666 1776 1948 1847 plurisque
1973 1773 2026 1835 B
2052 1773 2274 1840 redditi;
2307 1774 2500 1830 iterum
2533 1787 2710 1831 tamen
2752 1790 2922 1847 canes
2969 1774 3035 1829 ad
3087 1774 3348 1830 vomitum
3399 1774 3603 1831 reversi
3630 1817 3646 1844 ,

346 1872 402 1927 in
437 1889 505 1929 eo
549 1871 713 1928 facies
755 1871 1015 1941 judicium
1062 1871 1415 1927 eruditissimi
1478 1867 1946 1939 cordatissimiqne

344 1964 464 2032 viri,
499 1965 593 2036 qni
622 1974 673 2020 te
695 1965 823 2019 dtttn
851 1964 982 2019 vixit
1008 2006 1022 2029 ,
1052 1964 1121 2019 ob
1141 1965 1415 2034 egregiam
1456 1962 1794 2029 doctrinam,
1820 1978 1950 2032 pru-

342 2056 607 2119 dentiam,
652 2055 1002 2127 studiumque
1043 2071 1110 2111 ac
1149 2057 1404 2127 pietatem
1436 2056 1487 2110 in
1521 2055 1674 2111 Rem.
1728 2056 1783 2111 in
1828 2056 1950 2128 qui-

343 2151 451 2208 bus
494 2160 673 2207 tecum
698 2150 1067 2221 conspirabat,
1096 2150 1255 2206 unice
1283 2150 1483 2205 amavit
1509 2157 1565 2204 et
1610 2149 1801 2217 coluit,
1829 2166 1945 2205 mo-

345 2245 603 2314 riensque
650 2259 762 2298 suae
804 2258 931 2312 erga
971 2251 1023 2300 te
1072 2256 1354 2313 propensa:
1400 2242 1692 2297 voluntatis
1734 2241 1948 2311 publice

343 2337 449 2396 hoc
476 2338 842 2394 testimonium
870 2338 1172 2408 posteritati
1196 2350 1410 2393 exstare
1433 2337 1626 2394 voluit.

416 2474 470 2530 2.
510 2473 662 2543 Quod
698 2472 890 2528 Hilarii
914 2474 1001 2529 sit.
1030 2504 1100 2515 —
1138 2473 1215 2531 De
1242 2482 1464 2530 auctore
1489 2488 1619 2531 vero
1641 2475 1796 2529 istius
1823 2474 1946 2530 libri

346 2583 509 2624 nemo
537 2567 710 2623 codici
758 2583 917 2624 manu
950 2570 1175 2639 scripto,
1207 2571 1298 2641 qui
1329 2569 1391 2623 Β.
1447 2568 1652 2624 Hilario
1695 2585 1821 2626 eum
1851 2570 1947 2624 ad-

346 2661 555 2726 scribit,
580 2660 739 2717 lidem
763 2660 1037 2727 detrahet,
1064 2662 1273 2734 virique
1304 2664 1540 2732 potentis
1573 2664 1783 2718 titulum
1815 2664 1947 2718 alie-

345 2769 432 2809 πω
482 2755 809 2823 possessioni
859 2754 1079 2811 affixum
1103 2758 1532 2813 Controversiam
1563 2758 1823 2825 movebit,
1857 2760 1948 2828 qui

346 2846 475 2918 styli
493 2847 575 2902 vel
594 2847 790 2918 ingenii
820 2849 952 2902 tanti
977 2848 1217 2903 doctoris
1241 2848 1474 2920 aliquem
1500 2861 1715 2920 gustum
1746 2849 1952 2906 habue-

345 2940 419 2996 rit
462 2957 478 3007 ;
523 2940 814 3013 siquidem
850 2941 1037 3014 longas
1087 2952 1142 2997 et
1188 2942 1455 2998 invnlutas
1481 2954 1536 2999 et
1581 2943 1769 3001 Gallici
1799 2944 1948 2999 Rho-

346 3030 504 3095 dani.
541 3043 600 3088 ut
626 3032 844 3089 violenti
873 3049 937 3089 ac
969 3035 1279 3105 prmrapidi,
1310 3036 1389 3092 sic
1426 3037 1588 3092 etiam
1616 3037 1947 3107 aliquantum

348 3124 464 3179 limi
494 3141 679 3182 secum
732 3126 1021 3191 trahentis,
1070 3142 1177 3198 quo
1206 3128 1523 3184 charactere
1552 3129 1699 3183 naris
1723 3144 1949 3186 emunc-

350 3217 572 3273 tissimae
597 3219 834 3288 scriptor
862 3219 977 3289 ipse
1009 3218 1373 3292 Hieronymus
1394 3219 1597 3289 scripta
1627 3220 1815 3276 Hilarii
1841 3222 1942 3293 sig-

347 3311 517 3376 navit,
547 3311 958 3381 deprehendere
983 3312 1106 3367 Iicet
1134 3311 1357 3383 (Hieron
1386 3314 1591 3384 praefat.
1622 3314 1675 3368 in
1699 3315 1849 3385 epist.
1880 3315 1951 3369 ad

350 3402 471 3459 Gal.
505 3401 559 3459 9.
594 3405 743 3476 epist.
782 3406 851 3460 15
880 3407 948 3459 ad
982 3405 1247 3475 Paulin.).
1282 3406 1387 3462 Sed
1417 3406 1545 3476 quid
1574 3406 1756 3463 verbis
1788 3408 1840 3463 in
1888 3422 1950 3463 re

347 3505 536 3568 aperta
568 3511 705 3567 opus
735 3496 859 3553 est?
886 3497 942 3552 Si
973 3501 1057 3552 cui
1099 3513 1163 3552 ea
1196 3499 1247 3553 in
1276 3514 1333 3553 re
1379 3513 1515 3570 aqua
1548 3499 1771 3565 haereat,
1807 3500 1949 3556 hunc

348 3588 550 3646 librum
579 3604 704 3645 cum
737 3591 805 3646 iis
833 3606 954 3662 quae
993 3591 1237 3647 omnium
1264 3594 1477 3649 calculo
1509 3608 1607 3664 pro
1660 3594 1950 3651 llilarianis

348 3693 564 3755 recepta
591 3692 717 3738 sunt
744 3683 1068 3751 contendat;
1118 3701 1216 3741 nec
1258 3702 1452 3757 aquam
1502 3702 1656 3752 aqua:
1680 3728 1695 3751 ,
1728 3702 1828 3742 nec
1858 3688 1948 3742 lac

347 3774 474 3830 lacti
522 3776 755 3831 similius
790 3776 1047 3832 inveniet.
1092 3776 1204 3832 Nec
1249 3793 1381 3833 sane
1436 3777 1750 3834 historicum
1803 3779 1948 3835 istud

346 3866 495 3940 Opus
538 3868 772 3941 antiquis
799 3869 1040 3941 ignotum
1080 3869 1218 3924 fuit:
1249 3871 1293 3926 si
1339 3868 1559 3942 quidem
1608 3872 1740 3927 illud
1770 3873 1946 3942 ipsum

347 3975 492 4027 esse,
521 3961 664 4033 quod
708 3962 850 4019 idem
892 3963 1007 4033 ipse
1036 3962 1394 4035 Hieronymus
1444 3974 1631 4019 contra
1662 3964 1946 4021 Ursacium

346 4064 405 4111 et
446 4054 764 4122 Valentem,
814 4066 1101 4112 continens
1166 4062 1533 4112 narrationem
1588 4056 1948 4114 Aritninensis

346 4145 597 4214 Cencilii,
621 4147 882 4203 Hilarium
909 4149 1194 4219 scripsisse
1223 4147 1458 4219 tradidit,
1486 4149 1612 4206 huic
1643 4150 1782 4207 libro
1811 4166 1947 4223 prm-

350 4238 455 4296 lixa
478 4240 763 4313 inscriptio
793 4240 957 4298 iidem
980 4243 1128 4298 facit.

419 4379 475 4435 3.
522 4376 773 4434 Ursacius
797 4389 846 4435 et
877 4376 1083 4447 Valens,
1110 4380 1217 4450 qui.
1256 4411 1328 4423 -υ-
1355 4380 1461 4453 Ipsi
1498 4382 1641 4438 enim
1693 4383 1948 4441 Ursacius

354 4480 412 4528 et
438 4470 662 4539 Valens,
716 4472 855 4527 alter
879 4471 1161 4543 Singiduni
1210 4473 1507 4542 superioris
1553 4474 1738 4545 Mysia!
1765 4518 1779 4541 ,
1807 4476 1949 4533 alter

2049 1864 2223 1921 fmdas
2249 1866 2369 1921 illas
2407 1875 2464 1921 et
2492 1866 2787 1922 Ecclesiam
2821 1867 2945 1933 Dei,
2971 1881 3094 1938 qua:
3123 1866 3317 1923 domus
3346 1867 3494 1938 pacis
3532 1877 3647 1934 est,

2022 1974 2237 2031 parum
2266 1959 2527 2016 decentes
2547 1958 2868 2026 discordias,
2892 1959 3268 2030 episcoporum
3297 1958 3649 2015 discursatio-

2052 2065 2147 2106 nes
2170 2050 2552 2119 Mediolanum,
2583 2053 2863 2120 Simiam,
2893 2052 3198 2109 Seleuciam
3221 2067 3469 2122 aSperam
3489 2092 3505 2118 ,
3531 2051 3651 2108 Ari-

2051 2145 2279 2210 minum,
2304 2142 2856 2216 Constantinopolim,
2873 2144 3114 2201 Nicaeam
3134 2144 3402 2209 Thraciae,
3433 2144 3516 2213 (et
3543 2158 3650 2213 quo

2053 2257 2157 2296 non
2189 2240 2518 2309 terrarum?)
2540 2247 2801 2309 praeterea
2829 2238 3271 2308 proscriptiones,
3298 2236 3460 2292 exilia
3480 2242 3537 2291 et
3548 2250 3656 2291 ete-

2049 2333 2148 2387 des
2174 2332 2479 2387 excitarunt
2504 2375 2518 2399 ,
2553 2346 2674 2402 qua:
2711 2329 2967 2401 quamdiu
2997 2330 3050 2384 in
3079 2329 3219 2384 vivis
3245 2326 3458 2384 exstitit
3505 2326 3650 2382 Con-

2051 2425 2304 2492 stantius,
2327 2424 2628 2480 catholicos
2657 2425 2945 2492 cpiscOpos
2971 2429 3358 2479 exercuerunt.
3382 2419 3654 2477 Tandem-

2048 2536 2156 2591 que
2178 2520 2417 2574 detracta
2453 2532 2685 2589 persona
2732 2518 3003 2572 Nicmnatn
3049 2515 3288 2587 regulam
3334 2530 3652 2585 oppugnan-

2051 2622 2153 2674 tes.
2183 2613 2569 2682 Imperatorem
2596 2612 2794 2681 ipsum,
2822 2609 2978 2678 cujus
3007 2614 3278 2680 potestate
3306 2607 3642 2673 nitebantur,

2050 2705 2382 2777 impulerunt
2405 2712 2462 2757 ut
2487 2702 2774 2773 episcopos
2799 2701 3030 2757 Arimini
3055 2709 3413 2771 congregatos
3435 2700 3501 2756 ad
3524 2698 3655 2755 sub-

2051 2798 2400 2870 scriptionem
2430 2812 2582 2852 novae
2611 2795 2861 2852 formula:
2892 2793 3013 2851 lidei
3037 2793 3280 2849 subdolis
3304 2793 3487 2850 verbis
3514 2807 3650 2848 con-

2050 2900 2225 2963 ceptte
2250 2891 2513 2963 adigeret,
2537 2905 2659 2959 qua:
2694 2899 2884 2943 contra
2936 2897 3299 2943 trecentorum
3333 2894 3388 2942 ct
3432 2885 3655 2942 octode-

2053 2988 2157 3045 cim
2184 2995 2398 3059 patrum
2424 2984 2726 3050 decretum,
2757 2985 2936 3043 οὐσίας
2960 2987 3047 3037 καὶ
3069 2980 3345 3055 ὁμοονσίου
3375 2979 3654 3036 vocabulis

2056 3079 2265 3136 indicto
2308 3077 2562 3146 silentio,
2616 3077 2813 3132 Filium
2868 3074 3016 3130 Patri
3065 3075 3297 3130 similem
3356 3072 3653 3131 secundum

1977 3161 2023 3226 C
2053 3173 2368 3245 Scripturas
2392 3170 2776 3243 proﬁtebatur,
2814 3168 3228 3234 dicentibusque
3260 3166 3412 3222 illum
3440 3175 3655 3222 creatu—

2052 3283 2166 3324 ram
2198 3269 2340 3323 sicut
2376 3266 2498 3321 aliae
2533 3270 2660 3319 sunt
2695 3270 2961 3320 creaturae
3012 3262 3301 3317 anathema
3347 3259 3644 3332 indigebat.

2051 3362 2164 3419 Nec
2192 3373 2369 3417 tamen
2400 3360 2476 3417 ibi
2526 3359 2936 3415 consistendum
2992 3371 3117 3412 esse
3175 3356 3467 3423 duxerunt,
3499 3354 3655 3425 (Nam

2052 3456 2177 3528 quis
2210 3454 2466 3524 peccandi
2500 3452 2663 3507 linem
2707 3459 2888 3522 posuit
2925 3447 3110 3522 sibi?)
3154 3464 3341 3505 verum
3398 3447 3657 3503 felicitate

2052 3561 2335 3603 successus
2390 3543 2713 3599 audaciores
2765 3543 2934 3609 facti,
2994 3557 3102 3597 non
3156 3542 3268 3611 jam
3316 3542 3384 3597 de
3435 3541 3656 3598 vocibus

2051 3644 2231 3703 οὐσίας
2254 3642 2341 3697 καὶ
2366 3640 2645 3712 ὁμοουσίου
2678 3647 2949 3706 tamquam
2979 3633 3270 3689 discordiae
3293 3646 3454 3703 pomo
3480 3649 3656 3702 qua-s-

2051 3737 2255 3791 tionem
2287 3731 2476 3787 haberi
2504 3728 2901 3801 signiﬁcarnnt,
2932 3725 3027 3782 sed
3075 3724 3325 3797 inoperta
3353 3725 3531 3795 capite
3554 3740 3652 3793 pn-

2053 3845 2172 3886 rum
2202 3835 2498 3899 petuntque
2525 3838 2622 3879 seu
2654 3824 2832 3891 potius
2858 3820 3128 3891 impurum
3162 3818 3514 3890 putidumqnc
3542 3816 3654 3872 Arii

2051 3923 2246 3994 dogma
2289 3917 2537 3976 Concilio
2592 3916 2898 3972 Antiochia:
2946 3912 3209 3984 professi,
3259 3910 3456 3967 Filium
3507 3910 3652 3967 Patri

2051 4013 2368 4072 dissimilem
2415 4011 2628 4082 penitus
2664 4012 2753 4064 καὶ
2794 4010 2847 4074 ἐξ
2889 4008 2979 4062 οὐκ
3018 4002 3172 4061 ὄντων
3216 4011 3520 4061 creaturam
3574 4001 3655 4074 (ὁ)

2053 4113 2377 4166 statuerunt.
2404 4103 2569 4175 Cujus
2601 4100 3090 4172 impietatisipsum
3108 4097 3496 4169 Imperatorem
3529 4112 3654 4155 auc-

2051 4211 2228 4258 torem
2257 4215 2322 4255 ac
2347 4197 2617 4253 vindicem
2648 4195 2947 4261 exstitisse,
2978 4192 3307 4249 Athanasius
3336 4193 3551 4249 asserit.

2121 4295 2177 4349 4.
2205 4292 2370 4363 Igitur
2399 4287 2651 4352 Ursacius
2671 4295 2728 4343 et
2749 4286 2945 4342 Valens
2973 4285 3047 4341 illi
3072 4284 3175 4355 ipsi
3201 4294 3325 4342 sunt
3350 4302 3363 4338 :
3400 4303 3419 4336 ‹
3458 4283 3652 4355 quibus

2052 4374 2527 4445 instantibus‘sub
2576 4383 2906 4452 imperatore
2961 4378 3282 4437 Constantio
3327 4378 3526 4435 factum
3572 4385 3656 4433 est

2054 4479 2396 4536 Ariminense
2424 4476 2715 4532 concilium
2745 4482 2935 4530 contra
2968 4473 3270 4529 formellam
3306 4470 3511 4528 Nicaeni
3539 4479 3651 4525 tra-

352 4565 553 4622 Mursae
601 4565 894 4621 Pannonia:
941 4563 1211 4637 (quamvis
1258 4581 1365 4622 non
1393 4582 1502 4620 uno
1548 4567 1667 4623 loco
1706 4568 1946 4625 Athana—
1971 4557 2027 4620 D
2050 4581 2248 4639 ctatus,
2279 4586 2382 4642 qua
2413 4569 2683 4626 universa:
2708 4566 2944 4621 haereses
2977 4565 3388 4635 comprehensa:
3413 4568 3602 4616 erant:
3625 4578 3647 4613 ι

352 4663 467 4718 sius
501 4662 844 4719 Alexandriae
873 4664 1163 4735 episcOpus
1191 4672 1483 4732 utrumque
1510 4664 1824 4723 Pannoncm
1852 4685 1949 4723 vo-

348 4758 457 4824 cet)
484 4759 721 4830 episcopi
750 4756 1034 4815 cum‘Caio
1060 4773 1212 4829 teque
1251 4757 1509 4814 Pannone
1531 4800 1546 4825 ,
1579 4768 1637 4815 et
1662 4758 1946 4817 Germinio

350 4848 533 4924 Cyzici
560 4852 790 4920 primum
818 4850 1014 4906 deinde
1037 4850 1217 4905 Sirmii
1245 4851 1540 4922 episcopo,
1591 4854 1758 4910 totius
1787 4856 1949 4911 Ario-

350 4956 637 4997 manorum
658 4941 964 5012 Tragoedia:
983 4940 1200 5012 cboragi
1217 4983 1233 5008 ,
1268 4952 1430 5014 atque
1481 4944 1620 5001 adeo
1649 4944 1950 5017 hypocrita:

351 5033 649 5090 extiterunt
709 5034 777 5090 ad
827 5048 966 5105 quos
1014 5049 1173 5101 cum,
1254 5043 1314 5090 ut
1356 5034 1433 5090 ait
1479 5046 1666 5094 noster
1715 5039 1950 5099 Hilarius

354 5124 530 5199 (Cant.
553 5127 821 5193 Armati”
858 5144 913 5181 η.
965 5127 1046 5198 4),
1085 5125 1274 5182 Ariani
1302 5127 1537 5184 nominis
1581 5130 1872 5189 haereditas
1896 5144 1949 5188 et

351 5221 628 5275 successio
655 5220 1008 5287 deduxisset,
1055 5235 1162 5275 non
1211 5221 1325 5277 ausi
1372 5230 1564 5292 aperto
1599 5222 1769 5281 Marte
1825 5226 1953 5283 fidei

348 5310 584 5368 Nicaeum
614 5312 813 5368 bellum
840 5311 1082 5367 indicere
1105 5320 1283 5367 stante
1305 5313 1424 5384 ipso
1443 5313 1761 5383 Athanasio,
1791 5333 1952 5388 quem

351 5413 635 5461 strenuum
658 5405 1053 5476 robustumque
1089 5404 1208 5475 ejus
1240 5417 1716 5479 propugnatorem,
1746 5425 1810 5468 ac
1840 5412 1955 5484 pla-

426 5566 507 5640 (a)
531 5567 661 5644 Qum
682 5567 770 5644 hic
793 5568 1021 5644 confuse
1042 5575 1351 5644 narrantur,
1375 5570 1590 5644 errandi
1610 5571 1788 5644 locum
1816 5592 1948 5644 prm-

349 5637 507 5719 ῥευμ-
534 5637 744 5719 Famosi
778 5651 901 5719 sunt
934 5639 1172 5719 Ursacii_
1200 5649 1269 5719 et.
1304 5638 1544 5696 Valentis
1577 5642 1744 5698 libelli
1774 5687 1788 5711 ,
1813 5637 1950 5719 quos

351 5708 916 5785 Sardicensisynodo
963 5726 1069 5785 non
1123 5710 1485 5785 obtulerunta
1524 5728 1630 5785 qua
1675 5708 1797 5772 cum
1827 5708 1951 5776 aliis

355 5781 656 5852 prmfractis
678 5781 949 5842 haereticis
973 5781 1210 5839 damnati
1241 5790 1386 5839 sunt.

2050 4669 2102 4723 in
2127 4680 2262 4738 quos
2283 4666 2387 4720 hoc
2411 4678 2548 4733 opus
2577 4660 2836 4730 scriptum
2864 4668 2964 4713 est.
3020 4658 3354 4725 Quamquam
3381 4695 3399 4721 ,
3428 4663 3486 4710 ut
3507 4655 3650 4724 quod

2050 4760 2228 4816 sentio
2256 4757 2453 4816 dicam,
2475 4754 2592 4809 haec
2611 4751 2733 4806 libri
2758 4750 3037 4818 inscriptio
3065 4750 3233 4803 multo
3260 4748 3380 4819 plus
3401 4747 3454 4803 in
3475 4744 3656 4805 fronte

2051 4851 2340 4924 spondeat,
2352 4841 2747 4920 quam'praastet
2760 4844 2813 4900 in
2829 4857 3047 4899 recessu
3070 4841 3169 4913 (c);
3190 4842 3294 4898 nisi
3313 4842 3455 4913 quod
3471 4843 3654 4913 operis

2052 4944 2312 5016 longioris
2366 4941 2613 5013 pluribus
2665 4941 2896 4993 fortasse
2942 4940 3325 5006 comprehensi
3372 4937 3546 5002 libris,
3598 4945 3655 4992 et

2054 5037 2377 5097 narrationis
2409 5043 2615 5091 exactae
2658 5047 2849 5088 eorum
2888 5045 3010 5102 qua:
3056 5028 3384 5086 Ariminensi
3424 5030 3655 5085 concilio

2054 5145 2203 5209 gesta
2233 5145 2378 5200 sunt,
2414 5132 2502 5188 vel
2525 5146 2649 5202 qum
2679 5129 2856 5201 ipsum
2890 5136 3281 5198 praecesserunt
3306 5170 3320 5189 .
3352 5135 3442 5182 aut
3470 5138 3653 5199 postea

2056 5240 2239 5287 secuta
2289 5235 2459 5293 sunt,
2511 5224 2726 5279 initium
2777 5229 2981 5276 tantum
3033 5235 3096 5275 ac
3146 5219 3355 5275 divulsa
3408 5219 3654 5291 quaedam

2055 5322 2376 5393 fragmenta,
2409 5333 2515 5374 non
2543 5326 2723 5371 autem
2753 5313 3020 5384 integrum
3051 5325 3188 5382 opus
3210 5313 3292 5367 vel
3325 5312 3521 5367 librum
3569 5312 3655 5368 hic

2056 5414 2300 5472 exhiberi
2326 5425 2545 5468 censeo.
2574 5408 2644 5465 Et
2662 5422 2794 5465 sane
2823 5413 3010 5462 auctor
3049 5403 3211 5475 hujus
3241 5404 3363 5460 libri
3392 5405 3572 5460 statim
3604 5406 3656 5461 in

2126 5576 2203 5651 (ὁ)
2243 5578 2349 5631 Aut
2388 5574 2569 5651 potius
2610 5581 2852 5651 statuere
2886 5575 3161 5651 tentarunt
3184 5585 3206 5651 7:
3235 5577 3308 5651 at.
3334 5569 3543 5651 objega

2055 5639 2207 5705 luere
2230 5639 2622 5711 nonvalentcs,
2650 5642 2878 5699 formula
2897 5656 3018 5711 qua:
3032 5641 3497 5710 Constantinopoli
3516 5639 3657 5696 edita

2056 5730 2191 5781 erat,
2222 5721 2466 5781 recitata,
2494 5710 2763 5788 abierunt.
2804 5710 2983 5788 (Sorr.
3016 5710 3055 5767 ι.
3091 5726 3151 5788 tt,
3199 5730 3247 5766 c.
3294 5711 3413 5786 45.)

2122 5790 2195 5861 (cl
2219 5788 2428 5848 Titulus
2456 5787 2616 5859 hujus
2635 5786 2758 5845 libri
2790 5783 2947 5858 plura
2975 5783 3213 5854 spondet
3230 5783 3651 5856 quam'praastat;
