4120 6170
489 268 588 329 891

1377 251 1442 308 ΙΝ
1485 244 1908 305 FRAGMENTA
1949 238 2194 297 SANCTI
2227 239 2484 296 HILARII
2525 237 2831 297 EPISCOPI

3679 235 3782 288 8?.

483 387 652 460 ipsius
705 381 857 438 initio
911 376 1117 442 scribit,
1165 369 1524 428 narrationem
1563 365 1848 420 ducturum
1904 373 1964 416 se
2009 357 2079 414 ab
2105 359 2159 421 Α
2182 354 2511 410 subdititiam
2533 369 2654 410 esse
2683 355 2856 425 stylus
2883 362 3061 424 negat,
3092 361 3149 409 et
3184 360 3446 424 praeterea
3485 353 3572 409 cui
3603 351 3781 406 bono?-

484 449 787 536 Arelatensi
825 467 1082 533 concilio,
1130 477 1238 536 quo
1262 459 1519 517 Paulinus
1569 453 1920 512 Trevirorum
1959 449 2077 518 epi-

483 583 682 639 scopus
696 564 1118 629 Galliarumque,
1147 563 1204 610 ut
1229 568 1351 610 eum
1373 549 1548 608 Graeci
1575 555 1792 612 vocant,
1807 545 2081 614 Metropo-

485 663 682 718 litanus
727 668 870 709 anno
917 649 1118 706 Christi
1164 646 1290 714 555,
1341 641 1610 700 Saturnini
1652 647 2080 705 caeterorumque

483 755 804 810 Arianorum
833 746 1065 802 factione
1112 741 1413 814 depositus,
1448 746 1504 794 et
1559 737 1612 792 in
1661 732 1880 791 exilium
1927 738 2078 786 actus

485 853 609 901 est:
644 843 712 898 de
757 853 865 912 quo
915 847 1091 892 tamen
1137 834 1395 902 deinceps
1443 829 1612 884 altum
1657 835 1742 883 est
1784 823 2075 880 silentium.

483 939 819 1007 Quicumque
836 933 979 988 enim
999 930 1114 986 hac
1125 925 1414 996 excerpsit,
1434 922 1657 1000 Κορυφὰς
1679 921 1858 997 ἑτέρας
1881 918 2080 1002 ἐτάραις

483 1030 802 1109 προσάπτων
835 1017 1182 1100 μύθων,ἰιιιί‹;
1215 1015 1566 1089 propositioni
1612 1010 1868 1067 continuo
1913 1023 2079 1080 syno—

474 1101 633 1179 dales
665 1121 920 1192 epistolas
969 1115 1312 1173 Sardicensis
1354 1109 1566 1167 concilii
1615 1121 1709 1163 sex
1755 1111 1883 1158 ante
1927 1101 2082 1159 annis

486 1215 674 1282 habiti,
707 1217 930 1270 alteram
961 1211 1029 1267 ad
1067 1223 1256 1264 omnes
1297 1204 1588 1269 Ecclesias,
1632 1201 1860 1256 alteram
1887 1196 1954 1251 ad
1982 1195 2078 1252 Ju-

485 1311 616 1366 lium
671 1309 728 1364 P.
782 1308 848 1362 R.
898 1303 1261 1361 innocentiam
1312 1295 1593 1354 Athanasii
1641 1299 1971 1363 compertam
2019 1302 2084 1344 ac

484 1407 841 1457 contestatam
867 1397 1168 1452 indicantes
1196 1390 1427 1463 subjecit
1459 1408 1473 1444 :
1501 1389 1570 1444 de
1599 1387 1792 1458 quibus
1823 1384 1973 1455 plura
2002 1379 2080 1436 di-

2181 449 2330 506 Adeo
2357 465 2544 506 verum
2573 458 2658 504 est
2683 447 2812 502 illud
2845 446 3078 518 Tragici,

2428 544 2567 593 Kuv.’
2586 553 2762 627 ὁ,
2787 551 2853 591 καὶ
2871 551 3115 602 ἀναρίθμητος
3141 548 3270 603 χρόνος

2426 618 2514 656 Φὺιι
2536 619 2570 654 τ’
2594 611 2734 664 ἄδηλα,
2755 616 2817 653 καὶ
2843 616 2998 665 φανίνῖσ.
3021 615 3229 665 spirantes:

2833 663 3064 727 (Sophos.
3089 663 3140 713 tu
3163 663 3337 728 Aiace,
3368 677 3401 727 ρ
3415 663 3533 726 .39.)

2253 759 2305 814 6.
2349 759 2578 830 Sequens
2607 758 2830 828 epistola
2878 773 3013 810 nunc
3065 754 3228 826 Frag.
3260 772 3331 810 xtt
3376 773 3466 811 an.
3498 754 3622 830 βθό
3650 756 3787 810 scri-

2185 861 2292 920 pta.
2317 882 2390 893 ——
2413 850 2699 921 Sequentis
2719 850 2962 919 ejusdem
2994 823 3270 903 Pontilicis
3301 823 3562 916 epistolas,
3594 863 3790 916 quam—

2182 946 2265 1000 vis
2303 945 2413 1014 ipsa
2442 943 2833 999 connexionem
2864 957 2984 996 cum
3034 939 3465 1009 praecedentibus
3517 940 3786 1009 aptiorem

2184 1054 2288 1093 non
2341 1038 2551 1103 habeat,
2597 1035 2799 1091 certior
2847 1045 3027 1090 tamen
3077 1042 3159 1088 est
3214 1032 3458 1086 historia.
3515 1032 3787 1098 Quantum

2182 1130 2328 1187 enim
2350 1144 2414 1184 ex
2447 1128 2563 1199 ejus
2596 1127 2790 1198 ubique
2819 1125 3244 1195 corruptissime
3268 1122 3498 1178 lectione
3521 1122 3678 1176 datur
3700 1136 3792 1176 as-

2184 1223 2366 1293 sequi,
2415 1234 2534 1294 post
2579 1220 2919 1291 imperatoris
2969 1218 3267 1274 Constantii
3321 1217 3548 1283 obitum,
3603 1230 3795 1272 rever-

2185 1330 2412 1386 sumque
2433 1315 2502 1369 ab
2528 1312 2720 1368 exsilio
2742 1311 3033 1366 Eusebium
3055 1308 3424 1364 Vercellarum
3442 1309 3790 1379 episcopum,

2185 1423 2308 1464 cum
2341 1413 2523 1460 nostro
2555 1403 2757 1460 Hilario
2799 1412 2853 1459 et
2894 1402 3190 1456 Athanasio
3219 1400 3397 1455 divina
3423 1399 3788 1470 providentia,

486 1507 628 1557 cere,
661 1489 1120 1563 (quandoquidem
1175 1486 1315 1540 hanc
1340 1483 1533 1549 doctis,
1566 1480 1794 1572 Jupiter,
1838 1486 1891 1532 et
1936 1475 2084 1572 labo-
2172 1516 2307 1572 qua,
2354 1499 2465 1555 suis
2509 1497 2738 1569 tempori
2779 1511 3068 1566 numquam
3100 1509 3205 1550 non
3237 1491 3412 1559 adest,
3450 1493 3602 1562 κάρ.
3632 1491 3794 1547 Ch“.

486 1587 644 1641 riosis
684 1587 796 1640 suis
831 1583 1113 1639 annlibus
1154 1580 1238 1634 vir
1281 1575 1625 1633 illustrissimi
1655 1571 1890 1628 nominis
1914 1584 1975 1622 ac
2005 1568 2086 1622 tli-

482 1675 700 1750 gnitatls
745 1677 1046 1734 Cardinalis
1091 1672 1358 1729 Baronius
1403 1669 1650 1734 inseruit,
1701 1665 1920 1720 omissis
1958 1663 2086 1718 sub-

2185 1595 2376 1650 stianze
2390 1591 2781 1648 constituenda:
2795 1585 3633 1657 restauratidzeque'l‘riumvirum
3651 1600 3796 1654 pra:-

2189 1687 2460 1749 stitutum,
2493 1691 2873 1738 conservatum
2905 1688 3066 1750 atque
3095 1678 3302 1743 alitum,
3349 1679 3452 1731 hoc
3501 1686 3605 1741 est,
3647 1676 3793 1731 circa

483 1772 834 1827 scribentium
881 1770 1258 1840 episcoporum
1303 1763 1634 1828 nominibus,
1679 1775 1801 1831 quas
1853 1758 1922 1813 ab
1968 1756 2085 1826 ejus
2116 1758 2162 1818 B
2189 1792 2386 1831 annum
2418 1774 2615 1831 Christi
2647 1774 2755 1829 565
2781 1772 2981 1843 scrip”
3006 1779 3128 1826 est,
3163 1784 3356 1840 nempe
3395 1783 3502 1839 quo
3547 1777 3796 1836 tempore

483 1865 670 1921 codice
697 1865 959 1928 aberant;
1012 1863 1104 1918 illa
1152 1874 1282 1916 vero
1323 1873 1430 1913 non
1476 1871 1582 1911 uno
1621 1853 1738 1910 loco
1774 1849 1915 1922 apud
1945 1850 2085 1904 anti-

483 1975 616 2029 quos
645 1959 865 2030 exstat,)
899 1955 1233 2028 superﬂuum
1265 1951 1537 2009 existimo.
1587 1948 1734 2003 idem
1767 1947 1927 2002 etiam
1963 1959 2085 2014 pcr-

483 2052 690 2121 spicere
741 2059 826 2106 est
881 2048 945 2105 ad
997 2049 1200 2104 calcem
1248 2045 1532 2115 fragmentt
1578 2057 1639 2106 ιι,
1689 2039 1775 2096 ubi
1836 2053 1956 2092 cum
2018 2035 2078 2089 Β.

423 2134 427 2136 ’
483 2142 715 2198 Hilarius
747 2144 919 2198 lucem
953 2137 1247 2196 narrationi
1278 2153 1390 2193 sua:
1430 2137 1708 2190 allaturum
1754 2132 1980 2188 dixisset
2021 2129 2084 2183 il-

483 2238 587 2291 lam
634 2239 958 2300 orationem,
1012 2249 1172 2303 quam
1220 2231 1409 2286 eadem
1465 2227 1801 2284 Sardicensis
1843 2222 2084 2296 synodus

483 2341 578 2398 per
599 2327 938 2383 Vincentium
989 2327 1186 2394 Capuze
1241 2331 1295 2378 et
1348 2321 1426 2394 (a)
1483 2319 1780 2391 Euphatem
1843 2315 2084 2370 Coloniae

482 2420 792 2490 Agrippinae
818 2418 1103 2489 episcopos
1132 2413 1478 2470 Antiochiam
1510 2425 1678 2480 uSque
1711 2407 1778 2463 ad
1809 2408 2080 2462 Constan-

485 2511 612 2566 tittm
665 2510 860 2566 missos
906 2509 1126 2574 habuit;
1161 2522 1356 2578 magno
1407 2515 1583 2559 tamen
1632 2500 1872 2556 historias
1913 2496 2081 2554 delri-

483 2616 669 2661 mento
691 2605 836 2660 nulla
866 2603 953 2659 hic
985 2611 1183 2669 exstat,
1213 2599 1309 2656 sed
1338 2599 1453 2670 ejus
1483 2599 1603 2652 loco
1628 2595 1873 2667 qumdatn
1920 2593 2080 2648 Libe-

483 2700 547 2756 rii
579 2701 638 2756 P.
666 2701 732 2756 li.
758 2699 838 2773 (ὁ)
881 2706 937 2754 et
961 2698 1190 2754 aliorum
1218 2694 1461 2765 epistolae
1491 2691 1637 2747 nullo
1663 2689 1921 2761 temporis
1943 2730 1958 2755 ,
1991 2687 2079 2743 vel

484 2811 667 2852 rerum
716 2794 907 2850 ordine
937 2800 1152 2848 servato
1183 2789 1327 2846 velut
1357 2788 1410 2844 in
1456 2785 1767 2843 fasciculum
1812 2789 2081 2854 congesta:

483 2890 759 2960 leguntur.

554 2981 606 3036 5.
650 2979 783 3034 Nam
815 2993 935 3048 quas
972 2977 1143 3049 prima
1191 2973 1456 3038 occurrit,
1501 2989 1531 3028 a
1571 2971 1786 3028 Liberio
1815 2969 1957 3024 circa
1996 2965 2080 3022 sui

485 3073 827 3146 pontillcatus
856 3071 1064 3127 initium
1093 3112 1108 3136 ,
1135 3069 1275 3140 quod
1305 3070 1356 3123 in
1388 3082 1585 3122 annum
1618 3064 1808 3120 salutis
1839 3063 1947 3119 553
1993 3063 2077 3115 lu-

2185 1869 2237 1924 iu
2269 1868 2559 1924 Occidente
2591 1867 2808 1936 pariter,
2836 1879 2897 1918 ac
2926 1873 3050 1918 ante
3078 1862 3286 1934 synodo
3315 1860 3682 1916 Alexandrina
3734 1861 3792 1916 in

2185 1962 2406 2018 Oriente
2437 1959 2455 2032 (
2484 1959 2610 2015 anni
2639 1959 2745 2018 562
2769 1957 2810 2030 ).
2842 1956 3146 2012 concordi-.e
3193 1955 3448 2026 pacisque
3497 1951 3679 2008 studio
3725 1968 3793 2008 ac

2185 2056 2328 2111 bono
2359 2071 2384 2106 ιι
2421 2053 2592 2108 tribus
2621 2052 2747 2116 illis,
2800 2055 2868 2111 ὡς
2897 2049 3090 2110 ἀληθῶς
3119 2049 3405 2126 ἀνθρώποις
3432 2053 3522 2102 τοῦ
3549 2052 3677 2102 Θεοῦ
3705 2050 3792 2100 καὶ

2185 2152 2448 2222 μεγίστοις
2477 2153 2576 2201 τῶν
2596 2144 2788 2218 ψυχῶν
2817 2141 3116 2216 οἰκονόμοις,
3158 2156 3223 2194 ex
3271 2154 3350 2194 Ill
3415 2137 3691 2194 Senntibus
3730 2153 3794 2192 at:

2185 2241 2403 2310 [ortibus
2450 2239 2668 2308 siremps
2718 2238 2801 2291 lea:
2848 2236 2988 2290 dicta
3021 2244 3126 2303 est,
3178 2234 3611 2304 Arianorumque
3641 2247 3796 2287 com-

2187 2333 2442 2386 munione
2499 2329 2764 2394 ftedatos,
2811 2327 3052 2396 exceptis
3108 2325 3382 2380 haereseos
3435 2324 3790 2389 auctoribus,

2187 2423 2426 2494 perﬁditn
2472 2422 2845 2477 renuntiantes
2877 2436 2889 2473 :
2923 2437 2942 2471 t
2981 2419 3225 2474 Ecclesia
3253 2417 3511 2473 catholica
3555 2436 3573 2470 ›
3618 2417 3793 2486 inquit

2186 2516 2541 2587 Augustinus,
2583 2533 2601 2566 ‹
2638 2523 2883 2569 materno
2933 2511 3141 2581 recepit
3195 2511 3336 2576 sinu,
3388 2519 3656 2579 tamquam
3691 2509 3793 2565 Pe-

2187 2620 2323 2664 trtnn
2359 2619 2479 2680 post
2509 2607 2694 2662 ﬂetum
2725 2603 3025 2676 negationis
3055 2619 3150 2672 per
3190 2600 3318 2673 galli
3349 2613 3566 2657 cantum
3595 2599 3788 2655 admo-

2184 2703 2377 2769 nitum,
2402 2710 2492 2756 aut
2517 2709 2785 2770 tamquam
2813 2695 3062 2753 eumdem
3087 2705 3209 2768 post
3235 2709 3450 2766 pravam
3482 2692 3789 2749 simulatio-

2185 2804 2306 2848 nem
2351 2791 2498 2846 Pauli
2551 2806 2680 2846 voce
2708 2797 3009 2845 correctum
3044 2807 3062 2840 ι
3110 2785 3475 2860 (Augustinus
3510 2785 3574 2839 de
3611 2785 3793 2856 Agaue

2185 2882 2378 2939 Christ.
2439 2899 2484 2936 c.
2545 2880 2659 2954 50).
2719 2879 2936 2935 Lucifer
2976 2879 3124 2934 solus
3162 2877 3479 2932 Calararum
3525 2876 3792 2932 Sardinia:

2184 2978 2489 3048 episcopos,
2521 2973 2825 3029 constantia
2868 2971 3014 3036 fidei,
3049 2971 3486 3042 scriptorumquo
3515 2967 3791 3035 libertate,

2185 3069 2228 3122 si
2259 3068 2431 3121 labem
2468 3068 2622 3122 iStam
2661 3065 2920 3135 excipias,
2970 3065 3110 3118 inter
3150 3061 3408 3117 Ecclesia:
3455 3061 3656 3115 lumina
3703 3075 3795 3116 re-

483 3166 633 3232 cidit,
665 3167 863 3237 scripta
917 3164 1147 3220 videtur.
1182 3163 1286 3218 Par
1324 3172 1410 3218 est
1453 3165 1597 3217 enim
1638 3159 1812 3228 ipsum
1857 3170 2078 3212 aecusa—
2111 3141 2157 3204 C
2190 3159 2516 3228 censendus,
2574 3158 2836 3229 paucique
2859 3155 2950 3210 alii
2975 3155 3138 3210 nimia
3169 3153 3453 3208 sanctitate
3479 3152 3652 3206 dicam
3673 3193 3686 3217 ,
3719 3167 3791 3209 an

485 3258 684 3314 tionem
713 3273 896 3314 coram
924 3256 1066 3313 Julio
1091 3269 1420 3326 praecessore
1460 3268 1560 3308 suo
1613 3250 1917 3307 inchoatam
1972 3263 2078 3304 non

484 3351 576 3407 diu
610 3351 972 3422 protraxisse,
1013 3350 1109 3405 sed
1159 3348 1340 3404 statim
1374 3357 1432 3402 ut
1461 3344 1698 3418 pontifex
1740 3343 2079 3400 renuntiatus

485 3453 588 3509 est,
621 3445 825 3516 legatus
850 3445 974 3500 illos
999 3458 1124 3499 suos
1149 3443 1215 3500 ad
1245 3442 1593 3498 Athanasium
1621 3439 1832 3495 misisse
1856 3438 2082 3494 Alexan-

485 3538 679 3604 driam,
724 3537 1222 3608 detractantemque
1256 3535 1517 3606 judicium
1569 3531 1978 3589 condemnasse.
2023 3529 2078 3586 in

484 3645 592 3702 quo
633 3639 810 3686 tamen
856 3631 1027 3686 nodus
1071 3630 1183 3685 Deo
1210 3629 1438 3693 vindice,
1488 3627 1541 3683 id
1583 3635 1687 3692 est,
1739 3625 2082 3682 ornatissimo

485 3723 581 3778 illo
625 3721 1044 3794 doctissimoque
1093 3722 1377 3777 Annalium
1418 3719 1905 3776 ecclesiasticorum
1948 3716 2084 3772 scri-

485 3819 639 3885 ptore
663 3815 858 3886 dignus
899 3814 1100 3870 subest.
1147 3813 1282 3869 Cum
1322 3812 1466 3869 enim
1507 3820 1789 3868 auctorum
1840 3809 2080 3867 omnium
2136 3841 2138 3843 ›

483 3908 698 3978 scriptis
726 3917 958 3974 constet,
991 3907 1339 3962 Athanasium
1363 3907 1473 3977 jam
1506 3906 1635 3960 olim
1657 3916 1782 3960 ante
1808 3903 2080 3959 Liberium

484 4001 916 4058 adversariorum
963 4010 1110 4058 artes
1156 4002 1527 4072 versutiasque
1565 4001 1856 4065 detexisse,
1905 4000 2080 4054 mani-

487 4093 732 4164 festoque
780 4095 1064 4150 mendacio
1091 4093 1421 4160 traduxisse;
1465 4095 1585 4164 quis
1614 4093 1788 4164 potuit
1835 4106 1958 4147 esse
2002 4099 2082 4146 tot

485 4185 707 4257 synodis
747 4188 1084 4243 contixorum
1130 4188 1483 4254 accusationi,
1526 4196 1618 4243 aut
1669 4185 2082 4242 tot'sententiis

485 4277 717 4334 absoluti
768 4280 1204 4336 condatnnationi
1252 4281 1440 4336 locus?
1486 4289 1578 4336 aut
1618 4280 1890 4351 quomodo
1933 4294 2083 4335 com-

488 4369 741 4425 munione
771 4387 864 4426 sna
905 4375 1079 4444 potuit
1106 4374 1401 4430 Athanasio
1443 4375 1688 4430 Liberius
1734 4375 2078 4442 interdicere,

488 4461 646 4532 cujus
673 4462 1178 4521 condemnationem
1215 4467 1282 4522 ab
1333 4467 1694 4523 Orientalibus
1722 4469 1928 4538 aliquot
1965 4470 2081 4539 epi-

487 4553 669 4625 scopis
691 4554 910 4621 factam,
939 4564 998 4614 et
1021 4556 1084 4612 ad
1104 4571 1162 4613 se
1184 4559 1526 4628 pontillcatus
1547 4559 1629 4613 sui
1660 4558 2081 4627 initiojmissam,

486 4647 530 4702 si
583 4657 752 4706 ratam
801 4663 920 4706 eam
973 4651 1217 4719 haberet,
1273 4651 1727 4722 quemadmodum
1776 4652 1920 4708 idem
1967 4653 2083 4723 ipse

485 4740 732 4796 Liberius
759 4743 812 4798 in
839 4743 1066 4814 epistola
1115 4744 1182 4800 ad
1213 4745 1609 4814 Constantium,
1641 4759 1763 4816 qua:
1806 4745 1894 4802 hic
1936 4747 2081 4803 edita

487 4833 716 4890 habetur
744 4835 986 4910 (Fraqm.
1011 4853 1064 4903 v,
1096 4854 1150 4894 rt.
1179 4837 1261 4910 2),
1289 4840 1443 4895 testis
1469 4849 1572 4905 est,
1621 4849 1838 4910 accepta
1887 4841 2078 4897 eodem

486 4935 729 4998 tempore
755 4931 1088 5000 septuaginta
1117 4934 1356 5004 quinque
1390 4933 1766 5005 episcoporum
1797 4933 2080 5006 Egyptia-

485 5035 603 5074 rum
636 5020 912 5077 Athanasii
956 5025 1318 5080 innocentiam
1359 5033 1589 5081 testante
1631 5029 1897 5082 sententia
1927 5042 2078 5082 com-

487 5114 718 5183 probare
747 5115 952 5170 noluit?
971 5117 1174 5173 Omitto
1203 5117 1344 5189 quod
1366 5117 1590 5190 hujusce
1614 5120 2080 5178 condemnationis

488 5220 588 5260 nec
607 5204 942 5285 Athanasius.
961 5208 1098 5279 ipse,
1122 5210 1213 5280 qui
1244 5225 1330 5266 res
1358 5225 1485 5266 suas
1519 5211 1930 5283 diligentissime
1970 5230 2078 5269 non

487 5314 593 5354 uno
618 5297 755 5356 libro
783 5303 1098 5374 complexus
1145 5313 1258 5370 est,
1300 5319 1400 5360 nec
1427 5307 1707 5376 quiaquam
1754 5307 1895 5362 alius
1936 5307 2081 5379 quod

485 5397 652 5448 sciam
683 5403 926 5450 veterum
951 5411 1174 5467 usquam
1209 5397 1472 5454 meminit.
1525 5397 1737 5456 Falsam
1782 5410 1959 5456 autem
1989 5410 2084 5456 aut

558 5552 635 5628 (ρ)
656 5553 991 5628 Euphratem
1011 5569 1118 5628 seu
1146 5558 1474 5628 Euphratem
1501 5573 1566 5614 ex
1587 5558 1933 5616 'l‘beodoreto
1957 5561 1995 5616 l.
2016 5577 2074 5624 tt.

485 5624 726 5711 9‘._7.“Ex
767 5641 875 5711 quo
900 5626 1117 5711 quidem
1147 5624 1362 5686 constat
1399 5630 1538 5711 duos
1581 5632 1702 5686 illos
1741 5637 2022 5711 episcopos
2047 5647 2080 5688 a

490 5695 806 5772 §ardicensl
844 5695 1076 5758 concilio
1106 5719 1374 5772 reversos,
1426 5721 1452 5760 a
1498 5695 1795 5762 Constante
1843 5695 2082 5762 delectos

488 5768 684 5836 tuisse,
711 5785 819 5843 quo
838 5774 1095 5848 epistulas
1115 5790 1243 5842 suas
1266 5776 1335 5839 ad
1353 5768 1727 5839 Constantium
1750 5778 2078 5854 perferrent.

2187 3255 2487 3325 pervicacia
2525 3270 2538 3305 :
2586 3271 2604 3303 ί
2639 3250 2786 3305 Hanc
2816 3249 3000 3304 matris
3041 3247 3358 3303 charitatem
3393 3247 3622 3316 superbe
3649 3246 3794 3299 acci-

2186 3347 2391 3418 pientes
2419 3359 2467 3398 et
2498 3344 2660 3414 impie
2688 3340 3176 3412 reprehendentes,
3209 3338 3331 3410 quia
3364 3349 3484 3408 post
3509 3338 3633 3408 galli
3659 3353 3792 3392 can-

2185 3449 2292 3494 tum
2326 3438 2564 3508 surgenti
2597 3453 2702 3491 non
2730 3435 3019 3507 gratulati,
3050 3449 3172 3488 cum
3219 3429 3443 3487 lucifero
3487 3432 3577 3501 qui
3623 3447 3788 3485 mane

2182 3533 2458 3588 oriebatur
2488 3530 2683 3585 cadere
2712 3535 3028 3584 meruerunt
3048 3546 3065 3578 ι
3091 3526 3453 3600 (Augustinus,
3476 3526 3573 3592 ib.,
3596 3543 3646 3580 ε.
3667 3527 3787 3596 50).

2185 3623 2335 3678 Adeo
2358 3621 2410 3677 in
2428 3620 2676 3678 omnibus
2691 3621 2852 3676 rebus
2866 3630 2922 3674 ut
2939 3622 3226 3690 Optimum,
3243 3619 3313 3672 ita
3337 3614 3391 3673 et
3407 3615 3790 3674 difﬁcillimum

2184 3725 2269 3772 est
2294 3714 2511 3771 modum
2542 3729 2782 3769 servare.

2257 3812 2309 3865 7.
2355 3811 2692 3866 Arimineusis
2723 3810 2928 3865 concilii
2955 3825 3104 3863 casus
3134 3809 3393 3864 incautus.
3441 3838 3512 3848 —
3563 3805 3791 3864 Ursacio

2185 3903 2324 3959 enim
2352 3916 2405 3959 et
2431 3903 2673 3968 Valente,
2709 3913 2766 3958 ut
2792 3903 2999 3958 scelera
3045 3903 3134 3957 diu
3179 3902 3348 3957 latere
3389 3917 3496 3964 non
3540 3913 3788 3972 possunt,

2185 3997 2337 4052 ulcus
2391 3996 2748 4052 Aritninensis
2794 3994 2914 4050 ﬁdei
2957 3995 3025 4050 ab
3069 3993 3318 4049 omnibus
3359 3992 3470 4050 fere
3521 3997 3791 4067 episcopis

2185 4107 2283 4162 pro
2309 4089 2606 4146 orthodoxa
2639 4099 2874 4160 sucepta:
2901 4104 2962 4144 ac
2984 4089 3352 4159 comprobatae
3378 4087 3786 4158 detegentibus,

2185 4183 2487 4254 Filiumque
2534 4183 2766 4238 similem
2818 4181 2959 4236 Patri
3024 4179 3225 4236 dictum
3305 4179 3791 4252 interpretantibus

2185 4279 2285 4348 οὐχ
2316 4276 2511 4342 ἁπλῶς,
2543 4290 2726 4328 verum
2756 4275 2887 4330 κατὰ
2908 4297 2981 4338 τι,
3011 4272 3060 4327 id
3093 4282 3196 4336 cst,
3229 4272 3511 4326 secundum
3535 4272 3788 4344 Scriptu-

2185 4387 2292 4436 ras,
2345 4378 2400 4424 et
2446 4377 2715 4438 quatenus
2768 4367 3063 4437 Scripturis
3139 4365 3311 4421 sacris
3363 4381 3427 4420 ea
3490 4364 3788 4420 similitudo

2186 4461 2479 4517 conformis
2504 4469 2606 4529 est,
2637 4474 2706 4515 ex
2737 4460 2908 4528 iisque
2939 4473 3038 4514 nec
3076 4456 3339 4528 aequalem
3371 4456 3514 4511 Patri
3544 4455 3738 4510 Filium
3767 4497 3786 4520 ,

2111 4533 2163 4593 D
2189 4573 2288 4614 nec
2318 4572 2482 4611 unum
2528 4571 2651 4610 cum
2678 4556 2746 4610 eo
2771 4556 2788 4624 (
2817 4569 3033 4623 semper
3061 4552 3204 4608 enim
3233 4567 3262 4605 a
3307 4565 3442 4606 vero
3485 4549 3791 4605 similitudo

2187 4651 2401 4723 abest,)
2449 4650 2895 4714 conticieutihus,
2951 4656 3258 4702 creaturam
3315 4646 3478 4700 etiam
3532 4654 3788 4715 negatum

2184 4749 2324 4803 sicut
2353 4756 2477 4802 sunt
2502 4746 2625 4801 aliae
2663 4752 2964 4807 creaturae;
3006 4740 3435 4811 praestantiorem
3467 4739 3611 4794 enim
3639 4752 3787 4802 esse,

2185 4841 2280 4896 sed
2310 4849 2616 4896 creaturam
2672 4847 2852 4893 tamen
2901 4835 3242 4891 eludentibus
3291 4851 3305 4886 :
3361 4831 3621 4904 Ingemuit
3651 4841 3793 4887 totus

2186 4934 2342 4996 orbis,
2375 4933 2547 5002 inquit
2582 4930 2944 5003 Hieronymus
2990 4927 3256 4996 (adversus
3301 4921 3709 4995 Luciferianos),
3738 4941 3768 4978 ε

2185 5045 2238 5083 se
2259 5027 2503 5081 Arianum
2535 5027 2744 5078 miratus
2768 5033 2861 5078 est.
2879 5023 2946 5077 Et
2971 5036 3098 5077 sane
3111 5018 3415 5092 τὸ,”ομοιο
3433 5040 3455 5072 ι
3481 5019 3643 5076 κατὰ
3667 5020 3792 5079 τὰς

2187 5135 2220 5178 Γ
2234 5123 2396 5201 {lapsi
2411 5143 2456 5186 ς,
2479 5127 2586 5182 τοῖς
2616 5116 3193 5196 ἁπλουστέροις,ἰηίιυίι
3217 5129 3440 5184 magnus
3471 5113 3790 5183 ille'Grego-

2189 5217 2300 5272 rius
2341 5212 2639 5283 (Hesiona.
2695 5213 2789 5266 Ου’.
2840 5210 2929 5276 21,
2975 5226 3028 5263 η·
3069 5209 3140 5263 26
3164 5208 3207 5280 )ι
3259 5206 3434 5280 δέλεαρ
3479 5203 3537 5264 ἦν
3582 5206 3639 5261 τὸ
3686 5214 3782 5266 τῆς

2188 5309 2427 5368 ἀσεϐείας
2450 5306 2628 5379 χαλκῷ
2682 5306 3046 5380 περικείμενον.
3094 5303 3126 5360 ἡ
3177 5301 3304 5375 πρὸς
3351 5300 3552 5358 πάντας
3608 5296 3789 5372 ὁρῶσα

2187 5401 2310 5462 τοὺς
2364 5399 2636 5476 παριόντας
2683 5397 2846 5460 εἰκὼν,
2881 5397 2913 5456 ἡ
2953 5394 3084 5449 κατὰ
3116 5393 3286 5447 πάντα
3315 5387 3501 5461 ἄνεμον
3527 5391 3785 5460 λίκμησις.

2185 5560 2267 5614 An
2300 5573 2428 5613 vero
2470 5555 2619 5625 prius
2645 5553 2710 5609 ad
2758 5553 2901 5608 idem
2932 5565 3127 5625 munus
3146 5548 3457 5625 obeundum
3493 5562 3524 5602 a
3551 5545 3787 5625 concilio

2190 5631 2255 5684 ad
2295 5618 2546 5686 eumdem
2595 5628 2980 5696 imperatorem
3023 5621 3275 5678 destinati
3315 5620 3549 5686 fuerint,
3573 5633 3681 5674 non
3711 5618 3785 5673 ita

2190 5711 2576 5856 ωῖῖῖθῖέῑυθιοίί
2606 5770 2831 5854 epist01a
2863 5767 3031 5851 Prima
3058 5765 3219 5830 “"5”
3249 5763 3417 5844 (ΜΨ
3460 5762 3601 5840 ⁸”)⁹’
