4120 6170
431 226 537 284 893

1601 223 1876 282 NICOLAI
1918 222 2117 282 FABRI
2163 222 2552 282 PBEFA'I'IO.

3624 230 3734 291 ιιιι

432 342 474 396 Τ
479 356 582 396 nnc
619 355 752 412 ergo
785 341 1154 406 concurrebant
1182 340 1410 413 episcopi
1433 379 1450 406 ,
1481 341 1570 412 qui
1597 341 1849 414 ejusmodi
1900 332 2032 394 dolls
2059 340 2111 402 Α
2140 335 2402 410 Iaipltutn,
2454 357 2592 415 quos
2651 345 2888 416 gessisse
2945 347 3286 403 consulatum
3351 349 3540 404 salutis
3587 367 3732 405 anno

430 437 641 502 irretiti,
687 435 885 514 διανοίᾳ
925 435 1170 506 quidem.
1215 445 1271 498 ut
1293 450 1416 490 cum
1457 434 1650 491 eodem
1696 433 2034 490 Nazianzeno
2137 433 2242 490 566
2262 433 2718 505 cbronologornm
2747 438 3142 510 diligentissimi
3171 442 3412 497 tradunt.
3445 442 3580 497 Male
3607 444 3730 499 illos

427 525 551 598 (0r.
576 528 690 592 21η
714 544 771 581 ιι.
799 525 893 597 50)
946 527 1153 599 loquar,
1187 530 1245 583 οὐ
1280 528 1542 594 πεσόντες,
1566 529 1834 605 γράμματι
1857 524 1912 582 δὲ
1932 547 2036 582 πα-

2137 525 2422 583 hmreticos
2447 528 2676 585 habebat
2703 543 2858 587 vetus
2882 533 3010 588 illud
3035 535 3086 588 in
3115 549 3173 589 se
3203 532 3454 605 experiri,
3486 533 3606 588 Cito
3631 535 3731 588 int-

429 622 736 696 ραχθέντις,
787 621 876 676 και
922 627 1014 677 τοῦ
1065 626 1261 676 καπνοῦ
1302 643 1359 695 νε
1399 623 1443 676 si
1485 623 1569 676 καὶ
1618 626 1689 694 μή
1738 626 1831 675 τοῦ
1867 621 2002 695 scapo

2137 619 2428 688 proborum
2464 620 2600 677 facta
2629 622 2678 676 in
2706 624 3000 694 perniciem
3021 627 3215 682 cadere
3247 644 3261 680 :
3293 640 3393 681 nec
3432 641 3498 681 cx
3529 625 3731 681 Arimi-

430 710 788 784 μετασχόντες
811 753 826 779 ,
882 712 992 766 sine
1047 711 1356 767 conscientia
1420 712 1648 767 Itazretici
1714 711 2029 780 ferebantur,

427 813 767 859 contestantes
815 819 1002 875 corpus
1055 803 1264 860 Domini
1317 806 1458 874 (eam
1505 805 1648 859 enim
1707 803 2028 858 sacramenti

429 897 719 952 tormulam
775 900 945 953 multo
993 905 1118 954 ante
1169 896 1286 951 haec
1336 903 1580 968 tempora
1629 903 1939 964 usurpatam
1969 896 2022 951 in

433 989 674 1046 Ecclesia
734 988 901 1045 fuisse
961 989 1156 1060 probat
1205 989 1603 1060 jusjurandum,
1652 989 1795 1061 qttod
1862 989 2024 1059 impie

426 1081 787 1139 Novatianum
813 1083 830 1151 (
857 1097 970 1148 seu,
1001 1081 1306 1152 Novatum)
1337 1098 1366 1137 a
1396 1083 1509 1138 suis
1556 1083 1801 1151 exegisse
1841 1081 2027 1137 scribit

425 1174 570 1246 apud
595 1174 886 1230 Eusebium
912 1173 1193 1231 Cornelius
1209 1174 1447 1247 [Euscb.,
1473 1175 1562 1230 lib.
1591 1191 1640 1230 vt
1669 1174 1808 1231 Hist.
1841 1193 1887 1230 c.
1917 1171 2020 1241 i5;

428 1266 650 1322 Hieron.
708 1276 889 1324 contra
957 1265 1208 1340 Lucif.])
1261 1277 1309 1322 et
1349 1268 1598 1338 quidquid
1629 1300 1639 1325 λ
1665 1268 1718 1323 in
1789 1267 2024 1323 Ecclesia

425 1369 658 1416 sanctum
710 1369 809 1425 est,
857 1375 912 1413 se
956 1360 1090 1414 nihil
1138 1358 1264 1414 mali
1302 1360 1356 1414 its
1401 1377 1496 1414 sua
1551 1361 1655 1430 ﬁde
1708 1361 2018 1432 auspicatos.

429 1453 742 1510 Pataoimus
762 1497 777 1524 ,
829 1457 1063 1524 aiebant,
1107 1475 1311 1512 sensum
1341 1473 1622 1529 congruere
1645 1473 1762 1511 cum
1808 1455 1972 1510 verbis
2001 1469 2023 1512 .'

423 1564 514 1604 nec
541 1549 597 1604 in
627 1548 859 1604 Ecclesia
909 1551 1026 1618 Dei,
1082 1551 1167 1606 ubi
1216 1552 1542 1623 simplicitas,
1589 1550 1675 1604 ubi
1723 1565 1853 1621 pura
1899 1563 2022 1602 con-

419 1641 582 1711 fessio
605 1649 704 1708 est,
737 1641 886 1696 aliud
910 1644 962 1696 in
988 1643 1163 1709 corde,
1204 1643 1350 1698 aliud
1397 1644 1449 1696 in
1495 1642 1643 1696 labiis
1700 1641 2021 1713 proferriei-

2135 713 2286 767 nensi
2317 713 2506 769 fraude
2528 715 2638 784 jam
2669 716 2770 771 sibi
2803 716 3120 788 quidquam,
3172 727 3370 788 praeter
3404 718 3585 774 odium
3627 734 3726 789 pu-

2133 804 2352 872 blicum,
2383 805 2646 862 invidiam
2676 823 2740 863 ac
2762 809 3036 864 infamiam
3065 825 3383 880 superesse;
3415 811 3571 867 ﬁdem
3599 825 3727 868 vero

2130 896 2401 954 Nicaenam
2461 899 2660 972 ubique
2728 904 2969 958 locorum
3024 905 3301 973 pristinam
3355 903 3728 960 auctoritatem

2130 989 2560 1062 dignitatemque
2613 1009 2956 1065 recuperare.
3006 996 3112 1052 Sed
3169 996 3442 1066 praecipue
3497 999 3732 1068 angebat

2127 1081 2388 1140 Gcrminii
2413 1086 2610 1140 veteris
2633 1087 2718 1140 sui
2745 1087 2949 1142 sodalis
2978 1102 3041 1142 ac
3060 1089 3416 1159 congerronis
3437 1089 3723 1154 individui,

2125 1174 2244 1230 sine
2273 1190 2379 1246 quo
2410 1173 2622 1233 Theseo
2654 1178 2789 1234 nihil
2839 1177 2944 1235 ltuc
2994 1193 3163 1250 usque
3202 1185 3542 1236 tentaverant
3566 1223 3579 1244 ,
3632 1177 3729 1236 tle-:-

2126 1264 2308 1336 foctio.
2356 1268 2405 1323 Is
2441 1258 2587 1325 enim
2637 1268 2970 1325 confessioni
3016 1270 3366 1327 Scmiariana:
3413 1273 3722 1340 adhaerens,

2126 1358 2272 1414 Patri
2303 1360 2499 1416 Filium
2533 1377 2630 1431 per
2658 1363 2840 1418 omnia
2869 1364 3102 1419 similem
3132 1364 3346 1420 dicebat
3375 1383 3387 1418 :
3423 1382 3449 1418 ιι
3475 1382 3575 1436 qua
3605 1382 3729 1437 pro,

2126 1449 2359 1508 fossione
2388 1468 2488 1510 nec
2520 1454 2882 1510 Ariminensis
2913 1454 3044 1511 ﬁdes
3075 1468 3194 1527 post
3219 1458 3324 1512 vim
3367 1456 3569 1513 illatam
3600 1474 3723 1513 sus-

2120 1554 2278 1612 cepta
2324 1545 2644 1601 dissidebat.
2697 1547 2952 1613 Quamvis
3001 1549 3168 1616 enim,
3223 1561 3280 1604 ut
3319 1565 3483 1619 supra
3517 1549 3720 1606 dictum

2122 1649 2228 1702 est,
2263 1653 2357 1693 eas
2381 1654 2542 1695 voces
2572 1657 2662 1712 per
2707 1643 2880 1696 omnia
2927 1658 3036 1697 non
3061 1643 3331 1710 habuerit,
3384 1645 3515 1698 satis
3541 1653 3721 1699 tamen

418 1735 658 1790 initiatus.
712 1734 782 1790 Et
821 1750 973 1800 sane,
1015 1737 1320 1812 ἀγύλακτον,
1371 1735 1543 1806 inquit
1571 1734 1714 1790 idem
1759 1733 1849 1787 ille
1889 1731 2022 1787 Gre-
2052 1740 2098 1800 Β
2130 1729 2260 1800 ipsa:
2283 1731 2522 1786 clausula
2565 1732 2651 1786 illa
2699 1734 2983 1789 secundum
3015 1734 3338 1806 Scripturas,
3371 1735 3495 1805 quia
3527 1735 3720 1790 Filimn

415 1828 621 1896 gorius.
665 1831 696 1887 ἡ
753 1828 996 1895 ἁπλότης,
1056 1833 1140 1885 καὶ
1191 1832 1323 1901 μετὰ
1359 1835 1452 1884 τοῦ
1494 1831 1688 1903 σαθροῦ
1716 1833 1823 1898 ,τήν
1846 1826 2018 1899 φιλάν-

411 1922 634 1997 θρωπον,
682 1927 770 1979 καὶ
810 1926 998 1982 ἥκιστα
1043 1929 1134 1984 τήν
1182 1927 1359 1979 κακίαν
1411 1925 1667 2000 ὑφορᾶται
1719 1923 1780 1978 τὸ
1837 1923 2017 1980 κακίαι

413 2013 690 2092 ἐλεύθερον.
721 2033 742 2067 ι
777 2013 1053 2085 Interrogo
1084 2016 1241 2081 istos,
1301 2033 1320 2068 ι
1373 2014 1650 2084 subjnttgit
1691 2013 1831 2067 idem
1886 2012 2014 2066 Ilie-

410 2120 673 2178 rouymus
699 2106 968 2179 [adversus
1016 2107 1240 2181 Luci[.],
1273 2127 1292 2161 ι
1331 2108 1490 2168 nimis
1523 2109 1837 2178 religiosos,
1881 2105 2012 2176 quid

408 2198 816 2256 confessoribns
853 2217 873 2254 ι
925 2201 1027 2272 (sic
1076 2202 1220 2258 enim
1276 2203 1426 2257 locus
1474 2201 1565 2257 ille
1603 2200 1768 2256 scribi
1827 2199 2011 2270 debet)

415 2308 435 2340 ι
471 2290 738 2360 agendum
767 2293 1132 2362 putaverunt?
1159 2293 1235 2348 Ita
1261 2293 1360 2348 hac
1386 2293 1799 2348 mansuetudine
1823 2300 1878 2347 et
1903 2291 2013 2346 cle-

411 2381 613 2436 mentia
647 2381 783 2438 ﬁdes
811 2382 1029 2442 Nicaeae
1061 2394 1309 2455 reparata
1351 2392 1512 2455 atque
1559 2383 1794 2438 stabilita
1822 2389 1924 2445 est,
1959 2390 2014 2438 et

408 2487 440 2528 a
491 2474 662 2528 tribus
722 2473 1132 2530 confessoribus
1196 2474 1413 2532 Satanae
1475 2475 1717 2530 lancibus
1779 2472 2010 2530 mundus

407 2573 646 2634 ereptus.
691 2583 711 2623 ι
743 2562 879 2622 Cum
905 2567 1100 2637 quibus
1118 2567 1282 2623 etiam
1314 2566 1588 2623 Liberium
1611 2565 1672 2623 P.
1704 2565 1767 2620 ll.
1799 2580 2007 2622 memo-

408 2672 525 2713 rem
567 2659 848 2719 verborum
890 2659 1104 2716 Domini
1133 2677 1146 2716 :
1182 2678 1202 2713 s
1239 2660 1305 2717 Et
1334 2671 1386 2716 ιιι
1417 2674 1714 2716 conversus
1743 2657 2009 2716 conﬁrma

404 2751 746 2810 irati-estnos
791 2773 811 2811 ι
866 2752 1035 2826 (Luc.
1067 2770 1210 2820 xxtt,
1250 2754 1370 2825 25),
1419 2770 1524 2810 non
1569 2755 1742 2809 solum
1793 2751 2007 2809 cadenti

405 2843 588 2914 Petro,
628 2845 725 2904 sed
754 2845 917 2904 etiam
962 2848 1063 2903 sibi
1095 2847 1363 2904 dictorum
1393 2889 1410 2915 ,
1441 2848 1531 2918 qui
1569 2847 1715 2903 sedis
1754 2846 1892 2902 Petri
1926 2849 2006 2902 in-

405 2935 780 3012 ﬁrmitatisque
806 2954 1094 2996 successor
1119 2940 1440 3008 exstiterat,
1477 2939 1747 3012 egregiam
1790 2955 2004 3011 quoque

401 3047 634 3090 navasse
651 3047 871 3102 operam
903 3033 1142 3093 historiae
1170 3035 1425 3105 produnt.

2122 1821 2296 1879 Patris
2351 1825 2644 1896 imaginem
2695 1825 2883 1882 dicunt
2929 1827 3246 1897 Scripturaz,
3297 1827 3520 1896 intelligi
3561 1835 3722 1896 atque

2118 1916 2350 1985 exprimi
2378 1917 2759 1973 censebantur.
2779 1921 2847 1974 At
2876 1919 3156 1986 Ursacins,
3175 1919 3394 1986 Valens,
3423 1920 3720 1990 caeteriqne

2118 2007 2185 2064 de
2216 2023 2378 2079 grege
2405 2009 2496 2064 illo
2525 2021 2714 2066 contra
2741 2051 2754 2076 ,
2785 2011 2978 2066 Filium
3007 2011 3226 2082 quidem
3254 2011 3358 2066 dici
3393 2011 3539 2067 Patri
3561 2012 3720 2088 sitni-

2117 2099 2244 2166 lem,
2301 2101 2391 2157 sed
2438 2117 2541 2156 non
2587 2103 2870 2160 secundant
2916 2103 3274 2170 substantiam,
3328 2101 3576 2172 inquiunt
3617 2099 3719 2156 hac

2115 2195 2368 2265 epistola,
2399 2201 2489 2250 aut
2513 2211 2603 2266 per
2629 2198 2801 2251 omnia
2839 2213 2929 2252 seu
2968 2195 3242 2256 absolute:
3285 2196 3395 2265 (ita
3441 2196 3585 2250 enim
3633 2195 3720 2250 hic

2115 2290 2266 2346 locus
2287 2289 2660 2350 emendandus
2689 2297 2774 2344 est
2798 2289 2837 2362 :)
2866 2290 2950 2345 vel
2979 2290 3122 2345 enim
3152 2289 3504 2360 subjnttgunt,
3532 2287 3719 2342 Basilii

2112 2381 2456 2453 Anquiritani
2510 2381 2753 2453 episcopi
2808 2383 2948 2438 inter
3001 2381 3370 2440 Semiarianos
3433 2380 3714 2451 praecipui,

2112 2491 2269 2545 quem
2299 2474 2488 2530 Ariani
2516 2476 2746 2531 concilio
2772 2475 2793 2547 (
2818 2491 2908 2530 an.
2939 2473 3084 2546 360)
3111 2473 3714 2543 Constantinopolitano

2111 2568 2498 2638 deposuerant,
2542 2569 2806 2638 cujusque
2835 2567 3147 2637 opinionem
3182 2565 3259 2640 (b)
3289 2566 3485 2622 deinde
3517 2566 3710 2622 Antio-

2110 2661 2287 2718 cheno
2305 2662 2714 2728 damnaverant,
2744 2661 2942 2733 perﬁda
2973 2662 3190 2717 assertio
3219 2659 3564 2729 reparabitur.
3586 2658 3708 2714 Non

2109 2754 2246 2810 adeo
2275 2755 2540 2812 scelerate
2574 2755 2734 2824 igitur
2762 2764 2923 2824 atque
2953 2755 3114 2824 impie
3134 2752 3468 2817 Germinius,
3493 2752 3584 2821 qui
3612 2751 3713 2806 hac

2107 2846 2336 2915 cpistola
2385 2857 2711 2916 provocatus
2764 2863 2883 2902 eam
2953 2860 3066 2901 sua)
3131 2843 3256 2903 ﬁdei
3321 2843 3710 2913 professionem

2106 2941 2447 3012 conscripsit,
2480 2955 2600 3011 qua:
2631 2940 2774 2996 inter
2817 2941 2933 2996 haec
2962 2939 3261 3011 fragmenta
3304 2952 3447 2995 nunc
3477 2939 3708 3008 primum

2107 3035 2316 3104 vulgata
2349 3032 2526 3104 (modo
2568 3031 2731 3104 Frag.
2788 3041 2907 3103 xm)
2956 3032 3234 3090 Christum
3283 3033 3374 3088 Dei
3418 3030 3607 3086 ﬁlium.
3643 3044 3707 3084 ac

472 3125 526 3179 8.
559 3124 724 3182 Planc
749 3125 894 3196 quod
925 3125 1012 3182 hic
1035 3127 1335 3183 obtestatur
1365 3126 1612 3184 Liberius
1639 3125 1843 3200 (Frag.
1878 3129 1994 3199 xu),
2026 3131 2071 3194 ο
2105 3125 2274 3182 Deum
2320 3126 2589 3196 agnoscit,
2629 3126 2915 3191 divinitate,
2965 3125 3236 3190 cltaritate,
3279 3126 3564 3194 majestate,
3610 3121 3713 3175 vir-

400 3217 692 3290 episcopos
718 3233 908 3277 omnes
932 3220 1100 3276 Italiae
1125 3221 1450 3277 Ariminensi
1475 3221 1696 3292 perﬁdia
1718 3222 1993 3293 deceptos,

403 3319 462 3370 ιιι
493 3309 809 3380 pestiferum
841 3311 972 3368 illud
1001 3311 1196 3388 dogma
1222 3313 1603 3380 condemnem,
1627 3314 2000 3370 vehementius

399 3400 456 3456 in
485 3401 605 3472 ejus
635 3415 886 3460 anetores
930 3403 1237 3469 insaniant,
1270 3419 1405 3473 qttos
1448 3405 1501 3460 in
1543 3419 1603 3461 se
1635 3406 1901 3461 violentos
1945 3411 2000 3464 et

397 3491 657 3550 subdolos
701 3495 912 3565 experti
957 3504 1106 3562 sunt,
1133 3490 1397 3568 totosque
1421 3511 1481 3553 se
1508 3497 1632 3554 ﬁdei
1665 3497 1896 3554 Nicatna:
1933 3497 2000 3552 de

399 3584 610 3656 integro
653 3588 1000 3658 mancipem;
1033 3597 1143 3648 tam
1186 3590 1260 3661 pii
1306 3591 1415 3646 voti
1465 3592 1639 3661 ipsum
1691 3601 1998 3662 compotem

398 3695 508 3736 non
536 3681 705 3738 multo
735 3690 859 3752 post
887 3682 1109 3752 iactant,
1140 3698 1262 3740 cum
1309 3699 1378 3740 ex
1421 3685 1542 3755 ejus
1584 3685 1808 3755 cpistola
1836 3703 2000 3758 quam

396 3771 622 3828 exhibet
648 3774 902 3832 Socrates
929 3773 1068 3845 (Lib.
1095 3792 1168 3842 tv,
1197 3793 1246 3834 c.
1274 3776 1363 3850 ιε)
1391 3777 1458 3832 ad
1481 3777 1784 3834 Orientales
1811 3779 1997 3845 missa,

395 3880 503 3934 qua
529 3881 721 3921 omnes
740 3867 1030 3937 episcopos
1060 3867 1228 3927 Italia:
1245 3869 1574 3928 Ariminensi
1597 3870 1842 3926 formulas
1866 3887 1999 3928 ana-

397 3958 580 4014 thema
609 3959 832 4026 dixisse,
863 3959 1083 4017 Nicena:
1113 3960 1238 4017 ﬁdei
1281 3961 1692 4034 subscripsisse,
1736 3966 2004 4020 maximo-

394 4064 501 4120 que
530 4061 667 4108 aestu
718 4052 770 4107 in
820 4052 936 4110 Arii
987 4053 1179 4125 dogma
1225 4054 1452 4126 ejusque
1496 4055 1792 4128 discipulos
1841 4073 2002 4114 exar-

394 4139 621 4198 descere
647 4141 939 4214 signiﬁcat,
965 4153 1074 4202 tum
1098 4144 1262 4202 etiam
1287 4160 1355 4204 ex
1385 4161 1472 4215 ea,
1501 4163 1624 4219 qua:
1647 4148 1736 4206 hic
1759 4151 2002 4220 proxime

397 4235 650 4308 sequitur
685 4233 764 4310 (in
797 4235 993 4294 eodem
1022 4237 1398 4312 Fragmenta),
1430 4242 1810 4313 episcoporum
1836 4243 2004 4301 Italia

2106 3228 2233 3283 tute,
2265 3217 2530 3284 claritate,
2559 3220 2683 3284 vita,
2725 3219 3001 3288 sapientia,
3047 3218 3281 3280 scientia,
3314 3215 3461 3271 Patri
3487 3231 3575 3286 per
3603 3231 3712 3268 om-

2105 3314 2192 3368 nia
2221 3311 2479 3376 similem;
2535 3311 2690 3382 cujus
2731 3313 2895 3367 etiam
2943 3311 3242 3380 pleniorem
3293 3309 3708 3377 uberioremque

2103 3405 2603 3474 interpretationem
2632 3404 2862 3474 epistola
2903 3403 2971 3459 ad
3017 3401 3326 3468 Ilnﬁanum,
3380 3399 3707 3464 Palladium,

2103 3498 2421 3556 Severinum
2450 3499 2615 3553 missa
2646 3496 2814 3555 edidit
2844 3495 3031 3568 (Frag.
3065 3495 3179 3567 xv).

2176 3591 2262 3647 i0.
2309 3589 2562 3646 Formula
2606 3607 2637 3642 a
2691 3588 2868 3644 Marco
2902 3589 3079 3644 Aretlt.
3111 3590 3324 3652 dictata,
3355 3603 3488 3657 quin.
3517 3618 3589 3628 -—
3630 3586 3708 3642 Ex

2102 3701 2204 3756 qua
2236 3684 2452 3756 quidem
2485 3683 2710 3753 epistola
2743 3691 3002 3752 prmterea
3030 3680 3324 3745 discimus,
3355 3695 3601 3750 quaenam
3634 3681 3706 3734 sit

2102 3779 2192 3835 illa
2234 3777 2358 3852 ﬁdei
2417 3777 2666 3852 formula,
2712 3776 2800 3832 cui
2839 3773 3111 3830 dictandus
3165 3773 3374 3827 Marcus
3424 3769 3707 3826 Arethusae

2103 3849 2391 3942 episcopus
2414 3849 2607 3926 electus
2634 3879 2740 3933 est;
2767 3869 2871 3942 (sic
2895 3869 3040 3924 enim
3063 3865 3406 3922 scribendum
3434 3879 3576 3925 esse,
3601 3878 3706 3916 non

2103 3969 2326 4039 ejectum
2355 3980 2422 4022 ex
2448 3965 2671 4032 Socrate
2700 3964 2813 4037 [lib.
2847 3979 2905 4025 tt.
2939 3980 2984 4022 c.
3017 3961 3108 4033 50]
3139 3962 3387 4031 constat)
3421 3971 3474 4016 et
3513 3958 3709 4029 quibus

2101 4057 2417 4116 auctoribus
2454 4069 2740 4127 concepta,
2783 4057 3214 4126 quibuscumque
3234 4053 3488 4122 auspiciis
3509 4053 3706 4106 emissa

2105 4150 2290 4206 fuerit.
2327 4149 2534 4210 Vereor
2561 4150 2707 4204 enim
2750 4164 2818 4204 ne
2864 4147 3062 4204 frustra
3111 4144 3300 4217 (lbid.)
3327 4145 3393 4200 sit
3428 4143 3704 4208 Socrates,

2103 4257 2228 4303 cum
2254 4242 2378 4300 ﬁdei
2406 4241 2648 4314 regulam
2689 4258 2718 4296 a
2761 4241 2942 4298 Marco
2969 4239 3260 4296 Arethosio
3287 4237 3543 4306 scriptam
3585 4251 3706 4290 eam

393 4331 461 4386 ad
502 4331 792 4402 episcopos
832 4332 1032 4404 Illyrici
1089 4331 1251 4396 missa
1301 4334 1586 4394 discimus.
1643 4335 1768 4393 llam
1819 4347 1998 4395 autem
2103 4337 2319 4400 asserit.
2347 4352 2468 4407 qum
2495 4347 2684 4394 contra
2738 4334 3031 4394 Photinum
3064 4333 3116 4392 in
3143 4331 3378 4387 concilio
3421 4327 3706 4388 Sirmiensi

392 4421 660 4492 posterior
687 4422 917 4494 epistola
958 4434 1183 4495 apparet
1226 4427 1427 4497 scripta
1461 4425 1539 4496 (ιι)
1583 4439 1702 4498 post
1731 4429 1997 4500 synodum
2103 4431 2422 4502 provulgata
2458 4439 2572 4493 est;
2613 4441 2668 4488 et
2717 4444 2823 4486 non
2877 4428 3058 4500 potius
3104 4425 3293 4490 illam,
3342 4439 3502 4494 quam
3561 4423 3704 4478 idem

393 4513 662 4588 Illyricam
684 4514 830 4574 circa
857 4531 1057 4576 annum
1085 4518 1290 4574 Christi
1319 4520 1424 4578 565
1461 4520 1720 4588 habitant;
1754 4538 1874 4596 quae
1905 4522 1998 4580 Ni-

2110 4534 2289 4583 anctor
2336 4527 2435 4594 ait,
2483 4533 2545 4583 ut
2593 4525 2826 4597 primum
2878 4525 2930 4580 in
2975 4522 3166 4579 eadem
3197 4518 3406 4590 synodo
3436 4515 3703 4586 publicata

390 4621 539 4663 caena
573 4607 710 4664 ﬁdes
744 4611 796 4666 in
839 4609 1077 4682 lllyrico,
1111 4611 1252 4669 unde
1283 4614 1332 4670 vl
1362 4613 1572 4684 dejecta
1622 4614 1816 4682 fuerat,
1849 4617 1998 4672 velut

395 4716 461 4757 ex
503 4702 762 4760 Praetoris
799 4704 978 4760 edicto
1016 4707 1268 4762 restituta
1295 4715 1397 4764 est.
1441 4707 1606 4778 Cujus
1639 4711 1995 4769 restitutionis

390 4803 580 4852 noster
602 4795 840 4858 Hilarius
869 4797 1126 4868 primum,
1174 4797 1371 4855 deinde
1417 4799 1679 4856 Eusebius
1719 4801 1998 4859 Vercella-

390 4903 508 4944 rnm
539 4888 829 4959 episcopus
857 4891 924 4962 ab
955 4890 1123 4948 exilio
1162 4891 1475 4958 redeuntes,
1505 4909 1614 4950 non
1642 4895 1782 4950 levia
1803 4896 1994 4953 funda-

390 4991 576 5038 menta
607 4980 874 5052 iecerant.

459 5075 512 5137 9,
558 5073 807 5132 Gerntinii
836 5093 869 5132 a
901 5076 1113 5136 Valente
1137 5088 1186 5134 et
1221 5077 1439 5134 Ursacio
1465 5079 1702 5151 defectio.
1755 5110 1826 5122 —
1868 5082 1988 5151 Epi-

387 5167 524 5221 stola
552 5177 736 5222 antem
766 5167 971 5228 Ursacii
997 5168 1166 5241 (nunc
1195 5169 1414 5241 Fragm.
1445 5169 1577 5242 xtv),
1609 5171 1850 5229 Valentis
1877 5172 1992 5231 Caii

385 5267 441 5314 et
466 5260 700 5318 aliorum
743 5261 1025 5332 Singidnni
1055 5272 1369 5323 coactorum
1402 5265 1468 5321 ad
1499 5265 1834 5323 Germinium
1864 5283 1996 5324 con-

383 5352 533 5414 sules
560 5353 870 5427 adscriptas
898 5355 1098 5424 habet,
1127 5355 1449 5416 Gratianum
1499 5359 1564 5418 N.
1611 5359 1670 5415 Ρ.
1713 5369 1769 5416 et
1817 5361 1993 5433 Daga~

481 5539 535 5622 ει)
573 5535 714 5622 énte
739 5537 997 5622 scriptam
1022 5553 1144 5596 esse
1173 5538 1536 5622 probavimus.
1763 5610 1776 5622 .
1821 5609 1832 5622 .

481 5599 531 5678 b)
574 5605 690 5663 Non
713 5599 928 5679 quidem
953 5626 1050 5679 per
1075 5625 1133 5665 se
1151 5599 1295 5675 {sed
1324 5609 1607 5670 adversam
1635 5609 1980 5679 suscipiendo

381 5677 810 5810 :ptl‘tlﬁﬁtllanlls.
841 5682 910 5756 de
946 5677 1150 5774 Synod,
1187 5697 1239 5767 p.
1273 5681 1398 5747 906.
1447 5689 1503 5739 et
1537 5681 1750 5772 Socrat.
1787 5677 1885 5741 llb.
1921 5697 1978 5753 ιι,

2097 4630 2203 4690 est,
2234 4622 2379 4678 velut
2409 4623 2547 4677 male
2579 4630 2762 4678 natum
2795 4621 2960 4679 fetum
3001 4633 3069 4674 ex
3098 4631 3168 4670 xu
3201 4612 3396 4668 tahulis
3440 4608 3516 4680 (c)
3565 4624 3701 4679 sup-

2097 4730 2368 4787 pressam,
2400 4727 2586 4787 postea
2613 4714 2890 4770 Ursaciutn
2921 4698 2977 4765 et
3001 4710 3280 4764 Valentem
3313 4704 3552 4776 patrihus
3581 4702 3701 4759 Ari-

2098 4808 2230 4864 mini
2256 4807 2599 4878 congregatis
2622 4803 3065 4862 suhscribendam
3096 4797 3380 4854 obtulisse.
3405 4795 3532 4850 Sola
3555 4795 3699 4850 enim

2095 4898 2212 4956 haec
2263 4901 2376 4971 ipsa
2428 4915 2532 4954 non
2591 4907 2796 4952 tantum
2829 4911 2895 4952 ex
2929 4895 3101 4949 tribus
3147 4889 3416 4954 formulis,
3459 4905 3591 4959 quas
3636 4902 3699 4942 ea

2098 4991 2306 5065 synodo
2344 4993 2496 5047 aiunt
2524 4991 2771 5054 emissas,
2804 5001 2991 5044 verum
3021 4987 3186 5043 etiam
3226 5003 3291 5043 ex
3339 4999 3534 5042 novem
3564 4995 3700 5051 pra!-

2095 5086 2294 5156 cipuis,
2344 5099 2481 5156 quas
2531 5084 2782 5139 Socrates
2837 5082 3014 5154 (nisus
3071 5081 3459 5153 labyrinthum,
3493 5086 3545 5131 nt
3576 5075 3697 5143 ipse

2094 5189 2271 5244 vocat,
2311 5177 2666 5234 formularum
2699 5175 2822 5231 ﬁdei
2853 5174 3140 5239 extricare,
3173 5189 3333 5243 quem
3373 5183 3552 5226 tamen
3584 5182 3700 5222 ma-

2091 5273 2174 5342 gis
2196 5269 2452 5341 lnvolvit)
2482 5269 2550 5326 ab
2571 5267 2785 5324 Arianis
2805 5267 3100 5337 publicatae
3122 5267 3298 5336 epatio
3315 5259 3689 5318 novemdecitn

2093 5381 2360 5422 annorum
2411 5373 2698 5421 enumerat
2738 5360 2850 5433 (lib.
2885 5374 2944 5426 tt,
2975 5375 3023 5416 c.
3054 5357 3146 5430 ll)
3192 5359 3244 5414 id
3291 5365 3397 5421 est,
3444 5355 3513 5410 ab
3549 5365 3695 5409 anno

2154 5545 2227 5620 (c)
2253 5544 2604 5620 Probabilius
2615 5551 2701 5600 est
2726 5557 2845 5598 eam
2869 5554 3216 5620 suppressam
3241 5553 3393 5620 esse,
3407 5543 3688 5619 postquam

2093 5612 2322 5674 Arimini
2351 5618 2507 5686 lecta,
2540 5616 2609 5672 ob
2657 5621 2945 5676 annotatos
2974 5612 3229 5669 consules
3249 5612 3491 5671 omnium
3521 5612 3688 5674 risum

2093 5690 2423 5764 provocavit.

3533 5914 3593 5934 ..-ι
3609 5908 3656 5934 ,ὁ
