4120 6170
420 208 529 268 895

1359 209 1424 265 IN
1465 208 1889 265 FRAGMENTA
1925 207 2170 265 SANCTI
2214 206 2472 263 "ILARII
2505 205 2815 264 EPISCOPI

3616 207 3722 262 896

423 325 625 384 Christi
657 325 763 383 512
782 327 926 400 (eum
948 325 1156 399 synodo
1184 322 1519 383 Antiochena
1547 324 1598 379 in
1617 323 1885 380 Encteniis
1909 333 2029 395 post
2055 328 2108 386 Α
2131 322 2264 378 Nam
2295 322 2439 393 quod
2465 321 2652 378 dicunt
2677 322 2861 378 Sirmii
2893 321 3114 387 editam,
3145 320 3304 378 valde
3344 322 3533 392 probo,
3577 324 3721 393 quod

420 421 582 478 ﬁdem
625 419 896 476 Nicmnam
929 434 1124 474 novam
1173 417 1332 472 aliam
1376 415 1614 473 condere
1645 417 1876 488 primum
1909 417 2025 471 ausi

420 511 572 583 sunt)
599 511 668 567 ad
699 512 918 566 Eusebii
949 521 1003 565 et
1036 509 1248 581 Hypatii
1277 508 1643 574 consulatum,
1689 523 1796 576 quo
1821 507 2024 564 Arimi-

423 606 609 662 nensis
636 613 864 660 consuta
891 613 974 657 est
1005 602 1250 672 perﬁdia,
1285 601 1465 674 (adeo
1493 609 1578 657 est
1604 605 1662 658 τὸ
1693 601 1879 674 ψεῦδος
1923 624 2024 656 πο-

419 697 695 776 λύμορφον)
723 715 737 750 :
769 698 880 766 ipsa
905 697 1021 751 sola
1042 736 1057 763 ,
1083 695 1298 766 inquam
1329 695 1491 750 habet
1534 696 1648 749 haec
1695 695 1858 750 verba
1890 713 1903 747 :
1930 692 2027 747 Fi-

420 792 548 848 lium
576 787 799 844 similem
833 788 980 842 Patri
1009 804 1101 859 per
1127 789 1318 851 omnia,
1351 797 1406 840 ut
1431 797 1622 841 sancta:
1649 787 1826 840 dicunt
1857 797 1902 839 et
1933 787 2028 839 do-

421 895 533 942 cent
567 885 874 956 Scriptum,
905 899 1026 954 quae
1057 883 1306 938 extitisse
1336 881 1389 935 in
1423 881 1608 952 regula
1643 881 1764 935 fidei
1789 896 1819 934 a
1847 880 2027 935 Marco

421 980 646 1046 dictata,
676 979 835 1032 testis
851 986 938 1032 est
961 976 1061 1031 hac
1088 975 1313 1046 epistola
1335 974 1662 1039 Germinius,
1687 973 1833 1028 unde
1861 975 2025 1027 etiam

420 1072 492 1128 ab
543 1069 844 1140 Epiphanio
918 1066 1114 1140 (liter.
1175 1083 1339 1122 Lxxnt
1369 1109 1383 1129 ,
1431 1065 1598 1137 22):
1661 1070 1838 1127 πίστις
1908 1069 2030 1143 περὶ

421 1169 518 1219 τοῦ
586 1159 756 1234 ὅμοιον
802 1156 928 1217 εἶναι
983 1162 1070 1216 τὸν
1116 1160 1218 1213 υἱὸν
1271 1163 1434 1236 πατρὶ
1486 1161 1617 1214 κατά
1661 1161 1830 1216 πάντα
1885 1173 2027 1212 Ιιυη-

422 1263 615 1324 cupata
662 1265 765 1308 est.
815 1253 942 1308 Haec
993 1253 1181 1308 eadem
1239 1261 1360 1314 est,
1424 1262 1480 1306 ut
1527 1269 1594 1306 ex
1623 1251 1924 1307 Athanasio
1975 1253 2028 1308 in

423 1346 657 1418 epistola
712 1345 780 1400 de
826 1343 1058 1417 Synodis
1107 1354 1352 1408 constat,
1403 1359 1523 1415 qua:
1571 1355 1759 1400 centra
1819 1360 2028 1400 morem

423 1439 853 1494 ecclesiasticum
909 1436 1180 1492 Consules
1239 1436 1453 1491 additos
1519 1436 1741 1504 habuit,
1810 1446 2032 1507 prepter

423 1529 568 1601 quod
619 1531 860 1601 patrihus
909 1528 1146 1584 Arimini
1190 1530 1528 1599 congregatis
1577 1543 1684 1584 non
1731 1531 1904 1600 magis
1953 1531 2035 1584 bi-

424 1626 533 1679 lem
589 1623 659 1679 ob
717 1623 1092 1694 impietatem,
1154 1637 1316 1693 quam
1373 1621 1444 1677 ob
1502 1623 1796 1678 novitatem
1865 1624 2030 1678 risum

426 1717 616 1774 movit.

501 1813 587 1866 11.
632 1809 830 1876 Quibus
861 1811 1115 1881 episcopis
1146 1810 1409 1864 constabat
1450 1809 1752 1865 Sirmiensia
1789 1812 1877 1865 ille
1908 1827 2031 1865 con-

424 1913 623 1959 ventus.
649 1903 912 1958 ——Porr0
955 1901 1243 1972 Georgius,
1292 1917 1452 1972 quem
1493 1901 1838 1957 Alexandriae
1876 1912 2033 1959 vocat

425 1995 760 2067 episcopum,
787 1995 874 2050 ille
894 2005 978 2050 est
993 2011 1195 2065 genere
1207 1994 1370 2060 Cilix,
1392 1994 1733 2051 siAmmiano
1752 1996 1866 2064 (lib.
1893 1995 2030 2069 xm)

426 2089 722 2153 credimus,
749 2089 837 2144 vel
866 2087 1160 2159 Cappadox
1187 2091 1231 2142 si
1264 2088 1563 2144 Athanasio
1595 2098 1651 2143 et
1682 2091 1895 2144 caeteris
1923 2090 2032 2162 (ad

427 2179 588 2236 Solit.
620 2197 672 2243 ρ.
705 2179 845 2244 8b1;
881 2178 983 2234 Tit.
1012 2179 1168 2251 1,12)
1205 2199 1219 2235 :
1249 2193 1413 2250 atque
1437 2180 1601 2234 etiam
1633 2182 1678 2236 si
1710 2196 1889 2236 mores
1916 2182 2034 2252 ejus

427 2272 699 2336 attendas,
733 2272 895 2342 plane
923 2270 1223 2340 Cretensis,
1255 2275 1336 2328 ἀεὶ
1362 2273 1616 2346 ψεύστης,
1668 2278 1817 2332 κακὸν
1837 2277 2030 2353 θηρίον,

427 2370 512 2422 καὶ
544 2372 748 2442 γαστήρ
775 2367 957 2438 ἀργός,
979 2375 1035 2420 ιιι
1063 2381 1170 2422 non
1199 2368 1462 2437 pessimus
1483 2383 1604 2424 esse
1626 2369 1953 2439 nequiverit,
1980 2370 2034 2425 in

428 2473 590 2529 quem
617 2461 738 2534 τριά
757 2460 935 2514 κάππα
954 2461 1176 2516 κάκιστα
1197 2461 1590 2514 concurrerint.
1615 2460 1686 2515 lis
1707 2462 1850 2518 enim
1881 2461 2032 2516 illum

430 2550 672 2622 depingit
700 2552 975 2606 coloribus
1005 2551 1378 2609 Nazianzenus
1423 2552 1600 2626 (Orat.
1654 2571 1766 2621 χχι,
1819 2573 1871 2610 n.
1919 2557 2032 2627 19),

431 2647 521 2718 qui
555 2647 711 2717 plane
749 2649 898 2722 τέρας
936 2668 988 2702 τι
1016 2646 1389 2713 καππαδόκιον,
1441 2664 1548 2702 non
1600 2648 1872 2704 hominem
1919 2650 2038 2705 efﬁ-

429 2743 602 2812 gient,
628 2741 883 2795 nimirum
924 2742 1140 2814 πονηρὸν
1163 2742 1221 2796 τὸ
1247 2744 1409 2816 γένος,
1444 2746 1778 2822 πονηρότερον
1805 2751 1895 2804 τήν
1925 2743 2038 2801 διὰ·

431 2855 585 2899 νοιαν,
621 2831 735 2888 οὐδέ
777 2833 1036 2894 παντελῶς
1082 2833 1360 2908 ἐλεύθερον,
1399 2836 1504 2888 ἀλλ’
1535 2838 1819 2908 ἐπίμικτον,
1847 2833 1948 2891 οἷον
1981 2842 2038 2894 τὸ

435 2936 538 2983 τῶν
566 2929 798 3000 ἡμιόνων,
831 2930 896 2982 τὰ
920 2931 1012 3000 μὲν
1034 2936 1220 3004 πρῶτα
1263 2933 1523 3006 τραπέζης
1549 2931 1819 3007 ἀλλοτρίας
1841 2931 2034 2996 δοῦλον,

432 3026 518 3078 καὶ
573 3023 739 3093 μάζης·
779 3021 924 3077 ὤνιον
949 3062 962 3085 ,
995 3023 1084 3091 qui
1131 3037 1198 3076 ex
1235 3023 1410 3077 terat-ii
1455 3021 2036 3093 Constantinopolitani

2130 414 2419 470 Sirmiensi
2473 413 2706 469 concilio
2750 416 2951 486 ἐπέχω.
2981 412 3227 470 Tradunt
3258 412 3436 485 (Socr.
3465 413 3556 468 lib.
3590 429 3646 479 ιι,
3675 432 3721 466 c.

2127 508 2233 572 20;
2262 508 2472 564 Sozam.
2507 508 2598 562 lib.
2634 523 2708 572 ιν,
2741 525 2788 561 c.
2819 507 2876 578 6)
2909 508 2958 561 in
2982 522 3044 561 ea
3085 506 3296 578 synodo
3326 516 3435 561 tres
3461 505 3587 562 ﬁdei
3641 521 3728 561 re-

2127 601 2280 670 gulas
2308 599 2520 655 editas:
2555 602 2783 669 primam
2833 602 2976 653 illam
3000 611 3190 654 contra
3230 597 3550 664 Photinum,
3593 599 3727 656 alte-

2129 709 2242 747 ram
2275 708 2437 760 quant
2467 692 2699 748 dicimus
2725 708 2753 746 a
2789 676 2968 748 blarc'o
2993 695 3269 759 scriptam.
3303 692 3515 747 tertiam
3555 702 3611 748 et
3645 693 3730 747 ul-

2132 787 2315 841 timam
2362 802 2505 854 eam,
2537 802 2697 856 quam
2732 795 2915 840 noster
2959 785 3194 840 Hilarius
3240 784 3352 840 Osii
3398 794 3454 840 et
3499 785 3728 840 Potamii

2131 880 2521 950 blasphemiam
2573 890 2749 934 vocat.
2789 881 2854 934 At
2885 879 3024 934 idem
3055 880 3170 949 ipse
3198 879 3436 934 Hilarius
3463 891 3518 933 et
3562 880 3732 933 Atha—

2133 972 2340 1038 nasius,
2369 973 2458 1042 qui
2489 972 2557 1027 de
2586 972 2820 1044 Synodis
2849 988 2916 1026 ex
2947 970 3192 1041 professo
3207 973 3564 1042 scripserunt,
3592 989 3729 1044 quo-

2133 1081 2360 1134 rumque
2405 1066 2781 1120 auctoritatem
2832 1081 2993 1119 neruo
3038 1081 3201 1120 sanus
3243 1065 3519 1136 defugere,
3565 1075 3732 1138 atque

2133 1159 2295 1213 etiam
2343 1173 2446 1212 non
2495 1172 2815 1228 praeponere
2855 1157 3026 1212 cuivis
3052 1158 3145 1217 alii
3174 1158 3228 1212 in
3254 1173 3315 1213 ea
3345 1174 3404 1213 re
3447 1168 3642 1228 potest.
3674 1159 3732 1214 in

2134 1268 2234 1321 qua
2270 1251 2468 1320 primas
2499 1260 2746 1320 egerunt,
2787 1249 3014 1304 duarum
3049 1259 3283 1316 tantum,
3313 1249 3500 1322 prima:
3526 1251 3735 1306 scilicet

2135 1353 2189 1398 et
2218 1344 2443 1404 ultimm,
2473 1343 2756 1398 Sirmiensi
2785 1344 3016 1397 concilio
3044 1344 3366 1413 scriptarum
3412 1343 3731 1397 meminere.

2134 1437 2461 1504 Quinetiam
2489 1437 2576 1490 hic
2611 1437 2832 1491 disertis
2877 1437 3058 1492 verbis
3103 1446 3226 1506 post
3256 1436 3401 1491 illam
3431 1435 3545 1490 Osii
3591 1435 3735 1490 blas—

2137 1529 2434 1600 phemiam,
2460 1528 2825 1598 conscriptam
2853 1528 3021 1583 fuisse
3047 1528 3173 1584 ﬁdei
3206 1528 3446 1598 regulam
3467 1543 3586 1598 qua:
3614 1541 3739 1582 con-

2137 1623 2282 1677 sules
2331 1622 2516 1685 habet,
2560 1638 2718 1693 quam
2761 1638 2791 1676 a
2839 1622 3019 1679 Marco
3057 1623 3314 1678 dictatam
3363 1623 3736 1694 probavimus,

2061 1723 2107 1782 Β
2140 1714 2323 1770 tradit.
2368 1714 2504 1770 Cum
2535 1715 2679 1770 enim
2714 1716 2886 1786 ipsam
2929 1715 3043 1770 Osii
3073 1715 3359 1771 formulam
3390 1732 3490 1771 suo
3511 1715 3580 1770 de
3595 1715 3740 1786 Syn-

2131 1806 2250 1862 odis
2298 1809 2447 1876 Operi
2514 1807 2880 1875 inseruisset,
2951 1809 3213 1863 continuo
3269 1807 3371 1862 ista
3444 1808 3734 1878 subjecit:

2139 1918 2160 1953 ι
2197 1898 2323 1954 Haec
2355 1900 2442 1954 ubi
2483 1899 2780 1967 misissent,
2828 1899 3008 1955 denuo
3041 1909 3248 1955 mutata
3291 1904 3560 1956 sententia
3589 1915 3741 1956 com-

2135 2001 2436 2063 posuerunt
2481 2006 2599 2046 eam
2652 1991 2835 2056 ﬁdem,
2884 2008 3045 2063 quam
3087 1994 3211 2064 quia
3259 2007 3382 2048 eum
3423 1995 3742 2052 consulibus

2137 2075 2456 2152 edidissent,
2505 2086 2679 2141 multo
2731 2085 2941 2156 pudore
2989 2097 3044 2142 et
3087 2087 3288 2157 probro
3329 2087 3542 2142 confusi
3590 2100 3737 2152 sunt,

2136 2183 2360 2253 ejusque
2390 2184 2726 2253 exemplaria
2758 2197 3019 2238 curavere
3049 2192 3108 2236 ιιι
3134 2197 3256 2237 cum
3286 2197 3387 2237 suo
3432 2197 3584 2238 more
3608 2197 3741 2238 sen-

2139 2277 2358 2330 tentiam
2388 2285 2708 2341 mutassent,
2748 2277 2816 2332 ab
2845 2277 2908 2330 iis
2939 2276 3031 2346 qui
3058 2291 3122 2330 ea
3169 2275 3425 2336 tenebant
3455 2290 3552 2345 per
3582 2285 3738 2330 nota-

2138 2368 2278 2424 rium
2324 2367 2644 2422 Martianum
2692 2367 3129 2439 subriperentur,
3175 2378 3231 2423 et
3273 2382 3537 2438 persuaso
3593 2365 3740 2423 Con-

2137 2461 2338 2517 stantio
2382 2472 2439 2516 ut
2487 2471 2674 2517 contra
2722 2477 2839 2518 eam
2891 2461 3050 2518 ﬁdem
3106 2461 3282 2517 edicta
3347 2463 3736 2533 promulgaret,

2137 2555 2295 2609 aliam
2343 2543 2556 2609 rursum
2608 2556 2768 2610 ﬁdem
2819 2557 3239 2620 constituerunt,
3309 2553 3617 2625 additisque
3676 2563 3738 2610 ut

2139 2649 2318 2703 solent
2345 2647 2665 2719 quibusdam
2695 2648 2872 2704 dictis.
2905 2649 3126 2704 Isauriae
3159 2649 3321 2719 igitur
3365 2649 3465 2702 ista
3495 2650 3738 2704 conscri-

2139 2751 2384 2812 pserunt,
2415 2753 2557 2797 etc.»
2597 2741 2714 2814 (Lib
2741 2744 2804 2796 de
2835 2743 3036 2814 Synod.
3065 2760 3118 2814 ρ.
3149 2741 3300 2812 904).
3329 2743 3403 2796 Ex
3432 2743 3549 2798 istis
3572 2742 3739 2797 Atha-

2142 2834 2276 2888 nasii
2322 2835 2508 2890 verbis
2535 2834 2643 2888 duo
2679 2835 2764 2889 illa
2798 2835 3165 2890 conficitmtur
3206 2854 3219 2888 :
3269 2837 3521 2903 alterum,
3576 2836 3736 2891 ﬁdem

2143 2927 2287 2982 illam
2313 2926 2449 2993 Osii,
2483 2945 2600 2997 qum
2629 2928 2824 2984 Filium
2869 2929 3028 2984 Patre
3059 2931 3322 2985 minorem
3351 2945 3416 2985 ac
3443 2933 3602 3000 plane
3626 2931 3740 2986 dis-

2143 3021 2372 3075 similem
2419 3023 2637 3088 asserit,
2686 3022 2833 3078 velut
2875 3023 3119 3078 ultimam
3170 3023 3381 3079 consilii
3423 3024 3737 3081 Sirmiensis

431 3116 839 3186 depeculatorc,
873 3117 1099 3186 ejusque
1128 3115 1377 3171 criminis
1425 3131 1519 3170 reo
1562 3130 1624 3170 ae
1669 3115 1894 3186 profugo
1937 3115 2038 3169 mi-
2066 3117 2111 3179 C
2143 3112 2512 3170 deﬁnitionem
2540 3129 2602 3169 ac
2629 3117 2953 3170 sententiam
2985 3115 3222 3170 habitam
3253 3114 3442 3179 fuisse,
3474 3125 3635 3187 atque
3663 3132 3730 3172 eo

432 3207 574 3263 litari
608 3223 769 3262 manu
795 3209 1134 3270 κατασκόπως
1165 3207 1552 3262 Alexandrinae
1583 3208 1829 3263 ecclesia:
1848 3219 2034 3262 contra

432 3301 608 3371 ipsum
682 3301 1041 3356 Athanasium
1092 3302 1357 3372 Gregorio
1410 3301 1652 3373 prmdoni
1713 3302 2039 3375 substitutus

431 3391 630 3446 fuerat.
664 3392 922 3446 Basiliqu
953 3408 1022 3447 ne
1053 3394 1167 3447 suis
1205 3393 1422 3463 quidem
1453 3393 1737 3460 probatum
1767 3395 2040 3450 exstitisse

433 3501 593 3556 supra
619 3485 880 3541 diximus.
908 3486 1242 3542 Pelusiorum
1268 3503 1397 3542 vero
1437 3488 1743 3558 episcopus,
1775 3489 1928 3560 cujus
1955 3490 2041 3545 hic

434 3595 633 3635 nomen
661 3579 1005 3634 obliteratum
1048 3589 1154 3642 est,
1192 3581 1505 3635 Pancratius
1553 3596 1582 3635 a
1637 3582 1858 3638 Socrate
1909 3583 2039 3639 dici-

437 3684 522 3728 tur
547 3675 661 3747 (Iib.
697 3691 758 3737 ιι,
792 3691 838 3728 c.
868 3674 984 3746 29),
1011 3676 1151 3731 inter
1181 3675 1512 3732 Arianorum
1541 3679 1928 3748 antesignanos
1957 3695 2042 3734 re-

435 3769 696 3824 censitus.
717 3769 927 3824 Marcus
957 3779 1136 3824 autem
1169 3769 1259 3824 ille
1282 3779 1366 3826 est
1398 3772 1682 3826 Arethusa:
1709 3772 1904 3845 Syrim,
1935 3790 2041 3829 non

436 3863 788 3932 Macedoniae,
819 3873 874 3918 ut
906 3864 1097 3918 volunt
1137 3865 1555 3931 centuriatores,
1611 3867 1921 3938 episcopus,
1953 3870 2044 3939 qui

437 3965 596 4012 antea
623 3972 745 4011 cum
769 3955 1027 4012 Narcisso
1055 3956 1344 4028 Neropolis
1377 3958 1651 4032 (At/ranas.
1682 3961 1720 4014 ι.
1755 3961 1818 4016 de
1841 3961 2040 4032 Synod.

440 4064 492 4116 ν.
524 4047 677 4119 894).
708 4048 852 4104 Mare
888 4048 1269 4117 Chalcedonis,
1325 4061 1380 4106 et
1430 4051 1718 4108 Theodoro
1769 4053 2044 4110 Heracleae

440 4139 685 4195 Thracia:
739 4144 1010 4214 episc0pis
1037 4143 1103 4198 ad
1133 4159 1354 4199 onmem
1398 4145 1730 4216 impietatem
1764 4147 2046 4218 projectis-

439 4231 614 4296 simis,
641 4231 707 4285 ad
733 4231 1084 4290 Constantem
1131 4237 1181 4289 in
1231 4235 1434 4292 Gallias
1479 4249 1597 4307 post
1642 4239 1906 4310 synodum
1937 4242 2047 4295 An-

441 4325 746 4379 tiochenam
776 4325 828 4378 in
855 4327 1121 4381 Encteniis
1147 4329 1216 4383 ab
1245 4330 1457 4384 Arianis
1477 4340 1664 4386 contra
1693 4331 2043 4388 Athanasium

440 4417 642 4472 missus
664 4414 862 4482 fuerat,
883 4429 988 4472 tam
1017 4419 1255 4473 Ineresos
1273 4425 1610 4490 professione
1631 4424 2046 4496 subscriptione-

2140 3207 2357 3260 nomine
2381 3205 2446 3259 ad
2489 3204 2760 3261 Ecclesias
2802 3221 2900 3278 pro
2926 3221 3077 3262 more
3109 3208 3482 3262 transmissum
3513 3224 3544 3263 a
3574 3224 3738 3280 synoo

2139 3298 2282 3353 nodo
2327 3316 2339 3351 :
2387 3299 2530 3370 quod
2557 3301 2718 3354 etiam
2752 3299 2986 3354 Hilarius
3028 3301 3182 3356 initio
3229 3302 3347 3356 libri
3397 3301 3467 3356 de
3513 3302 3738 3374 synodis

2143 3388 2309 3460 (num.
2343 3390 2399 3460 2)
2450 3391 2792 3459 perspicuum
2825 3390 2908 3446 his
2937 3391 3116 3446 verbis
3151 3392 3275 3447 facit
3305 3412 3317 3446 :
3373 3412 3392 3444 ι
3427 3392 3738 3449 Gratulatus

2141 3498 2282 3549 sum,
2315 3483 2509 3554 inquit,
2545 3486 2595 3539 in
2622 3486 2870 3552 Domino,
2905 3487 3356 3544 incontaminatos
3385 3505 3484 3545 Vos
3525 3501 3579 3546 et
3607 3491 3740 3546 illa!-

2142 3592 2232 3632 sos
2271 3579 2341 3633 ab
2384 3580 2530 3633 omni
2575 3581 2833 3651 contagio
2864 3583 3202 3638 detestanda:
3232 3583 3504 3648 haareseos
3549 3588 3741 3654 persti-

2145 3672 2296 3738 tisse,
2330 3681 2383 3726 ct
2422 3673 2639 3727 missam
2675 3676 2915 3742 proxime
2954 3674 3108 3730 vobis
3136 3691 3202 3731 ex
3234 3675 3513 3732 Sirmiensi
3541 3677 3741 3750 oppido

2147 3763 2380 3819 infidelis
2425 3764 2548 3820 ﬁdei
2589 3767 2918 3836 impietatem
2948 3783 3057 3824 non
3088 3769 3250 3825 modo
3277 3785 3384 3826 non
3410 3772 3738 3842 suscepisse,

2146 3858 2238 3912 sed
2273 3858 2571 3914 nuntiatam
2604 3869 2659 3913 et
2684 3862 3040 3932 signiﬁcatam
3071 3863 3376 3919 damnasse.
3416 3883 3435 3918 ι
3475 3865 3550 3920 lta
3585 3867 3744 3935 igitur

2148 3967 2256 4005 non
2301 3952 2474 4008 solum
2523 3954 2766 4019 missam,
2821 3956 2914 4011 sed
2962 3957 3124 4012 etiam
3175 3959 3496 4014 auctoritate
3524 3959 3740 4030 publica

2149 4047 2524 4114 provulgatam
2545 4057 2714 4118 atque
2747 4049 3000 4104 indictam
3032 4051 3261 4120 populis,
3305 4060 3361 4105 ut
3391 4056 3445 4106 in
3492 4067 3610 4106 eam
3654 4054 3744 4122 ju-

2148 4145 2355 4202 rarent,
2405 4149 2649 4206 apparet.
2680 4139 2947 4208 Alterum,
2986 4139 3146 4196 ﬁdem
3191 4157 3310 4212 qua:
3351 4143 3608 4198 consules
3651 4144 3745 4198 ad-

2149 4229 2384 4298 scriptos
2419 4230 2626 4298 habuit,
2651 4241 2773 4301 post
2798 4233 3096 4290 Sirmiense
3115 4235 3430 4303 concilium,
3460 4251 3560 4293 nec
3579 4238 3746 4294 multo

2147 4333 2278 4378 ante
2322 4323 2724 4380 Seleuciensem
2775 4327 3039 4397 synodum
3086 4329 3443 4398 compositam
3471 4343 3532 4385 ac
3561 4333 3746 4400 vulga-

2151 4422 2279 4468 tam.
2313 4414 2508 4470 Verum
2531 4417 2576 4471 si
2605 4431 2668 4470 ea
2694 4416 2851 4482 ﬁdes,
2879 4434 2999 4489 quae
3031 4419 3174 4474 Patri
3199 4421 3392 4475 Filium
3435 4436 3528 4490 per
3566 4423 3747 4476 omnia

439 4524 543 4582 que
592 4511 921 4579 supposititii
966 4510 1306 4566 Sardicensis
1346 4513 1554 4571 decreti
1596 4515 1836 4584 infamis,
1879 4535 2036 4589 quam

2148 4507 2380 4562 similent
2417 4510 2717 4579 proﬁtetur,
2747 4528 2774 4563 a
2809 4511 2987 4568 Marco
3009 4515 3208 4586 scripta
3226 4515 3368 4572 diem
3391 4527 3446 4573 et
3467 4517 3748 4573 consulem

441 4613 626 4673 postea
674 4603 1010 4676 (Theodoret.
1058 4605 1097 4660 ι.
1130 4621 1186 4660 ιιι
1219 4604 1358 4662 Hist.
1410 4607 1550 4663 Eccl.
1607 4627 1654 4665 c.
1707 4610 1774 4677 7;
1825 4611 2034 4668 Sozam.

443 4697 534 4751 tib.
570 4713 621 4762 ν,
654 4715 700 4752 c.
738 4698 836 4767 10)
861 4697 1247 4764 confessionis,
1282 4700 1363 4755 vel
1391 4705 1552 4756 etiam
1600 4705 1843 4776 martyrii
1875 4705 2043 4772 gloria

444 4790 679 4858 (variant
702 4789 844 4845 enim
875 4791 928 4846 in
963 4791 1066 4846 hoc
1092 4792 1364 4864 auctores)
1395 4794 1496 4849 sub
1520 4793 1738 4851 Juliano
1773 4797 1953 4852 clarus
1981 4813 2044 4854 ac

444 4882 694 4938 celebris.

519 4974 608 5031 12.
663 4977 778 5044 Quo
823 4986 1047 5046 tempore
1095 4979 1396 5047 celebratus.
1447 5011 1518 5021 —
1546 4982 1772 5046 Verum,
1823 4983 2042 5052 quando

445 5067 665 5140 quidem
709 5069 800 5139 qui
840 5069 1009 5124 semel
1029 5072 1383 5126 verecundiae
1433 5075 1566 5127 fines
1591 5073 1888 5139 transierit,
1919 5091 2043 5130 etim

446 5163 585 5218 bene
612 5171 667 5217 et
695 5163 900 5217 naviter
928 5163 1296 5232 impudentem
1327 5180 1448 5220 esse
1469 5176 1705 5234 oportet,
1732 5167 1896 5236 inquit
1923 5168 2042 5233 ille;

449 5257 578 5328 quid
625 5265 794 5320 vetat,
849 5255 1306 5326 quemadmodum
1354 5259 1405 5312 in
1449 5257 1734 5312 indicanda
1783 5258 1872 5314 illa
1923 5258 2047 5314 ﬁdei

449 5351 656 5418 regula,
685 5363 804 5419 quae
834 5364 862 5402 a
895 5349 1079 5403 Marco
1111 5348 1404 5404 Arcthusio
1447 5349 1643 5405 dictata
1682 5360 1787 5417 est,
1823 5351 2050 5406 halluci-

451 5452 612 5498 natos
655 5442 1039 5499 ecclesiastica:
1068 5441 1312 5498 historiae
1351 5444 1644 5512 scriptores
1674 5445 1902 5515 probare
1933 5456 2052 5501 ten-

453 5536 705 5604 tavimus,
758 5553 864 5591 non
909 5536 1051 5592 idem
1101 5537 1169 5592 iis
1221 5537 1482 5592 acciderit
1527 5539 1579 5593 in
1610 5547 1856 5610 tempore
1899 5539 2048 5596 desi-

452 5630 689 5701 gnando,
719 5646 824 5700 quo
851 5630 1108 5700 scriptam
1136 5642 1185 5685 et
1203 5631 1403 5686 editam
1429 5631 1685 5703 produnt,
1709 5633 2049 5703 disquirere?

451 5724 533 5784 Εἰς
554 5725 732 5798 Τροίην
755 5727 1057 5800 πειρώμενοι
1104 5711 1246 5781 ἦλθον
1297 5723 1525 5796 Ἀχαιοί,
1571 5728 1649 5782 ait
1693 5709 2036 5784 Theocritus.

2149 4600 2346 4670 quibus
2372 4602 2515 4657 edita
2541 4614 2624 4658 est
2650 4603 2834 4659 Sirmii
2866 4605 3054 4670 habet;
3103 4607 3245 4663 unde
3284 4608 3487 4664 certius
3533 4618 3751 4678 tempus

2152 4693 2602 4764 promulgationis
2632 4698 2773 4762 ejus,
2799 4711 2961 4767 quam
2983 4713 3011 4752 a
3034 4699 3350 4754 consulibus
3377 4702 3572 4770 quibus
3598 4701 3749 4756 edita

2149 4785 2366 4854 dicitur,
2399 4790 2567 4856 repeti
2603 4790 2817 4857 potest?
2851 4790 2926 4846 De
2949 4806 3011 4845 ea
3042 4801 3221 4847 autem
3251 4794 3330 4847 sic
3359 4791 3748 4849 Tlteodoretus

2148 4878 2272 4950 (leg.
2306 4880 2390 4932 hic
2431 4889 2481 4932 et
2521 4881 2661 4952 infra
2695 4880 3052 4947 Sozomenus,
3105 4885 3218 4939 scit.
3263 4884 3354 4939 lib.
3380 4901 3452 4949 tv,
3482 4901 3531 4938 ε.
3565 4885 3651 4948 16,
3685 4903 3755 4941 ex

2149 4973 2251 5026 edi.
2301 4971 2684 5045 ChristOpltors.
2717 4978 2794 5031 vel
2821 4994 2938 5049 cap.
2974 4979 3040 5034 17
3064 4995 3127 5034 ex
3157 4981 3280 5035 edit.
3326 4978 3582 5052 Vales.):r
3609 4981 3752 5049 Quin

2152 5068 2312 5121 etiam
2341 5068 2630 5124 absurdum
2658 5073 2938 5139 putabant,
2967 5082 3022 5125 ut
3045 5073 3171 5128 huic
3195 5074 3441 5128 formulae
3466 5075 3592 5129 talis
3620 5089 3754 5144 pra:-

2155 5168 2448 5228 poneretur
2496 5163 2702 5223 titulus,
2732 5164 2948 5233 qualem
2995 5163 3182 5220 habuit
3225 5181 3346 5221 cum
3397 5166 3582 5222 Sirmii
3610 5166 3752 5220 edita

2153 5265 2257 5320 est,
2295 5266 2558 5321 prmsente
2583 5255 2900 5313 Constantio
2945 5241 3171 5326 atterno,
3221 5275 3449 5330 magno,
3482 5260 3750 5330 Augusto,

2154 5346 2392 5404 Eusebio
2419 5359 2474 5404 et
2503 5349 2730 5419 llypatio
2759 5364 2904 5404 coss.
2943 5352 3396 5422 quemadmodum
3426 5352 3753 5408 Athanasius

2151 5456 2363 5512 quoque
2393 5442 2598 5497 scribit.
2626 5462 2644 5494 ι
2680 5443 2805 5498 Haec
2831 5443 3227 5500 Theodoretus.
3254 5445 3362 5500 Nec
3383 5445 3541 5500 aliter
3557 5445 3758 5500 Socra-

2155 5547 2237 5593 tes
2287 5537 2402 5612 (lib.
2433 5555 2490 5602 ll,
2521 5555 2566 5592 c.
2597 5541 2686 5604 37,
2737 5539 2986 5596 Athenas.
3016 5541 3054 5594 Ι.
3085 5541 3148 5595 de
3190 5540 3387 5612 Synod.
3434 5558 3488 5612 ρ.
3536 5537 3689 5609 8⁵14),
3722 5554 3753 5592 a

2156 5648 2262 5704 quo
2288 5643 2463 5717 tamen
2480 5643 2713 5717 emptus,
2738 5644 2792 5689 et
2813 5643 3059 5717 sumptus
3086 5649 3264 5717 error.
3294 5633 3572 5716 Quiduipse
3591 5631 3756 5686 Atha-

2157 5710 2374 5784 nasius?
2418 5713 2438 5779 ι
2476 5709 2788 5796 i’ostquam,
2831 5709 3020 5797 inquit,
3073 5712 3267 5785 divisio
3319 5711 3459 5783 facta
3517 5733 3639 5782 est:
3697 5730 3755 5780 et
