4120 6170
382 266 484 322 897

1547 266 1820 323 NlCOLAl
1863 266 2069 324 FABRI
2112 265 2504 323 Pli/EFATIO.

3573 269 3680 328 898

381 381 470 434 alii
503 380 805 436 Seleuciam
848 389 1204 453 cognomento
1231 383 1491 453 Asperam
1547 385 1825 452 abiissent,
1888 387 1979 440 alii
2009 390 2055 447 Α
2089 386 2138 438 in
2168 384 2385 439 dubium
2417 385 2713 451 revocabit,
2749 386 2838 454 qui
2871 384 3030 456 hujus
3060 385 3384 441 narrationis
3407 393 3682 440 auctorem

382 473 684 528 Ariminum
713 489 774 530 se
807 476 1186 542 contulissent,
1218 477 1304 531 ubi
1335 480 1483 533 fuere
1508 480 1893 549 quinquaginta
1929 491 1983 534 et

381 578 448 620 eo
480 566 660 633 plures
688 567 951 638 episcopi,
989 588 1007 621 ι
1066 571 1245 636 (error
1265 579 1348 625 est
1376 571 1429 625 in
1471 586 1716 636 numero,
1767 573 1860 627 sed
1914 571 1984 626 de

382 673 448 713 eo
475 673 620 714 nunc
658 674 762 714 non
795 660 1131 731 laboramus)
1175 680 1194 714 ι
1232 661 1375 716 venit
1425 663 1586 718 etiam
1616 665 1682 718 ad
1736 680 1860 718 eum
1903 665 1982 718 lo-

381 765 504 805 cum
549 749 881 819 Germinius,
929 753 1254 818 Auxentius,
1297 753 1516 820 Valens,
1548 754 1824 819 Ursacius,
1877 756 1982 811 De-

384 842 676 912 mophilus,
707 843 993 900 Caius.lbi
1036 860 1157 900 cum
1200 849 1381 901 czeteri
1413 848 1655 919 episcopi
1701 865 1764 904 ex
1816 849 1984 906 sacris

384 934 578 990 litteris
591 935 753 990 verba
767 951 862 990 sua
878 935 1190 1002 formarent,
1203 938 1275 991 illi
1291 938 1585 994 chartulam
1602 940 1982 1010 exbibuerunt,

385 1030 735 1100 recitatisque
775 1031 1089 1086 consulibus
1115 1031 1312 1102 quibus
1347 1033 1543 1100 scripta
1579 1043 1716 1100 erat,
1748 1035 1987 1105 postula-

383 1119 535 1185 bant,
561 1130 618 1175 ut
644 1136 705 1176 ea
734 1123 984 1176 omnibus
1029 1122 1255 1194 synodis
1286 1132 1728 1192 anteponeretur.
1773 1125 1986 1180 Omissa

386 1216 531 1270 enim
581 1214 649 1271 de
694 1215 966 1272 hmreticis
996 1218 1320 1286 quaestione,
1352 1219 1606 1289 nullaque
1634 1220 1814 1276 habita
1866 1236 2006 1289 per--

386 1313 733 1364 cunctatione
774 1325 884 1378 quo
938 1310 1119 1365 animo
1162 1320 1255 1365 aut
1305 1326 1406 1381 qua
1464 1312 1729 1368 sententia
1779 1323 1984 1381 essent,

387 1401 605 1471 scriptis
667 1401 926 1458 chartula:
973 1403 1315 1458 solummodo
1359 1412 1644 1459 contentos
1703 1419 1824 1459 esse
1887 1404 1986 1460 de-

389 1494 539 1551 bere.
587 1495 795 1565 Scripta
844 1504 1024 1550 autem
1068 1512 1254 1551 eorum
1300 1495 1566 1564 ejusmodi
1611 1497 1779 1551 fuere.
1833 1495 1986 1551 Edita

389 1598 471 1644 est
498 1588 761 1644 catholica
798 1589 931 1643 fides
962 1589 1014 1643 in
1062 1588 1350 1659 przesentia
1381 1590 1443 1642 D.
1485 1587 1548 1642 N.
1595 1588 1986 1659 religiosissimi

390 1681 745 1752 prmclarique
775 1682 1001 1736 victoris
1031 1683 1371 1751 imperatoris
1399 1681 1702 1736 Constantii
1737 1683 1985 1753 Augusti,

2087 477 2447 534 Sozomenum
2480 479 2667 549 legerit
2700 478 2817 551 (lib.
2844 495 2918 545 1v,
2952 496 2997 532 ι’.
3034 477 3158 550 ib):
3202 495 3309 550 quo
3356 494 3498 533 anno
3541 478 3686 532 Con-

2086 570 2341 624 stantium
2377 570 2692 626 hibernasse
2727 570 2930 635 Sirmii,
2980 569 3365 638 melioremque
3410 569 3528 638 ejus
3556 567 3685 623 anni

2087 671 2290 729 partem
2326 661 2397 715 ibi
2451 663 2798 732 transegisse,
2839 677 2960 716 cum
3011 661 3329 718 Ammianus
3372 661 3487 731 ipse
3534 659 3685 716 testis

2087 765 2190 818 est,
2239 765 2351 809 tum
2396 756 2557 810 etiam
2601 757 2846 826 plurima;
2890 757 3036 827 leges
3082 756 3147 811 iis
3194 746 3505 812 consulibus
3528 753 3686 810 edita:

2085 860 2182 900 sua
2216 846 2613 917 subscriptione
2639 846 2889 915 probant.
2920 847 2974 902 lu
3012 863 3076 902 eo
3107 863 3402 919 congressu
3432 848 3687 918 qua-stio-

2088 951 2209 990 nem
2244 937 2399 990 istam
2429 951 2614 992 coram
2648 936 2976 1007 imperatore
3006 939 3260 1010 agitatam
3292 938 3360 993 de
3392 937 3498 992 ﬁde
3523 952 3686 1008 quam

2086 1031 2281 1084 recitat
2304 1032 2402 1084 hac
2414 1031 2638 1100 epistola
2669 1031 3000 1098 Germinius,
3023 1031 3289 1102 fidemque
3309 1031 3685 1100 compositam,

2087 1121 2171 1174 cui
2200 1121 2466 1176 dictandze
2493 1121 2704 1177 Marcus
2732 1124 2940 1178 electus
2969 1132 3073 1190 est,
3118 1133 3174 1177 ut
3203 1122 3486 1191 conjiciant
3520 1123 3686 1178 multa

2087 1212 2314 1269 faciunt.
2359 1214 2620 1277 Primum,
2649 1216 2901 1270 Persona:
2930 1232 2944 1281 ;
3002 1215 3163 1270 iidem
3190 1231 3383 1285 nempe
3426 1215 3688 1285 epiSCupi,

2091 1305 2230 1360 inter
2274 1320 2410 1376 quos
2459 1307 2526 1361 de
2572 1306 2678 1362 ﬁde
2725 1307 3032 1377 quaesitum,
3093 1309 3144 1362 in
3197 1308 3296 1361 hac
3339 1318 3691 1363 recensentur

2088 1398 2339 1467 epistola,
2372 1401 2463 1469 qui
2491 1416 2520 1454 a
2549 1403 2853 1455 Sozumcno
2885 1398 3134 1472 (Ibidem)
3167 1400 3219 1454 in
3237 1400 3494 1454 comitatu
3524 1399 3691 1456 fuisse

2090 1502 2480 1559 memorantur,
2512 1493 2712 1549 deinde
2733 1495 2948 1548 fortuita
2983 1495 3268 1564 utrobique
3297 1494 3546 1558 occasio;
3580 1510 3686 1549 non

2090 1585 2232 1639 enim
2281 1585 2368 1640 hic
2412 1586 2485 1639 ait
2535 1586 2844 1641 Germinius
2890 1588 3023 1642 istos
3051 1588 3338 1657 cpisc0pos
3367 1595 3692 1642 convocatos

2090 1687 2149 1731 ut
2178 1677 2246 1731 de
2276 1677 2382 1732 lide
2409 1677 2781 1747 dispularent;
2821 1677 2914 1733 sed
2944 1689 3058 1733 orta
3102 1679 3467 1748 disputatione
3507 1693 3690 1733 coram

389 1773 600 1838 aeterni,
631 1771 788 1828 Coss.
821 1772 937 1828 VV.
969 1773 1074 1829 CC.
1120 1772 1359 1828 Eusebio
1404 1784 1457 1828 ct
1485 1773 1714 1844 Hypatio
1744 1775 1922 1830 Sirmii
1959 1792 1978 1826 ι
2015 1767 2062 1828 Β
2095 1769 2443 1838 imperatore,
2480 1779 2642 1840 atque
2669 1771 2722 1824 in
2755 1771 2976 1825 multam
3021 1779 3234 1825 noctem
3283 1778 3576 1839 protracta,
3626 1767 3693 1822 ad

391 1866 487 1933 (ita
516 1866 659 1920 enim
691 1865 976 1935 legendum
1006 1881 1072 1921 ex
1095 1866 1319 1922 Socrate
1349 1875 1403 1920 et
1427 1866 1771 1922 Theodoreto
1802 1865 1989 1938 (Sozo-

390 1963 562 2026 meno)
610 1970 734 2013 ante
784 1974 883 2013 nos
910 1959 1000 2013 alii
1027 1958 1351 2029 docuerunt)
1407 1974 1462 2012 x1
1496 1959 1596 2013 cat.
1621 1960 1822 2030 junias.
1855 1958 1982 2013 Cre-

390 2052 562 2106 dimus
606 2053 661 2106 in
703 2068 884 2114 unum,
916 2060 1022 2106 etc.
1071 2052 1126 2107 Si
1172 2067 1294 2107 cum
1325 2051 1505 2107 Sirmii
1537 2051 1678 2106 edita
1725 2061 1810 2108 est
1852 2068 1983 2122 prac-

389 2154 548 2201 sente
575 2143 896 2201 Constantio
931 2161 981 2199 x1
1039 2145 1144 2199 cal.
1175 2145 1294 2215 jun.
1346 2146 1598 2201 consules
1648 2145 1839 2200 habuit
1889 2147 1993 2201 Eu-

388 2239 602 2294 sebium
630 2247 684 2292 et
709 2239 995 2310 Hypatium
1014 2238 1289 2308 praefixos,
1308 2239 1397 2308 qui
1422 2239 1690 2308 potuitedi
1709 2239 1990 2294 Sirmiensi

391 2329 647 2396 concilio,
681 2332 821 2400 quod
852 2330 944 2400 qui
972 2332 1168 2396 minus,
1197 2330 1432 2386 triennio
1471 2341 1596 2385 ante
1642 2331 1773 2385 istos
1796 2346 1994 2386 consu-

394 2427 473 2481 les
504 2425 668 2479 l'uisse
709 2433 959 2479 coactum
1007 2424 1358 2479 asseverant?
1413 2423 1512 2478 Cui
1558 2440 1662 2478 non
1713 2425 1870 2493 igitur
1917 2431 1995 2478 tot

396 2514 722 2571 testimoniis
755 2523 990 2582 Constet,
1046 2515 1145 2569 nisi
1180 2516 1268 2584 qui
1312 2513 1542 2571 meridie
1591 2515 1771 2570 lucere
1811 2523 1990 2584 neget,

398 2607 542 2660 illam
591 2605 770 2672 fidem,
823 2621 945 2675 qua:
979 2604 1124 2659 Patri
1158 2604 1351 2660 Filium
1389 2589 1497 2675 per
1533 2607 1714 2660 omnia
1762 2605 1992 2659 similem

397 2698 776 2768 profitebatur,
811 2696 1048 2752 Eusebio
1074 2696 1290 2752 demum
1338 2704 1393 2752 et
1424 2695 1657 2767 Hypatio
1686 2695 1996 2750 consulibus

398 2790 580 2864 Sirmii
608 2791 849 2860 quidem,
879 2789 976 2844 sed
1006 2789 1165 2859 longe
1199 2799 1317 2858 post
1361 2787 1659 2844 Sirmiense
1707 2787 1995 2842 concilium

398 2885 754 2954 compositam
801 2881 1010 2948 fuisse,
1063 2897 1164 2936 nec
1213 2880 1382 2936 multo
1437 2887 1718 2951 postquam
1797 2878 1995 2949 scripta

397 2986 510 3041 est,
544 2974 980 3031 Ariminensibus
1007 2974 1251 3044 patribus
1288 2973 1557 3027 oblatam?

473 3072 561 3128 15.
613 3070 898 3125 Conveniat
952 3069 1250 3124 Sirmiensis
1301 3070 1522 3124 occasio.
1567 3099 1637 3109 —
1685 3068 1755 3125 Ut
1814 3079 1994 3123 autem

2093 1878 2212 1918 eam
2245 1862 2531 1918 formulam
2565 1864 2776 1918 tandem
2801 1879 2922 1919 esse
2952 1864 3214 1919 deductos
3243 1882 3255 1917 :
3287 1863 3521 1934 denique
3544 1863 3695 1918 locus

2091 1963 2147 2010 et
2189 1965 2429 2024 tempus;
2467 1955 2648 2011 Sirmii
2679 1958 2822 2010 enim
2862 1956 3032 2026 ipsam
3063 1956 3246 2021 fidem,
3277 1972 3398 2027 quae
3428 1956 3571 2010 Patri
3602 1955 3695 2010 Fi-

2096 2049 2226 2104 lium
2273 2065 2369 2120 per
2415 2051 2594 2105 omnia
2643 2050 2874 2104 similem
2925 2051 3076 2113 dicit,
3111 2050 3346 2105 Eusebio
3385 2059 3441 2104 et
3467 2049 3696 2120 Hypatio

2094 2143 2249 2199 Coss.
2283 2145 2537 2216 scriptam
2570 2145 2874 2200 docuimus.
2922 2145 3031 2199 Nec
3068 2145 3134 2199 ad
3167 2145 3329 2198 aliam
3362 2144 3545 2203 ﬁdem.
3577 2157 3698 2212 qua:

2095 2237 2234 2306 apud
2268 2237 2626 2308 Epiphanium
2659 2239 2910 2306 leguntur
2938 2235 3131 2292 hmresi
3178 2251 3344 2291 Lxxm
3373 2237 3538 2308 (num.
3570 2233 3692 2304 22),

2095 2330 2164 2384 de
2195 2332 2298 2385 fide
2328 2334 2449 2406 περὶ
2492 2337 2582 2386 τοῦ
2632 2329 2804 2404 ὅμοιον
2849 2325 2974 2385 εἶναι
3015 2331 3101 2384 τὸν
3141 2330 3246 2384 υἱὸν
3278 2337 3351 2385 τῶ
3381 2332 3543 2405 πατρὶ
3569 2329 3700 2384 κατὰ

2096 2425 2284 2479 πάντα,
2317 2421 2505 2476 referri
2554 2437 2716 2492 posse
2757 2420 2991 2475 arbitror
3037 2421 3165 2475 :cui
3206 2421 3553 2475 subscribens
3585 2420 3702 2489 ipse

2099 2513 2300 2570 Valens
2329 2529 2452 2568 cum
2501 2513 2554 2567 in
2605 2508 3001 2582 subseriptione
3044 2510 3238 2565 Filium
3271 2511 3418 2566 Patri
3465 2510 3698 2565 similem

2099 2606 2437 2674 repetiisset,
2496 2604 2736 2672 duasque
2775 2602 3146 2660 illasvoculas
3191 2620 3284 2672 per
3313 2603 3487 2656 omnia
3530 2601 3700 2657 subti-

2099 2697 2332 2760 cuisset;
2366 2711 2458 2751 eas
2483 2695 2551 2748 ab
2582 2697 2908 2766 imperatore
2935 2694 3271 2761 Constantio,
3301 2711 3406 2765 quo
3434 2704 3702 2764 prasente

2101 2803 2188 2842 res
2218 2787 2503 2857 agebatur,
2535 2799 2756 2842 coactus
2799 2795 2884 2842 est
2932 2785 3149 2842 addere.
3200 2785 3348 2842 Idem
3398 2787 3543 2842 enim
3577 2788 3702 2856 ipse

2100 2882 2300 2938 Valens
2341 2883 2731 2952 subscripsisse
2774 2896 2834 2937 se
2863 2881 2910 2937 ei
2942 2889 3198 2936 testatum
3223 2881 3395 2936 voluit
3423 2882 3586 2953 (apud
3632 2881 3703 2936 E-

2103 2977 2317 3048 piphan.
2350 2977 2476 3050 liter.
2531 2992 2715 3045 LXXIII,
2763 2993 2818 3031 η.
2852 2975 2967 3045 ‘29.),
3018 2985 3080 3052 τῇ
3129 2979 3271 3032 νυκτὶ
3315 2977 3704 3050 ἐπιφωσκοῦσης

2102 3077 2193 3134 τῆς
2235 3068 2572 3132 πεντεκὸστης
2621 3086 2634 3122 :
2683 3067 2972 3135 Subditque
3017 3066 3368 3136 Epiphanius,
3420 3068 3701 3124 Valentem

400 3164 528 3236 quid
559 3162 629 3219 de
654 3179 718 3218 ea
766 3179 826 3218 re
857 3162 988 3217 mihi
1020 3162 1230 3218 venerit
1260 3164 1312 3216 in
1361 3171 1618 3229 mentem,
1667 3162 1720 3216 in
1762 3161 1995 3216 medium
2024 3159 2068 3222 C
2102 3161 2282 3214 statim
2331 3168 2492 3238 atque
2536 3174 2566 3214 a
2621 3173 2682 3214 se
2731 3157 3035 3228 subscripta
3086 3168 3186 3225 est,
3234 3169 3538 3231 correptam
3583 3174 3702 3214 eam

403 3257 709 3328 proferam;
773 3267 982 3311 certum
1042 3265 1126 3311 est
1187 3256 1566 3325 imperatorem
1627 3255 1998 3310 Constantium

402 3363 618 3404 omnem
659 3349 898 3404 movisse
946 3347 1205 3417 lapidem,
1257 3363 1363 3418 quo
1404 3347 1730 3403 dissidentes
1777 3347 1829 3401 in
1877 3346 2002 3400 reli-

404 3441 564 3510 gione
593 3439 878 3510 opiniones
908 3447 1280 3508 componeret.
1330 3439 1526 3495 Verum
1559 3440 1684 3494 dum
1727 3454 1784 3495 se
1831 3439 2003 3496 facilis

404 3533 567 3587 nimis
594 3531 865 3588 haereticis
894 3531 1162 3602 praebens,
1197 3548 1318 3603 quae
1366 3533 1458 3588 Dei
1500 3542 1626 3589 sunt
1665 3533 1848 3586 Caesar
1889 3532 2003 3601 ipse

407 3635 643 3680 tractare
669 3624 852 3680 audet.
889 3643 910 3676 ς
940 3625 991 3680 in
1019 3624 1250 3694 simplici
1279 3633 1335 3679 et
1373 3624 1618 3678 absoluta
1659 3624 1942 3694 religione,
1980 3643 1998 3676 ι

403 3718 917 3788 inquitAmmianus
948 3717 1088 3791 (Lib.
1124 3717 1242 3790 xxi)
1277 3735 1297 3769 ‹
1349 3717 1635 3773 scrutanda
1673 3717 2003 3788 perplexior,

405 3828 568 3884 quam
607 3812 980 3884 componenda
1028 3812 1278 3882 gravior.
1347 3811 1462 3881 ipsa
1511 3797 1644 3866 aluit
1683 3811 2008 3881 adauxitque

406 3905 652 3961 dissidia.
690 3923 709 3957 ι
744 3903 954 3972 Quibus
983 3913 1046 3961 ut
1078 3904 1379 3960 remedium
1409 3903 1624 3959 tandem
1666 3903 1881 3974 aliquod
1912 3901 2008 3958 ad-

409 3997 650 4064 hiberet,
681 3998 1072 4054 tecumenicam
1097 3997 1363 4070 synodum
1403 4012 1597 4067 cogere
1623 3996 1862 4052 decrevit
1883 3996 2010 4068 (So-

408 4107 544 4145 zam.
577 4089 615 4144 ι.
649 4105 723 4154 tv,
754 4107 801 4144 c.
831 4088 945 4160 16).
975 4089 1198 4145 Litteris
1226 4090 1390 4161 igitur
1411 4087 1479 4144 ad
1503 4088 1759 4143 Basilium
1803 4087 2012 4159 Anqui-

409 4183 647 4237 ritauum
707 4183 1021 4252 episcopum
1088 4181 1290 4247 missis,
1353 4180 1660 4237 Orientales
1725 4182 2010 4251 episcopos

406 4275 586 4345 jubet,
619 4284 676 4330 ut
707 4274 886 4330 locum
917 4274 1259 4331 celebranda:
1299 4275 1510 4345 synodo
1557 4284 1739 4344 aptum
1765 4283 1821 4330 et
1862 4289 2011 4330 com-

410 4369 634 4425 modum
666 4369 1052 4440 perspicerent.
1086 4369 1286 4424 Verum
1337 4385 1459 4425 cum
1492 4369 1633 4425 inter
1677 4384 1771 4425 eos
1814 4384 2012 4441 conve-

413 4461 537 4516 nire
575 4476 684 4516 non
717 4470 922 4528 posset,
951 4461 1074 4516 aliis
1102 4461 1264 4516 alium
1312 4461 1748 4532 prasferentibus.
1782 4461 2012 4518 Basilius

2107 3251 2264 3305 ﬁdem
2295 3251 2600 3306 Ariminum
2631 3263 2814 3306 secum
2847 3250 2913 3304 ad
2951 3250 3214 3322 synodum
3245 3251 3524 3307 detulisse.
3555 3251 3703 3308 Scri-

2107 3352 2197 3413 pta
2219 3353 2300 3398 est
2326 3360 2454 3414 ergo
2479 3359 2539 3399 ea
2575 3343 2728 3408 fides,
2762 3360 2882 3414 quae
2912 3360 3009 3414 per
3035 3346 3212 3400 omnia
3246 3345 3440 3400 Filium
3471 3346 3702 3420 similem

2107 3435 2251 3490 Patri
2280 3437 2493 3502 asserit,
2525 3453 2592 3491 eo
2635 3447 2876 3507 tempore
2926 3454 3034 3509 quo
3076 3439 3316 3510 synodus
3345 3421 3706 3496 Ariminensis

2107 3537 2225 3582 ama
2268 3537 2372 3594 est,
2421 3527 2474 3582 id
2503 3539 2605 3592 est,
2645 3528 2878 3583 Eusebio
2907 3539 2962 3584 et
2991 3529 3221 3602 Hypatio
3250 3532 3405 3586 Coss.
3435 3533 3487 3586 iu
3519 3532 3703 3602 vigilia

2111 3628 2468 3691 pentecostes,
2519 3620 2569 3675 id
2598 3630 2682 3675 est
2719 3637 2771 3675 xi
2825 3621 2927 3676 cal.
2957 3621 3077 3690 jun.
3130 3622 3407 3692 Siquidem
3463 3621 3530 3677 iis
3558 3638 3704 3679 coss.

2109 3711 2199 3782 qui
2227 3710 2428 3767 Christi
2458 3711 2566 3767 559
2594 3727 2767 3766 annus
2795 3721 2903 3777 est,
2957 3711 3083 3766 luna
3117 3726 3226 3778 xw,
3258 3712 3311 3766 in
3363 3727 3418 3766 IV
3452 3712 3561 3768 cal.
3585 3727 3705 3782 apr.

2111 3802 2402 3866 incidente,
2434 3803 2741 3858 veneranda
2774 3803 3216 3858 Resurrectiouis
3259 3804 3546 3859 dominica:
3589 3804 3708 3861 dies

2114 3893 2252 3963 prid.
2306 3907 2432 3948 non.
2463 3893 2703 3964 ejusdem
2737 3894 2961 3960 mensis,
3005 3895 3278 3950 missionis
3321 3896 3495 3951 saneti
3539 3897 3712 3971 Spiri-

2114 3993 2199 4038 tus
2258 3999 2292 4038 x
2333 3984 2435 4040 cal.
2463 3983 2581 4054 jun.
2632 3985 2808 4040 littera
2841 4001 2917 4052 c.,
2966 3984 3076 4041 diei
3126 3985 3422 4042 Dominieze
3465 3997 3615 4056 nota,
3663 3988 3710 4043 si

2116 4086 2242 4132 tunc
2265 4091 2365 4132 usu
2387 4085 2603 4147 recepta
2627 4077 2946 4144 exstitisset,
2977 4077 3262 4134 celebrata:
3285 4087 3430 4134 sunt.

2196 4284 2285 4339 M.
2318 4283 2667 4356 Epilogus.-—
2695 4283 2919 4342 Videtur
2947 4299 3098 4352 ergo,
3137 4292 3195 4340 ut
3216 4293 3325 4341 tota
3351 4283 3468 4342 haec
3493 4285 3718 4343 conclu-

2116 4375 2274 4430 datur
2301 4373 2623 4445 disputatio,
2673 4375 2806 4432 ﬁdes
2849 4391 2968 4447 qua:
2997 4375 3191 4432 Filium
3235 4376 3377 4432 Patri
3410 4393 3505 4447 per
3532 4377 3717 4434 omnia

2117 4467 2350 4522 similem
2395 4467 2701 4536 profitetur,
2750 4470 2954 4538 scripta
2997 4468 3204 4535 Sirmii,
3240 4485 3348 4524 non
3380 4468 3559 4523 habita
3603 4467 3717 4525 dis-

419 4553 488 4607 ad
516 4553 921 4623 imperatorem,
952 4553 1045 4622 qui
1073 4563 1184 4607 tum
1217 4553 1398 4610 Sirmii
1433 4553 1572 4610 forte
1598 4553 1848 4620 degebat,
1886 4568 2012 4622 pro-
2043 4551 2090 4610 D
2117 4560 2410 4629 qnisitione
2441 4561 2494 4615 in
2545 4560 2748 4616 celebri
2789 4562 3172 4630 episc0porum
3220 4558 3469 4623 concilio,
3517 4556 3614 4613 sed
3663 4559 3715 4614 in
3807 4595 3812 4598 -

415 4647 589 4702 fectus
615 4656 719 4714 est,
750 4648 932 4717 ibique
961 4660 1082 4701 cum
1115 4645 1252 4700 alios
1274 4647 1536 4714 quosdam
1579 4648 1803 4716 privatis
1852 4662 2017 4717 nego-

411 4727 511 4796 tiis
540 4741 590 4794 in
621 4741 879 4797 comitatu
926 4741 1200 4805 delentos,
1233 4749 1345 4794 tum
1379 4739 1613 4796 Marcum
1643 4739 2015 4806 Arethusium,

418 4831 712 4901 Georgium
752 4831 1098 4888 Alexandria:
1127 4831 1440 4902 episcopum
1484 4841 1541 4886 et
1587 4829 1862 4886 Valentem
1894 4847 2015 4886 cum

417 4925 534 4980 suis
579 4923 822 4979 oﬂendit.
870 4923 1022 4978 Tunc
1072 4924 1232 4993 igitur
1275 4923 1349 4977 illi
1394 4924 1716 4978 Arianorum
1745 4923 2019 4994 coryphmi

421 5015 568 5071 inter
619 5032 679 5069 se
707 5030 814 5083 quo
843 5023 998 5084 pacto
1029 5014 1188 5069 fidem
1221 5013 1491 5069 Nicamam
1523 5015 1899 5070 subverterent
1925 5029 2016 5068 ca-

423 5106 533 5178 pita
560 5106 926 5172 Confereutes,
954 5108 1020 5161 ab
1043 5108 1370 5175 imperatore
1392 5107 1681 5176 impetrant
1702 5118 1758 5162 ut
1781 5107 2020 5178 synodus

425 5199 747 5253 universalis
773 5197 967 5253 Nicteaa
999 5197 1264 5265 Bithynia:
1293 5199 1518 5267 indicta,
1553 5210 1878 5270 propterque
1906 5201 2022 5268 ejus

425 5290 578 5344 urbis
606 5288 812 5344 cladem
857 5297 1017 5344 terrae
1052 5299 1199 5344 motu
1232 5300 1510 5360 acceptam
1557 5290 1720 5345 dilata
1746 5290 2020 5347 dividere~

428 5392 570 5437 tur:
620 5380 1032 5450 Orientalesque
1087 5382 1373 5451 epi5c0pos
1432 5383 1730 5440 Seleuciam
1783 5385 2022 5451 Isaurize,

426 5473 806 5531 Occidentales
851 5489 984 5528 vero
1032 5475 1331 5530 Ariminum
1381 5479 1664 5531 convocari
1712 5487 2020 5547 procurant.

428 5565 586 5621 Hunc
629 5567 1003 5637 episcoporum
1033 5567 1354 5624 Arianorum
1381 5574 1432 5623 In
1473 5572 1732 5624 comitatu
1765 5585 2022 5640 congres-

430 5675 552 5716 sum
605 5660 841 5716 Eusebio
879 5670 935 5717 et
980 5660 1209 5734 Hypatio
1252 5661 1563 5717 consulibus
1610 5663 1920 5735 contigisse,
1971 5665 2022 5720 id

432 5760 541 5818 est,
572 5767 638 5809 eo
663 5753 782 5825 ipso
802 5768 946 5810 anno
974 5770 1084 5825 quo
1115 5753 1222 5812 illae
1247 5753 1440 5826 synodi
1488 5762 1625 5811 actae
1667 5764 1814 5824 sunt,
1862 5771 2024 5813 nemo

2120 4652 2346 4710 fortuito
2375 4668 2670 4720 paucorum
2701 4667 3002 4723 congressu
3033 4668 3213 4707 coram
3245 4651 3576 4720 imperatore
3605 4651 3718 4706 dis-

2123 4745 2397 4815 putatione
2418 4754 2572 4809 orta;
2600 4760 2704 4798 non
2731 4745 2783 4797 in
2811 4745 2986 4813 aliqua
3014 4745 3232 4800 basilica
3254 4753 3348 4799 aut
3365 4744 3579 4806 publico
3592 4746 3717 4801 loco

2122 4837 2174 4892 in
2204 4852 2312 4907 quo
2339 4837 2581 4891 solerent
2607 4837 2799 4908 synodi
2842 4836 3052 4902 haberi,
3082 4837 3174 4892 sed
3210 4838 3262 4892 in
3296 4839 3508 4907 privato
3549 4839 3721 4909 impe-

2120 4923 2319 4984 ratoris
2345 4927 2626 4997 cubiculo;
2662 4945 2766 4985 non
2799 4930 2992 5001 Sergio
3021 4941 3074 4985 et
3112 4929 3390 4999 Nigriano,
3443 4931 3526 4986 vel
3574 4929 3720 4987 Con-

2124 5023 2326 5078 stantio
2371 5039 2425 5077 ix
2490 5030 2546 5078 et
2586 5022 2804 5078 Juliauo
2841 5039 2898 5078 χι
2956 5023 3294 5090 Consulibus,
3336 5038 3443 5093 quo
3473 5034 3721 5094 tempore.

2123 5115 2438 5171 Sirmiensis
2495 5115 2735 5186 synodus
2775 5114 2954 5171 habita
2997 5115 3217 5182 dicitur,
3269 5115 3364 5170 sed
3410 5131 3463 5170 χι
3507 5114 3721 5170 calend.

2121 5207 2239 5277 jun.
2270 5206 2508 5263 Eusebio
2534 5220 2587 5263 et
2626 5206 2859 5279 Hypatio
2901 5223 3045 5263 coss.
3080 5223 3194 5278 quo
3233 5207 3396 5264 etiam
3443 5208 3533 5263 die
3578 5207 3720 5263 idem

2131 5303 2248 5367 ipse
2280 5301 2575 5368 imperator
2606 5298 2807 5356 Sirmio
2853 5299 2999 5368 leges
3039 5315 3133 5354 xw
3187 5309 3241 5354 et
3264 5315 3332 5353 xv
3381 5299 3450 5354 de
3477 5298 3639 5354 Prmt.
3668 5306 3726 5355 et

2130 5389 2336 5457 Quaest.
2364 5388 2498 5444 Cod.
2531 5389 2633 5444 Th.
2668 5390 2734 5444 ad
2765 5391 3024 5446 Senatum
3077 5391 3240 5445 misit.
3273 5392 3452 5458 Quare
3483 5408 3587 5445 nun
3621 5390 3726 5446 mi-

2130 5498 2249 5537 rum
2298 5491 2382 5537 est
2428 5483 2473 5536 si
2523 5484 2844 5537 Athanasius
2891 5481 3009 5555 (lib.
3043 5485 3106 5540 de
3137 5483 3343 5554 Synod.
3375 5502 3430 5553 p.
3461 5484 3588 5554 875)
3634 5497 3730 5540 eo-

2131 5590 2274 5638 rum,
2322 5575 2410 5645 qui
2455 5575 2720 5646 ejusmodi
2769 5575 2927 5631 fidem
2978 5577 3331 5646 scripserunt,
3366 5578 3726 5636 temeritatem

2133 5665 2369 5736 exagitet
2411 5683 2426 5720 :
2485 5682 2504 5718 ι
2539 5668 2633 5737 qui
2681 5682 2806 5722 cum
2860 5681 2967 5723 non
3013 5667 3119 5730 nisi
3151 5677 3260 5725 tres
3286 5677 3380 5724 aut
3409 5679 3660 5740 quatuor,
3702 5688 3722 5724 ι

2136 5757 2330 5830 inquit,
2371 5775 2390 5810 ι
2420 5767 2625 5828 essent,
2667 5777 2686 5812 ι
2734 5759 2812 5831 (ἰη
2859 5773 2967 5832 quo
3012 5757 3230 5831 quidem
3278 5777 3395 5820 rem
3435 5770 3727 5832 extenuat;
