4120 6170
340 294 441 352 901

1490 278 1765 351 NICOLAI
1802 278 2014 349 saeui
2042 274 2444 349 augurio.

3534 278 3642 354 902

244 481 249 485 _
342 408 503 467 fidem
547 410 915 468 restituerent.
964 409 1057 467 [iis
1106 400 1266 467 etiam
1312 416 1368 467 et
1416 407 1749 465 Victorinum
1786 406 1934 462 Pari-
1960 396 2242 469 Aclarum
2285 413 2389 463 est.
2430 404 2598 462 Plane
2627 403 2743 463 haec
2768 404 3033 464 Germinii
3077 403 3303 462 formula
3347 406 3642 463 conformis

338 502 574 559 siensem
621 505 977 575 episcopum,
1029 519 1187 574 quem
1238 500 1446 575 synodo
1490 500 1800 559 Sardiceusi
1850 499 1936 554 in-

339 592 589 652 terfuisse
617 595 769 651 testis
798 604 881 652 est
909 594 1236 651 Athanasius
1265 594 1509 667 (Apolog.
1543 593 1614 649 ad
1640 590 1929 658 Constant.,

340 703 393 757 p.
424 685 573 758 767),
602 693 658 742 et
686 680 753 743 ad
780 684 1232 759 Agrippinensem
1259 691 1449 751 contra
1475 682 1807 757 Euphratem
1840 683 1936 741 de-

336 778 571 850 legasse,
598 778 772 851 ipsius
816 779 1229 852 Agrippinensis
1275 777 1488 836 concilii
1529 788 1650 835 acta
1682 774 1931 849 probant,

336 870 381 925 si
412 871 476 926 ad
509 870 627 927 haec
674 881 914 943 tempora
957 873 1224 944 pervenit,
1270 870 1567 944 symbolam
1611 886 1763 926 suam
1799 884 1932 926 cou-

335 960 525 1020 tulisse
570 963 865 1021 verisimile
909 971 1013 1020 est.
1059 962 1140 1020 Ad
1184 979 1276 1021 eas
1308 962 1544 1036 synodos
1574 960 1934 1035 Hieronymus

334 1053 392 1110 in
419 1054 725 1112 Eusebiauo
752 1054 1016 1113 chronica
1041 1056 1282 1128 respicit,
1313 1072 1435 1113 cum
1476 1054 1543 1111 ad
1570 1070 1768 1110 anuqu
1811 1054 1932 1110 vitae

341 1147 645 1204 Constantii
669 1160 971 1206 extremum
1005 1148 1152 1223 (nam
1183 1148 1271 1221 qui
1299 1148 1351 1205 in
1388 1164 1453 1206 eo
1477 1144 1735 1204 chronico
1766 1145 1932 1203 uitiati

334 1238 606 1299 habentur
635 1243 836 1300 Christi
865 1244 1015 1310 anni,
1066 1260 1166 1300 nec
1213 1242 1432 1300 Eusebii
1480 1257 1579 1299 nec
1619 1239 1931 1313 Hieronymi

332 1336 508 1411 situt),
537 1334 763 1395 Galliam
791 1354 882 1411 per
915 1336 1174 1394 Hilarium
1200 1336 1537 1392 Ariminensis
1577 1333 1809 1406 perfidiae
1837 1331 1934 1388 do-

331 1429 439 1485 lum
464 1427 567 1502 (sic
609 1430 752 1486 enim
785 1426 971 1502 legunt
1006 1439 1220 1486 veteres
1249 1426 1395 1502 libri)
1441 1426 1731 1484 damnasse
1758 1434 1927 1494 nutat,

329 1522 475 1594 quod
502 1534 556 1580 et
586 1525 685 1580 hac
714 1520 839 1580 fidei
864 1522 1092 1579 formula
1115 1524 1415 1595 praestitum
1439 1520 1708 1578 videmus.
1732 1521 1931 1588 Quam—

328 1617 412 1672 vis
441 1630 546 1672 non
581 1617 684 1671 nisi
710 1612 967 1672 defuncto
991 1613 1332 1682 Constantio,
1371 1608 1659 1684 rerumque
1690 1610 1930 1685 potiente

326 1706 571 1775 .luliano,
600 1709 704 1766 illa:
739 1706 932 1782 synodi
969 1708 1259 1766 celebrata:
1291 1706 1511 1775 fuerint,
1561 1704 1614 1762 id
1644 1715 1746 1774 est,
1784 1700 1924 1761 circa

324 1815 526 1859 annum
558 1802 759 1859 Christi
789 1817 1023 1860 cccun.

398 1896 489 1953 i9.
533 1892 687 1952 Osius
731 1901 935 1968 quando
977 1897 1143 1951 vivere
1181 1895 1405 1951 desierit.
1442 1923 1514 1937 -—
1556 1890 1796 1963 Epistula
1846 1888 1926 1964 (a)

322 1998 506 2045 autem
552 1982 772 2044 Eusebii
804 1984 1173 2043 Vercellarum
1203 1985 1459 2058 episcopi
1506 1984 1571 2041 ad
1602 1982 1924 2054 Gregorium

323 2078 529 2137 Eiiberi
554 2078 795 2136 civitatis
823 2078 1091 2150 Hispaniae
1113 2078 1433 2144 antistitem,
1464 2078 1589 2133 licet
1609 2072 1929 2132 Constantio

322 2174 657 2245 imperatore
684 2171 859 2229 adhuc
890 2175 945 2228 in
973 2173 1109 2228 vivis
1135 2183 1330 2245 agente
1364 2172 1566 2244 (ipsum
1597 2170 1739 2225 enim
1771 2168 1929 2224 intel-‘

322 2262 473 2339 figit,
515 2280 638 2322 cum
684 2280 836 2337 spem
876 2265 1367 2330 Ariomanitarum,
1401 2279 1506 2319 non
1536 2249 1590 2317 in
1634 2279 1727 2318 sua
1765 2262 1814 2316 vi
1840 2270 1930 2316 aut

323 2361 466 2414 unita
497 2373 788 2427 consensu,-
815 2358 892 2413 sic
914 2358 1059 2414 enim
1088 2356 1176 2414 hic
1205 2359 1352 2412 locus
1379 2352 1749 2412 emendandus
1778 2352 1928 2408 vide-

320 2459 411 2507 tur
439 2468 453 2505 :
481 2450 571 2506 sed
614 2450 668 2505 in
707 2450 1017 2521 protectiane
1048 2449 1184 2520 regis
1209 2445 1471 2502 secuturis
1499 2446 1719 2517 pendere
1760 2443 1924 2511 dicit,

321 2545 525 2616 quippe
569 2542 701 2614 qui,
749 2551 808 2599 ut
848 2541 1126 2597 Athanasii
1168 2539 1349 2596 verbis
1381 2549 1523 2605 utar,
1559 2556 1580 2591 ι
1633 2551 1762 2594 snas
1801 2546 1926 2608 spes

323 2635 472 2691 humi
500 2642 557 2691 et
578 2634 787 2691 inferne
814 2630 1078 2689 haberent
1098 2675 1113 2699 ,
1157 2630 1211 2687 in
1241 2631 1457 2687 Caesare
1486 2630 1738 2686 nimirum
1786 2638 1840 2684 et
1872 2630 1924 2683 in

321 2731 441 2797 ejus
480 2724 767 2793 eunuchis,
808 2740 828 2778 ι
882 2735 1002 2796 post
1032 2722 1146 2780 Osii
1191 2733 1370 2780 tamen
1416 2721 1925 2794 praevaricationem

322 2829 487 2891 atque
517 2816 681 2876 etiam
728 2814 1076 2875 Ariminense
1122 2817 1411 2872 concilium
1461 2816 1664 2886 scripta
1712 2824 1815 2870 est.
1868 2813 1926 2868 In

321 2922 429 2984 qua
472 2921 651 2968 tamen
688 2910 1067 2967 observatione
1101 2908 1320 2980 dignum
1351 2913 1436 2992 est
1473 2921 1781 2963 sermonem
1828 2906 1922 2959 hae

320 3005 438 3062 beri
482 3005 551 3062 de
580 3003 710 3061 Osio
750 3004 894 3060 velut
924 3003 1099 3060 adhuc
1124 3007 1369 3066 vivente,
1400 3009 1455 3057 et
1479 3001 1565 3058 cui
1608 3016 1712 3057 non
1757 2998 1929 3055 multo

324 3108 454 3154 ante
482 3113 579 3168 pro
608 3095 821 3153 Arianis
848 3094 1049 3168 aliquid
1090 3095 1332 3151 molienti
1364 3092 1659 3165 Gregorius
1685 3092 1928 3147 animose

2034 509 2119 556 est
2162 498 2359 572 regula:
2406 497 2529 556 fidei
2575 514 2696 556 eum
2739 499 3063 558 Consulibus
3093 498 3289 567 editae,
3336 515 3456 571 qum
3495 496 3645 556 Patri

2033 592 2250 649 similem
2302 610 2391 664 per
2418 594 2590 648 omnia
2632 592 2828 648 Filium
2867 590 3104 660 dicebat,
3140 600 3197 650 et
3234 588 3382 649 'velut
3420 610 3483 649 ex
3525 592 3645 650 dia-

2035 694 2209 741 metro
2236 684 2483 757 opposita
2527 684 2843 742 Sirmiensis
2886 687 3102 744 concilii
3135 685 3369 743 infidelis
3400 682 3555 754 fidei,
3585 694 3647 742 ut

2035 788 2154 833 eam
2204 787 2361 833 vocat
2408 785 2594 835 noster
2644 776 2880 835 Hilarius
2927 774 3042 854 (lib.
3091 772 3156 835 de
3203 777 3431 853 Synod.,
3463 797 3516 834 η.
3561 779 3642 851 Ξ),

2034 860 2296 937 impietali
2345 884 2464 942 qua:
2513 868 2726 928 Patrem
2776 871 3006 937 honore,
3040 872 3329 945 dignitate,
3386 872 3642 940 claritate,

2035 966 2304 1037 majestate
2329 962 2469 1020 Filio
2498 966 2762 1036 majorem
2790 963 3108 1024 definiebat.

2105 1052 2198 1109 21.
2238 1055 2370 1123 Qua:
2412 1057 2657 1128 sequitur
2699 1055 3042 1113 Sardieensis
3069 1050 3285 1114 concilii
3329 1054 3395 1114 ad
3428 1052 3641 1127 Grego-

2035 1146 2174 1202 rium
2201 1150 2515 1219 episcopum
2545 1150 2892 1207 Alexandria!
2920 1160 3254 1220 ueteresque
3276 1148 3502 1219 epistula
3535 1145 3634 1218 (ὁ),

2043 1238 2472 1308 praecedentibus
2497 1242 2665 1298 multo
2699 1244 2846 1315 prior
2874 1248 2979 1309 est,
3006 1252 3059 1298 et
3084 1250 3404 1314 argumento
3429 1240 3643 1312 penitus

2033 1332 2267 1390 diversa.
2292 1333 2547 1392 Continet
2567 1336 2707 1392 enim
2733 1336 3014 1393 decretum
3047 1334 3387 1393 Sardicensis
3425 1334 3642 1391 concilii

2034 1424 2255 1482 nomine
2281 1426 2349 1481 ab
2378 1428 2592 1483 Ariatﬁs
2619 1427 2910 1484 confictam
2930 1469 2946 1497 ,
2980 1427 3134 1499 cujus
3162 1424 3418 1484 Socrates
3446 1426 3641 1482 memis

2034 1518 2132 1583 nit.
2157 1510 2494 1578 Sozomenus
2517 1520 2677 1578 etiam
2702 1537 2815 1577 sua:
2846 1520 3095 1578 Histeriae
3119 1534 3384 1577 Summam
3416 1521 3645 1576 inteXuit

2033 1609 2211 1685 (Socr.
2257 1610 2349 1668 lib.
2395 1622 2453 1681 ii,
2500 1613 2610 1680 20;
2648 1615 2771 1670 Soz.
2823 1612 2915 1669 tib.
2948 1630 3025 1680 lli,
3061 1604 3175 1681 ii),
3219 1613 3467 1668 ultimum
3509 1626 3642 1668 sane

2032 1703 2304 1764 haereticae
2327 1706 2651 1764 temeritatis
2673 1723 2735 1763 ac
2757 1706 2998 1763 audaciae
3021 1702 3352 1774 exemplum.
3380 1704 3458 1760 Illi
3486 1714 3641 1760 natu-

1958 1780 2005 1852 Β
2033 1812 2139 1872 que
2168 1817 2226 1857 se
2266 1800 2510 1873 patribus
2551 1816 2696 1856 anno
2747 1796 2945 1857 Christi
2990 1792 3097 1857 348
3138 1794 3377 1855 Sardietc
3406 1812 3641 1869 congre-

2031 1880 2169 1965 galis
2210 1898 2265 1948 ut
2303 1894 2560 1951 sisterent
2602 1900 2870 1964 praesente
2903 1892 3231 1959 Athanasio,
3262 1906 3420 1963 quem
3468 1888 3643 1961 impu-

2032 1983 2227 2041 denter
2269 1985 2407 2042 adeo
2453 1983 2725 2041 criminati
2770 1984 3193 2053 calumniatique
3238 1980 3468 2048 fuerant,
3510 1981 3642 2036 satis

2034 2074 2242 2135 firmam
2294 2077 2527 2135 frontem
2574 2094 2679 2134 non
2729 2074 3021 2146 habentes,
3075 2070 3475 2147 Philippopoli,
3520 2089 3642 2145 quae

2033 2166 2279 2227 Thracia:
2320 2178 2404 2229 est
2451 2170 2610 2237 urbs,
2643 2170 2847 2237 coacti,
2903 2170 3004 2226 hoc
3049 2164 3191 2240 quod
3238 2169 3291 2224 in
3342 2184 3502 2223 manu
3557 2173 3644 2222 est

2031 2260 2334 2333 decretum,
2365 2262 2468 2319 sub
2497 2264 2716 2318 nomine
2738 2271 2954 2334 patrum
2982 2261 3221 2319 Serdica:
3251 2261 3632 2328 collectorum‘,

2046 2368 2277 2426 quorum
2326 2358 2463 2413 fama
2506 2356 2618 2428 jam
2665 2372 2765 2428 per
2809 2356 3042 2429 populos
3090 2366 3376 2429 pervagata
3432 2357 3639 2429 fuerat,

2030 2450 2321 2506 commenti
2365 2446 2548 2505 sunt:
2590 2465 2699 2522 quo
2730 2466 2835 2506 non
2877 2444 3053 2507 solum
3094 2444 3449 2507 Athanasium
3493 2450 3643 2508 velut

2040 2541 2284 2611 gravium
2327 2541 2595 2599 scelerum
2643 2541 2955 2598 convictum
2997 2540 3400 2614 deposuerunt,
3453 2559 3640 2599 verum

2031 2635 2193 2688 etiam
2238 2624 2439 2689 .lulium
2478 2633 2540 2690 P.
2583 2628 2650 2689 Β.
2683 2632 2906 2699 Osium,
2941 2631 3337 2704 Protogenem,
3383 2633 3639 2692 Gauden-

2032 2726 2200 2793 tium,
2244 2734 2299 2783 et
2348 2724 2732 2794 Maximinum,
2780 2720 2903 2783 fidei
2947 2722 3179 2783 Nicaeum
3224 2726 3519 2795 eolumina,
3571 2722 3641 2787 de

2031 2819 2199 2890 gradu
2224 2822 2720 2893 communioneque
2746 2814 3115 2876 ecclesiastica
3164 2806 3402 2876 dimotos
3423 2818 3637 2889 judica-

2032 2918 2177 2969 runt.
2210 2911 2320 2972 Nec
2359 2912 2601 2971 contenti
2631 2912 2683 2970 iu
2724 2921 2902 2970 tantos
2932 2914 3078 2969 viros
3118 2912 3303 2985 injurii
3333 2911 3637 2978 exstitisse,

2032 3007 2135 3061 nisi
2176 3006 2375 3074 etiam,
2408 3014 2469 3063 ut
2494 3022 2616 3063 eum
2647 3005 2919 3078 Propheta
2965 2998 3155 3079 loquar
3195 3000 3349 3078 (Esai
3390 3021 3485 3073 vn,
3520 2998 3638 3077 i3),

2034 3099 2248 3158 molesti
2293 3102 2477 3157 essent
2519 3102 2574 3156 et
2613 3100 2726 3157 Deo
2770 3104 2980 3165 nostro,
3028 3099 3204 3170 ipsum
3244 3094 3523 3154 Christum
3570 3098 3641 3155 de

320 3198 378 3247 et
405 3187 671 3260 intrepide
703 3186 980 3245 restiterit.
1021 3186 1174 3256 Quod
1207 3189 1251 3242 si
1289 3194 1408 3250 est,
1450 3182 1516 3240 ad
1552 3198 1753 3240 annum
1781 3182 1926 3239 Con-

2035 3189 2211 3247 Patris
2258 3192 2471 3259 dextra,
2525 3180 2577 3247 id
2623 3194 2737 3259 est,
2782 3198 2874 3255 τῆς
2914 3168 3197 3265 ὃμορσίας
3238 3186 3324 3245 καὶ
3369 3188 3641 3265 ὁμοτιμίας

321 3281 507 3339 stautli
537 3292 689 3349 xxiv,
742 3280 831 3350 qui
861 3279 1061 3335 Christi
1092 3278 1143 3333 lx
1173 3288 1256 3335 est
1299 3286 1418 3348 post
1449 3276 1889 3334 trecentesimum
1909 3317 1924 3337 .

324 3374 512 3429 Osium
561 3372 878 3443 pervenisse
933 3382 1156 3426 necesse
1200 3376 1319 3437 est,
1370 3354 1477 3440 quo
1519 3382 1664 3424 anno
1712 3368 1930 3423 missam

327 3465 467 3522 hanc
504 3461 789 3535 epistolam
830 3463 1116 3535 ipsumque
1157 3460 1341 3518 Osium
1383 3460 1544 3531 paulo
1570 3469 1692 3530 post
1735 3474 1767 3517 e
1794 3460 1932 3515 vivis

326 3557 602 3613 sublatum
638 3557 879 3627 oportuit
912 3573 926 3611 :
953 3553 1169 3626 quando
1205 3553 1421 3625 quidem
1447 3553 1774 3610 Athanasius
1803 3566 1930 3607 orao

326 3650 480 3705 tione
505 3648 675 3720 prima
699 3655 888 3704 contra
912 3647 1145 3703 Arianos
1165 3661 1306 3701 anno
1332 3654 1447 3716 post
1471 3644 1743 3701 Niczenam
1768 3659 1931 3717 synos

326 3741 457 3797 dum
486 3740 764 3813 trigesimo
789 3748 964 3807 sexto,
989 3737 1044 3794 id
1071 3748 1154 3795 est
1181 3753 1324 3794 anno
1348 3737 1550 3794 Christi
1581 3738 1682 3794 36i
1723 3736 1929 3805 habita,

329 3832 444 3888 Osii
472 3843 533 3888 ut
558 3830 664 3887 vita
708 3831 874 3887 iuncti
901 3831 1169 3886 meminit.
1199 3829 1335 3886 Hinc
1361 3829 1592 3886 fortasse
1620 3830 1933 3885 Marcellino

326 3924 650 3995 exterisque
677 3921 1033 3979 Lueiferisnis
1072 3923 1250 3980 oblata
1278 3921 1493 3978 occasio
1519 3919 1840 3996 (Herceum.
1885 3930 1934 3976 et

326 4017 577 4074 Faustin.
611 4016 794 4093 λῆμμά
822 4015 1090 4088 imperat.)
1119 4017 1201 4087 (ut
1230 4029 1348 4071 mos
1375 4022 1461 4071 est
1487 4015 1784 4079 haereticis,
1812 4028 1933 4085 qua:

326 4125 432 4167 suo
462 4109 577 4166 fato
620 4110 874 4166 accidunt
905 4109 1282 4181 interpoiando
1301 4149 1318 4176 ,
1350 4106 1642 4179 verbisque
1676 4108 1731 4163 in
1761 4108 1934 4178 majus

331 4202 610 4271 tollendo,
642 4204 767 4276 quia
793 4206 937 4259 veris
982 4204 1369 4271 destituuntur,
1412 4202 1469 4258 in
1510 4200 1631 4258 ficia
1675 4203 1934 4259 miracula

329 4294 597 4370 trahere),
644 4295 933 4353 horrendae
978 4296 1124 4352 illius
1171 4296 1445 4367 tragcediae
1483 4298 1552 4352 de
1596 4296 1713 4365 ejus
1759 4306 1936 4353 morte

331 4391 467 4447 diris
494 4389 738 4461 ejusdem
765 4390 1012 4462 Gregorii
1043 4391 1303 4447 accersita
1340 4391 1741 4463 contingendae;
1779 4390 1935 4461 cujus

2032 3282 2225 3357 gradu,
2255 3300 2393 3341 nova
2440 3284 2565 3340 fidei
2612 3282 2842 3341 formula
2868 3286 3175 3355 conscripta
3195 3326 3211 3352 ,
3244 3281 3298 3339 in
3323 3297 3427 3355 qua
3460 3284 3640 3345 οὐσίας

2032 3382 2114 3434 καὶ
2152 3379 2430 3453 ὁμοουσίου
2461 3388 2639 3455 Voces
2662 3376 3129 3450 pra'termiserunt
3150 3418 3168 3448 ,
3200 3370 3492 3434 deturbare
3534 3372 3641 3432 nisi

2033 3477 2181 3526 sunt.

2104 3562 2200 3617 22.
2243 3562 2437 3618 Mirum
2472 3566 2649 3616 tamen
2679 3571 2795 3630 est,
2826 3561 2910 3617 vel
2947 3570 3192 3617 nostrum
3226 3556 3488 3617 Hilarium
3519 3575 3638 3615 eam

2034 3650 2205 3726 ipsam
2254 3654 2376 3711 fidei
2416 3654 2657 3725 regulam
2700 3669 2798 3727 pro
2840 3652 3076 3725 legitima
3108 3650 3182 3727 (c)
3212 3650 3412 3725 synodi
3453 3644 3640 3709 Sardi-

2035 3747 2213 3804 censis
2244 3760 2345 3803 suo
2384 3746 2534 3819 operi
2563 3742 2633 3804 de
2659 3742 2894 3821 Synodis
2921 3746 3252 3814 inseruisse,
3281 3762 3344 3803 ac
3376 3746 3522 3804 velut
3547 3762 3641 3802 ea-

2035 3836 2294 3894 thoiicam
2322 3839 2662 3909 esposuisse,
2719 3839 2804 3896 vel
2837 3843 3011 3911 ipsum
3046 3836 3402 3896 Athanasium
3436 3828 3493 3894 in
3525 3832 3642 3909 epi-

2036 3926 2173 3983 stola
2205 3929 2274 3985 de
2306 3929 2634 3986 Ariminensi
2654 3938 2708 3987 et
2739 3926 3000 3988 Seleuciae
3022 3930 3270 4003 synodis,
3300 3939 3354 3987 et
3372 3938 3499 4005 post,
3515 3936 3638 3987 eum‘

2037 4014 2318 4078 Socratem
2358 4034 2552 4078 novem
2580 4033 2634 4078 et
2658 4021 2838 4080 verbis
2858 4031 2913 4079 et
2948 4038 3112 4079 sensu
3149 4021 3383 4079 diversis
3412 4020 3643 4079 Ariano-

2037 4128 2159 4170 rum
2185 4115 2469 4173 recensitis
2486 4108 2757 4183 formulis,
2774 4112 2913 4172 hane
2932 4116 3195 4176 decimam
3216 4124 3323 4172 non
3344 4114 3637 4174 addidisse.

2016 4204 2185 4279 idem
2202 4209 2345 4264 enim
2365 4208 2481 4280 ipse
2497 4206 2825 4264 Athanasius
2841 4206 3012 4281 (epist.
3036 4206 3106 4263 ad
3125 4198 3463 4281 Autioch.,§p.
3484 4200 3638 4281 576),

2040 4314 2148 4356 non
2190 4312 2297 4357 uno
2320 4300 2439 4357 loco
2467 4303 2621 4358 testis
2647 4311 2729 4359 est
2757 4294 3247 4373 locupletissimus,
3275 4302 3438 4359 certis
3468 4294 3643 4357 hemio-

2039 4390 2199 4450 nihus
2226 4392 2485 4451 nonnulla
2517 4393 2672 4467 quasi
2700 4393 3102 4467 quaadeessent
3129 4390 3365 4452 Nieamze
3395 4390 3642 4451 formula:

331 4484 625 4541 falsitatem
656 4483 739 4539 vel
770 4483 859 4539 hic
902 4498 1041 4540 unus
1084 4484 1235 4539 locus
1271 4482 1493 4554 detegit.
1524 4482 1656 4538 Nam
1702 4483 1748 4540 si
1780 4483 1833 4538 in
1866 4497 1932 4539 ea
1962 4556 1998 4560 Α
2038 4484 2350 4544 adscribere
2381 4486 2723 4555 volentibus,
2773 4487 3126 4545 Sardicenses
3174 4500 3354 4560 patres
3397 4498 3457 4543 se
3506 4492 3640 4543 con-

329 4576 682 4633 cuntentione
708 4576 872 4633 Osius
900 4576 1037 4632 adeo
1078 4577 1276 4631 misere
1304 4577 1541 4631 animam
1572 4575 1896 4645 projecisset
1919 4616 1933 4642 ,
1960 4556 2017 4620 Ῐ)
2042 4582 2221 4633 tentus
2248 4574 2465 4634 Niemua
2490 4576 2595 4635 fide
2622 4580 2990 4650 respondisse,
3014 4556 3343 4648 decretoque
3371 4574 3640 4643 sanxisse,

332 4677 447 4725 tam
486 4667 793 4724 mirandum
833 4667 1308 4739 miserandumque
1352 4667 1569 4722 maximi
1603 4668 1706 4721 viri
1751 4667 1937 4722 interi-

332 4768 451 4816 tum
474 4802 491 4828 ,
519 4765 742 4830 tamque
788 4764 1115 4830 prmSentem
1164 4757 1331 4814 divini
1378 4757 1614 4813 numinis
1645 4757 1936 4814 vindictam

332 4851 480 4907 haud
513 4852 586 4906 ita
615 4850 725 4908 ιθνί
763 4850 901 4923 pede
927 4846 1192 4908 Eusebius
1234 4850 1288 4906 in
1319 4848 1421 4906 liae
1457 4848 1698 4920 Epistula
1727 4856 1939 4906 tranw

374 4944 527 4998 isset.

335 4948 856 5092 E‘séfeli.li‘ormtrlarii
899 5035 1074 5109 (nunc
1119 5032 1282 5107 Frag.
1326 5033 1464 5106 xm)
1508 5042 1685 5092 autem
1728 5034 1851 5093 fidei
1900 5046 1933 5092 a

330 5127 619 5185 Germinio
654 5135 995 5198 conceptam,
1026 5142 1147 5199 quas
1191 5130 1440 5199 proxime
1472 5127 1612 5184 hanc
1649 5127 1967 5211 epistolam.

330 5223 605 5292 sequitur,
636 5221 811 5276 mito
850 5219 1205 5293 posteriorem
1247 5234 1371 5277 esse
1414 5230 1479 5276 ea
1506 5219 1733 5290 epistola
1764 5232 1832 5275 ex
1868 5219 1935 5276 iis

332 5326 461 5385 quae
488 5326 649 5385 supra
670 5313 927 5383 diximus,
950 5326 1074 5370 cum
1094 5312 1167 5369 de
1187 5313 1414 5384 epistola
1438 5312 1701 5380 Valentis,
1727 5311 1938 5369 Ursaeli

331 5409 676 5480 aliorumque
721 5408 789 5464 ad
828 5408 1163 5465 Germinium
1210 5406 1606 5475 disseruimus,
1656 5420 1779 5478 quae
1808 5405 1938 5463 huic

330 5512 555 5555 causam
607 5498 758 5555 dedit
802 5498 913 5570 (aut
957 5499 1129 5571 potius
1173 5515 1382 5555 causam
1426 5499 1491 5553 ab
1540 5499 1639 5553 hac
1688 5497 1937 5571 accepit),

443 5710 494 5783 ὑ)
513 5708 1092 5770 Pseudo-Sardicénsis
1111 5710 1362 5783 epistola,
1378 5708 1502 5783 quae
1518 5725 1659 5765 nunc
1674 5708 1838 5783 Frag.
1851 5724 1933 5765 ιη.

439 5640 497 5713 a)
516 5640 845 5713 AFragmenti
870 5657 924 5713 xi
949 5655 1076 5713 pars
1101 5638 1361 5713 secunda,
1388 5637 1605 5710 quando
1634 5637 1855 5713 se_ripta.

439 5640 497 5706 a)
535 5640 845 5712 Fragmenti
870 5657 924 5697 xi
949 5655 1076 5713 pars
1101 5638 1361 5707 secunda,
1388 5638 1605 5710 quando
1634 5638 1855 5708 scripta.

328 5786 335 5787 γ
416 5638 494 5855 is;
513 5711 1092 5796 Pseudo-Sardicensis
1111 5710 1362 5783 epiStola,
1379 5725 1502 5794 quae
1518 5725 1659 5765 nunc
1674 5708 1831 5797 Frag.
1851 5724 1933 5765 ιιι.

442 5799 469 5835 c
531 5782 587 5841 Si
611 5798 710 5857 pro
731 5785 966 5855 legitima
988 5783 1175 5840 habita
1192 5782 1265 5839 ab
1280 5792 1351 5839 eo
1370 5780 1567 5839 fuisset
1582 5792 1654 5838 att
1679 5779 1939 5853 inscripta

2041 4683 2111 4725 ne
2141 4670 2269 4740 quid
2295 4671 2519 4726 ulterius
2539 4671 2908 4727 scriberetur:
2938 4687 2959 4722 ‹
2994 4666 3074 4726 Ne
3102 4670 3230 4737 illis,
3255 4666 3451 4740 quibus
3474 4664 3644 4728 libido

2041 4769 2158 4817 erat
2186 4770 2402 4833 Semper
2430 4776 2567 4818 nova
2594 4768 2835 4819 statuere
2853 4803 2866 4827 ,
2902 4760 3121 4818 occasio
3151 4758 3417 4834 ejusmodi
3446 4772 3645 4833 suppe-

2043 4858 2202 4921 teret,
2231 4864 2289 4912 ut
2310 4858 2502 4911 iterum
2525 4862 2685 4925 atque
2701 4856 2897 4912 iterdm
2920 4866 3055 4911 nova
3079 4850 3146 4911 de
3168 4848 3274 4913 fide
3295 4854 3636 4912 delinirenti

2044 4947 2163 5015 Quo
2205 4959 2353 5005 certe
2380 4942 2648 5005 manifesti
2672 4946 2874 5006 erroris
2913 4950 3249 5007 convincitur
3285 4950 3640 5020 Sozomenus,

2043 5052 2166 5095 cum
2198 5039 2387 5097 scribit
2415 5037 2554 5115 (Lib.
2585 5042 2664 5105 iit,
2686 5056 2804 5112 cap.
2837 5040 2952 5112 12),
2981 5038 3276 5099 catholicus
3306 5050 3488 5114 patres
3514 5041 3645 5100 Sar-

2043 5129 2181 5187 dicze
2229 5121 2686 5189 fidei'formulam
2734 5132 3009 5202 edidisse,
3061 5140 3223 5192 sensit
3246 5126 3465 5209 quidem
3516 5141 3641 5194 cum

2044 5222 2260 5281 Nicaeus
2290 5225 2558 5293 eamdem,
2588 5227 2832 5298 pluribus
2865 5234 3041 5284 tamen
3066 5220 3250 5286 verbis
3276 5243 3591 5303 conceptam
3625 5237 3643 5293 ἑ

2045 5315 2201 5386 cujus
2222 5317 2438 5374 nomine
2462 5317 2621 5375 Osius
2643 5327 2698 5375 et
2724 5318 3059 5391 Protogenes
3079 5318 3222 5392 apud
3242 5316 3462 5379 iulium.
3490 5322 3551 5380 P.
3572 5319 3641 5380 ii.

2046 5420 2167 5464 sese
2194 5410 2523 5466 excusarint.
2566 5410 2733 5468 Plane
2769 5410 2981 5468 videtur
3010 5416 3194 5470 noster
3221 5406 3456 5474 Hilarius
3493 5418 3547 5474 in
3577 5423 3645 5474 eo

2047 5499 2116 5557 de
2143 5496 2380 5574 Synodis
2415 5501 2554 5561 libro
2574 5546 2591 5573 ,
2621 5518 2728 5561 non
2755 5500 2932 5562 solum
2964 5500 3193 5568 fermula
3224 5500 3646 5581 pseudo-Sardi-

2039 5650 2204 5708 cssel,
2268 5641 2424 5697 Fides
2449 5643 2732 5717 secundum
2757 5608 3343 5717 OrientisSg’modum?
3371 5648 3532 5706 Aliud
3561 5657 3650 5707 est.

2040 5720 2222 5770 autem
2268 5727 2580 5784 excusasse,
2626 5714 2772 5772 aliud
2823 5714 3149 5777 catholicam
3194 5733 3316 5778 eam
3340 5722 3641 5780 censuisse.
