4120 6170
485 254 593 312 905

1401 241 1466 300 IN
1493 234 1924 299 FRAGMENTA
1957 225 2203 292 SANCTI
2235 227 2491 305 IIILARII
2531 223 2836 284 EPISCOPI

3687 213 3796 270 ΘΜ

491 370 664 438 censi,
689 366 782 424 scd
806 365 1258 425 necAntiochena
1283 363 1335 419 in
1361 362 1655 426 Encaeniis,
1683 372 1783 414 nec
1803 346 2358 413 SirmiensiAtitatis
2431 346 2740 418 apostolicae
2817 355 2882 398 ac
2951 334 3309 395 confessionis
3379 332 3447 388 ab
3501 329 3802 386 Athanasio

493 474 681 521 contra
729 463 1052 523 Photinum,
1102 473 1236 530 quas
1259 467 1369 514 tres
1413 455 1730 513 Semiariani
1784 453 1835 506 in
1870 449 2091 522 Synodo

496 557 849 628 Anquiritaua
879 551 1112 607 maxime
1138 550 1456 620 probarunt,
1482 550 1551 601 ita
1586 545 1806 602 minime
1834 542 2090 606 offensus,

499 661 557 707 ut
583 665 676 706 eas
706 650 786 718 (a)
813 645 1148 718 expOSuerit,
1181 655 1235 701 et
1261 645 1346 699 his
1372 642 1551 699 verbis
1579 655 1838 697 excusare
1866 645 2094 693 conatus

497 745 568 798 sit
600 759 613 797 :
653 761 672 794 ‹
708 739 851 795 Nihil
876 740 1070 794 mirum
1094 780 1109 805 ,
1149 755 1168 789 ι
1202 739 1270 791 ait
1307 735 1445 810 (Lib.
1473 735 1536 789 de
1568 733 1767 804 Synod.
1800 746 1942 786 num.
1977 729 2094 794 65),

505 857 524 890 ‹
553 838 704 891 vobis
730 833 900 890 videri
924 833 1105 895 debet,
1133 833 1326 886 fratres
1351 829 1674 894 charissitni,
1697 825 1839 897 quod
1863 836 1967 878 tam
1993 822 2099 876 fre-

498 940 725 1005 quenter
758 930 954 999 exponi
996 929 1128 983 ﬁdes
1149 938 1343 996 emptae
1360 932 1516 986 sunt;
1542 921 1923 977 necessitatem
1958 917 2098 970 hanc

501 1027 650 1083 furor
664 1021 1213 1092 luereticusimponit,
1237 1039 1255 1072 ι
1289 1027 1344 1073 et
1365 1016 1528 1087 paulo
1557 1023 1678 1085 post
1694 1011 1743 1084 (I
1752 1011 1886 1079 bid.)
1916 1028 1970 1064 τι
1993 1006 2100 1064 Sed

503 1119 796 1176 necessitas
844 1112 1288 1172 consuetudinem
1343 1108 1525 1164 intulit
1569 1105 1768 1174 exponi
1825 1102 1998 1164 ﬁdes,
2049 1107 2104 1154 et

499 1211 759 1284 expositis
780 1209 1068 1264 subSeribi.
1090 1206 1190 1262 Ubi
1213 1203 1356 1259 enim
1381 1216 1575 1258 sensus
1596 1195 1941 1254 conscientia-2
1958 1192 2106 1266 peri-

501 1305 739 1366 clitatur,
789 1301 900 1356 illic
937 1299 1113 1354 littera
1145 1295 1448 1366 postulatur
1481 1311 1495 1347 :
1528 1306 1628 1346 nec
1657 1305 1788 1346 sane
1816 1287 1977 1343 scribi
2008 1286 2108 1338 itu-

503 1396 672 1468 pedit,
721 1393 860 1463 quod
909 1391 1146 1446 salutare
1189 1396 1274 1444 est
1311 1384 1577 1442 conﬁteri.
1630 1401 1648 1434 ι
1685 1381 1879 1436 Postea
1929 1387 2106 1431 tamen

505 1486 836 1559 experientia
860 1484 1052 1540 doctus
1075 1496 1182 1536 non
1207 1481 1381 1534 solum
1394 1475 1734 1533 Camarinam
1760 1489 1865 1528 non
1890 1484 2109 1526 moven-

507 1581 660 1647 dam,
713 1578 854 1634 utin
887 1574 1171 1647 proverbio
1210 1581 1320 1638 est,
1366 1569 1461 1625 sed
1507 1569 1676 1622 multo
1709 1566 1885 1620 minus
1929 1578 2050 1634 quae
2079 1576 2108 1616 a

508 1659 923 1728 Patribus‘recte
943 1677 1142 1725 statuta
1169 1674 1317 1732 sunt,
1351 1663 1460 1718 ullo
1488 1663 1666 1731 aliquo
1690 1667 1951 1731 praetextu
1979 1671 2112 1711 cou-

508 1762 752 1819 vellenda
770 1803 786 1825 ,
815 1775 1083 1832 quamque
1105 1757 1468 1828 periculosum
1495 1768 1560 1810 ac
1591 1750 1900 1807 miserabile
1926 1756 2104 1811 esset,
2136 1737 2185 1796 B

513 1875 532 1908 ι
570 1856 813 1912 diversas
841 1852 975 1908 ﬁdes
1006 1851 1239 1916 habere,
1269 1865 1388 1920 qua:
1414 1848 1542 1902 dum
1569 1849 1754 1916 plures
1803 1845 1967 1910 ﬁunt,
2001 1861 2022 1896 ι
2054 1849 2111 1895 ut

509 1949 649 2006 idem
701 1949 816 2018 ipse
862 1946 939 2000 ait
978 1942 1114 2014 (Lib.
1139 1959 1196 2002 ,ιι
1232 1941 1300 1996 ad
1321 1940 1494 1996 Const.
1525 1956 1580 1992 n.
1611 1936 1721 2009 4),‹
1759 1936 1811 1991 id
1851 1935 2113 2005 incipiunt.

509 2056 633 2098 esse
662 2055 730 2096 ne
778 2039 882 2092 ulla
929 2036 1034 2102 sit;
1075 2054 1094 2089 ›
1129 2035 1183 2089 in
1231 2033 1371 2088 libro
1414 2031 1480 2086 ad
1510 2030 1888 2086 Constantium
1921 2041 2112 2083 omnes

513 2145 712 2208 praeter
750 2132 1022 2189 Nictenam
1051 2145 1161 2184 uno
1194 2128 1370 2197 elogio
1398 2123 1696 2182 damnavit.
1717 2141 1750 2173 -ι
1789 2122 1922 2177 Nam
1951 2120 2112 2176 etiam

511 2227 560 2282 si
588 2229 703 2292 his,
735 2226 906 2296 inquit
945 2221 1083 2294 (Lib.
1123 2223 1178 2274 in
1203 2217 1403 2281 Const,
1431 2235 1484 2270 tt.
1519 2215 1639 2284 ‘24),
1685 2213 1820 2268 nihil
1863 2213 2114 2268 vitiosum

514 2321 798 2391 subjacere
842 2317 1175 2380 afﬁrtnetur,
1234 2328 1340 2369 non
1401 2322 1578 2366 tamen
1631 2323 1796 2364 causa
1846 2307 2116 2378 religiosae

516 2412 809 2469 voluntatis
836 2411 995 2475 inest,
1026 2409 1152 2476 quia
1178 2404 1303 2460 mali
1336 2403 1614 2458 meditatio
1639 2411 1744 2458 est.
1777 2421 1797 2454 ι

586 2505 678 2561 25.
725 2502 974 2570 Qualibus
1015 2499 1270 2570 episcopis
1308 2498 1504 2551 directa
1551 2495 1768 2566 epistola
1806 2493 2114 2564 PhilippOp.

517 2597 720 2671 synodi.
753 2626 823 2638 -—
851 2595 1021 2652 Porro
1051 2592 1251 2649 nemini
1280 2591 1501 2645 dubium
1530 2598 1646 2654 est,
1683 2588 1977 2659 praeclaros
2002 2585 2120 2639 illos

521 2706 676 2748 nova:
710 2689 832 2746 ﬁdei
872 2688 1262 2745 architectores
1298 2683 1610 2755 synodicam
1659 2681 1798 2736 hanc
1835 2679 2121 2751 epistolam

524 2787 592 2842 iis
653 2787 889 2841 maxime
954 2781 1297 2851 inscripsisse
1346 2777 1656 2847 episcopis.
1706 2775 1902 2845 quibus
1966 2771 2123 2827 facile

524 2881 827 2951 imponere,
869 2875 957 2930 vel
1000 2873 1268 2945 ejusmodi
1310 2873 1663 2941 imposmram
1705 2882 1812 2922 non
1859 2868 2122 2936 ingratam

526 2971 641 3026 fore
689 2968 1004 3040 sperabant.
1058 2965 1205 3020 Inter
1257 2976 1394 3033 quos
1443 2961 1649 3032 optimo
1693 2958 1815 3027 jure
1867 2956 2124 3010 familiam

527 3063 676 3120 ducit
701 3060 994 3133 Gregorius
1032 3059 1122 3114 ille
1145 3054 1437 3126 Cappadox
1468 3049 1852 3110 Alexandrinae
1880 3049 2126 3104 ecclesia:

2195 445 2243 499 ei
2301 444 2353 498 in
2403 443 2664 497 Oratione
2719 439 2890 509 prima
2944 443 3134 490 contra
3182 429 3413 484 Arianos
3468 424 3799 496 perhibitum

2197 536 2354 609 (Pag.
2408 535 2581 605 291),
2630 549 2660 588 a
2716 529 3031 609 doctissimo
3086 527 3385 594 interprete
3433 529 3612 574 tamen
3666 517 3804 573 vitio

2198 632 2397 688 codicis
2425 629 2600 686 Graeci
2646 643 2754 698 quo
2785 606 2925 681 usus
2944 632 3046 686 est,
3079 626 3392 688 corruptum
3424 613 3798 668 reSIituamus.

2201 723 2476 797 Siquidem
2507 737 2611 792 quo
2664 721 2786 775 loco
2815 719 2866 772 in
2895 732 2960 773 ea
2982 715 3238 771 Oratione
3264 708 3564 765 catholicos
3590 713 3800 769 mom-t,

2199 831 2259 875 ut
2285 818 2545 874 formulas
2581 814 2702 870 lidei
2731 811 2938 870 Ursacii
2960 853 2976 879 ,
3007 809 3269 875 Valentis,
3304 805 3634 873 Demophili,
3667 801 3810 858 Ger-

2202 914 2394 980 minii,
2447 921 2878 975 caaterorumque
2927 906 3045 974 ejus
3100 903 3290 957 farina:
3345 899 3619 955 hominum
3677 896 3811 951 licet

2202 1009 2384 1066 verbis
2428 1023 2494 1063 ex
2525 1021 2677 1062 sacra
2708 1004 2986 1074 Scriptura
3016 997 3316 1067 desumptis
3342 996 3592 1068 scriptas,
3635 992 3813 1048 nihilo

2204 1101 2374 1172 magis
2404 1108 2583 1154 tamen
2613 1096 2941 1160 admittant,
2973 1108 3132 1163 quam
3159 1089 3409 1145 Christus
3434 1087 3708 1142 diabolum
3741 1100 3810 1140 ex

2207 1195 2395 1250 iisdem
2418 1190 2713 1260 Scripturis
2738 1190 3067 1259 loquentem,
3091 1185 3212 1253 quia
3240 1182 3523 1249 impiorum
3547 1194 3813 1234 sermones

2207 1286 2372 1339 dolosi
2401 1292 2521 1338 sunt
2543 1296 2564 1338 :
2586 1280 2787 1336 lumina
2819 1277 3062 1333 ecclesiae
3089 1275 3170 1330 sui
3201 1273 3382 1328 steculi
3412 1285 3726 1336 recensens,
3758 1278 3816 1324 et

2209 1379 2539 1450 apostolicos
2565 1377 2710 1431 viros
2737 1375 2788 1428 in
2817 1387 3046 1444 quorum
3076 1369 3293 1440 scriptis
3320 1367 3454 1421 nihil
3483 1365 3608 1420 mali
3636 1364 3817 1433 δυερί-

2210 1476 2320 1531 cari
2352 1473 2512 1536 licet,
2537 1471 2651 1525 huic
2674 1468 2838 1524 verba
2871 1467 3036 1521 latina
3064 1464 3244 1518 versio
3271 1461 3496 1518 exhibet
3527 1478 3539 1513 :
3569 1459 3648 1514 vel
3678 1458 3821 1528 Lupi

2211 1579 2258 1623 et
2285 1567 2512 1637 Appiani
2551 1565 2777 1628 Cilicitv,
2826 1562 3046 1618 Grmcus
3087 1558 3257 1614 codex
3307 1555 3705 1624 manuscriptus
3738 1553 3822 1608 sic

2216 1661 2381 1732 legit,
2431 1661 2464 1718 ἥ
2511 1660 2721 1714 Λούπου
2772 1659 2858 1710 καὶ
2888 1653 3162 1728 ’Δμφίωνος
3217 1657 3309 1707 τοῦ
3367 1649 3679 1723 ὁμολογητοῠ
3736 1649 3822 1701 καὶ

2213 1754 2494 1810 ἐπισκόπου
2530 1760 2622 1812 τῆς
2651 1751 2903 1812 Κιλικίαςς
2932 1758 3219 1815 utrumque
3248 1744 3391 1799 enim
3419 1742 3737 1804 vocabatur,
3762 1746 3823 1793 et

2211 1846 2415 1902 Ciliciae
2436 1885 2453 1910 ,
2485 1853 2539 1898 et
2567 1842 2894 1896 Nicomedia:
2927 1839 3236 1908 episcOpus.
3265 1835 3375 1890 Nec
3407 1844 3492 1889 est
3524 1831 3666 1903 quod
3696 1831 3822 1900 quis

2213 1935 2540 2006 suspicetur,
2591 1933 2739 1986 illum
2771 1947 2799 1984 a
2840 1939 2985 1985 recta
3019 1929 3124 1983 ﬁde
3170 1935 3292 1998 post
3322 1927 3437 1980 haec
3482 1922 3770 1980 deﬂexisse
3803 1941 3819 1975 :

2216 2047 2339 2088 nam
2368 2031 2422 2085 in
2453 2028 2721 2084 catholica
2755 2040 2884 2097 pace
2914 2037 3295 2095 perseverasse
3326 2023 3479 2076 testis
3505 2029 3588 2074 εει
3630 2017 3824 2072 Eccle-

2217 2125 2336 2187 sia,
2383 2136 2504 2192 quae
2550 2120 2784 2174 natalem
2837 2118 2955 2186 ejus
3004 2114 3144 2185 prid.
3192 2113 3269 2168 Id.
3320 2111 3509 2167 Junias
3554 2109 3819 2166 celebrat.

2218 2219 2397 2285 Quare
2427 2214 2707 2271 sceleratis
2734 2211 2852 2268 istis
2883 2211 3192 2265 immixtum
3219 2207 3493 2278 conjicere
3519 2215 3621 2271 est,
3649 2213 3706 2257 ut
3737 2202 3828 2256 vir

2218 2311 2438 2365 virtutis
2486 2306 2626 2361 fama
2671 2305 2902 2361 celebris
2941 2303 3082 2372 apud
3112 2315 3302 2355 omnes
3339 2309 3392 2354 et
3438 2299 3640 2361 clarus,
3673 2306 3825 2350 tene.

2220 2402 2502 2458 brionibus
2547 2399 2654 2455 illis
2699 2396 3000 2453 sanctitatis
3044 2395 3279 2466 aliquam
3303 2391 3613 2463 opinionem
3641 2389 3826 2445 conci—

2221 2496 2397 2552 liaret.

2291 2591 2387 2645 24.
2431 2587 2715 2660 Augustino
2759 2586 3075 2657 incomperta
3125 2578 3460 2636 Sardicensia
3501 2577 3724 2631 decreta.
3759 2605 3835 2618 --

2227 2683 2416 2738 Mirum
2464 2691 2642 2736 tamen
2683 2688 2789 2740 est,
2835 2693 2955 2732 cum
2986 2676 3048 2731 Β.
3080 2674 3411 2743 Augustinus
3443 2671 3734 2728 Donatistis
3763 2683 3831 2723 ex

2228 2776 2330 2831 hoc
2382 2774 2604 2830 decreto
2649 2772 2826 2826 fucum
2875 2769 3075 2836 facere,
3126 2777 3182 2822 et
3228 2781 3286 2821 se
3328 2780 3427 2837 pro
3467 2763 3752 2820 catholicis
3802 2777 3833 2815 τι

2231 2868 2539 2927 Sardicensi
2568 2865 2801 2921 concilio
2845 2865 3056 2934 agnitus
3086 2862 3316 2932 probare
3363 2858 3688 2921 nitentibus,
3725 2871 3834 2911 non

2229 2961 2362 3017 satis
2392 2959 2552 3029 hujus
2603 2956 2809 3012 fraudis
2853 2969 3054 3026 gnarus
3097 2964 3288 3008 contra
3332 2949 3685 3006 Cresconium
3727 2963 3836 3002 non

2229 3070 2340 3110 uno
2394 3054 2515 3108 loco
2559 3050 2795 3119 excipiat
2839 3049 2978 3121 (Lib.
3010 3063 3087 3109 ut,
3120 3062 3168 3100 c.
3203 3044 3311 3110 54;
3343 3054 3389 3099 et
3419 3044 3507 3098 lib.
3537 3058 3611 3108 tv,
3643 3059 3689 3096 c.
3713 3041 3837 3109 ιι),

525 3153 745 3226 praedo,
799 3153 889 3224 qui
931 3152 1088 3222 longe
1135 3125 1262 3202 ante
1312 3157 1531 3216 prepter
1575 3144 1826 3199 haeresim
1872 3141 2122 3196 Arianam

2236 3146 2452 3203 nomina
2474 3145 2771 3208 civitatum,
2797 3157 3023 3212 quarum
3049 3139 3285 3209 episcopi
3309 3136 3649 3200 dicebantur,
3669 3149 3840 3204 appo-

527 3247 788 3303 Eeclesiae
831 3242 1215 3300 communione
1257 3239 1559 3304 submoms,
1611 3235 1920 3291 Sardicensi
1963 3234 2125 3289 etiam

527 3339 760 3396 concilio
786 3353 854 3393 ne
883 3353 980 3406 pro
1002 3336 1300 3391 christiano
1326 3331 1541 3400 quidem
1569 3329 1754 3385 haberi
1782 3331 1986 3400 jussus,
2021 3344 2128 3383 non

530 3430 704 3486 multo
726 3437 848 3497 post
867 3428 936 3483 ab
963 3425 1346 3482 Alexandrinis
1369 3424 1596 3478 tumultu
1622 3421 1864 3492 populari
1894 3421 2126 3489 occisus,

531 3521 942 3578 convenientem
968 3518 1243 3578 eﬂ‘rcnatte
1274 3533 1385 3572 sua:
1415 3513 1689 3571 violentia:
1718 3514 1878 3568 ﬁnem
1909 3512 2130 3568 sortitus

531 3625 616 3672 est
639 3613 826 3689 (Frag.
857 3630 916 3682 tt,
951 3631 1007 3670 n.
1035 3611 1114 3684 8).
1144 3612 1254 3668 Nec
1281 3611 1452 3666 multo
1481 3610 1723 3665 sanctior
1753 3609 2013 3675 Donatus,
2039 3606 2132 3677 qui

528 3708 871 3780 Carthaginis
895 3708 1181 3778 episcopus
1203 3704 1530 3760 nominatur.
1564 3701 1661 3756 Ille
1681 3701 1823 3755 enim
1847 3708 1932 3756 est
1959 3700 2134 3753 Dona-

530 3810 638 3870 tus,
657 3802 748 3872 qui
771 3801 1032 3871 Majorino
1054 3798 1375 3862 succedens,
1397 3792 1907 3862 perniciosissimam
1928 3797 2130 3846 sectam

531 3894 586 3951 in
631 3895 810 3951 Africa
862 3893 954 3949 diu
1005 3892 1175 3948 altare
1200 3903 1389 3947 contra
1432 3880 1606 3942 altare
1658 3885 1752 3940 Dei
1805 3884 2135 3956 Carthagine

531 3990 747 4061 erigens
791 3987 924 4043 aluit
959 4001 1023 4042 ac
1055 3985 1188 4040 fovit
1220 4002 1234 4039 :
1269 3997 1442 4053 eoque
1481 3977 1750 4049 superbire
1796 3993 1860 4032 ac
1902 3978 2136 4034 vesania:

532 4095 754 4140 evectus
779 4090 884 4150 est,
911 4089 970 4136 ut
997 4079 1166 4135 veluti
1195 4077 1566 4150 Pythagoreos
1597 4072 1746 4127 aiunt
1773 4085 1869 4141 per
1899 4086 2138 4141 praecep-

535 4184 707 4230 torem
735 4174 924 4230 solitos
954 4172 1157 4243 (Optat.
1191 4167 1281 4223 lib.
1307 4184 1389 4234 ιιι,
1409 4175 1545 4222 cont.
1585 4164 1875 4235 Parmam),
1911 4164 1983 4219 ita
2013 4178 2138 4219 suos

535 4283 634 4340 per
661 4283 721 4324 se
751 4270 925 4337 ipsum
953 4269 1137 4337 jurare
1162 4273 1435 4335 tamquam
1465 4276 1560 4332 per
1588 4258 1782 4323 Deum,
1808 4255 2139 4328 eosdemque

537 4360 684 4430 ipsos
711 4373 770 4414 se
800 4360 967 4428 partis
998 4357 1190 4411 Donati
1226 4355 1314 4410 vel
1344 4352 1653 4408 Donatistas
1687 4364 1783 4419 pro
1811 4348 2139 4404 Christianis

538 4466 851 4524 nuncupare
928 4449 1232 4520 permiserit
1300 4461 1363 4502 ac
1419 4447 1533 4514 ipse
1594 4441 1756 4496 etiam
1823 4440 2132 4496 nominarit.

537 4549 753 4603 Ariatne
796 4545 960 4601 etiam
1005 4541 1248 4613 Opinioni
1292 4545 1676 4608 congruentem
1726 4535 1922 4592 librum
1969 4536 2140 4605 scrip-

537 4640 676 4696 sisse
707 4636 860 4694 testis
899 4644 983 4692 est
1031 4635 1388 4706 Hieronymus
1431 4630 1571 4704 (Lib.
1618 4631 1682 4685 de
1726 4629 1902 4700 Scrip.
1937 4627 2139 4696 Eccl.).

536 4730 685 4788 Inter
706 4733 804 4785 hos
829 4730 968 4786 duos
989 4741 1166 4783 tamen
1188 4726 1428 4794 insignes
1451 4723 1758 4789 haereticos,
1781 4721 2139 4792 Amphionem

539 4823 796 4880 eximium
823 4822 1021 4878 Christi
1051 4820 1418 4876 confessorem
1436 4860 1452 4884 ,
1495 4817 1695 4873 canitie
1724 4817 1956 4886 vitaeque
1984 4828 2140 4871 sanc-

541 4918 694 4973 titate
719 4915 1087 4972 venerandum
1111 4956 1126 4981 ,
1157 4914 1224 4968 ad
1255 4912 1566 4983 exemplum
1607 4909 1845 4980 Magistri
1883 4924 2006 4964 cum
2041 4907 2142 4961 ini-

539 5013 662 5084 quis
702 5011 1015 5078 deputatum
1068 5010 1431 5080 agnoscimus.
1477 5003 1754 5073 Siquidem
1795 5003 1841 5057 is
1881 5012 1965 5057 est
2003 5002 2136 5056 Am-

541 5104 704 5176 phion
760 5101 1076 5174 Epiphania:
1123 5099 1325 5156 Ciliciae
1377 5099 1608 5169 primum
1662 5097 1990 5164 θρίεεοβιιε,
2048 5093 2138 5163 qui

539 5206 668 5276 ante
700 5196 812 5252 fere
840 5194 1191 5268 quadraginta
1221 5207 1393 5248 annos
1414 5188 1689 5246 Christum
1720 5189 1820 5244 sub
1852 5187 2140 5242 Maximino

542 5287 809 5358 intrepide
835 5287 1136 5358 professus,
1164 5283 1362 5340 deinde
1389 5284 1441 5338 in
1474 5281 1688 5336 Nicaeus
1715 5279 1946 5353 synodo,
1975 5280 2142 5348 depoo

543 5380 653 5435 sito
685 5387 905 5448 propter
933 5375 1184 5431 hteresim
1218 5372 1452 5430 Eusebio
1493 5370 1820 5426 Nicomedia:
1850 5372 2106 5440 episcopo
2127 5410 2142 5434 ,

544 5472 600 5526 in
631 5469 748 5539 ejus
778 5469 954 5525 locum
984 5465 1239 5523 suffectus
1262 5466 1436 5521 fuerat
1465 5463 1766 5536 (Sozomen.
1799 5464 1888 5518 lib.
1917 5479 1957 5530 ι,
1993 5479 2041 5519 c.
2081 5463 2147 5518 10

541 5573 592 5620 et
638 5563 754 5635 21).
803 5563 935 5634 Ejus
985 5561 1238 5618 meritum
1289 5566 1409 5626 est,
1466 5565 1525 5613 ut
1578 5557 1945 5614 testimonium
1992 5571 2147 5613 sanc-

2229 3244 2329 3296 Sita
2354 3254 2459 3295 non
2486 3238 2677 3300 fuisse,
2701 3235 2844 3290 unde
2863 3240 3140 3289 constaret
3162 3233 3446 3294 Donatum,
3465 3231 3620 3299 cujus
3638 3241 3840 3282 nomen

2230 3335 2284 3389 in
2309 3333 2410 3388 hac
2436 3330 2682 3404 synodali
2706 3327 2932 3399 epistola
2963 3325 3327 3386 ostentabant,
3359 3324 3507 3377 illum
3534 3321 3722 3383 fuisw,
3750 3320 3840 3388 qui

2231 3442 2290 3481 se
2327 3441 2423 3495 pro
2453 3421 2860 3491 Carthaginensi
2902 3420 3161 3488 episcopo
3207 3426 3479 3487 gesserat;
3514 3414 3635 3482 plus
3673 3413 3840 3489 etiam

2231 3518 2414 3584 addat,
2448 3532 2545 3571 nec
2580 3515 2748 3570 movis
2777 3528 2899 3569 esse
2927 3507 3300 3573 ecclesiastici,
3342 3505 3558 3579 quando
3597 3504 3842 3576 episcopi

2233 3609 2501 3682 episcopis
2530 3607 2794 3672 scribunt,
2830 3618 3020 3659 nomen
3058 3599 3297 3656 civitatis
3325 3598 3619 3669 adjungere
3651 3615 3664 3649 :
3697 3595 3844 3651 unde

2235 3707 2340 3762 huc
2370 3706 2458 3762 illa
2487 3703 2760 3760 civitatum
2793 3697 3006 3754 nomina
3041 3693 3391 3767 irrepserint?
3425 3695 3524 3746 nisi
3553 3692 3786 3743 fortasse
3811 3704 3843 3742 a

2237 3798 2525 3855 Donatistis
2554 3803 2681 3850 sunt
2708 3793 2920 3858 addita;
2954 3791 3114 3861 hujus
3147 3790 3288 3845 enim
3322 3786 3399 3840 rei
3427 3783 3637 3839 videtur
3664 3780 3847 3849 suSpi-

2238 3894 2448 3950 cionem
2492 3890 2716 3961 injicere
2765 3889 2880 3959 ipse
2908 3883 3258 3956 Augustinus,
3311 3895 3432 3936 cum
3461 3878 3695 3934 scribit:
3739 3876 3850 3931 Mi-

2236 4003 2324 4041 ror
2349 3985 2519 4040 nescio
2561 3983 2677 4050 quis
2714 3982 2810 4035 iste
2839 3979 3092 4042 Donatus,
3138 3976 3182 4031 si
3207 3991 3308 4029 non
3337 3975 3392 4028 in
3417 3973 3595 4027 vestris
3635 3971 3846 4034 litteris,

2239 4077 2657 4150 Cartltaginensis
2698 4076 2866 4144 {actus
2892 4083 2968 4128 est
3017 4072 3132 4145 (lib.
3178 4086 3230 4125 tv
3277 4079 3413 4125 cont.
3445 4065 3614 4122 Cresc.
3647 4082 3696 4120 c.
3723 4063 3846 4132 44).

2311 4173 2404 4229 25.
2441 4171 2612 4226 Nimis
2639 4169 2860 4238 longum
2889 4174 3057 4234 esset,
3090 4165 3142 4219 in
3172 4177 3364 4220 omnes
3404 4163 3495 4233 qui
3536 4159 3662 4216 huic
3719 4158 3847 4229 epi-

2249 4265 2404 4321 stolm
2425 4262 2863 4330 subscripserunt
2892 4258 3183 4328 inquirere,
3234 4269 3336 4310 nec
3390 4253 3622 4309 fortasse
3663 4266 3853 4320 opera:

2241 4357 2493 4428 pretium.
2543 4353 2710 4408 Plane
2753 4352 2822 4405 ab
2870 4348 3139 4404 haereticis
3187 4352 3443 4416 scriptam
3486 4359 3611 4401 esse
3656 4342 3850 4396 Ilo-no-

2244 4449 2473 4518 phantus
2501 4447 2569 4502 ab
2609 4446 2845 4516 Epheso,
2887 4442 3113 4498 Aeacius
3161 4433 3191 4495 a
3221 4440 3490 4503 Caesarea,
3528 4435 3854 4491 Theodorus

2243 4543 2312 4597 ab
2361 4540 2643 4606 Heraclea,
2687 4538 2894 4592 Marcus
2930 4536 2998 4590 ab
3039 4530 3328 4599 Arethusa,
3361 4532 3670 4602 (operarum
3702 4528 3854 4582 enim

2243 4643 2476 4689 erratum
2503 4641 2608 4697 est,
2641 4627 2781 4697 quod
2813 4627 2901 4682 hic
2929 4627 2990 4681 ab
3019 4627 3204 4680 Arctiis
3237 4619 3477 4694 legitur),
3510 4620 3793 4676 Eudoxius
3820 4635 3852 4672 a

2244 4724 2622 4788 Germanicis,
2688 4720 2971 4776 Narcissus
3023 4718 3092 4772 ab
3137 4715 3395 4786 Neropoli
3445 4713 3528 4770 vel
3580 4711 3855 4782 lrenopoli

2246 4817 2558 4890 (utrumque
2584 4829 2779 4868 nomen
2825 4812 2967 4868 enim
2994 4807 3290 4880 audiebat),
3324 4806 3671 4876 Demophilus
3691 4821 3720 4858 a
3750 4805 3858 4859 Be-

2247 4925 2395 4974 roea,
2417 4917 2473 4964 et
2497 4908 2586 4978 qui
2616 4906 2814 4962 claudit
2834 4919 3048 4975 agmen,
3079 4901 3276 4957 Valens
3299 4916 3327 4955 a
3358 4900 3534 4955 Mursa
3561 4898 3710 4952 velut
3736 4896 3859 4967 My-

2245 5016 2429 5057 sorum
2475 4998 2716 5064 ultimus,
2746 4997 2989 5052 celebres
3037 4991 3338 5059 Athanasii,
3375 4990 3582 5055 Hilarii,
3613 4988 3859 5058 Epipha-

2247 5092 2344 5158 nii,
2377 5099 2765 5161 auctorumque
2805 5088 3187 5144 ecclesiasticae
3218 5083 3458 5141 historiae
3500 5082 3856 5146 testimoniis,

2248 5187 2569 5242 Arianorum
2611 5183 2946 5253 antesignani
2986 5197 3049 5237 ac
3085 5181 3273 5247 duces,
3308 5179 3448 5234 inter
3481 5191 3578 5234 eos
3602 5175 3692 5248 qui
3725 5175 3858 5231 huic

2247 5281 2470 5336 decreto
2521 5278 2956 5347 subscripserunt
3003 5275 3253 5331 recensiti
3307 5272 3465 5328 ﬁdem
3517 5270 3740 5327 faciunt.
3786 5271 3858 5324 Et

2246 5371 2366 5426 haec
2406 5368 2622 5441 quidem
2657 5369 2727 5424 de
2769 5367 3110 5439 supposititio
3153 5365 3247 5422 illo
3276 5363 3500 5421 decreto
3528 5363 3691 5418 nimis
3742 5361 3860 5416 for-

2249 5472 2394 5519 tasse
2420 5461 2605 5516 multa.

2320 5556 2413 5612 26.
2455 5554 2590 5610 Eam
2625 5570 2762 5609 anno
2791 5554 2918 5620 554,
2971 5555 3335 5625 consignamus
3360 5566 3393 5608 v
3425 5548 3589 5621 Frag.
3619 5575 3695 5589 -—
3719 5545 3856 5614 Quae

631 5749 713 5821 (a)
731 5748 846 5808 Hoc
870 5749 1162 5823 prudenter
1188 5749 1316 5823 egit,
1345 5757 1406 5807 ut
1445 5745 1750 5806 Orientales
1779 5745 1880 5804 hac
1903 5744 2282 5806 benevolentia
2305 5744 2374 5803 ad
2399 5757 2585 5802 veram
2617 5742 2776 5801 ﬁdem
2799 5741 3114 5800 adduceret.
