4120 6170
343 241 453 298 905

1520 244 1794 303 NICOLAI
1829 243 2042 302 FABRI
2081 240 2476 299 PREFATIO.

3550 256 3653 313 906

342 363 623 428 superant,
656 355 782 413 licet
804 356 1060 428 pleraque
1088 361 1291 425 omnia,
1322 361 1367 415 si
1398 360 1600 417 Liberii
1646 361 1705 416 P.
1750 361 1815 416 R.
1843 362 1957 428 epi-
1982 360 2037 419 A
2059 356 2356 411 Christiano
2378 398 2391 422 ,
2423 356 2592 428 inquit
2620 356 2948 413 Athanasius
2977 360 3082 432 (ep.
3110 366 3179 415 ad
3220 362 3376 419 Solit.
3408 384 3463 434 p.
3496 368 3650 438 861).

343 450 540 505 stolam
570 447 638 504 ad
665 449 1041 505 Constantium
1063 466 1206 506 anno
1236 452 1434 508 Salutis
1458 454 1582 519 551,
1615 468 1712 523 per
1733 453 1945 509 Lucife-

341 558 463 597 rum
503 540 867 598 Calaritanum
907 543 1244 615 episcopum,
1290 544 1634 601 Pancratium
1664 547 1945 620 presbyte-

343 649 463 688 rum
488 632 560 707 (si
587 632 806 704 quidem
851 648 1103 706 corrupte
1146 635 1287 707 apud
1330 636 1684 693 Athanasium
1729 642 1783 693 in
1825 641 1941 709 epi-

346 726 485 781 stula
513 726 581 781 ad
598 726 906 785 solitariam
930 728 1095 782 vitam
1125 738 1348 799 agentes
1381 728 1669 801 Eutropius
1692 730 1942 786 nomina-

350 827 437 875 tur
480 821 622 893 (pag.
652 819 867 893 836),)
922 831 978 876 et
1023 821 1283 876 llilarium
1331 822 1619 879 diaconum
1670 824 1945 881 Romanos

347 915 565 970 missam
598 914 856 983 excipias,
886 914 953 970 ad
995 915 1389 972 Ariminensem
1435 918 1741 987 pertineant
1782 933 1944 991 syno-

343 1005 494 1071 dum,
536 1006 846 1076 perturbata
889 1005 1061 1061 nihilo
1100 1006 1280 1061 minus
1312 1006 1452 1062 inter
1486 1022 1566 1071 se,
1596 1023 1696 1063 nec
1718 1008 1828 1063 ullo
1856 1007 1943 1063 di-

343 1109 493 1170 gesta
520 1098 709 1153 ordine
738 1098 1025 1153 exsistunt.
1075 1098 1149 1153 De
1179 1097 1377 1153 Liberii
1408 1098 1635 1167 epistola
1670 1099 1757 1169 qui
1792 1100 1941 1168 plura

346 1191 655 1257 desiderat,
717 1206 1008 1261 numquam
1063 1189 1194 1244 satis
1244 1189 1489 1245 laudatos
1539 1190 1662 1245 illos
1706 1192 1945 1246 Annales

349 1282 565 1353 (Baron.
599 1299 687 1337 an.
715 1281 842 1346 554,
873 1300 927 1335 n.
962 1282 1015 1353 l)
1045 1281 1318 1348 consulat;
1355 1282 1423 1336 ibi
1454 1282 1596 1336 enim
1620 1283 1762 1337 unde
1789 1298 1941 1338 suam

344 1375 491 1430 sitim
530 1375 829 1444 extinguat,
866 1374 1138 1430 uberrime
1164 1373 1419 1429 inveniet.
1453 1372 1657 1429 Cmtera
1690 1374 1801 1430 fere
1827 1391 1946 1430 om-

344 1466 433 1523 nia
461 1482 602 1522 nunc
631 1465 862 1538 primum
906 1467 958 1520 in
988 1468 1162 1523 lucem
1203 1467 1455 1522 eduntur.
1490 1466 1735 1535 Quonam
1764 1477 1942 1523 autem

344 1557 678 1629 disponenda
717 1558 828 1614 sint
856 1557 1069 1625 ordine,
1102 1559 1182 1614 rei
1210 1566 1377 1631 gesta:
1404 1558 1711 1617 narratione
1741 1550 1945 1632 perspi-

347 1665 506 1706 cuum
534 1652 643 1706 lict.

2048 446 2119 518 (is
2146 448 2215 504 ab
2242 450 2570 516 imperatore
2603 451 2729 504 licet
2772 451 2951 506 latina:
2994 452 3187 524 linguae
3217 457 3432 524 penitus
3456 474 3653 531 expers

2046 542 2432 602 esset.militari
2454 557 2612 597 manu
2636 543 2686 597 in
2713 542 3171 602 Mediolanensem
3191 549 3399 615 sedem,
3414 551 3653 622 relegata

2048 641 2269 702 propter
2307 635 2559 704 pietatem
2596 636 2872 708 Dionysio,
2904 638 3142 694 introsus
3168 640 3386 714 fuerat),
3416 644 3569 711 Caio,
3600 657 3657 703 et

2046 723 2168 779 aliis
2192 740 2330 795 quos
2355 726 2459 781 sibi
2490 726 2732 783 faventes
2758 729 2810 784 in
2859 745 2921 784 ea
2947 732 3157 802 synodo
3187 735 3495 802 reperiare;
3531 754 3655 808 pos-

2050 814 2242 881 tulant,
2290 818 2434 887 quod
2471 834 2633 888 supra
2666 834 2732 874 ex
2761 818 3060 876 Athanasio
3103 823 3217 893 (lib.
3250 825 3315 880 de
3352 826 3550 898 Synod.
3596 848 3651 901 ρ.

2047 905 2174 978 874)
2205 907 2462 976 diximus,
2495 919 2551 963 ut
2580 909 2705 965 huic
2736 926 2848 966 suae
2876 912 3120 968 formula:
3152 915 3357 985 absque
3388 919 3494 973 ulla
3526 935 3653 976 cau-

2047 1012 2123 1051 sae
2152 1000 2460 1077 cognitione
2485 1012 2541 1056 et
2573 1010 2779 1056 tantum
2805 1020 2909 1058 non
2936 1005 3095 1061 caecis
3122 1008 3292 1062 oculis
3315 1025 3502 1066 omnes
3528 1014 3654 1068 sub-

2047 1091 2308 1146 scribant.
2347 1093 2541 1149 Verum
2574 1111 2679 1149 non
2704 1096 2877 1150 solum
2908 1108 3129 1166 prepter
3156 1096 3421 1156 Consules
3457 1107 3653 1173 regulae

2046 1183 2320 1251 appusitos
2344 1182 2533 1252 derisi,
2561 1186 2658 1242 sed
2690 1186 2852 1241 etiam
2877 1198 3097 1256 propter
3119 1190 3446 1256 impietatem
3478 1194 3647 1251 laten-

2047 1282 2266 1346 temque
2290 1278 2475 1346 vapido
2494 1279 2585 1332 sub
2607 1288 2807 1347 pectore
2827 1282 3048 1348 vulpem,
3078 1283 3315 1336 lizeretici
3334 1287 3648 1351 renuntiati,

2045 1381 2110 1422 ex
2140 1368 2254 1437 ipsa
2278 1369 2492 1439 synodo
2533 1369 2748 1440 expulsi
2775 1379 2923 1425 sunt.
2952 1370 3094 1440 Ergo
3135 1387 3208 1426 xit
3238 1373 3342 1427 cal.
3401 1374 3649 1446 Augusti,

2051 1475 2170 1529 qua:
2225 1461 2488 1529 proxima:
2528 1472 2728 1517 secuta:
2768 1470 2915 1527 sunt,
2965 1464 3127 1518 totius
3167 1465 3357 1535 synodi
3396 1470 3653 1524 concordi

2045 1555 2317 1609 sententia
2359 1554 2593 1610 Nicaeus:
2624 1556 2825 1624 regulae
2852 1570 2952 1609 nec
2980 1556 3103 1610 addi
3147 1557 3439 1627 quidquam
3468 1575 3650 1630 posse,

2047 1659 2146 1699 nec
2174 1644 2340 1700 minui
2371 1646 2681 1702 decernitur
2706 1645 2893 1719 (Frag.
2929 1664 3027 1711 vn,
3048 1666 3103 1705 ιι.
3130 1647 3189 1720 4)
3217 1667 3229 1701 :
3264 1649 3649 1724 Ursaciusque,

418 1742 510 1798 27.
550 1741 887 1798 Ariminensis
911 1744 1116 1799 concilii
1139 1744 1386 1799 historica
1411 1746 1584 1801 series.
1617 1747 1944 1803 —Diximus

2051 1737 2248 1792 Valens
2280 1779 2296 1805 ,
2350 1737 2513 1795 Caius
2558 1747 2613 1793 et
2664 1738 3012 1806 Germiiiius,
3074 1741 3271 1810 quibus
3326 1742 3657 1802 Athanasius

344 1851 528 1906 supra,
558 1835 719 1891 ﬁdem
765 1834 944 1893 Sirmii
971 1835 1299 1892 Consulibus
1325 1837 1521 1893 additis
1549 1853 1732 1894 coram
1768 1840 1942 1911 Impe-

343 1935 525 1983 ratore
551 1928 828 1998 scriptam,
853 1943 972 1998 qua:
998 1927 1196 1983 Filium
1222 1929 1367 1983 Patri
1393 1945 1487 1998 per
1513 1931 1690 1985 omnia
1710 1932 1939 1986 similem

344 2018 678 2083 continebat,
718 2017 1053 2088 faetionibus
1107 2018 1432 2076 Arianorum
1484 2031 1821 2092 procuratam
1878 2037 1941 2078 ac

339 2110 600 2180 scriptam
628 2110 815 2177 fuisse,
856 2111 1223 2182 indictumque
1274 2112 1542 2184 synodum
1584 2114 1938 2171 universalem

340 2201 538 2256 Niciam
563 2202 853 2274 Bithyniae,
882 2202 1132 2270 divisam;
1153 2213 1207 2261 et
1230 2202 1596 2261 Orientalibus
1637 2206 1939 2263 Seleuciam

343 2293 565 2350 Isauriae
595 2336 610 2361 ,
656 2294 1093 2351 Occidentalibus
1145 2312 1279 2352 vero
1318 2299 1587 2368 epis-cepis
1635 2300 1940 2355 Ariminum

344 2403 452 2458 quo
477 2387 827 2442 convenirent
853 2386 1045 2443 dictas.
1077 2386 1175 2442 Cui
1218 2388 1332 2454 ﬁiii,
1375 2390 1472 2444 nisi
1515 2400 1573 2444 ut
1602 2391 1846 2446 fallerent
1878 2406 1942 2447 ac

344 2478 834 2534 circumvenirent?
863 2478 1005 2534 Certi
1048 2480 1191 2534 enim
1221 2488 1478 2549 quantum
1508 2497 1604 2536 sua
1627 2481 1860 2538 factione
1886 2485 1938 2539 in

344 2569 565 2625 Oriente
612 2570 896 2639 pollerent,
929 2575 1307 2626 veteratoriam
1353 2583 1409 2628 et
1452 2575 1747 2642 captiosam
1792 2576 1938 2632 illam

348 2662 473 2719 ﬁdei
516 2662 754 2733 regulam
785 2662 1148 2719 Orientalibus
1175 2664 1443 2735 episcOpis
1478 2666 1638 2722 facile
1675 2669 1941 2738 approba-

347 2765 497 2811 turos
524 2770 583 2810 se
622 2771 720 2825 pro
749 2764 1029 2825 comperto
1058 2755 1342 2822 habentes,
1375 2758 1749 2815 Occidentales
1776 2775 1940 2816 coac-

348 2857 430 2904 tos
470 2848 686 2905 tandem
728 2847 842 2904 fore
885 2848 936 2904 ei
988 2850 1332 2905 subscribere
1373 2849 1739 2920 crediderunt,
1779 2869 1939 2923 quam

344 2944 541 2999 Oriens
585 2943 888 3013 probasset,
911 2951 967 2998 et
997 2943 1291 3012 imperator
1319 2944 1688 3014 inexorabilis,
1731 2955 1791 3001 ut
1814 2963 1939 3002 eum

343 3036 662 3092 Ammianus
689 3035 948 3094 describit
973 3036 1085 3105 (lib.
1113 3053 1229 3104 XIV,
1260 3054 1307 3092 ε.
1345 3037 1426 3111 5),
1452 3054 1563 3095 suae
1604 3042 1941 3095 auctoritatis

2044 1832 2370 1889 Auxentium
2393 1842 2448 1888 et
2476 1833 2854 1902 Demophilum
2886 1834 3148 1903 adjiiiigit,
3202 1835 3349 1891 velut
3391 1839 3652 1895 ecclesia-

2044 1925 2193 1981 sticae
2222 1927 2369 1996 pacis
2396 1926 2800 1996 perturbatores
2812 1943 2874 1982 ac
2898 1927 3155 1993 haeretici,
3186 1929 3255 1983 de
3276 1930 3442 1999 gradu
3470 1946 3570 1988 suo
3594 1940 3651 1988 et

2045 2015 2282 2071 ﬁdelium
2299 2018 2683 2072 communione
2694 2017 3380 2088 deturbantur,decemque
3401 2021 3559 2092 legati
3582 2024 3649 2078 ad

2044 2109 2429 2180 imperatorem
2462 2111 2645 2174 missi;
2694 2126 2791 2178 per
2818 2126 2954 2180 quos
2983 2112 3100 2167 lucc
3141 2113 3357 2168 concilii
3403 2115 3649 2171 deﬁnitio

2046 2196 2456 2258 innotesceret:
2505 2202 2573 2255 Et
2619 2202 2728 2256 licet:
2765 2204 2970 2273 quidem
3010 2203 3232 2258 Arimini
3279 2216 3394 2258 acta
3444 2206 3651 2263 cleriter

2048 2294 2259 2364 (scribit
2297 2293 2648 2363 Athanasius)
2689 2295 2981 2349 istiusmodi
3020 2296 3173 2363 ﬁnem
3222 2296 3463 2352 habuere.
3513 2298 3651 2355 Eam

2042 2386 2256 2441 concilii
2299 2387 2626 2442 sententiam
2656 2388 2974 2456 ampliorem
3017 2397 3073 2444 et
3100 2392 3468 2461 integriorem,
3493 2411 3654 2462 quam

2043 2478 2184 2546 apud
2216 2480 2468 2546 antiquos
2494 2486 2746 2533 auctores
2774 2488 2974 2543 exstet,
3010 2480 3240 2548 adjectis
3269 2481 3478 2537 duobus
3507 2484 3657 2553 ejus-

2042 2571 2167 2627 dem
2192 2571 2382 2642 synodi
2414 2570 2754 2640 fragmentis,
2787 2570 2904 2625 haec
2933 2571 3187 2627 collectio
3216 2573 3456 2630 exhibet.

2114 2663 2206 2718 28.
2226 2663 2541 2717 Arianorum
2557 2663 2919 2717 damnatorum
2933 2671 3087 2718 artes.
3115 2662 3195 2717 De
3214 2667 3440 2736 formula
3457 2665 3657 2725 Nicaea:

2048 2754 2494 2810 Thracia—Nec
2514 2767 2692 2811 tamen
2710 2757 2809 2826 ipsi
2833 2756 3019 2812 Ariani
3047 2772 3108 2812 ea
3130 2761 3398 2814 sententia
3414 2765 3657 2830 percussi
3716 2768 3721 2772 ’

2032 2847 2562 2917 'animosdeponunt,
2580 2856 2673 2901 aut
2696 2847 3013 2913 abinceptis
3033 2849 3305 2906 desistunt
3328 2869 3341 2905 :
3365 2854 3458 2910 sed
3475 2866 3529 2910 et
3552 2856 3656 2925 ipsi

2043 2939 2231 2995 decem
2267 2957 2334 2995 ex
2377 2941 2490 2995 suis
2517 2982 2533 3006 ,
2566 2940 2619 2995 in
2647 2956 2879 3011 quorum
2909 2957 3137 2999 numero
3173 2946 3520 3003 condemnati
3576 2950 3655 3004 illi

2043 3034 2389 3101 exstiterunt,
2411 3033 2477 3089 ad
2508 3033 2890 3104 Imperatorem
2932 3034 3272 3106 delegarunt,
3299 3042 3388 3111 qui
3417 3041 3652 3097 Concilii

344 3128 541 3185 vindex
576 3132 863 3184 sanxisset.
907 3127 977 3183 Et
1018 3143 1150 3184 sane
1184 3131 1338 3187 testis
1372 3142 1453 3187 est
1486 3142 1670 3189 noster
1699 3133 1934 3190 Hilarius
1962 3127 2009 3191 C
2039 3126 2244 3200 legatos
2293 3128 2572 3183 celeritate
2596 3138 3021 3196 prmvertcutes,
3054 3129 3233 3199 ipsiim
3261 3132 3649 3202 Imperatorem

344 3223 459 3294 (lib.
505 3222 569 3277 de
612 3222 812 3294 Synod.
853 3239 907 3277 ιι.
937 3220 1049 3292 65).
1096 3222 1300 3295 absque
1334 3229 1589 3295 episcopo
1618 3226 1835 3283 Eleusin
1875 3226 1945 3299 (is

344 3324 464 3387 erat
489 3312 666 3386 Cyzici
696 3312 1008 3387 episcopus)
1046 3325 1101 3371 et
1128 3317 1314 3388 paucis
1352 3333 1480 3373 cum
1522 3333 1610 3383 eo,
1642 3335 1706 3374 ex
1755 3319 1945 3390 majori

348 3414 504 3476 parte
528 3404 756 3461 Asianas
785 3405 971 3461 decem
1002 3407 1303 3477 provincias
1334 3408 1471 3464 intra
1510 3424 1648 3480 quas
1675 3412 1944 3466 consiste-

346 3499 462 3565 bat,
492 3514 676 3555 verum
710 3499 878 3555 Deum
912 3500 1152 3571 nescisse
1183 3518 1197 3557 :
1230 3501 1395 3571 Atque
1423 3504 1642 3569 utinam,
1672 3504 1949 3574 subjungit

349 3591 465 3659 ille,
498 3591 661 3647 Deum
692 3596 938 3648 nescirent
959 3610 979 3648 :
1002 3610 1116 3648 cum
1141 3596 1443 3667 procliviora
1474 3597 1610 3651 enim
1634 3598 1778 3651 venia
1800 3599 1947 3668 igno-

347 3694 544 3752 rarent,
589 3701 742 3755 quam
802 3684 1156 3740 obtrectarent.
1210 3686 1317 3742 Sed
1362 3687 1546 3741 horum
1591 3688 1947 3759 episcOporum

349 3778 501 3832 dolor
541 3793 595 3832 se
637 3778 773 3831 intra
799 3778 1056 3832 silentium
1093 3795 1195 3833 non
1231 3780 1514 3844 continens,
1547 3780 1791 3835 unitatem
1826 3781 1949 3850 ﬁdei

350 3873 508 3946 hujus
528 3872 732 3942 quierit,
755 3888 911 3941 quam
930 3871 1236 3940 iamdudum
1266 3888 1354 3945 per
1374 3873 1503 3928 alios
1519 3875 1707 3929 omisit.
1736 3874 1948 3943 Scripta

348 3964 532 4036 itaque
560 3980 623 4020 ea
654 3963 781 4032 ﬁde,
812 3963 1095 4035 divisaque
1122 3965 1330 4031 synodo
1359 3966 1648 4022 universiili
1670 4008 1685 4033 ,
1710 3966 1945 4036 rescrip-

353 4069 467 4114 tum
496 4057 563 4113 ad
594 4066 877 4128 utramque
905 4057 1270 4130 synodum'ab
1299 4058 1625 4130 imperatore
1660 4059 1951 4130 impetrant

351 4150 563 4215 Ariani,
594 4165 703 4221 quo
744 4147 822 4222 (a)
854 4149 1086 4220 primum
1115 4148 1184 4206 de
1230 4149 1334 4206 ﬁde
1358 4165 1707 4221 cognoscere,
1752 4150 1950 4207 deinde

350 4258 544 4299 causas
570 4245 969 4312 episcOporum,
1015 4254 1334 4315 mutuasque
1362 4245 1502 4299 inter
1540 4259 1662 4301 sese
1690 4244 1951 4316 digladia-

354 4335 529 4391 tiones
544 4332 701 4408 74],
716 4349 779 4390 ac
797 4334 1204 4391 criminationes
1225 4335 1496 4393 discutere
1518 4336 1733 4392 collecti
1760 4335 1951 4394 Patres

346 4427 629 4496 jubentur,
674 4428 942 4498 rebusque
966 4428 1220 4498 judicatis
1240 4444 1303 4484 ac
1322 4429 1519 4485 decisis
1536 4431 1722 4486 decem
1746 4430 1950 4500 legatos

2044 3221 2109 3276 ad
2120 3236 2308 3277 versus
2324 3219 2592 3292 synodum
2616 3220 2755 3276 adeo
2766 3220 3128 3287 concitarunt,
3146 3234 3206 3278 ut
3229 3224 3376 3295 ipsos
3395 3235 3558 3281 rectm
3587 3229 3649 3281 li-

2044 3314 2131 3369 dei
2161 3314 2364 3385 legatos
2388 3314 2440 3368 in
2463 3328 2622 3370 suum
2652 3322 3001 3385 conspectum
3033 3316 3220 3371 venire
3243 3332 3350 3372 non
3378 3320 3654 3375 sustinue-

2045 3406 2116 3461 rit
2141 3424 2154 3459 :
2172 3407 2268 3462 sed
2290 3408 2519 3475 primum
2551 3407 2959 3477 Hadrianopoli,
2979 3408 3179 3466 deinde
3193 3408 3390 3467 Nicaeae
3408 3412 3657 3470 Thraciae

2047 3498 2212 3552 variis
2232 3498 2577 3553 dilationibus
2604 3498 2847 3564 delusus,
2871 3515 2935 3555 ea
2991 3515 3090 3571 spe
3148 3504 3463 3568 detinui-rit,
3511 3507 3655 3576 quod

2048 3589 2315 3655 crederet,
2348 3588 2464 3644 inﬁt
2485 3589 2862 3645 Tliendoretus
2884 3590 2999 3663 (lib.
3043 3608 3106 3658 tt,
3139 3594 3261 3649 hist.
3289 3598 3435 3650 eccl.‘
3458 3616 3504 3649 c.
3538 3597 3652 3668 l9),

2049 3683 2335 3753 episcopos
2387 3682 2615 3737 Arimini
2664 3683 2964 3753 legatorum
3005 3699 3225 3739 suorum
3272 3686 3506 3741 reditum
3561 3704 3661 3745 ex.

2049 3784 2379 3846 spectantes,
2437 3775 2633 3844 partim
2680 3777 2869 3841 senio,
2926 3780 3117 3846 partim
3164 3778 3344 3847 inepia
3414 3798 3655 3851 pressos,

2049 3882 2237 3923 omnes
2305 3866 2660 3923 diutui-nioris
2729 3883 2759 3921 a
2823 3869 3055 3938 propriis
3106 3871 3326 3927 sedibus
3394 3873 3655 3930 absentiae

2050 3967 2332 4029 pertaesos,
2357 3959 2562 4015 reditus
2588 3959 2860 4015 desiderio
2904 3959 2975 4016 ad
3021 3960 3144 4016 ﬁdei
3186 3964 3477 4033 propositae
3528 3966 3658 4022 sub-

2050 4051 2399 4122 scriptionem
2431 4052 2573 4109 ﬁecti
2598 4067 2776 4121 posse.
2806 4050 2945 4120 Quin
2973 4053 3137 4109 etiam
3171 4054 3399 4112 Ursacio
3431 4056 3656 4115 faculta—

2054 4154 2162 4202 tem
2196 4146 2437 4212 tradidit,
2481 4146 2549 4201 de
2593 4146 2699 4202 ﬁde
2749 4162 2847 4217 pro
2897 4147 3159 4203 arbitratu
3187 4152 3497 4208 statuendi:
3552 4171 3657 4225 qua

2053 4246 2275 4307 accepta
2318 4248 2600 4293 strenuum
2646 4237 2797 4292 illum
2847 4238 3113 4294 Plautinae
3185 4242 3402 4301 familia:
3463 4245 3657 4303 ducem

2053 4334 2401 4406 compressis,
2426 4342 2485 4389 ut
2503 4334 2674 4400 aiunt,
2707 4334 2958 4391 manibus
2987 4352 3095 4391 non
3118 4337 3349 4406 sedisse,
3391 4356 3553 4398 nemo
3576 4353 3661 4400 est

2053 4429 2140 4485 cui
2169 4443 2275 4484 non
2307 4428 2487 4483 statim
2517 4427 2571 4482 in
2593 4435 2834 4482 mentem
2890 4429 3092 4483 veniat.
3132 4429 3284 4486 Tunc
3335 4448 3466 4505 ergo
3514 4444 3660 4490 tanta

354 4520 618 4575 rationem
645 4534 831 4575 eorum
858 4534 978 4590 qua:
1017 4529 1165 4590 gesta
1211 4527 1397 4576 essent
1421 4520 1726 4577 reddituros
1747 4520 1813 4579 ad
1859 4537 1954 4577 co-
1982 4514 2039 4574 D
2061 4523 2383 4581 auctoritate
2410 4519 2623 4575 subnixi
2648 4517 2855 4584 Ariani,
2875 4516 3110 4575 derisum
3134 4521 3279 4576 illam
3310 4538 3460 4578 suam
3492 4523 3654 4580 ﬁdem

353 4602 600 4665 mitatiim
632 4611 914 4683 delegare;
953 4610 1183 4666 alterum
1212 4612 1372 4666 etiam
1410 4611 1477 4667 ad
1516 4611 1702 4666 Patres
1727 4610 1954 4668 Arimini

355 4717 731 4777 congregatos,
782 4720 889 4775 quo
914 4704 981 4761 de
1006 4704 1370 4761 Orientalibus
1408 4706 1677 4775 episcopis
1721 4704 1957 4775 cognitio

356 4800 423 4855 iis
472 4797 830 4863 interdicitur,
879 4798 1181 4867 iterumque
1229 4797 1297 4852 de
1341 4796 1527 4853 decem
1572 4796 1845 4852 mittendis
1886 4797 1954 4853 ad

354 4894 671 4949 comitatum
702 4890 894 4961 legatis
920 4889 1299 4945 admonentur.
1344 4889 1547 4945 Prioris
1578 4890 1823 4959 rescripti
1847 4889 1953 4945 So-

355 5001 616 5041 znmenus
661 4983 906 5039 meminit
935 5000 949 5037 :
985 4982 1250 5052 posterius
1294 4970 1430 5053 (scil.
1464 4980 1620 5053 Frag.
1662 4997 1759 5047 vn,
1790 4999 1843 5036 ιι.
1876 4983 1955 5054 1),

359 5077 448 5133 liic
491 5093 541 5131 v1
586 5075 700 5131 kal.
744 5075 954 5143 lunias,
1005 5074 1058 5129 id
1108 5084 1210 5137 est,
1238 5074 1426 5145 quinto
1458 5084 1578 5143 post
1608 5074 1753 5129 illam
1801 5075 1961 5131 ﬁdem

357 5171 723 5240 conscriptam
767 5170 857 5224 die
903 5168 1127 5223 missum
1168 5168 1414 5223 liabetur.
1468 5166 1618 5223 Tunc
1664 5168 1827 5238 igitur
1877 5167 1964 5223 his

359 5264 581 5337 scriptis
616 5262 974 5322 subsarcinati
1006 5261 1223 5324 Valens.
1270 5261 1524 5319 Ursacius
1565 5271 1621 5318 et
1652 5261 1964 5319 Germinius

363 5359 669 5416 Ariminum
728 5356 936 5427 magnis
1012 5354 1303 5410 itineribus
1375 5355 1770 5411 contendentes
1836 5371 1961 5411 cum

362 5454 634 5510 Auxentio
659 5466 863 5524 genere
887 5448 1215 5520 Cappadoce
1269 5448 1445 5518 potius
1498 5448 1744 5503 delatore
1795 5464 2013 5547 quam°

439 5590 518 5663 (a)
558 5590 632 5663 ita
659 5589 998 5663 Sozomenus
1024 5585 1119 5640 lib.
1149 5598 1228 5650 iv,
1259 5597 1310 5639 c.
1334 5584 1432 5663 ης
1464 5583 1559 5637 sed
1585 5581 1837 5663 Socrates
1865 5583 1963 5640 lib.

364 5653 511 5725 ii,'c.'
555 5660 647 5720 '59.
688 5660 843 5716 testis
880 5667 966 5714 est
996 5671 1241 5729 magnam
1280 5671 1342 5729 ea
1370 5653 1441 5711 de
1469 5668 1529 5710 re
1559 5654 1965 5729 contentionem

364 5733 555 5800 fuisse,
579 5731 716 5790 alios
742 5731 811 5787 de
838 5729 962 5792 ﬁde,
991 5726 1129 5783 alios
1156 5727 1223 5782 de
1243 5727 1622 5799 episcOporum
1649 5727 1829 5784 causis
1858 5726 1966 5798 pri-

809 5826 982 5886 Pu'n
999 5841 1101 5884 οι..
1182 5823 1264 5883 Χ.

2064 4612 2395 4683 interpolare
2426 4612 2600 4680 potius
2642 4626 2802 4679 quam
2831 4610 3126 4666 emendare
3151 4614 3431 4681 cupientes
3484 4614 3654 4687 (quod

2061 4720 2223 4775 supra
2241 4703 2386 4759 aliud
2410 4711 2631 4773 agentes
2661 4701 2993 4772 retulimus),
3018 4703 3346 4771 exemplaria
3370 4705 3488 4775 ejus
3506 4707 3663 4762 undi-

2062 4812 2166 4868 que
2194 4795 2436 4863 conquiri
2468 4799 2525 4847 et
2553 4790 2831 4861 corrngari
2880 4806 2975 4860 per
3015 4793 3337 4848 Martianum
3390 4798 3659 4854 notarium

2062 4896 2320 4944 curarunt
2345 4883 2620 4956 (Athenas.
2644 4882 2709 4936 de
2730 4881 2932 4952 Synod.
2958 4901 3079 4956 pag.
3112 4883 3264 4957 904),
3300 4887 3665 4961 detractisque

2063 4978 2397 5042 consulibus,
2428 4977 2578 5029 velut
2606 4971 2756 5028 fures
2782 4972 2978 5028 alienis
3024 4976 3230 5041 poculis
3257 4992 3420 5033 ansas
3446 4979 3663 5039 auferre

2068 5073 2269 5139 solent,
2296 5070 2592 5141 paucisque
2618 5065 2822 5143 vnculis
2870 5069 3238 5137 commutatis,
3267 5072 3512 5128 eamdem
3541 5090 3667 5143 per-

2069 5168 2276 5235 ﬁdiam,
2302 5140 2467 5222 immo
2492 5165 2654 5219 etiam
2682 5140 3031 5228 deteriorem,
3068 5162 3240 5216 bonos
3286 5163 3408 5222 illos
3459 5140 3666 5239 leg—aias

2068 5279 2171 5335 qua
2204 5262 2278 5325 vi,
2306 5276 2408 5332 qua
2428 5258 2617 5314 fraude
2644 5272 2753 5314 non
2774 5258 2946 5311 solum
2970 5271 3067 5311 sua
3097 5258 3502 5329 subscriptione
3537 5278 3663 5319 con-

2070 5356 2310 5419 ﬁrmare,
2342 5352 2437 5408 sed
2472 5351 2636 5408 etiam
2666 5350 2835 5420 ipsius
2882 5349 3122 5414 concilii,
3173 5351 3327 5419 cnjiis
3380 5370 3669 5422 personam

2072 5445 2471 5508 sustentabant,
2490 5444 2745 5498 damnata
2769 5441 2950 5497 verbis
2967 5441 3185 5498 disertis
3202 5448 3491 5511 sententia,
3509 5447 3672 5521 742

2075 5597 2220 5638 mum
2244 5577 2625 5647 inquirendum
2654 5592 2775 5632 esse
2801 5576 3189 5647 disceptantes,
3214 5581 3335 5649 quia
3361 5583 3553 5641 litterae
3571 5590 3673 5644 im-

2075 5654 2342 5726 peratoris
2371 5649 2760 5717 aﬁ‘erebantur,
2811 5649 3009 5719 quibus
3043 5652 3340 5722 nunc‘lioc,
3373 5671 3516 5715 nunc
3543 5659 3674 5718 illud

2078 5722 2444 5780 orascioiebat.

2077 5737 2444 5797 praecipiebat.

3124 5816 3203 5878 29
