4120 6170
497 229 601 288 907

1405 217 1474 276 IN
1511 212 2217 276 FRAGMENTA'SANCTI
2258 213 2515 275 HILARII
2554 215 2863 275 EPISCOPI

3604 217 3814 273 .908

494 357 618 398 cum
644 337 889 405 Ursacio,
919 334 1163 400 Valente,
1190 334 1513 404 caeterisque
1541 333 1827 399 abdicatis,
1847 346 2092 388 commu-
2122 334 2175 395 A
2199 335 2385 401 cessit,
2419 336 2467 391 ei
2498 334 2783 405 praefuisse
2809 341 3089 405 appareat.
3124 333 3326 389 Verum
3354 339 3508 389 notat
3540 333 3812 400 Isidorus,

501 435 726 490 nionem
773 431 911 486 inire
936 426 1335 497 compulerunt,
1383 425 1654 496 ﬁdemque
1695 425 1845 480 illam
1896 425 1979 480 sic
2016 426 2099 479 in—

499 524 991 596 terpolatam,-quo
1010 517 1430 588 simplicioribus
1459 517 1813 572 similitudine
1861 516 2098 571 nominis

500 620 863 688 imponerent,
888 611 1160 666 Nicaenam
1182 608 1343 665 ﬁdem
1381 619 1780 680 nuncuparunt.
1838 610 1903 663 Et
1950 616 2100 665 certe

499 712 591 782 qui
619 707 784 763 ﬁdem
807 705 976 771 illam,
1015 718 1175 774 quam
1204 702 1576 759 Ariminenses
1602 712 1782 773 patres
1828 702 2099 771 subscrip-

501 801 738 857 tionibus
758 799 872 854 suis
894 799 1197 868 approbare
1222 795 1486 865 compulsi
1504 804 1653 860 sunt,
1683 803 1744 849 ut
1764 793 1906 865 apud
1935 793 2103 848 Atha-

500 894 711 950 nasium
741 890 862 964 (lib.
892 888 955 944 de
985 887 1191 959 Synod.
1210 903 1338 957 pag.
1368 885 1496 957 875)
1519 894 1681 956 atque
1709 886 2097 955 Hieronymum

501 994 679 1044 exstat
701 983 871 1057 (Dial.
900 982 1144 1037 adversus
1165 979 1444 1049 Lucifer.),
1469 979 1812 1036 contenderit
1833 993 1955 1034 cum
2006 978 2099 1034 illa

500 1097 621 1151 qua:
642 1076 895 1135 consules
913 1074 1121 1143 habuit,
1158 1072 1500 1145 perﬁdiorcm
1531 1074 1582 1127 in
1612 1087 1679 1127 eo
1705 1072 1927 1137 sentiet,
1956 1069 2101 1142 quod

501 1172 610 1228 duo
634 1171 725 1226 illa
769 1167 1054 1235 vocabula,
1086 1183 1178 1238 per
1206 1166 1403 1231 omnia,
1444 1180 1567 1235 quae
1596 1164 1796 1220 Valens
1840 1167 1919 1236 (ut
1961 1163 2101 1217 testis

502 1272 582 1320 est
626 1260 952 1333 Epiphanius
995 1259 1122 1312 liter.
1149 1257 1239 1328 71)
1288 1256 1488 1312 invitus
1533 1255 1846 1321 admiserat,
1897 1256 1949 1308 in
2000 1254 2101 1308 ista

501 1356 775 1411 subtracta
806 1363 949 1417 sunt,
976 1360 1173 1406 caetera
1214 1350 1432 1420 penitus
1475 1348 1730 1403 similem.
1774 1346 2103 1402 Athanasius

503 1445 590 1519 (de
621 1445 823 1516 Synod.
857 1460 978 1515 pag.
1004 1440 1132 1513 905)
1159 1439 1421 1511 ejusmodi
1450 1439 1925 1508 interpolationem
1963 1452 2101 1492 con-

500 1538 627 1594 cilio
644 1534 1263 1604 Constantinopolitano,
1286 1530 1431 1603 quod
1456 1530 1940 1601 postSeleuciense
1966 1530 2104 1583 Aca-

503 1614 642 1683 cian'i
673 1634 988 1697 coegerunt,
1020 1623 1227 1679 tribuit.
1259 1621 1415 1689 Quod
1438 1620 1486 1676 si
1505 1631 1609 1687 est,
1643 1636 1751 1678 non
1777 1621 1938 1675 video
1967 1633 2101 1688 quo-

2203 427 2305 483 hoc
2332 428 2620 483 concilium
2651 428 2982 483 celebratum
3000 428 3164 482 fuisse
3189 441 3299 481 aera
3330 424 3456 493 428;
3480 426 3597 481 bare
3623 442 3813 481 autem

2201 533 2309 574 aera
2338 519 2391 573 in
2417 535 2618 576 annum
2649 518 2856 575 Christi
2900 518 3009 576 590
3052 519 3259 585 incidit,
3288 520 3376 574 cui
3416 532 3561 575 anno
3610 518 3813 573 Valen-

2203 613 2463 669 tinianum
2478 629 2533 668 tv
2548 622 2605 669 et
2620 612 2955 678 Neoterium,
2980 626 3087 668 non
3101 611 3490 680 Theodosium,
3515 626 3659 669 coss.
3688 613 3815 670 fasti

2201 706 2495 778 assignant.
2523 705 2629 762 Pro
2660 705 2971 763 Theodosio
3022 706 3185 777 igitur
3231 705 3552 762 Neoterium
3606 706 3813 764 susbti-

2205 797 2467 854 tuendum
2489 812 2635 867 esse,
2666 812 2830 855 nemo
2849 806 2936 853 est
2963 797 3055 868 qui
3078 813 3184 853 non
3212 799 3413 855 videat.
3445 798 3677 855 Genetlii
3706 814 3813 856 au-

2205 900 2314 946 tem
2338 905 2535 946 nomen
2566 900 2784 947 veteres
2828 890 2952 946 libri
2998 889 3254 946 omnibus
3296 891 3434 946 locis
3478 890 3703 958 habent,
3754 896 3814 949 in

2203 983 2398 1053 quibus
2437 983 2780 1039 coalescente
2819 983 2999 1038 littera
3046 992 3069 1037 t
3118 997 3244 1039 cum
3296 982 3338 1049 l,
3362 981 3645 1038 Genedium
3676 984 3817 1041 editi

2202 1074 2483 1131 exhibent.
2549 1076 2618 1130 Et
2676 1089 2885 1131 canone
2935 1090 2971 1129 ιι
3024 1074 3184 1144 hujus
3223 1073 3452 1131 Concilii
3482 1117 3498 1143 ,
3551 1091 3660 1147 quo
3702 1077 3815 1133 loci

2206 1165 2456 1233 habetur,
2498 1165 2739 1222 Aurelius
2767 1166 3054 1241 Episcopus
3085 1168 3237 1232 dixit,
3256 1166 3421 1223 iidem
3448 1167 3570 1224 libri
3601 1169 3815 1239 legunt,

2208 1256 2500 1330 Epigonius
2523 1258 2817 1330 EpiscOpus
2837 1258 3102 1314 Bullensi:
3125 1260 3394 1330 regiorum
3418 1260 3574 1315 dixit.
3604 1261 3816 1328 Quinto

2208 1350 2335 1404 item
2363 1359 2418 1406 et
2446 1365 2498 1405 vt
2549 1366 2760 1406 canone
2791 1366 2888 1421 pro
2917 1352 3139 1408 Aurelio
3183 1353 3488 1409 Genctlinm
3538 1354 3811 1409 scribunt.

2207 1440 2415 1509 Quibus
2439 1443 2915 1508 emendatis,nihil
2940 1454 3192 1514 superest
3237 1445 3382 1501 unde
3434 1446 3553 1516 ejus
3588 1454 3819 1502 contro—

2207 1524 2383 1588 versVa
2414 1532 2577 1606 743
2606 1536 2811 1591 moveri
2866 1548 3048 1606 queat.
3094 1536 3189 1592 llis
3234 1538 3401 1592 etiam
3448 1538 3817 1609 adstipulatur

2209 1626 2528 1696 Fulgentius
2549 1628 2858 1685 Ferrandos
2888 1628 3335 1702 Carthaginensis
3383 1633 3641 1690 diaconus
3667 1676 3682 1702 ,
3714 1651 3817 1690 cu-

502 1718 666 1775 modo
706 1734 829 1772 terte
879 1717 1023 1772 inter
1067 1730 1126 1771 se
1180 1730 1288 1770 non
1334 1713 1662 1783 discrepent.
1715 1712 2101 1782 Fragmentum
2134 1726 2179 1788 Β
2202 1717 2292 1788 jus
2313 1718 2572 1774 Breviarii
2614 1734 2883 1776 canomtm
2933 1735 3055 1791 cap.
3104 1722 3211 1778 194
3290 1724 3404 1779 hinc
3448 1726 3616 1780 verba
3660 1734 3812 1792 sunt,

500 1809 648 1864 enim
679 1807 888 1864 Nicaeni
918 1806 1301 1869 conventiculi,
1333 1803 1477 1875 quod
1523 1804 1611 1859 hic
1652 1803 1830 1860 editur
1858 1800 2101 1875 (Fragm.

500 1917 617 1966 vnt,
642 1919 696 1956 η.
729 1899 810 1972 5),
836 1909 1019 1955 actum
1046 1898 1211 1953 fuisse
1240 1897 1372 1953 illud
1392 1896 1827 1952 conventiculum
1880 1910 1934 1948 v1
1985 1894 2107 1948 idus

502 1994 765 2062 octobris,
799 1993 988 2049 iisdem
1020 1992 1257 2048 Eusebio
1304 2002 1359 2048 et
1400 1992 1630 2063 Hypatio
1658 1989 1974 2047 consulibus
2024 1990 2107 2044 in-

502 2088 651 2146 dicat
694 2087 841 2161 (nisi
896 2087 1123 2142 fortasse
1179 2087 1233 2140 in
1289 2085 1550 2156 temporis
1601 2080 2108 2155 designatione(a)

509 2178 767 2235 mendum
798 2177 1121 2246 obrepserit,
1172 2175 1385 2246 legique
1431 2191 1480 2230 Vl
1529 2175 1654 2230 Idus
1693 2174 1957 2229 Novemb.
2007 2172 2107 2226 de-

504 2269 712 2342 beat);
741 2270 1090 2327 Seleuciense
1116 2284 1245 2323 vero
1271 2270 1573 2324 Concilium
1605 2270 1794 2339 quinto
1813 2268 1912 2323 cal.
1945 2266 2109 2322 Octo-

505 2366 624 2421 bris
652 2364 974 2433 incoeptum,
1026 2362 1433 2431 locupletissimi
1480 2373 1606 2417 sunt
1657 2371 1824 2417 testes
1864 2360 2102 2414 Athana-

462 2520 465 2521 ν
503 2456 639 2524 sius,
671 2462 727 2509 et
752 2452 896 2524 apud
916 2452 1198 2508 Socratem
1234 2452 1469 2507 Sabinus
1500 2450 1613 2524 (lib.
1646 2469 1706 2516 ιι,
1749 2469 1798 2507 c.
1850 2449 1964 2522 59).
1990 2450 2108 2505 Non

498 2548 608 2603 fert
658 2554 835 2609 autem
873 2544 1113 2599 locorum
1145 2542 1421 2608 distantia,
1471 2544 1553 2599 vel
1599 2544 1799 2614 negotii
1843 2542 2107 2605 conditio,

503 2638 674 2708 utqui
717 2635 984 2692 Seleuciae
1008 2635 1225 2690 Isauria:
1256 2635 1419 2691 vcal.
1464 2635 1646 2690 octob.
1700 2634 1921 2700 fuerint,
1969 2634 2108 2688 intra

501 2746 563 2786 vt
594 2730 716 2785 idus
742 2727 986 2799 ejusdem
1029 2726 1235 2783 mensis
1272 2726 1770 2798 Constantinopolis
1817 2726 2108 2783 concilium

500 2819 819 2883 habuerint,
847 2833 912 2874 ac
942 2817 1296 2888 perfecerint.
1590 2876 1595 2881 η

583 2916 674 2971 29.
710 2913 939 2981 Quinam
964 2923 1144 2967 autem
1176 2912 1251 2966 illi
1281 2913 1644 2969 Ariminensis
1668 2916 1884 2971 concilii
1912 2915 1977 2971 ad
2000 2915 2106 2970 Im-

498 3016 812 3080 peratorem
833 3005 1018 3078 legati,
1055 3006 1140 3060 vel
1177 3005 1332 3075 cujus
1378 3007 1432 3060 in
1479 3005 1722 3061 Ecclesia
1767 3007 1966 3078 gradus
2016 3016 2109 3062 aut

2214 1828 2235 1863 ‹
2284 1811 2453 1881 utqui
2482 1810 2752 1882 aliquibus
2779 1813 3081 1870 sceleribus
3106 1814 3347 1891 irretitus
3366 1824 3481 1882 est,
3502 1831 3689 1872 vocem
3715 1832 3815 1874 ac-

2208 1902 2438 1957 cusandi
2469 1916 2577 1957 non
2608 1902 2822 1970 habeat,
2873 1904 3082 1961 Concil.
3126 1905 3314 1961 Carth.
3343 1907 3444 1963 sub
3472 1916 3658 1964 sancto
3700 1908 3817 1966 Ge—
3908 1936 3923 1945 ρ

2208 1994 2375 2048 netlio
2401 1995 2480 2048 tit.
2511 2010 2562 2048 Vl
2602 2012 2621 2045 ι
2650 1995 2793 2064 quod
2821 1996 2876 2051 in
2907 1998 3029 2061 hoc,
3056 1996 3122 2052 de
3145 2012 3252 2067 quo
3296 1998 3527 2071 agimus,
3581 2001 3817 2057 concilio

2207 2101 2415 2141 canone
2454 2101 2506 2140 vt
2530 2095 2726 2142 exstat.
2767 2086 2878 2143 Sed
2904 2088 3020 2144 haec
3045 2091 3329 2145 hactenus.

2281 2181 2343 2237 5i
2361 2221 2373 2234 .
2408 2178 2487 2235 De
2511 2180 2754 2236 Musonio
2779 2181 2912 2236 etde
2940 2182 3296 2239 Restituto.—-
3308 2183 3422 2240 Soli
3443 2198 3571 2256 ergo
3590 2183 3811 2253 Gratus,

2210 2283 2269 2327 ut
2289 2271 2432 2327 unde
2476 2272 2702 2343 digressi
2726 2288 2912 2330 sumus
2928 2284 3288 2343 revertamur,
3321 2285 3377 2333 et
3401 2275 3679 2334 Genetlins
3704 2279 3812 2334 iste

2210 2362 2657 2434 Carthaginiensis
2703 2366 2945 2437 episcopi
2999 2368 3143 2423 circa
3190 2369 3406 2424 concilii
3451 2368 3817 2426 Ariminensis

2218 2467 2481 2528 tempusa
2522 2458 2881 2528 scriptoribus
2925 2472 3315 2518 memorantur.
3369 2461 3699 2518 Athanasius
3752 2465 3813 2518 in

2211 2550 2437 2617 epistola
2462 2549 2531 2604 ad
2552 2551 2840 2622 episcopos
2869 2554 3065 2609 Africae
3091 2570 3158 2609 ex
3195 2568 3382 2611 eorum
3436 2557 3817 2627 episcoporum

2210 2652 2437 2695 numero
2466 2641 2652 2711 plures
2682 2642 3013 2700 Ariminensi
3041 2646 3273 2702 concilio
3300 2645 3606 2702 interfuisse
3638 2649 3817 2702 tacitis

2211 2740 2388 2787 tamen
2420 2736 2726 2791 numinibus
2750 2738 3007 2808 prodidit.
3026 2738 3395 2811 Hieronymus
3423 2750 3609 2797 contra
3647 2740 3812 2798 Luci-

2210 2823 2455 2881 ferianos
2507 2828 2812 2885 Musonium
2853 2831 3131 2889 Bizacenaa
3181 2837 3471 2905 provinciae
3510 2837 3813 2891 antistitem

2216 2919 2481 2988 nominat,
2509 2922 2593 2976 cui
2626 2922 2829 2992 primas
2860 2925 2912 2979 in
2934 2939 3000 2981 ea
3030 2926 3241 2998 synodo
3256 2936 3479 2999 propter
3501 2937 3718 2984 aetatem
3746 2928 3817 2984 ab

2218 3011 2472 3067 omnibus
2494 3011 2704 3068 delatas
2737 3015 2944 3071 scribit.
2990 3016 3324 3090 Coi-ruptum
3357 3020 3503 3075 enim
3525 3031 3633 3087 est,
3670 3020 3820 3089 quod

499 3100 779 3170 dignitatis
821 3096 1147 3163 exstiterint,
1180 3112 1289 3152 non
1321 3096 1478 3153 facile
1505 3107 1589 3153 est
1614 3113 1678 3153 ex
1713 3099 1956 3155 historiis
2005 3098 2103 3154 de-
2133 3098 2179 3163 C
2210 3115 2403 3158 omnes
2456 3104 2723 3161 editiones
2767 3108 2970 3178 legunt,
3015 3109 3304 3168 Bisantinw
3324 3113 3647 3183 provincia;
3708 3127 3816 3168 non

500 3190 863 3264 prehendere,
896 3203 1018 3244 cum
1040 3188 1127 3242 vix
1167 3186 1311 3243 nuda
1340 3203 1527 3243 eorum
1553 3190 1770 3245 nomina
1802 3199 2103 3246 teneamus.

499 3282 664 3338 Solus
694 3280 998 3336 Restitutus
1022 3278 1462 3350 Carthaginensis
1507 3281 1794 3351 cpiscopus
1845 3281 2102 3349 refertur,

499 3374 592 3444 qui
621 3383 804 3427 tamen
828 3380 883 3426 et
909 3371 1026 3441 ipse
1048 3371 1287 3440 antiquis
1308 3370 1620 3426 auctoribus
1668 3372 1943 3442 ignobilis.
1975 3372 2107 3427 Nam

503 3472 703 3534 praeter
733 3460 979 3528 Gratum,
1014 3477 1174 3530 quem
1205 3461 1514 3517 Sardicensi
1551 3464 1782 3519 concilio
1808 3465 2106 3530 adstitisse,

506 3557 845 3626 primumque
870 3554 1012 3624 quod
1034 3553 1273 3610 Isidorus
1304 3553 1570 3611 Mercator
1620 3566 1777 3614 vocat
1826 3557 2107 3630 Carthagi-

501 3663 673 3704 nense
702 3647 994 3703 concilium
1048 3648 1319 3716 coegisse,
1367 3663 1433 3703 ex
1483 3649 1797 3704 eorumdem
1843 3652 2108 3706 concilio-

499 3755 621 3795 rntn
652 3738 788 3795 actis
817 3747 873 3794 et
898 3737 1196 3793 Athanasio
1218 3738 1540 3803 didicimus;
1574 3752 1627 3794 et
1656 3739 1984 3809 Genetlium,
2018 3743 2108 3798 cui

501 3830 925 3886 successitcirca
950 3844 1154 3883 annum
1174 3826 1377 3883 Christi
1421 3831 1527 3886 590
1580 3831 1855 3902 Aurelius,
1908 3836 2111 3890 nullius

502 3922 727 3977 alterius
752 3921 1014 3992 episcopi,
1047 3922 1138 3991 qui
1167 3919 1311 3976 circa
1348 3921 1465 3976 haec
1495 3932 1737 3995 tempora
1779 3925 2110 3999 Carthagine

511 4016 738 4084 sederit,
763 4024 943 4072 exstat
964 4014 1250 4069 memoria.

585 4108 677 4164 '50.
725 4105 799 4161 De
848 4107 1065 4162 concilio
1092 4103 1393 4178 Carthagin.
1422 4148 1437 4173 ,
1469 4107 1559 4162 sub
1586 4107 1837 4165 Genetlio.
1870 4142 1941 4151 —
1972 4113 2110 4181 Quin

510 4201 673 4257 etiam
707 4189 878 4270 ipsius
918 4200 1154 4257 Genetlii
1205 4214 1344 4269 pene
1383 4203 1777 4274 exscriptorum
1836 4206 1966 4259 vitio
2020 4221 2116 4261 no-

518 4308 644 4349 men
674 4293 1043 4349 oblitteratum
1076 4301 1160 4347 est
1189 4309 1255 4348 ex
1284 4294 1521 4350 secundo
1544 4296 1786 4366 ejusdem
1815 4300 1966 4353 urbis
1983 4316 2116 4355 con-

508 4382 658 4449 cilio,
685 4383 826 4453 quod
854 4384 972 4453 ejus
1001 4384 1167 4437 ductu
1200 4393 1377 4440 tamen
1402 4396 1456 4441 et
1486 4388 1740 4457 auspiciis
1761 4400 1846 4445 est
1867 4402 2112 4462 gestum;

2211 3197 2355 3250 enim
2373 3199 2828 3267 quemadmodum
2846 3201 3050 3269 Graeci,
3085 3205 3156 3259 ita
3183 3216 3238 3260 et
3257 3205 3432 3261 Latini
3462 3221 3526 3261 ea
3553 3206 3817 3262 vocabula

2216 3303 2442 3360 usquam
2466 3292 2827 3349 confundunt.
2862 3295 3125 3353 Bizacena
3147 3313 3278 3354 vero
3307 3299 3425 3370 ejus
3449 3298 3667 3363 Africae,
3695 3315 3817 3369 qua:

2213 3378 2544 3437 Occidentali
2568 3384 2797 3453 imperio
2823 3388 3019 3443 tributa
3044 3388 3166 3457 fuit,
3197 3391 3470 3461 provincia
3502 3402 3609 3458 est,
3632 3391 3814 3448 Plinio

2212 3474 2647 3545 geographisqne
2676 3479 2873 3533 eximia
2926 3481 3204 3540 fertilitate
3255 3498 3376 3539 cum
3416 3495 3643 3541 centena
3667 3485 3820 3555 fruge

2213 3565 2467 3634 agricolis
2492 3566 2668 3624 fenus
2701 3568 2968 3629 reddente
3020 3575 3243 3641 nobilis,
3275 3578 3432 3647 cujus
3450 3579 3577 3633 etin
3599 3578 3818 3633 concilii

2217 3658 2485 3715 Africanis
2511 3676 2620 3716 non
2641 3664 2809 3718 semel
2839 3664 2897 3719 ﬁt
2929 3667 3156 3723 men'tio.
3188 3667 3419 3725 Μηδοηῆ
3455 3670 3620 3726 etiam
3670 3674 3821 3727 senis

2214 3748 2493 3805 Bizacenaa
2517 3754 2808 3822 provincia:
2849 3757 3037 3826 primm
3063 3759 3208 3815 sedis
3225 3761 3468 3832 episcopi
3484 3761 3696 3818 mentio
3721 3764 3821 3818 ha-

2218 3843 2375 3898 betur
2394 3845 2625 3900 concilio
2652 3846 3066 3921 Carthaginensi
3095 3852 3280 3908 habito
3310 3853 3446 3911 Idib.
3490 3855 3656 3925 Aug.,
3717 3856 3820 3910 At-

2219 3935 2327 3990 tico
2346 3945 2400 3990 et
2424 3936 2664 3994 Caesario
2683 3942 3020 4009 consulibus,
3060 3958 3204 3999 anno
3232 3945 3436 4001 Christi
3491 3945 3597 4003 397
3649 3962 3812 4018 quem

2220 4034 2399 4083 tamen
2430 4030 2680 4087 eumdem
2703 4046 2826 4088 esse
2853 4049 2975 4089 cum
3022 4048 3090 4091 eo
3132 4035 3203 4092 de
3255 4050 3363 4107 quo
3383 4037 3595 4109 agimus
3614 4048 3825 4110 'perne-

2219 4133 2425 4189 garem,
2458 4122 2561 4177 nisi
2588 4138 2751 4193 supra
2786 4125 3110 4183 vidissemus
3131 4128 3322 4185 Osium
3362 4144 3549 4187 senem
3600 4131 3823 4187 Niceno

2221 4213 2451 4268 concilio
2481 4216 2762 4284 praefuisse
2785 4260 2800 4286 ,
2834 4221 3196 4293 eumdemque
3237 4224 3521 4281 Sirmiensi
3560 4226 3820 4293 concilio,

2220 4304 2365 4375 quod
2399 4306 2613 4378 triginta
2640 4323 2694 4365 et
2723 4312 2863 4381 quod
2893 4314 3155 4383 excurrit,
3190 4317 3347 4372 annis
3378 4326 3564 4387 postea
3607 4328 3821 4390 gestum

2220 4410 2328 4465 est,
2359 4404 2672 4458 centenario
2695 4405 2955 4475 majorem
2981 4408 3470 4481 adstitisse,'atque
3506 4410 3572 4466 ad
3614 4427 3820 4467 annum

498 4478 571 4533 ἰιι
610 4490 716 4530 ηοη
739 4475 944 4576 absque.
961 4475 1196 4576 τεξῑίρηξδι
1245 4476 1461 4543 quando
1493 4478 1622 4533 mild
1663 4479 1904 4535 habitum
1957 4483 2119 4539 fuerit
2145 4487 2200 4548 D
2223 4490 2425 4548 Christi
2445 4495 2553 4551 560
2586 4498 2917 4565 pervenisse.
2946 4500 3201 4556 Restituti
3229 4475 3408 4558 autem
3454 4503 3692 4575 episc0pi
3722 4521 3824 4576 par

512 4580 569 4629 et
590 4589 616 4625 a
646 4587 774 4642 quo,
804 4569 1021 4624 maximi
1053 4569 1150 4622 viri
1181 4581 1460 4639 quaerant:
1489 4587 1595 4641 quo
1623 4576 1837 4644 negotio
1854 4577 1900 4631 si
1922 4592 1984 4632 ex
2018 4594 2109 4634 ve-

513 4665 720 4722 teribus
743 4664 891 4719 libris
914 4678 1009 4719 eos
1035 4661 1455 4733 expedierimus,
1489 4667 1695 4721 auctori
1727 4683 1826 4736 suo
1848 4668 1980 4724 illud
2030 4671 2109 4739 ip-

515 4757 635 4813 sum
666 4765 996 4821 asserentes,
1022 4770 1242 4825 operam
1270 4756 1498 4813 fortasse
1522 4758 1625 4813 hoc
1646 4761 1870 4816 exordio
1893 4778 1996 4818 non
2030 4763 2113 4818 lu-

515 4851 768 4907 serimns.
802 4849 930 4904 Tria
958 4857 1086 4904 sunt
1113 4856 1315 4915 autem,
1350 4863 1568 4922 propter
1588 4868 1707 4922 quae
1754 4854 1883 4909 illud
1926 4857 2111 4912 conci-

523 4942 654 4998 lium
679 4941 1121 4996 controvertitur.
1156 4940 1416 5008 Primum,
1449 4944 1573 5011 quia
1603 4945 1931 5002 etilebratum
1974 4949 2112 5005 dici-

522 5046 609 5090 tur
640 5034 1021 5089 Valentiniano
1051 5049 1103 5087 tv
1127 5044 1178 5087 et
1203 5033 1510 5090 Theodosio
1567 5052 1711 5091 coss.
1767 5054 1888 5096 cum
1941 5051 2121 5098 tamen

521 5122 934 5181 Valentinianus
982 5124 1166 5179 senior
1197 5141 1317 5179 cum
1343 5126 1647 5182 Theodosio
1671 5129 1885 5200 Imperii
1913 5134 2119 5205 collega

518 5219 858 5276 Consulatum
879 5219 1115 5289 gessisse
1142 5235 1401 5299 nusquam
1428 5220 1667 5290 legatur:
1696 5223 1951 5291 alterum,
1975 5229 2115 5296 quod

516 5314 568 5369 in
594 5329 660 5368 eo
688 5311 917 5377 Genetlii
946 5326 1139 5365 nomen
1172 5328 1277 5365 non
1317 5312 1579 5368 habeatur
1607 5331 1619 5368 :
1655 5318 1870 5372 tertium
1896 5335 1957 5375 ac
1987 5336 2113 5390 pos-

517 5414 748 5462 tremum
767 5443 783 5471 ,
808 5402 948 5474 quod
977 5402 1226 5459 Aurelius
1252 5404 1561 5476 episcopus,
1591 5408 1680 5478 qui
1710 5407 1962 5466 Cenetlio
1993 5428 2115 5470 suc-

590 5541 666 5614 (a)
688 5539 934 5614 Montium
963 5555 1069 5614 non
1098 5541 1340 5614 obrepsit
1366 5561 1377 5595 :
1418 5543 1515 5598 sed
1544 5558 1667 5600 cum
1723 5547 2106 5606 Constantino-

517 5611 948 5683 poliSubscripta
997 5612 1066 5666 sit
1104 5611 1355 5680 formula,
1392 5630 1509 5683 qum
1532 5615 1725 5672 Nicone
1771 5620 1824 5674 in
1878 5621 2109 5678 Thracia

516 5685 659 5739 edita
686 5695 797 5739 erat
830 5684 1370 5755 ;’Constantin0polit.
1408 5688 1673 5756 synodum
1718 5690 2000 5750 Sirmiensi
2052 5695 2112 5748 fl-

2213 4585 2356 4659 apud
2382 4601 2573 4643 omnes
2613 4590 2911 4646 silentium.
2944 4592 3313 4651 Nisifortasse
3338 4596 3557 4652 basilica
3584 4596 3683 4669 (γ.
3716 4599 3826 4652 Au-

2213 4690 2349 4750 gust.
2384 4679 2554 4736 Serm.
2584 4683 2675 4750 19,
2720 4697 2828 4739 not.
2869 4703 2901 4740 a
2932 4689 2950 4758 )
2978 4687 3243 4743 ReStituta
3290 4690 3551 4760 Perpetua
3588 4689 3822 4746 Cartha-

2214 4773 2361 4842 gine,
2392 4774 2446 4829 in
2477 4791 2579 4846 qua
2612 4792 2719 4832 non
2740 4794 2844 4834 una
2867 4781 3108 4852 synodus
3159 4783 3338 4839 habita
3368 4794 3469 4848 est,
3498 4784 3567 4841 ab
3596 4785 3698 4841 hoc
3730 4788 3823 4857 qui

2217 4863 2273 4918 in
2304 4867 2602 4933 quaestione
2638 4880 2719 4923 est
2752 4869 3041 4938 Restituto,
3117 4873 3169 4927 in
3223 4875 3484 4930 honorem
3538 4876 3823 4948 Perpetua:

2221 4958 2476 5027 martyris
2497 4958 2759 5016 aediﬁcata
2788 4978 2985 5019 nomen
3032 4968 3335 5036 acceperit;
3367 4969 3824 5039 quemadmodum

2226 5046 2500 5103 basilicam
2531 5051 2732 5109 ibidem
2754 5055 2823 5109 ab
2844 5055 3068 5112 Aurelio
3094 5058 3371 5130 episcopo,
3394 5060 3488 5130 qui
3519 5071 3575 5116 et
3599 5060 3827 5118 Flor-ens

2223 5140 2523 5210 dicebatur,
2554 5156 2924 5203 constructam
2955 5152 3009 5204 in
3036 5151 3153 5221 ejus
3206 5152 3436 5222 gratiam
3485 5150 3827 5211 Florentium

2221 5239 2658 5306 cognominatam
2692 5283 2706 5306 ,
2738 5257 2802 5297 ex
2839 5245 3119 5300 Sermonis
3174 5245 3235 5300 Β.
3292 5247 3428 5318 ang.
3485 5247 3585 5320 (ν.
3643 5247 3823 5304 Serm.

2221 5328 2439 5403 August.
2472 5334 2599 5399 559,
2629 5346 2676 5389 et
2707 5339 2951 5399 notam-b,
2971 5356 3093 5413 pag.
3124 5340 3292 5413 διιυδ)
3325 5350 3447 5411 ροςι
3474 5341 3829 5398 collationem

2219 5423 2274 5499 in
2324 5426 2565 5497 ejusdem
2630 5430 2871 5488 basilicae
2913 5432 3252 5490 dedicatione
3296 5434 3479 5492 habiti
3520 5434 3832 5507 fragmento

2214 5544 2302 5647 dei
2331 5581 2439 5647 non
2497 5568 2715 5647 stetisse
2755 5569 3068 5647 vere__dixit
3122 5572 3470 5647 ’z‘ltlianasius,
3518 5577 3833 5647 praesertim

2216 5633 2303 5689 ubi
2329 5635 2531 5692 Nicaeni
2560 5640 2930 5696 conventiculi
2954 5656 3062 5697 non
3084 5645 3350 5700 meminit.
