4120 6170
432 145 532 202 9H

1340 137 1407 195 IN
1449 134 1877 194 FRAGMENTA
1904 131 2152 190 SANCTI
2178 129 2439 190 HlLARli
2467 132 2774 193 EPISCOPI

3620 136 3733 192 912

503 258 594 315 55.
638 256 900 312 Generalis
939 253 1337 309 Arintinensium
1383 253 1599 306 Patrum
1643 252 1859 324 defectio
1905 250 2026 321 quid
2052 254 2104 312 Α
2131 249 2370 305 recentia
2408 268 2426 302 ι
2477 249 2823 319 profanarum
2854 249 3151 303 novitatunt
3195 247 3491 319 apostolica
3537 251 3734 323 probi-

431 367 527 406 nos
555 347 904 404 doceat.-—At
930 361 1062 402 vero
1081 344 1347 416 generalis
1368 336 1523 399 illius
1550 342 2028 399 circumventionis

433 441 787 498 ecclesiastici
812 438 1018 493 ordinis
1046 445 1101 491 et
1124 437 1275 507 quasi
1301 451 1365 491 ex
1394 447 1681 506 compacto
1709 435 2027 492 defectionis

434 528 796 586 consideratio
823 542 984 597 quam
1017 527 1162 582 utilis
1188 536 1244 582 et
1289 527 1413 582 huic
1451 535 1642 581 nostro
1679 527 1878 582 saeculo
1906 536 2026 597 apta

434 637 515 682 est
542 630 556 681 ι
583 625 665 680 Ex
701 638 765 679 ea
794 624 938 677 enim
969 622 1128 692 plane
1157 621 1478 677 instruimur
1530 636 1689 692 quam
1731 620 1873 675 cauti
1916 620 2025 675 cir-

434 717 834 787 cumspectique
860 730 982 769 cum
1014 713 1285 769 haereticis
1325 722 1618 768 tractantes
1664 726 1786 767 esse
1830 710 2030 767 debea-

434 824 586 875 mus,
615 816 673 864 et
698 806 883 879 quanti
934 807 1155 878 periculi
1189 808 1262 862 sit
1289 822 1318 861 a
1357 806 1638 871 terminis,
1694 820 1830 875 quos
1863 805 2029 860 ﬁxere

438 902 652 966 Patres,
682 899 770 957 vel
812 914 1044 968 unguem
1077 899 1242 954 latum
1290 896 1589 953 discedere.
1626 895 1758 951 Nam
1797 895 1926 952 boni
1951 894 2029 949 illi

398 1036 402 1039 -
432 995 622 1050 Patres
644 991 774 1048 dum
799 992 968 1047 nudas
995 991 1280 1062 quasdam,
1305 999 1364 1045 ut
1383 989 1453 1045 ab
1479 990 1696 1045 Arianis
1718 988 2029 1059 persuaderi

432 1087 536 1144 sibi
567 1086 853 1151 sinebant,
904 1088 1084 1147 οὐσίας
1131 1089 1217 1141 καὶ
1244 1085 1514 1146 ὁμοουσίου
1543 1084 1764 1138 Voculas
1812 1082 1866 1137 in
1907 1081 2031 1137 ﬁdei

435 1178 775 1249 professione
803 1178 979 1233 omitti
1011 1177 1153 1247 passi
1182 1183 1342 1244 sunt,
1375 1176 1729 1230 sanctissimae
1749 1173 2031 1229 Trinitatis

430 1285 553 1341 qua:
584 1270 727 1324 Deus
775 1279 859 1329 est
887 1267 1286 1324 confessionem
1313 1309 1328 1334 ,
1371 1267 1425 1322 id
1454 1277 1537 1324 est
1562 1307 1577 1330 ,
1606 1282 1870 1322 summam
1901 1265 2028 1320 reli-

430 1364 646 1434 gieuem
672 1404 688 1430 ,
721 1376 822 1432 pro
867 1376 972 1432 qua
1015 1360 1385 1417 conservanda
1430 1371 1637 1416 tantum
1689 1359 1970 1431 sanguinis
1998 1373 2027 1412 a

430 1453 652 1510 Christo
678 1461 804 1509 nato
833 1454 1073 1509 Ecclesia
1104 1453 1437 1521 profuderat,
1462 1462 1541 1508 tot
1570 1461 1836 1525 martyres
1864 1450 2031 1507 dede-

430 1555 549 1613 rat,
594 1545 698 1601 sibi
724 1554 966 1616 ereptam
1014 1556 1177 1615 atque
1203 1554 1472 1601 extortam
1501 1560 1625 1601 sero
1664 1545 1885 1602 tandem
1912 1543 2031 1600 ani-

2131 342 2335 398 bitione
2356 358 2519 398 nemo
2550 357 2716 398 sanus
2737 341 3007 397 excludat.

2200 437 2291 492 57.
2339 438 2506 503 Quam
2534 436 2781 491 Ecclesiae
2828 451 2936 490 sua:
2976 435 3232 488 laboranti
3262 451 3365 489 non
3393 434 3523 489 desit
3564 432 3728 489 Deus.

2134 529 2285 585 Hanc
2327 531 2473 602 erigit
2500 529 2749 586 Julianus
2770 571 2784 594 ,
2815 545 2932 583 cunt
2959 530 3167 582 ruinam
3186 531 3305 602 ejus
3330 528 3631 582 meditatur.
3658 554 3731 567 ~—

2130 609 2250 680 Jam
2297 639 2426 679 vero
2453 623 2546 694 qui
2574 622 2765 678 faciem
2798 620 3082 684 Ecclesiae,
3109 620 3286 692 qualis
3315 621 3383 675 ab
3412 620 3499 675 illa
3542 620 3733 678 defec-

2133 715 2282 769 tione
2311 714 2549 775 exstitit.
2580 713 2773 781 turbis,
2804 712 2959 779 rixis,
2989 713 3463 781 contentionibus,
3490 714 3737 771 discidiis

2131 806 2331 877 ubique
2358 794 2669 871 confusam,
2685 805 2918 861 laceram
2946 813 3111 876 atque
3139 804 3486 874 dissipatam,
3517 806 3623 861 sibi
3661 807 3737 861 ob

2135 899 2326 953 oculos
2368 898 2648 962 statuerit,
2682 911 2787 951 non
2835 895 3016 951 minus
3068 906 3194 952 tunc
3233 911 3263 951 a
3308 896 3422 952 suis
3463 896 3735 968 episcopis

2132 1004 2294 1060 quam
2351 987 2512 1059 paulo
2566 997 2692 1044 ante
2729 1001 2760 1041 a
2809 986 3111 1058 conjuratis
3162 987 3397 1042 nominis
3448 986 3733 1042 christiani

2133 1082 2382 1138 hostibus
2403 1095 2693 1149 vexatam,
2723 1080 2778 1137 in
2805 1097 2909 1152 qua
2949 1096 3052 1137 nec
3089 1080 3360 1137 antisdtes
3404 1082 3531 1152 quid
3569 1082 3735 1138 doce-

2133 1183 2290 1243 rent,
2327 1192 2428 1232 nec
2469 1176 2656 1246 plebes
2682 1175 2810 1244 quid
2840 1184 3199 1246 sequerentur
3235 1176 3335 1230 rati
3365 1189 3429 1231 ac
3464 1175 3608 1230 firmi
3637 1177 3735 1231 lia-

2135 1270 2360 1336 berent,
2389 1270 2626 1339 denique
2654 1269 2791 1324 adeo
2835 1268 3176 1339 desperatam
3227 1285 3291 1324 ac
3335 1269 3643 1339 perditam,
3674 1277 3738 1325 ut

2133 1362 2493 1418 sanctissimis
2515 1363 2646 1417 viris
2666 1360 3123 1425 Neronianorum,
3154 1360 3536 1425 Deeianorum,
3568 1360 3735 1416 Maxi-

2134 1457 2549 1525 mianorumque
2600 1463 2904 1521 temporum
2946 1452 3273 1508 desiderium
3311 1454 3565 1509 excitaret
3596 1452 3737 1522 (lli-

2140 1550 2240 1603 lar.
2272 1549 2327 1602 in
2357 1545 2536 1602 Const.
2561 1563 2614 1600 n.
2639 1543 2732 1617 4);
2765 1544 3056 1612 statimque
3077 1543 3277 1599 mentis
3298 1546 3470 1600 aciem
3499 1544 3565 1600 ad
3588 1545 3736 1601 subi-

429 1636 799 1692 madvertunt.
829 1636 1044 1706 Quanto
1078 1634 1270 1692 fortius
1298 1636 1725 1708 prudentiusque
1751 1646 1877 1692 ante
1915 1635 2025 1691 vim
2057 1644 2107 1704 B
2137 1651 2242 1697 tam
2283 1642 2431 1696 illam
2479 1638 2925 1709 repentinamque
2951 1638 3304 1693 mutationem
3352 1652 3532 1693 rerum
3556 1680 3571 1703 ,
3612 1653 3737 1709 qua:

430 1728 637 1784 illatam
669 1730 830 1786 iidem
878 1731 979 1800 ipsi
1032 1730 1382 1796 delituerant,
1413 1731 1481 1786 iis
1524 1748 1644 1802 quae
1692 1730 1901 1803 synodo
1932 1730 2025 1785 Ni-

346 1810 347 1813 l
436 1836 586 1877 caena
617 1829 817 1877 statuta
854 1829 1012 1877 erant
1051 1837 1152 1878 nec
1181 1822 1303 1877 addi
1335 1820 1624 1891 quidquam
1653 1821 1885 1886 debere,
1929 1835 2029 1876 nec

430 1912 678 1982 detrahi;
716 1922 773 1969 et
809 1915 1125 1970 substantite
1157 1930 1350 1969 nomen
1370 1955 1385 1978 ,
1415 1923 1471 1970 et
1498 1929 1613 1970 rem
1643 1928 1797 1969 suam
1828 1913 2030 1970 debere

429 2004 676 2060 obtinere
697 2003 1006 2062 ﬁrmitatem
1025 2004 1350 2077 (Fragment.
1384 2021 1482 2073 vn,
1515 2023 1569 2060 ιι.
1598 2006 1650 2072 5,
1677 2015 1723 2060 et
1751 2009 2027 2077 fragment.

428 2110 523 2150 vnt
546 2095 603 2167 )?

502 2187 596 2241 56.
611 2186 959 2241 Conciliorum
973 2189 1244 2243 necessitas
1270 2188 1339 2242 ad
1365 2188 1873 2259 quid.—Falluntur
1885 2189 2030 2244 enim

430 2294 642 2342 errore,
666 2286 722 2332 at
744 2294 828 2345 lue
857 2295 956 2335 nos
985 2280 1039 2333 in
1063 2280 1312 2336 eumdem
1344 2296 1526 2336 secum
1554 2297 1794 2337 errorem
1824 2291 2031 2351 pertra-

434 2370 569 2428 here
594 2383 887 2436 c0nantur,
910 2371 1003 2442 qui
1027 2372 1352 2441 persuadere
1378 2373 1619 2442 cupiunt,
1644 2373 1699 2428 in
1723 2373 1809 2428 bis
1837 2374 2032 2444 quibus

433 2476 717 2518 versamur
757 2463 1071 2532 opinionum
1115 2463 1368 2533 procellis
1392 2504 1408 2530 ,
1445 2464 1739 2519 Ecclesiam
1783 2476 1842 2519 ut
1888 2465 2031 2534 quod

430 2553 717 2624 potissime
737 2553 889 2623 sequi
914 2553 1108 2610 debeat
1133 2553 1459 2621 stabiliatur,
1483 2553 1736 2610 conciliis
1763 2553 2029 2625 indigere.

433 2647 692 2716 Quamvis
712 2646 856 2703 enim
880 2647 1109 2705 fortasse
1127 2648 1277 2703 nullo
1304 2663 1560 2717 umquam
1581 2640 1847 2718 tempore,
1870 2663 2031 2719 quam

434 2755 582 2795 nunc
627 2748 788 2805 sunt,
835 2741 1141 2796 necessaria
1189 2739 1360 2811 magis
1384 2739 1718 2795 exstiterunt
1759 2739 1987 2795 concilia
2015 2782 2030 2806 ,

435 2833 632 2905 quibus
670 2848 884 2905 sponsa:
927 2832 1162 2899 Christi,
1209 2848 1368 2902 quam
1416 2833 1533 2903 ipse
1589 2833 1691 2889 sibi
1742 2836 1875 2889 emit
1922 2850 2031 2890 non

440 2925 676 2980 ontnibtts
699 2924 882 2991 undis,
914 2924 1010 2980 sed
1042 2926 1206 2979 totius
1237 2924 1664 2980 innocentissimi
1694 2924 1778 2980 sui
1809 2926 2031 2997 sangui-

2136 1747 2262 1787 mox
2308 1729 2628 1786 Constantio
2672 1729 2960 1795 defuncto,
3008 1728 3388 1799 revocatisque
3431 1730 3557 1784 novi
3589 1730 3737 1799 prin-

2132 1824 2272 1895 cipis
2314 1823 2495 1880 edicto
2545 1825 2599 1877 in
2647 1821 2893 1893 proprias
2918 1821 3075 1877 sedes
3124 1823 3193 1877 ab
3232 1819 3425 1877 exsilio
3466 1822 3735 1894 episcOpis

2134 1926 2326 1973 secuta
2352 1928 2435 1971 est
2465 1932 2480 1970 :
2511 1926 2662 1971 certe.
2687 1924 2944 1985 agnoscet
2976 1914 3263 1969 Dominum
3303 1915 3568 1969 laboranti
3599 1932 3735 1986 apo-

2133 2011 2395 2066 stolorum
2442 2009 2703 2064 navicula-
2732 2018 2931 2079 prtesto
2955 2007 3252 2076 adstitisse,
3283 2016 3337 2062 ct
3381 2009 3579 2063 divina-
3621 2026 3737 2066 sua:

2040 2148 2045 2153 ,
2133 2101 2433 2173 Majestatis
2486 2099 2773 2169 praesentia
2828 2102 3229 2168 quassationem
3298 2099 3471 2154 illam.
3491 2101 3733 2156 sedasse.

2136 2196 2365 2251 Moritur
2415 2195 2549 2248 enim
2601 2194 2792 2250 bestia.
2825 2191 3003 2263 inquit
3025 2190 3385 2263 Hieronymus
3432 2192 3737 2263 (Aduersus

2137 2287 2421 2359 Lucifer.),
2442 2297 2489 2340 et
2518 2287 2864 2357 tranquillitas
2888 2286 3039 2339 redit.
3064 2283 3131 2339 Et
3150 2299 3282 2340 sane
3300 2284 3496 2347 πολλὰς
3520 2291 3606 2341 καὶ
3628 2309 3736 2345 πα-

2135 2381 2380 2459 ραδόξους
2408 2379 2555 2442 ἕδοὺς
2580 2384 2842 2457 σωτηρίας
2868 2376 2968 2436 οἶδε
2999 2381 3058 2436 τὸ
3087 2381 3223 2435 θεῖον
3248 2389 3563 2438 καινοτοιιιεῑν
3578 2384 3738 2437 νεύων

2136 2476 2267 2549 πρὸς
2291 2472 2659 2550 φιλάνθρωπον.

2212 2567 2343 2633 Quis
2371 2569 2515 2620 enim
2549 2578 2802 2635 umquam
2829 2563 3105 2640 crederet,
3150 2565 3251 2620 nisi
3277 2566 3518 2622 omnium
3548 2575 3737 2623 aucto—

2137 2672 2256 2711 rum
2289 2656 2402 2711 fere
2452 2657 2569 2727 ejus
2600 2657 2784 2712 saeculi
2816 2657 3011 2713 litteris
3056 2667 3308 2713 testatum
3353 2658 3512 2715 nobis
3552 2670 3736 2728 esset,

2137 2746 2436 2804 draconem
2469 2748 2625 2803 illum
2653 2758 2956 2820 apostatam
2992 2749 3272 2806 lulianum
3298 2793 3314 2819 ,
3345 2750 3579 2809 Mentem
3620 2769 3740 2808 ma-

2144 2856 2305 2912 gnam
2335 2842 2403 2897 de
2443 2857 2545 2912 qua
2573 2841 2762 2908 Isaias,
2798 2853 2961 2915 atque
2981 2843 3265 2918 Assyrium
3286 2887 3302 2907 ,
3333 2845 3427 2917 qui
3453 2846 3585 2902 nihil
3631 2855 3741 2902 tam

2140 2948 2206 2988 ex
2254 2934 2483 3005 imperio
2533 2935 2913 3005 concupierat,
2962 2953 3122 3008 quam
3157 2949 3213 2993 ut
3242 2940 3557 3010 religionem
3598 2941 3745 2997 chri-

442 3018 529 3072 nis
559 3016 872 3087 profusione
897 3056 912 3082 ,
933 3015 1001 3071 ab
1031 3016 1236 3070 ambitu
1262 3057 1277 3084 ,
1306 3016 1530 3072 avaritia
1559 3059 1574 3083 ,
1607 3016 1998 3073 nundinatione
2019 3059 2034 3084 ,

2144 3024 2373 3094 stianam
2405 3026 2641 3081 funditus
2675 3027 2962 3095 perderet,
2994 3029 3059 3084 ad
3085 3045 3245 3100 quam
3267 3032 3650 3101 evertendam,
3685 3042 3746 3088 ut

440 3107 739 3180 ignorantia
765 3149 781 3176 ,
812 3123 1133 3177 morumque
1175 3107 1432 3177 Spurcitia
1471 3116 1631 3178 atque
1678 3108 2033 3165 obscmnitate

435 3200 723 3257 vindicatae
753 3199 1021 3271 genuinus
1072 3200 1225 3256 color
1270 3215 1334 3255 ac
1381 3200 1634 3270 splendor
1675 3200 1990 3256 restituatur
2015 3242 2029 3266 ,

439 3293 721 3364 disciplina
759 3294 853 3350 illa
878 3334 893 3357 ,
929 3308 1088 3363 quam
1120 3291 1368 3363 Apostoli
1398 3302 1454 3347 et
1481 3292 1572 3363 qui
1601 3294 1669 3346 ab
1695 3293 1760 3347 iis
1789 3293 2033 3364 proximi

438 3383 760 3456 religionem
775 3384 1192 3451 constituerunt,
1210 3384 1360 3439 velut
1383 3400 1592 3439 murum
1611 3384 1879 3441 ahenemn
1903 3400 2035 3440 con-

452 3484 535 3532 tra
558 3476 822 3547 ejusmodi
839 3476 1117 3532 cbaritatis
1128 3489 1289 3547 atque
1306 3476 1519 3531 uniouis
1536 3485 1714 3546 pestes
1737 3478 2037 3547 praetende-

445 3575 612 3634 runt,
642 3575 908 3623 vetustate
950 3568 1212 3637 temporis
1238 3582 1305 3622 an
1337 3576 1613 3637 pastorum
1644 3569 1892 3624 socordia
1917 3570 2035 3624 col-

443 3658 595 3731 lapsa
644 3666 984 3714 restauretur
1022 3658 1417 3728 exciteturque,
1443 3668 1498 3713 et
1522 3674 1679 3715 sacro
1709 3660 1889 3739 ordini
1909 3676 2038 3717 suus

446 3751 624 3807 honor
643 3764 849 3821 suaque
877 3749 1172 3805 auctoritas
1212 3748 1528 3805 restituatur
1567 3766 1581 3803 :
1612 3765 1732 3820 qua:
1793 3760 1850 3806 ut
1893 3761 2036 3806 sarta

445 3852 695 3913 teetaque
722 3844 1113 3899 conservarent
1154 3841 1447 3911 primicerii
1496 3841 1572 3897 illi
1613 3842 1893 3914 religionis
1938 3857 2038 3899 au—

446 3944 661 4002 ctores,
715 3935 1007 4006 quotannis
1052 3933 1291 4006 synodos
1332 3934 1697 4004 provinciales
1726 3936 1810 3991 bis
1854 3936 2036 4007 colligi

447 4027 875 4099 congregarique
918 4036 1219 4091 statuerant
1250 4045 1264 4082 :
1297 4027 1454 4093 licet,
1504 4026 1721 4098 inquam
1746 4067 1763 4095 ,
1808 4026 2040 4084 fortasse

449 4119 516 4173 ad
544 4120 660 4174 haec
678 4119 984 4176 revocanda
1024 4118 1432 4189 reparandaque
1460 4119 1706 4175 conciliis
1741 4134 1997 4191 egeamus
2022 4136 2037 4186 ;

449 4217 509 4263 ut
541 4218 719 4265 tamen
751 4211 893 4265 aliud
944 4219 1225 4266 teneamus
1273 4227 1432 4282 quam
1477 4212 1621 4283 quod
1671 4213 1933 4271 hactenus
1986 4216 2038 4270 in

450 4301 694 4356 Ecclesia
720 4303 983 4358 creditum
1006 4304 1458 4377 observatumque
1482 4316 1585 4372 est,
1615 4310 1846 4365 concilio
1874 4310 2042 4367 statui

2136 3117 2410 3189 quondam
2438 3117 2614 3174 Julius
2642 3118 2823 3175 Caesar
2854 3120 2921 3175 ad
2945 3108 3139 3193 Remp.
3170 3124 3603 3195 opprimendam,
3655 3142 3746 3182 so-

2138 3209 2291 3264 brius
2321 3219 2655 3273 accesserat,
2691 3213 3143 3269 restaurationem
3192 3215 3317 3270 fidei
3346 3215 3582 3272 Nicaeum
3611 3235 3746 3274 con-

2140 3299 2489 3370 cordiamque
2544 3290 2923 3373 episcoporum
2973 3307 3347 3375 promovisse?
3399 3307 3532 3363 Cum
3596 3312 3745 3367 enim

2139 3406 2329 3446 omnes
2358 3400 2580 3463 propter
2598 3392 2756 3448 fidem
2786 3394 3137 3451 christianam
3161 3399 3384 3455 exsules
3432 3402 3747 3474 cujuscnjus

2141 3492 2304 3538 sectae
2329 3493 2518 3538 essent
2545 3497 2878 3548 revocasset.
2923 3496 3130 3543 tantum
3153 3499 3213 3543 ut
3243 3491 3365 3546 illas
3393 3494 3596 3561 turbas,
3628 3496 3748 3566 qui-

2141 3576 2245 3632 bus
2268 3586 2395 3632 tune
2425 3577 2671 3633 Ecclesia
2699 3580 3020 3649 vexabatur,
3048 3581 3220 3640 aleret
3248 3599 3312 3640 ac
3341 3586 3635 3654 retineret;
3664 3589 3750 3646 die

2140 3681 2528 3740 versarumque
2557 3679 2825 3726 sectarum
2856 3671 3054 3739 duces,
3084 3689 3205 3745 quae
3228 3679 3620 3747 propemodum
3651 3680 3749 3737 illo

2145 3772 2390 3833 tempore
2420 3763 2643 3818 infinitas
2672 3764 2927 3833 fuerunt,
2973 3768 3111 3823 intra
3158 3769 3349 3827 eadem
3396 3773 3596 3829 mtenia
3646 3774 3751 3831 de-

2141 3867 2333 3927 gentes
2353 3857 2505 3912 velut
2548 3857 2882 3914 infestissimi
2927 3860 3116 3918 hostes
3159 3863 3407 3922 cominus
3452 3867 3635 3924 acrius
3688 3884 3752 3928 se

2144 3957 2332 4003 mutuo
2379 3960 2865 4020 persequerentur,
2908 3953 3176 4025 citiusque
3228 3957 3565 4017 conficerent
3596 3979 3612 4016 :
3642 3962 3749 4017 im-

2146 4042 2525 4111 perserutabili
2549 4051 2728 4100 tamen
2760 4044 2859 4101 Dei
2883 4048 3245 4118 providentia,
3275 4068 3398 4122 quae
3419 4040 3575 4110 sicuti
3606 4056 3751 4126 apud

2147 4132 2402 4189 Hermam
2432 4135 2711 4193 Pastorem
2761 4137 2992 4210 legimus
3014 4182 3031 4206 ,
3064 4159 3084 4192 ι
3123 4143 3175 4197 in
3216 4144 3416 4200 bonum
3448 4147 3552 4203 sibi
3582 4149 3755 4205 vertit

2146 4225 2312 4279 etiam
2359 4226 2631 4295 peSsima;
2673 4238 2733 4285 ut
2761 4244 2857 4299 per
2880 4231 3178 4288 Ecclesium
3209 4235 3491 4307 multiplex
3518 4239 3638 4309 ejus
3662 4254 3753 4295 sa-

2146 4318 2350 4388 pientia
2395 4329 2698 4388 appareat,
2744 4324 3043 4379 secundum
3093 4328 3491 4397 praescientiam
3522 4334 3751 4390 saeculo-

450 4408 561 4449 non
609 4406 770 4463 posse
796 4393 1052 4448 arbitror.
1090 4412 1110 4445 ι
1146 4395 1258 4450 Hoc
1301 4398 1447 4451 enim
1482 4414 1698 4469 semper
1734 4419 1754 4452 ι
1778 4444 1793 4466 ,
1825 4413 1883 4457 ιιι
1912 4406 2047 4459 scri-
2071 4404 2127 4465 D
2152 4426 2269 4465 rum
2298 4426 2457 4480 quam
2480 4411 2606 4467 fecit
2639 4413 2691 4468 in
2722 4411 2973 4483 Christo,
3009 4436 3029 4470 ι
3063 4393 3222 4474 trium
3275 4422 3491 4479 illorum
3538 4425 3755 4483 confes-

457 4494 605 4554 ptum
646 4482 868 4554 reliquit
893 4483 1216 4554 Peregrinus
1256 4485 1350 4540 ille
1395 4487 1688 4544 Lirinensis
1719 4491 1868 4561 (cap.
1900 4495 2003 4565 52)
2028 4536 2045 4563 ,

459 4595 478 4629 ι
513 4591 615 4632 nee
648 4576 941 4646 quidquam
991 4585 1252 4647 praeterea
1298 4577 1676 4638 haereticorum
1718 4588 2047 4644 novitatibus

452 4669 682 4725 excitata
724 4669 947 4738 perfecit
987 4669 1267 4727 Ecclesia.
1315 4670 1418 4728 nisi
1449 4682 1506 4727 ut
1532 4675 1677 4745 quod
1726 4677 1839 4731 sola
1882 4680 2047 4736 tradi-

453 4762 602 4817 tione
656 4774 1007 4832 susceperat,
1061 4761 1168 4817 hoc
1227 4763 1423 4821 deinde
1474 4769 1702 4836 posteris
1735 4770 1898 4827 etiam
1953 4790 2047 4841 per

453 4853 805 4921 seriptionem
826 4854 1175 4926 chirographi
1205 4858 1570 4928 consignaret,
1591 4878 1838 4932 magnam
1862 4883 2044 4922 rerum

451 4960 718 5003 summam
770 4947 951 5016 paucis
980 4946 1172 5003 litteris
1209 4969 1228 5002 ι
1258 4992 1274 5017 ,
1308 4968 1503 5023 nempe
1544 4954 1710 5028 746
1748 4957 2043 5030 Symbolo,

456 5055 477 5088 ι
505 5037 1040 5107 comprehendendo,
1068 5048 1125 5094 et
1147 5041 1458 5112 plerumque
1489 5057 1709 5115 propter
1742 5050 2049 5122 intelligen-

452 5128 543 5183 tia:
570 5129 779 5193 lucem,
830 5144 938 5183 non
986 5144 1187 5185 novum
1223 5132 1346 5186 fidei
1374 5148 1594 5191 sensum
1626 5153 1782 5194 novae
1807 5130 2049 5211 appella-

452 5221 621 5278 tionis
671 5222 1003 5291 praprietate
1045 5224 1433 5295 consignando.
1493 5247 1513 5281 ι
1568 5230 1846 5300 Ejusmodi
1893 5237 2039 5294 enim

450 5313 568 5383 pias
593 5312 881 5380 novitates,
908 5313 959 5367 id
991 5322 1075 5369 est
1109 5332 1128 5367 ι
1168 5315 1450 5372 adversum
1476 5334 1610 5375 nova
1644 5336 1848 5379 venena
1873 5342 2041 5385 novas

448 5404 966 5462 medicamentorum
1013 5408 1485 5479 comparationes,
1522 5429 1542 5464 ι
1595 5424 1653 5469 ιιι
1698 5429 1793 5472 eas
1855 5429 2042 5477 noster

450 5496 682 5553 Hilarius
706 5506 863 5553 vocat
893 5498 970 5570 (in
992 5498 1258 5556 Constant.
1286 5500 1480 5574 22.16),
1514 5522 1534 5556 ι
1557 5503 1844 5565 adversum
1869 5526 2039 5570 novos

452 5591 634 5648 hostes
662 5606 798 5647 nova
826 5590 995 5660 bella,
1025 5592 1310 5653 adversum
1342 5608 1510 5653 novas
1554 5596 1780 5660 insidias
1804 5603 2034 5664 concilia

2151 4517 2333 4559 sorum
2360 4504 2431 4558 ab
2457 4505 2652 4559 exsilio
2673 4522 3023 4564 reversarum
3053 4511 3367 4583 diligentia,
3399 4516 3608 4584 labore,
3639 4519 3756 4575 sol-

2150 4596 2429 4653 licitudine
2477 4613 2667 4655 omnes
2706 4600 2842 4667 fere,
2873 4602 2969 4673 qui
3020 4604 3348 4663 Ariminensi
3399 4611 3590 4667 sceleri
3636 4613 3755 4670 sive

2150 4687 2498 4756 simplicitate
2523 4689 2773 4759 decepti,
2802 4707 2899 4749 seu
2930 4703 3073 4751 metu
3105 4701 3413 4768 perterriti,
3440 4702 3556 4758 sive
3589 4705 3755 4761 etiam

2153 4777 2351 4837 Aria'na
2410 4783 2528 4838 labe
2577 4784 2758 4840 infecti
2806 4788 3275 4857 subscripserunt,
3306 4794 3520 4865 culpam
3551 4812 3756 4869 agnos-

2151 4887 2367 4941 centes,
2424 4877 2698 4934 Nictenam
2739 4881 2899 4938 fidem
2952 4886 3238 4955 amplexos
3290 4905 3453 4961 supra
3496 4893 3752 4951 vidimus.
3782 4886 3797 4897 ’

2149 4969 2425 5038 Siquidem
2457 4978 2730 5029 communi
2779 4987 3019 5033 externa:
3068 4985 3463 5051 persecutionis
3511 4988 3759 5057 periculo

2149 5064 2444 5127 commoti,
2474 5066 2620 5120 velut
2652 5067 3061 5139 Syncretismo,
3110 5075 3161 5127 in
3207 5091 3367 5132 unam
3417 5080 3580 5136 fidem
3626 5098 3762 5138 coa-

2151 5152 2400 5221 luerunt,
2450 5172 2557 5213 non
2587 5160 2739 5228 pauci
2770 5163 2932 5218 etiam
2964 5179 3030 5219 ex
3056 5164 3329 5224 hzereticis
3374 5149 3647 5245 martyres
3670 5176 3758 5233 ef-

2149 5244 2275 5301 fecti
2320 5258 2464 5303 sunt.
2502 5251 2699 5322 Ecquis
2736 5256 2881 5310 enim
2932 5258 3128 5316 divinat
3174 5264 3439 5321 voluntati
3485 5244 3759 5327 obsistere

2148 5341 2349 5409 queat?
2392 5359 2422 5397 a
2468 5359 2571 5414 qua
2601 5346 2765 5402 etiam
2791 5389 2805 5415 ,
2834 5359 2894 5405 ut
2917 5354 3114 5425 eximie
3141 5370 3171 5409 a
3196 5356 3477 5415 Clemente
3517 5361 3762 5419 Alexan-

2144 5428 2305 5486 drino
2330 5432 2548 5504 scriptis
2577 5437 2833 5494 traditum
2865 5450 2979 5510 est,
3011 5449 3097 5500 καὶ
3125 5447 3181 5502 αἱ
3207 5456 3306 5505 τῶν
3332 5452 3755 5513 ἁποστησάντων

2141 5523 2327 5593 βουλαὶ
2352 5547 2405 5581 τε
2426 5531 2510 5583 καὶ
2533 5530 2777 5604 ἐνέργειαι
2804 5536 3161 5612 κυϐηρνῶνται
3199 5542 3285 5597 ἐπὶ
3320 5545 3461 5606 τέλος
3503 5546 3750 5619 ὑγιεινὸν.

2135 5628 2230 5676 τῆς
2283 5619 2380 5694 γὰρ
2428 5621 2567 5684 θείας
2620 5627 2797 5697 σοφίας
2826 5618 3125 5708 καὶάρετξς
3168 5639 3252 5695 καὶ
3297 5635 3560 5715 δυνάμεως
3599 5642 3756 5720 ἔργον
