4120 6170
325 316 430 376 913

1476 323 1749 381 NICOLAI
1806 322 1889 380 ΡΑ
1898 323 2011 381 BRI
2049 325 2435 388 PR/EFATIO.

3514 346 3618 403 9M

324 440 463 494 ἐστὶν
485 438 545 493 οὐ
569 438 717 511 μόνον
743 442 801 495 τὸ
826 442 1165 514 ἀγαθοποιεῖν,
1207 442 1331 498 ἀλλὰ
1353 444 1548 517 κᾴκεῐνο
1576 443 1827 513 μάλιστα,
1853 445 1913 498 τό

2030 457 2140 499 cum
2167 487 2182 512 ,
2230 449 2449 519 inquam
2476 492 2491 519 ,
2549 466 2725 524 neque
2756 454 2889 511 illud
2915 464 3176 526 pervetus
3202 458 3481 530 exemplar
3526 463 3619 515 ha-

322 527 409 584 διὰ
426 536 589 584 κακῶν
610 536 711 586 τῶν
737 532 1093 589 ἓπινοηθέντων
1138 533 1265 610 πρὸς
1306 541 1474 597 τινῶν,
1520 532 1708 607 ἀγαθόν
1745 557 1796 590 τι
1839 536 1924 589 καὶ

324 622 561 696 χρηστὸν
580 622 721 685 τέλος
742 623 1009 679 ἀποτελεῖν
1031 628 1116 679 καὶ
1142 625 1402 698 ὠφελίμως
1431 634 1537 688 τοῖς
1565 624 1777 681 δοκοῦσι
1795 625 1924 699 φαύ-

320 713 427 774 λοις
465 717 717 789 χρῆσθαι.

393 804 485 861 58.
528 804 845 875 Fragmenta
888 807 996 863 luec
1044 809 1233 864 divina:
1278 811 1615 882 providemus
1658 823 1789 867 nutu
1837 813 1921 865 in-

322 906 493 951 venta.
544 898 780 953 Cassiani
836 899 956 955 libri
1010 902 1073 955 de
1130 902 1516 959 lncaruatione.
1547 934 1621 946 —
1669 905 1922 971 Ejusdem

321 989 484 1043 etiam
515 989 867 1059 providentia:
893 1007 1031 1061 opus
1055 1007 1177 1049 esse
1204 994 1332 1050 mihi
1360 996 1694 1066 persuadeo,
1727 1005 1785 1050 ut
1809 996 1924 1050 haec

321 1078 650 1151 Fragmenta
682 1082 1164 1139 turbulentissimis
1185 1087 1303 1141 istis
1325 1087 1659 1157 temporibus
1690 1087 1925 1143 maxime

321 1171 495 1228 lucem
538 1186 893 1245 recuperarit,
925 1192 1021 1246 per
1046 1177 1207 1250 747
1236 1195 1357 1250 quae
1400 1181 1466 1234 ad
1498 1180 1765 1249 ejusmodi
1793 1195 1921 1235 con-

325 1266 711 1323 siderationem
752 1268 993 1324 historiae
1016 1270 1234 1325 excrtali
1257 1312 1271 1333 ,
1298 1287 1447 1341 spem
1475 1282 1678 1328 certam
1706 1289 1770 1329 ex
1808 1274 1924 1343 ejus

320 1362 632 1430 cognitione
670 1362 1082 1433 concipiamus,
1130 1367 1612 1438 quotienscumque
1656 1368 1922 1423 scelerum

321 1461 635 1508 nostrorum
664 1468 763 1509 nos
804 1456 945 1510 bene
966 1464 1130 1525 atque
1156 1473 1222 1512 ex
1247 1458 1428 1512 animo
1457 1459 1771 1528 paenituerit.
1793 1499 1809 1525 ,
1840 1459 1924 1514 di-

324 1545 505 1601 vinam
546 1563 765 1602 manum
792 1562 901 1603 non
946 1550 1187 1605 mutilam
1219 1564 1282 1605 ac
1299 1550 1633 1606 decurtatam
1666 1559 1920 1621 expertu-

324 1653 420 1694 ros
439 1682 454 1705 ,
485 1639 844 1712 eumdemque
873 1641 1160 1697 Dominum
1192 1643 1514 1713 periclitanti
1543 1643 1924 1715 Apostolorum

324 1733 589 1789 navicula:
635 1734 1081 1806 tranquillitatem
1130 1735 1361 1791 solidam
1390 1750 1455 1792 ac
1492 1735 1700 1791 ﬁrmam
1744 1736 1926 1791 reddi-

2025 534 2170 602 buit,
2216 539 2312 594 sed
2356 549 2563 598 tantum
2602 544 2805 601 abhinc
2831 557 3049 603 centum
3077 549 3235 604 annis
3284 550 3339 605 in
3396 550 3616 618 charta,

2026 644 2191 685 manu
2216 633 2429 702 gallica,
2458 651 2558 692 nec
2578 635 2800 694 la'tinam
2829 640 3068 712 linguam
3097 642 3232 699 satis
3260 645 3618 716 percipieute,

2026 720 2264 779 confusis
2292 723 2622 783 dictionibus
2658 731 2915 801 scriptam
2942 775 2956 796 ,
2991 734 3133 803 quod
3162 747 3429 804 prasterea
3456 738 3621 793 etiam

2025 812 2283 871 librorum
2315 816 2559 875 Cassiani
2595 821 2665 878 de
2694 823 3070 881 lncarnatione
3097 827 3300 884 Christi
3348 831 3619 901 epitomen

2025 906 2214 961 eadem
2263 925 2424 966 manu
2477 914 2735 984 scriptam
2785 918 3131 985 contineret,
3182 921 3327 975 illam
3391 921 3624 979 {Ortasse

2026 1015 2187 1067 quam
2231 1002 2553 1060 Eucherium
2608 1007 3023 1077 Lugdunensem
3076 1013 3389 1083 episcopum
3439 1014 3624 1071 confe-

2025 1090 2169 1147 cisse
2199 1095 2351 1149 teStis
2380 1107 2464 1151 est
2486 1097 2820 1155 Gennadius.
2849 1100 2980 1156 lude
3019 1116 3171 1170 spem
3213 1115 3539 1174 conceperat
3569 1114 3627 1160 et

2026 1185 2305 1251 antiquum
2336 1190 2613 1258 exemplar
2637 1233 2650 1253 ,
2696 1193 2842 1247 unde
2869 1207 3060 1265 recens
3106 1193 3238 1248 illud
3283 1197 3615 1264 exscriptum

2025 1272 2231 1342 luerat,
2283 1278 2502 1335 aliunde
2557 1284 2870 1352 recuperari
2900 1267 3078 1351 posse
3112 1302 3126 1337 :
3158 1301 3279 1352 quae
3322 1301 3486 1343 causa
3529 1288 3628 1343 fuit

2026 1378 2123 1419 cur
2178 1369 2381 1422 tamdiu
2434 1386 2620 1425 eorum
2682 1374 2981 1429 editionem
3022 1377 3362 1432 sustinuerit.
3409 1379 3466 1433 ln
3516 1396 3624 1449 quo

2025 1465 2173 1513 certe
2200 1459 2294 1514 villi
2335 1460 2436 1517 hoc
2478 1461 2788 1521 felicissime
2811 1466 3069 1538 contigit,
3104 1478 3165 1522 ut
3192 1468 3244 1522 in
3291 1470 3629 1539 publicandis

2026 1547 2239 1606 duobus
2289 1551 2410 1608 istis
2458 1555 2681 1610 eximiis
2736 1557 3076 1627 antiquitatis
3122 1564 3489 1617 monumentis
3517 1564 3625 1619 fato

2028 1640 2363 1711 interceptus
2394 1646 2655 1714 praeclare
2684 1657 2859 1702 actam
2890 1650 3015 1704 vita:
3057 1650 3290 1707 fabulam
3334 1653 3628 1711 illustriore

2026 1729 2136 1787 ﬁne
2183 1734 2345 1788 veluti
2399 1735 2618 1806 Cygnea
2671 1738 2928 1794 cautione
2957 1740 3325 1799 concluderet.
3369 1743 3627 1817 Quamvis

325 1835 526 1880 turum.
559 1825 743 1898 Longe
764 1827 906 1883 enim
939 1842 1061 1884 mea
1087 1828 1347 1899 opinione
1391 1838 1571 1896 errat,
1601 1830 1645 1883 si
1680 1827 1802 1899 quis
1825 1842 1926 1899 pu-
1951 1835 2002 1896 Β
2030 1838 2163 1880 Sane
2212 1824 2588 1883 difﬁcillimum
2640 1827 2803 1884 fuerit
2848 1831 3021 1886 virum
3079 1833 3309 1903 ingenii,
3354 1836 3627 1908 animique

324 1929 403 1975 tat
429 1921 728 1977 haeresibus
750 1963 765 1987 ,
808 1937 927 1992 quae
958 1922 1202 1992 plurimae
1230 1932 1402 1979 totum
1432 1924 1544 1978 fere
1570 1922 1756 1978 orbem
1790 1938 1914 1993 per-

318 2026 585 2084 vagantur
619 2024 783 2085 atque
809 2016 1173 2084 conturbant,
1216 2016 1337 2087 plus
1362 2016 1556 2072 virium
1601 2031 1666 2071 ac
1709 2017 1945 2071 roboris.

318 2105 373 2160 in
427 2120 648 2160 suorum
703 2106 1058 2162 sectariorum
1108 2108 1266 2163 malis
1313 2108 1509 2162 animis
1536 2116 1629 2162 aut
1668 2107 1921 2163 versutiis

319 2199 527 2278 inesse,
556 2213 716 2269 quam
738 2199 793 2254 in
817 2200 1016 2254 nostris
1044 2200 1191 2255 vitiis
1230 2214 1294 2255 ac
1323 2198 1641 2255 sceleribus.
1672 2199 1918 2268 Quapro-

320 2298 443 2360 pter
474 2297 531 2344 ut
556 2288 754 2343 divina:
778 2284 1042 2359 Majestati
1077 2304 1176 2361 pro
1209 2289 1311 2346 hac
1339 2290 1537 2345 eximia
1569 2289 1655 2345 sui
1682 2288 1920 2344 numinis

320 2380 377 2436 in
421 2395 522 2436 nos
576 2380 910 2452 benignitate
958 2397 1250 2451 numquam
1314 2398 1412 2451 pro
1461 2382 1670 2438 meritis
1728 2380 1919 2452 dignas

316 2468 483 2542 agere
539 2474 738 2542 gratias
785 2471 869 2527 vel
910 2473 1093 2527 animo
1132 2472 1420 2543 concipere
1465 2485 1794 2543 possumus,
1845 2471 1921 2525 ita

322 2565 487 2622 etiam
513 2563 624 2635 piis
648 2564 836 2635 optimi
862 2564 961 2619 viri
982 2573 1038 2619 et
1058 2564 1125 2619 de
1144 2579 1344 2633 genere
1376 2563 1612 2619 humano
1643 2563 1780 2618 bene
1806 2577 1919 2617 me-

321 2658 411 2713 riti
440 2656 633 2713 Pithmi
669 2656 841 2711 nostri
869 2656 1118 2711 manibus
1140 2697 1156 2722 ,
1203 2657 1289 2709 cui
1320 2670 1420 2710 nos
1448 2655 1565 2710 hanc
1592 2654 1915 2725 Fragmenta

323 2752 527 2807 debere
557 2766 764 2806 summa
796 2749 888 2805 illa
938 2749 1193 2819 majestas
1218 2748 1421 2814 voluit,
1459 2762 1644 2818 parem
1689 2747 1917 2816 gratiam

318 2844 527 2901 referre
556 2844 643 2899 vix
690 2857 754 2897 ac
793 2858 863 2899 ne
889 2842 976 2897 vix
1017 2842 1235 2912 quidem
1266 2841 1556 2895 valeamus.
1589 2837 1724 2893 Cum
1775 2837 1920 2891 enim

321 2939 403 2994 sic
429 2938 589 2992 vitam
621 2937 738 3007 ipse
770 2934 1129 2999 instituisset,
1162 2944 1221 2988 ut
1243 2931 1528 2987 commoda
1559 2930 1770 3000 publica
1798 2928 1920 2984 ubi-

322 3047 431 3102 que
461 3030 696 3101 pr0priis
726 3030 957 3100 negotiis
986 3035 1374 3100 praeverteret,
1415 3024 1780 3094 saevienteque
1810 3021 1920 3077 Lu-

321 3124 471 3181 tetiae
499 3124 842 3194 pestilentia,
898 3121 1343 3193 Augustobonam
1390 3118 1716 3185 Trscassium
1745 3160 1760 3183 ,
1800 3133 1921 3188 quas

321 3216 460 3280 illud
499 3185 669 3271 -nobis
710 3214 860 3270 sidus
909 3185 1191 3278 ediderat,
1246 3212 1596 3271 secessisset;
1655 3185 1842 3265 nactus
1888 3223 1918 3262 a
1946 3185 1997 3250 C

322 3307 621 3385 Francisco
650 3306 843 3375 fratre,
872 3308 991 3362 viro
1022 3307 1241 3377 prepria
1272 3305 1432 3361 laude
1462 3305 1678 3360 virtutis
1715 3311 1772 3358 et
1796 3301 1924 3356 doc-

327 3400 488 3455 trina:
511 3399 842 3463 clarissimo,
874 3407 927 3452 et
958 3399 1119 3468 plane
1157 3407 1303 3453 tanto
1329 3398 1478 3452 l'ratti
1504 3410 1799 3468 germano,
1829 3407 1925 3449 ve-

244 3507 259 3518 '
327 3504 414 3549 tus
473 3494 752 3566 exemplar
802 3489 1106 3546 fabularum
1155 3488 1498 3561 Aisopiarum
1551 3488 1816 3558 improbi,
1868 3494 1929 3540 ut

326 3600 451 3641 eum
483 3594 646 3639 vocat
693 3582 953 3639 Martialis
978 3624 993 3649 ,
1043 3582 1280 3647 thndri,
1322 3598 1430 3654 quo
1461 3597 1625 3651 opere
1650 3581 1923 3638 eruditum

327 3678 531 3734 Tiberii
579 3680 840 3733 saeculum
888 3678 1021 3734 nihil
1049 3680 1331 3734 venustius
1380 3676 1747 3747 elegantiusve
1799 3691 1927 3746 pro-

330 3772 488 3839 tulit,
522 3773 609 3828 vel
644 3772 804 3842 hujus
848 3774 929 3827 sui
958 3787 1207 3829 secessus
1256 3774 1520 3827 rationem
1557 3772 1770 3843 publice
1793 3788 1924 3829 con-

329 3874 477 3919 stare
519 3864 709 3918 voluit.
766 3863 953 3935 Itaque
1010 3865 1312 3935 procuratis
1350 3863 1758 3919 cltat‘acteribus
1828 3878 1925 3933 pro

328 3966 492 4026 captu
520 3956 669 4011 urbis
693 3955 908 4026 quidem
942 3972 1150 4027 magna:
1189 3965 1245 4011 et
1270 3956 1565 4024 frequentis
1589 3994 1602 4019 ,
1646 3954 1742 4010 sed
1784 3969 1926 4008 mer—

328 4057 533 4104 catura:
577 4063 642 4104 ac
689 4049 1016 4104 commercio
1064 4049 1277 4117 penitus
1304 4047 1534 4102 addictm
1563 4054 1724 4115 atque
1762 4062 1925 4103 occu-

328 4151 503 4214 patte.
537 4142 789 4197 alitteris
840 4157 970 4197 vero
1018 4143 1228 4211 penitus
1278 4141 1504 4205 alienae,
1550 4140 1923 4207 elegantibus,

330 4234 722 4303 conductisque
753 4235 966 4304 operis,
1001 4233 1122 4288 illas
1154 4232 1364 4287 fabulas
1394 4245 1492 4285 suo
1517 4239 1733 4300 sumptu
1766 4238 1927 4300 atque

334 4325 452 4380 lucc
474 4325 798 4395 Fragmenta
826 4327 967 4397 typis
993 4335 1213 4395 vulgare
1240 4324 1540 4379 constituit.
1570 4323 1627 4377 ln
1650 4339 1750 4392 qua
1782 4323 1929 4394 cogi-

336 4419 539 4473 talione
578 4418 843 4472 absolutis
873 4417 1071 4472 fabulis
1093 4459 1107 4482 ,
1139 4418 1330 4487 hisque
1357 4416 1700 4487 Fragmentis
1725 4425 1926 4470 tantum

337 4524 444 4562 non
477 4508 542 4563 ad
574 4509 890 4563 umbilicum
921 4508 1216 4579 perductis,
1253 4510 1334 4585 vir
1360 4507 1771 4563 immortalitate
1808 4506 1927 4577 ilig-

339 4603 593 4659 nissimus
624 4602 690 4657 ad
717 4604 994 4658 meliorem
1040 4604 1204 4656 vitam
1256 4610 1567 4671 assumptus
1617 4612 1720 4679 est.
1752 4601 1930 4656 Adde-

340 4709 456 4749 rem
488 4696 590 4748 hoc
621 4693 742 4749 loco
774 4694 913 4748 unde
962 4693 1076 4748 haec
1124 4693 1283 4746 etiam
1330 4690 1651 4760 Fragmenta
1699 4693 1928 4755 eruerit,

341 4788 443 4841 nisi
471 4787 625 4841 bonis
658 4787 786 4842 viris
815 4785 1077 4857 ejusmodi
1131 4799 1311 4840 rerum
1357 4784 1720 4854 cognitionem
1771 4783 1933 4853 proli-

340 4880 579 4934 tentibus
625 4879 881 4935 ruborem
927 4877 1237 4933 sull‘undere
1266 4891 1520 4943 vererer,
1571 4875 1664 4950 qui
1712 4875 1932 4930 delites-

338 4973 514 5028 centis
548 4974 707 5042 hujus
738 4973 790 5027 iu
822 4971 1163 5028 bibliothecis
1184 4972 1297 5026 suis
1327 4971 1562 5028 thesauri
1586 4970 1731 5026 velut
1759 4970 1933 5041 gallus

338 5067 435 5120 ille
479 5064 740 5134 IEsopius
789 5065 1005 5120 unionis
1053 5065 1368 5135 dignitatem
1416 5077 1525 5117 non
1556 5070 1931 5133 agnoverunt,

339 5157 694 5229 vcl‘uguilam
727 5172 832 5212 non
861 5158 979 5211 sine
1020 5156 1233 5225 publica
1269 5155 1478 5226 jactura
1506 5162 1615 5209 tam
1645 5153 1736 5208 diu
1762 5153 1935 5208 couti-

340 5263 598 5306 nuerunt.
632 5250 816 5305 Dicam
862 5260 1095 5315 tantum,
1127 5249 1269 5318 quod
1316 5247 1669 5320 praetermitti,
1698 5261 1802 5302 non
1836 5261 1935 5316 po-

342 5352 487 5408 test,
542 5343 734 5398 horum
767 5343 1215 5413 Fragmentorum
1266 5342 1481 5395 unicum
1528 5339 1818 5412 exemplar
1846 5339 1937 5394 Pi-

343 5434 550 5490 tbteum
593 5434 819 5490 Lutetia:
864 5449 1008 5490 anno
1051 5432 1244 5488 salutis
1280 5447 1488 5488 etatoxc
1533 5441 1808 5501 repertum
1840 5432 1936 5487 ha-

340 5524 551 5581 buisse.
583 5524 701 5581 Non
735 5526 903 5597 magis
930 5525 1074 5579 enim
1103 5534 1287 5579 noster
1313 5525 1402 5581 ille
1433 5523 1666 5579 sedecim
1695 5524 1937 5596 tyrannis

341 5631 606 5686 oppressa
635 5620 788 5684 urbe,
817 5633 976 5688 quam
1008 5617 1260 5672 Socrates
1303 5617 1517 5685 triginta
1540 5630 1671 5670 suas
1701 5615 1941 5670 Athenas

341 5712 708 5777 vexantibus,
770 5712 1104 5781 propositum
1155 5710 1281 5763 vita:
1358 5708 1647 5763 decursum
1704 5708 1942 5779 philoso-

346 5801 571 5874 phaudo
596 5815 820 5871 remque
872 5801 1133 5870 publicam
1178 5799 1416 5868 juvando
1464 5800 1774 5854 intermisit.
1807 5798 1938 5853 Uni-

1954 4557 2009 4618 D

2026 1915 2185 1971 bouis
2208 1919 2463 1974 omnibus
2488 1921 2894 1977 ornatissimum
2921 1964 2935 1988 ,
2969 1924 3060 1993 qui
3102 1940 3321 1996 semper
3347 1926 3479 1982 illud
3522 1944 3625 1983 an-

2025 2004 2158 2075 tiqui
2192 2019 2364 2076 poetae
2394 2010 2493 2064 sibi
2712 2013 2991 2081 occineus,
3020 2020 3114 2071 Καὶ
3140 2021 3265 2088 μήτε
3297 2022 3628 2092 παυσαίμεθα

2029 2098 2297 2173 adoptiva;
2324 2102 2559 2177 ϐροτούς,
2588 2118 2750 2160 omne
2771 2106 2941 2172 dium,
2967 2106 3208 2162 laborem
3229 2149 3245 2174 ,
3276 2109 3625 2178 industriam,

2025 2204 2323 2261 omnesque
2354 2194 2711 2263 cogitationes
2750 2210 2877 2250 suas
2916 2196 3147 2265 publicis
3177 2197 3497 2255 utilitatibus
3532 2200 3625 2257 de-

2025 2294 2275 2347 voverat,
2309 2294 2472 2355 atque
2506 2286 2890 2357 impendebat,
2921 2301 3031 2343 non
3068 2288 3123 2344 in
3145 2303 3314 2361 opere
3352 2291 3616 2362 praeclaro

2025 2383 2200 2430 morte
2228 2374 2587 2445 deprehendi.

2094 2478 2185 2535 39.
2229 2478 2422 2536 Pithaei
2450 2482 2700 2553 elogium.
2730 2513 2804 2524 --
2831 2484 2911 2541 De
2937 2484 3240 2541 litterarum
3271 2487 3471 2543 studiis
3505 2496 3627 2544 tan-

2028 2580 2140 2627 tum
2166 2588 2276 2628 non
2306 2576 2530 2645 loquor,
2566 2576 2622 2631 in
2648 2578 2845 2647 quibus
2872 2579 3088 2636 assidue
3116 2582 3471 2651 exquirendo,
3503 2599 3628 2655 per-

2026 2666 2319 2722 scrutando
2348 2667 2730 2733 bibliothecas.
2756 2672 3099 2740 antiquorum
3123 2685 3401 2730 auctorum
3424 2677 3624 2747 scripta

2025 2760 2108 2817 vel
2140 2775 2170 2816 a
2198 2762 2442 2827 mendis,
2473 2763 2557 2818 vel
2587 2764 2657 2819 ab
2678 2764 2900 2820 interitu
2914 2766 3193 2822 vindicata
3224 2768 3622 2838 provulgando,

2026 2850 2111 2905 vel
2137 2850 2275 2905 alios
2303 2867 2440 2922 quos
2468 2853 2519 2906 in
2551 2868 2614 2909 ea
2657 2869 2717 2909 re
2772 2855 2973 2925 aliquid
3006 2872 3167 2927 posse
3209 2850 3485 2929 judicabat
3529 2875 3628 2916 ex-

2027 2938 2328 3007 hortando,
2371 2942 2699 3012 impellendo
2723 2984 2740 3009 ,
2782 2953 2945 3015 atque
2970 2947 3132 3002 etiam
3159 2947 3396 3017 juvando
3417 2991 3431 3016 ,
3476 2951 3627 3005 nullo

2029 3042 2273 3101 tempore
2316 3049 2425 3089 non
2465 3035 2667 3106 aliquid
2713 3038 2880 3091 movit
2920 3052 2985 3093 ac
3030 3041 3320 3109 promovit.
3369 3040 3627 3108 Quamvis

2029 3128 2175 3183 enim
2220 3128 2309 3182 illa
2351 3128 2528 3184 studia
2558 3130 2613 3185 in
2641 3139 2827 3185 nostro
2858 3130 3071 3187 Pithmo
3117 3147 3327 3192 summa
3374 3134 3622 3201 luerunt,

2027 3220 2398 3289 doctrinaeque
2446 3220 2608 3277 laude
2656 3221 2930 3292 praecipue
2995 3223 3267 3291 innotuit,
3309 3232 3371 3278 ut
3419 3226 3511 3295 qui
3556 3240 3627 3280 ex

2030 3313 2238 3381 primo,
2287 3328 2447 3382 quem
2475 3314 2690 3383 juvenis
2739 3315 2921 3381 dedit,
2973 3316 3260 3386 publicatis
3303 3315 3625 3387 quibusdam

2025 3402 2196 3458 divini
2222 3404 2305 3459 sui
2329 3406 2525 3474 ingenii
2553 3407 2940 3478 experimentis
2963 3449 2978 3474 ,
3004 3408 3329 3463 eruditionis
3360 3408 3627 3463 abstrusa:

2027 3505 2189 3564 atque
2209 3495 2503 3549 reconditae
2548 3506 2708 3566 gustu
2740 3497 2882 3552 inter
2920 3497 3280 3553 litteratorum
3313 3497 3583 3567 principes
3609 3540 3623 3561 .

2026 3587 2111 3641 vel
2142 3586 2468 3657 sulfragante
2502 3586 2728 3653 invidia,
2751 3587 2821 3641 ab
2850 3588 2918 3641 iis
2943 3587 3033 3655 qui
3057 3596 3175 3642 tum
3206 3588 3261 3642 in
3303 3588 3497 3642 litteris
3536 3603 3625 3643 re-

2025 3679 2267 3750 gnabant
2315 3680 2617 3735 recensitos
2657 3678 3051 3751 l‘uerit:quam
3081 3680 3150 3736 de
3195 3694 3254 3735 se
3310 3688 3626 3749 conceptam

2026 3773 2336 3842 Opinionem
2388 3773 2454 3829 ad
2494 3774 2744 3828 ultimum
2788 3787 2959 3845 usque
3002 3774 3129 3829 vita
3176 3772 3321 3828 diem
3365 3772 3624 3839 adauxit,

2027 3863 2424 3935 sustinebitque
2453 3864 2711 3935 quamdiu
2763 3864 2958 3921 littera:
3010 3863 3303 3920 durabunt.
3352 3863 3622 3932 Quantula

2028 3966 2211 4011 tamen
2255 3957 2374 4011 haec
2400 3956 2577 4011 laudis
2603 3968 2656 4011 et
2682 3956 2869 4027 gloriae
2898 3956 3029 4011 tanti
3053 3956 3153 4011 viri
3182 3965 3266 4011 est
3287 3954 3501 4025 portio?
3531 3954 3626 4008 Li-

2027 4058 2116 4104 cet
2160 4050 2305 4104 enim
2351 4063 2511 4104 nemo
2565 4049 2759 4104 melius
2789 4064 2956 4103 unum
3004 4048 3310 4117 quempiam
3349 4057 3627 4102 auctorem

2029 4139 2274 4204 noverit,
2307 4154 2467 4210 quam
2494 4139 2608 4207 ipse
2629 4153 2822 4195 omnes
2849 4139 3102 4208 antiquos
3127 4139 3408 4209 utriusque
3429 4138 3629 4210 lingua:

2028 4231 2344 4301 scriptores,
2385 4246 2522 4296 quos
2568 4230 2637 4286 ad
2688 4246 2855 4286 unum
2881 4232 3116 4300 legerat,
3165 4230 3232 4285 ad
3277 4238 3457 4285 vetera
3485 4245 3623 4285 con-

2030 4321 2231 4377 tulerat
2273 4322 2607 4390 exemplaria
2629 4364 2645 4389 ,
2677 4331 2729 4377 et
2775 4330 3106 4377 concoxerat
3137 4338 3149 4374 :
3180 4321 3306 4377 licet
3333 4335 3494 4376 nemo
3520 4320 3631 4390 pri-

2029 4423 2150 4467 vata
2191 4423 2243 4467 et
2284 4411 2582 4468 domestica
2627 4413 2840 4482 negotia
2891 4413 3132 4469 exactius
3175 4412 3414 4468 tenuerit
3463 4425 3626 4480 quam

2033 4505 2149 4575 ipse
2172 4504 2431 4561 Gallicam
2462 4517 2853 4575 externumque
2897 4504 3221 4571 historiam,
3254 4504 3490 4573 origines
3535 4516 3632 4571 po-

2035 4599 2287 4670 pulorum
2312 4640 2327 4659 .
2352 4599 2748 4667 descriptiones
2770 4609 3072 4668 temporum
3096 4639 3112 4661 ,
3146 4594 3521 4651 successiones
3549 4592 3631 4648 fa-

2036 4692 2327 4757 miliarum,
2358 4691 2531 4754 bella,
2561 4690 2764 4745 fmdera
2790 4729 2804 4753 ,
2837 4688 3228 4743 conventiones
3252 4728 3267 4748 .
3297 4687 3381 4740 vel
3409 4694 3629 4740 extero-

2036 4797 2155 4837 rum
2183 4782 2325 4835 inter
2365 4797 2425 4835 se
2452 4779 2536 4835 vel
2582 4780 2860 4834 nobiscum
2893 4787 3044 4848 gesta
3066 4819 3081 4843 ,
3112 4777 3177 4832 ad
3212 4779 3329 4832 haec
3358 4775 3521 4833 etiam
3553 4775 3632 4831 le-

2036 4890 2169 4947 ges,
2216 4888 2435 4938 mores,
2480 4870 2901 4927 consuetudines
2937 4870 3338 4941 provinciarum
3390 4867 3631 4938 singula-

2036 4981 2229 5023 rumve
2282 4965 2531 5030 urbium,
2574 4979 2801 5035 quarum
2851 4963 3091 5018 omnium
3146 4979 3177 5018 a
3233 4962 3432 5018 teneris
3475 4960 3634 5017 annis

2038 5060 2313 5114 indefesso
2341 5073 2405 5113 ac
2427 5058 2586 5128 plane
2603 5057 2869 5112 Herculeo
2891 5056 3077 5112 labore
3106 5055 3207 5111 sibi
3237 5054 3528 5124 perlectam
3543 5067 3635 5107 no-

2038 5150 2211 5205 titiam
2236 5190 2253 5216 ,
2286 5163 2407 5204 cum
2439 5162 2504 5204 ex
2527 5148 2759 5218 vulgatis
2784 5147 2936 5202 libris
2958 5188 2973 5213 ,
3005 5155 3116 5202 tum
3143 5144 3308 5201 etiam
3341 5157 3408 5198 ex
3443 5142 3635 5198 biblio-

2041 5242 2213 5297 thecis
2235 5240 2490 5311 antiquis,
2516 5238 2755 5295 arcbivis
2779 5238 2964 5309 regiis,
2997 5246 3237 5302 senatus,
3263 5233 3632 5294 rationalium.

2043 5334 2290 5398 urbium,
2324 5332 2885 5401 mouasteriorumque
2937 5334 3377 5399 comparaverat.
3436 5324 3639 5378 instru-

2045 5426 2731 5495 mentorumqueipsorum.
2767 5430 2929 5490 atque
2972 5431 3213 5476 actorum
3259 5419 3458 5474 bonam
3511 5430 3636 5486 par-

2047 5530 2157 5576 tem
2205 5533 2299 5573 sua
2331 5531 2493 5573 manu
2539 5514 2900 5583 descripserat
2942 5513 3042 5567 :in
3094 5512 3219 5582 jure
3265 5521 3444 5565 autem
3493 5506 3639 5563 civili

2046 5611 2414 5667 Romanorum
2460 5608 2588 5663 licet
2615 5606 2682 5661 ad
2711 5620 2835 5662 eum
2865 5604 3089 5675 gradum
3117 5603 3429 5673 pertigerit,
3470 5609 3531 5655 ut
3571 5600 3640 5655 de

2049 5721 2147 5770 co,
2202 5701 2670 5771 celeberrimoque
2709 5700 2826 5771 ejus
2871 5680 3207 5769 praceptore
3237 5694 3487 5764 Cujacio,
3536 5693 3640 5747 dici

2046 5797 2170 5866 iure
2200 5797 2363 5866 possit
2392 5839 2403 5853 ,
2435 5793 2576 5863 quod
2618 5792 2687 5847 de
2718 5792 2924 5859 magnis
2955 5792 3081 5847 olim
3109 5788 3416 5844 oratoribus
3441 5784 3640 5843 dictum
