4048 6430
1695 1050 2548 1187 ELENCHUS

650 1532 1099 1620 OPERUM
1199 1532 1459 1635 QU/E
1554 1532 1670 1619 IN
1766 1532 1983 1619 HOC
2086 1531 2659 1618 VOLUMINE
2738 1529 3574 1618 CONTINENTUH.

1597 1985 2641 2020 ψ

527 2498 609 2560 De
635 2498 920 2559 Trinitate
951 2500 1091 2558 libri
1123 2501 1464 2559 duodecim.
3389 2488 3513 2550 Col.
3684 2490 3723 2550 9

530 2608 703 2668 Liber
732 2608 803 2667 de
835 2605 1098 2681 Synodis
1129 2623 1233 2665 seu
1264 2604 1408 2664 Fide
1436 2604 1852 2666 Orientalium.
3603 2594 3717 2656 471

528 2714 920 2790 Apologetiea
947 2714 1022 2772 ad
1054 2716 1516 2788 reprehensores
1545 2713 1678 2772 libri
1711 2713 1781 2770 de
1813 2709 2073 2785 Synodis
2102 2726 2410 2785 responsa.
3606 2702 3725 2763 546

530 2820 739 2879 Hilarii
775 2821 1025 2894 epistola
1054 2822 1128 2879 ad
1162 2820 1385 2880 Abram
1420 2821 1603 2878 ﬁliam
1635 2835 1828 2878 suam.
3606 2808 3722 2872 547

530 2924 804 3001 Hymnus
831 2929 1020 2985 eidem
1055 2929 1130 2986 ab
1162 2930 1368 2987 eodem
1402 2929 1645 2986 missus.
3607 2916 3716 2977 551

528 3034 801 3095 Censura
830 3036 1077 3094 alterius
1110 3036 1317 3108 hymni
1350 3032 1574 3093 Hilario
1606 3048 1913 3108 perperam
1946 3033 2172 3090 tributi.
3605 3022 3723 3084 553

536 3142 698 3201 Libri
729 3144 848 3200 duo
878 3144 950 3200 ad
980 3138 1399 3201 Constantium
1431 3138 1794 3215 Augustum.
3571 3128 3718 3190 Ibid.

536 3248 709 3308 Liber
739 3257 944 3308 contra
972 3246 1407 3308 Constantium.
3609 3234 3722 3295 571

538 3355 711 3416 Liber
740 3364 946 3415 contra
976 3354 1234 3416 Arianos
1262 3357 1354 3414 vel
1387 3354 1774 3415 Auxentium.
3611 3340 3733 3401 605

534 3464 886 3534 Quindecim
919 3460 1269 3538 Fragmenta
1297 3480 1368 3521 ex
1396 3460 1585 3537 Opere
1613 3459 1930 3519 Historico.
3613 3448 3733 3509 619

542 3569 897 3646 Fragmenta
927 3588 996 3629 ex
1027 3572 1159 3629 aliis
1188 3568 1249 3628 S.
1287 3567 1496 3628 Hilarii
1528 3569 1830 3642 operibus.
2628 3620 2631 3623 λ
3618 3554 3737 3615 7⁸25

448 3733 456 3740 .
541 3678 600 3734 S.
638 3675 847 3735 Hilarii
879 3676 1149 3754 Epistola
1179 3694 1282 3735 seu
1308 3675 1574 3735 Libellus
1604 3691 1739 3734 eum
1772 3674 2121 3749 prmfatione
2151 3682 2207 3731 et
2237 3674 2774 3732 dissertationibus.
3617 3660 3732 3723 727

542 3784 750 3844 Sermo
786 3782 849 3843 Β.
887 3783 1098 3844 Hilarii
1134 3786 1205 3843 de
1235 3786 1605 3843 dedicatione
1635 3783 1922 3842 ecclesiae.
3616 3768 3732 3830 877

543 3890 717 3951 Liber
748 3895 821 3951 de
850 3889 984 3949 Filii
1014 3899 1068 3950 et
1100 3890 1294 3950 Patris
1327 3887 1584 3950 Unitate.
3618 3874 3733 3936 883

544 3998 722 4057 Liber
749 4000 819 4057 de
850 3997 1126 4057 Essentia
1156 3996 1346 4057 Patris
1374 4006 1432 4057 et
1462 3995 1618 4056 Filii.
3617 3981 3730 4041 887

543 4105 772 4166 Nicolai
807 4104 979 4164 Fabri
1012 4107 1069 4164 in
1104 4103 1458 4181 Fragmenta
1486 4103 1695 4163 Hilarii
1730 4105 2020 4179 praefatio.
3582 4087 3729 4150 Ibid.

543 4210 724 4271 Index
753 4230 950 4272 rerum
983 4220 1039 4271 et
1070 4214 1517 4273 sententiarum.
3617 4192 3739 4253 915

550 4317 725 4379 Index
755 4318 1124 4380 Glossarum.

3584 4298 3737 4361 ’lOM
