4048 6442
1249 404 1684 416 εῐὴῄ---ᾟ-
1696 407 1716 413 ο-
1729 407 1887 414 -ε-*ι
1901 408 1909 412 -
1919 406 1947 413 ..ι
1959 406 2053 413 -.ς-.-
2075 406 2134 412 ...-
2154 406 2171 411 ι-
2183 405 2422 412 -α--α-ος-
2435 406 2438 408 -
2451 404 2630 412 ...ρ-...ν

695 461 867 679 lN
962 544 1588 722 LIBROS
1678 549 1920 674 DE.
2010 545 2941 678 TRINITA’I‘E

1958 361 2208 374 ψ*

2941 361 3439 404 me“

2941 403 3262 414 ~_.—.—.~.—--‘
3271 405 3374 414 ’.σοι
3383 408 3394 413 ι

2769 404 2846 413 οη-
2861 405 2914 413 -κ
2923 403 3374 414 ον’-..ροισι---ί-ᾶ--.ι
3383 408 3394 413 ι

1353 787 2261 916 ΡιίλίΕΕΑΤΙΟ.

1631 1006 2012 1068 omnes»

251 1134 290 1190 l.
339 1132 412 1190 Hi
453 1133 574 1193 libri
613 1133 897 1192 Athanasio
929 1133 1202 1209 adscripti.
1261 1135 1516 1202 Quantam
1555 1131 1764 1188 Hilario
1791 1133 1838 1194 Α
1868 1130 2057 1190 Trinit.
2087 1150 2207 1206 cap.
2235 1134 2323 1202 10,
2355 1136 2450 1192 scd
2476 1151 2504 1192 a
2527 1136 2684 1193 titulo
2705 1134 2994 1195 indicando
3024 1143 3308 1214 utrobique
3329 1145 3451 1202 abs-

186 1225 379 1283 laudeas
393 1226 700 1301 pepererint.
719 1257 787 1270 --
802 1227 1085 1299 Temporis
1095 1225 1435 1299 dispendium
1459 1225 1638 1283 facere
1651 1239 1762 1281 mo-

185 1321 283 1375 rito
293 1319 645 1390 judicaretur,
660 1319 818 1393 quiin
846 1319 932 1377 bis
960 1319 1111 1377 libris
1133 1319 1340 1374 auctori
1363 1334 1462 1374 suo
1480 1316 1754 1372 vindican-

183 1410 264 1468 dis
300 1409 430 1469 illud
454 1421 819 1470 consumeret.
863 1411 1125 1482 Quamvis
1156 1409 1301 1466 enim
1339 1425 1435 1466 eos
1466 1406 1766 1464 Athanasio

187 1505 484 1580 adscriptos
528 1505 798 1580 qumtdsm
861 1505 1095 1563 viderint
1133 1503 1415 1577 Philippus
1453 1503 1608 1559 boum
1637 1501 1765 1573 Spei

183 1598 358 1656 Abbas
381 1611 438 1658 et
485 1597 721 1657 Joannes
753 1599 975 1670 quidam
996 1598 1167 1671 ipsius
1206 1598 1430 1672 aequalis
1453 1606 1511 1655 et
1535 1599 1763 1665 amicus,

185 1693 300 1750 illos
320 1706 497 1752 tamen
526 1695 598 1752 ab
625 1693 831 1752 Hilario
857 1693 1126 1766 profectos
1153 1709 1276 1751 esse
1295 1708 1363 1750 ex
1391 1693 1761 1766 castigatior-i-

183 1786 282 1843 bus
319 1787 648 1845 membranis
683 1785 1024 1860 postmodum
1055 1795 1412 1859 agnoverunt.
1454 1785 1570 1854 Qua
1603 1786 1765 1841 etiam

184 1878 234 1934 in
284 1895 342 1936 re
386 1887 538 1937 tanto
563 1895 834 1938 consensu
863 1879 966 1936 sibi
991 1878 1235 1936 concinit
1288 1881 1596 1951 priscorum
1623 1885 1771 1933 tem-

181 1985 368 2043 porum
409 1972 586 2029 omuis
613 1981 768 2039 etas,
808 1982 869 2028 ut
907 1969 1039 2028 nihil
1075 1972 1302 2038 certius,
1349 1971 1484 2027 nihil
1517 1970 1771 2041 explora-

183 2063 288 2122 tius
313 2080 342 2118 a
394 2064 688 2137 majoribus
716 2064 1108 2136 acceperimus.
1150 2063 1382 2135 Propter
1410 2063 1512 2118 llos
1537 2076 1770 2134 praeser-

182 2159 276 2217 tim
312 2156 485 2215 libros
525 2170 646 2214 eam
700 2155 936 2214 Hilarius
984 2156 1129 2229 apud
1172 2171 1365 2212 omnes
1389 2171 1513 2213 cum
1551 2154 1770 2210 Latinos

183 2262 291 2307 Iunt
315 2250 538 2308 Graecos
565 2247 862 2321 promeruit
901 2247 1165 2317 scientias,
1215 2248 1363 2318 fidei,
1411 2257 1467 2304 et
1506 2238 1772 2319 eloquen-

180 2348 268 2402 tite
291 2343 530 2411 laudem,
559 2351 641 2413 ut,
680 2342 826 2416 quod
855 2341 1014 2400 valde
1035 2358 1244 2406 rarum.
1272 2343 1437 2399 etiam
1475 2342 1546 2398 ab
1572 2340 1774 2399 adrer-

179 2437 335 2494 sariis
360 2437 479 2508 ejus
515 2435 679 2494 iidem
709 2435 830 2493 libri
861 2451 1210 2508 suu‘tmopere
1239 2435 1444 2494 fuerim
1489 2450 1770 2493 commen-

1867 1225 2019 1281 tinct.
2070 1226 2176 1282 Eos
2204 1244 2420 1300 quoque
2465 1231 2534 1284 ab
2581 1231 2865 1287 Ambrosio
2915 1235 3072 1288 tritos
3119 1235 3284 1292 fui-se
3333 1254 3458 1308 pcr-

1865 1318 2156 1374 suademur
2188 1325 2271 1376 vel
2302 1338 2368 1377 ex
2396 1323 2582 1392 primis
2614 1325 2778 1394 ἱρείης
2808 1324 2876 1378 de
2895 1323 3027 1381 Fide
3055 1326 3228 1396 libris,
3259 1329 3314 1384 in
3340 1331 3461 1398 qui.

1869 1409 1968 1468 bus
1999 1413 2146 1482 plura
2169 1413 2236 1469 ad
2268 1413 2460 1470 borum
2483 1415 2670 1472 Hilarii
2703 1418 2958 1472 librorum
2988 1421 3338 1478 imitationem
3362 1440 3452 1478 cs-

1870 1517 2055 1573 pressa
2100 1504 2392 1562 identidem
2441 1508 2788 1565 advertimus.
2823 1511 3081 1577 Quamvis
3122 1514 3266 1570 enim
3307 1531 3369 1571 ea
3403 1517 3456 1572 in

1867 1599 2144 1668 proprium
2197 1599 2394 1672 stylum
2423 1602 2787 1667 converterit,
2829 1604 3004 1660 adhuc
3030 1615 3209 1661 tamen
3239 1621 3461 1679 apparet

1869 1689 2011 1746 unde
2035 1691 2269 1748 delibata
2310 1695 2435 1748 sint.
2488 1694 2699 1749 Aleum
2754 1712 2850 1765 pro
2888 1711 3039 1752 more
3077 1714 3145 1754 ne
3189 1716 3314 1754 eum
3341 1701 3464 1772 qui-

1867 1781 1993 1838 dem
2025 1783 2288 1852 nominet,
2322 1801 2354 1842 e
2395 1785 2549 1856 cujus
2591 1787 3059 1846 lucubrationibus
3086 1793 3347 1861 profecit,
3377 1793 3464 1850 ni-

1875 1876 1952 1932 hil
1973 1877 2130 1932 abeo
2158 1876 2444 1946 habemus,
2499 1879 2640 1936 unde
2670 1881 2825 1937 nobis
2867 1891 3083 1938 constet
3134 1884 3280 1956 quod
3317 1901 3470 1954 qua:-

1871 1966 2027 2024 ritur.
2079 1967 2191 2023 Nisi
2229 1970 2372 2026 forte
2401 1971 2643 2029 dicamus
2690 1989 2813 2029 eum
2871 1981 3036 2031 etiam
3083 1991 3242 2033 suum
3269 1978 3336 2033 de
3361 1980 3466 2047 ﬁde

1873 2062 2088 2117 titulum
2143 2062 2211 2118 ab
2261 2062 2465 2120 llilario
2510 2070 2896 2136 assumpsisse.
2939 2069 3278 2142 Quamquam
3323 2071 3468 2129 hunc

1873 2155 1978 2226 ipsi
1997 2155 2231 2227 quodam
2272 2158 2435 2214 modo
2483 2161 2878 2230 perscripsisse
2906 2163 3121 2220 videtur
3171 2163 3471 2238 imperator

1872 2247 2184 2305 Gratianus.

1946 2343 2033 2400 Ill.
2066 2342 2136 2400 In
2160 2345 2257 2399 hoc
2280 2361 2385 2401 non
2408 2347 2572 2418 magis
2599 2350 2920 2405 consentiunt
2948 2366 3070 2407 mss.
3093 2350 3367 2424 -—Neque
3396 2368 3464 2410 cx

1871 2439 2105 2510 antiquis
2168 2437 2569 2509 exemplaribus
2616 2441 2908 2511 quidquam
2950 2441 3118 2513 magis
3163 2443 3300 2500 certi
3353 2453 3464 2499 sta-

180 2532 307 2587 dati.
331 2530 424 2590 Sic
464 2529 610 2588 enim
630 2545 702 2588 ex
746 2528 897 2601 vulgi
940 2528 1080 2585 fama
1120 2537 1377 2587 testatum
1423 2529 1642 2603 reliquit
1671 2528 1774 2585 So-
1801 2531 1851 2592 B
1879 2533 1957 2588 tui
2014 2542 2198 2603 queat.
2260 2531 2318 2587 In
2359 2533 2748 2593 vetustioribus
2793 2537 2838 2589 si
2868 2534 3085 2606 quidem
3127 2537 3473 2592 desideratur

180 2639 437 2681 zomenus
463 2621 557 2680 lib.
590 2638 671 2692 ut,
699 2637 821 2695 cap.
852 2623 920 2678 ιι
946 2639 960 2675 :
1002 2621 1198 2680 Hilarii
1225 2632 1395 2679 autem
1425 2621 1582 2679 libros
1609 2623 1675 2679 de
1707 2622 1770 2692 ﬁ-

188 2717 276 2785 de,
305 2717 461 2772 etiam
501 2715 565 2771 alt
591 2715 658 2771 iis
703 2715 791 2786 qui
835 2716 1148 2770 contrariam
1197 2716 1470 2771 tuebantur
1504 2713 1775 2771 catholica

174 2810 302 2881 ﬁdei
336 2809 651 2882 opinionem,
695 2807 978 2864 admodum
1020 2809 1401 2864 commendatos
1443 2822 1552 2864 esse
1579 2807 1770 2880 praedi-

246 2996 312 3054 Il.
345 2994 471 3052 Non
491 3011 594 3050 uno
617 2994 815 3050 ratione
833 2993 896 3049 ab
917 2994 1141 3064 antiquis
1168 2993 1614 3048 inscribuntur.-
1650 2989 1769 3047 Non

177 3093 251 3148 ita
289 3098 544 3150 constans
568 3098 657 3147 est
693 3098 938 3147 veterum
967 3089 1020 3145 in
1050 3091 1116 3146 iis
1143 3087 1506 3146 inscribcudis
1533 3102 1770 3144 consen-

171 3186 278 3241 sio.
327 3184 687 3256 Hieronymus
727 3181 800 3241 de
837 3182 1038 3254 Script.
1064 3182 1201 3239 eccl.
1225 3181 1280 3238 in
1307 3180 1561 3237 Marcello
1584 3191 1640 3236 et
1667 3179 1769 3236 lli-

172 3279 336 3347 lario,
371 3287 526 3336 vetus
563 3276 748 3336 Codex
805 3291 1076 3335 canonum
1108 3273 1366 3333 Ecclesia:
1409 3274 1672 3332 Romanae
1713 3290 1766 3330 c.

166 3369 267 3439 tl,
294 3379 352 3429 et
375 3371 494 3428 Ado
525 3369 849 3428 Viennensis
877 3369 931 3426 in
970 3367 1246 3426 Chronico
1267 3383 1366 3425 eos
1404 3376 1586 3422 contra
1613 3367 1769 3421 Aria-

165 3481 264 3519 nos
314 3463 636 3522 inscribunt.
682 3461 922 3519 Eosdem
965 3461 1032 3517 de
1052 3460 1157 3532 ﬁde
1179 3459 1458 3530 appellant
1484 3457 1578 3514 alii
1608 3458 1771 3531 longe

166 3558 361 3628 plures
404 3571 656 3624 numero,
696 3565 752 3612 et
779 3555 1104 3611 auctoritate
1127 3569 1238 3610 non
1280 3549 1589 3607 inferiores.
1620 3545 1770 3618 Quos

166 3651 315 3706 inter
342 3648 600 3734 praecipui
613 3659 742 3704 sunt
770 3647 1000 3703 Ruﬁnus
1029 3645 1124 3701 lib.
1157 3643 1462 3714 tbist.cap.
1507 3642 1570 3698 51
1597 3663 1613 3708 ,
1641 3642 1769 3734 (Iaso

164 3733 360 3798 sianus
388 3736 483 3797 lib.
525 3755 597 3795 vn
625 3739 701 3795 de
728 3737 842 3794 Inc.
869 3753 922 3792 c.
948 3736 1053 3801 εις
1084 3735 1197 3792 Leo
1241 3735 1386 3805 Papa
1416 3734 1577 3805 epist.
1629 3733 1768 3787 alias

164 3835 260 3905 97,
287 3850 339 3892 c.
389 3832 444 3902 ὃ,
493 3831 684 3889 Patres
708 3832 924 3888 concilii
966 3828 1428 3886 Chalcedonensis
1471 3829 1591 3884 Act.
1619 3828 1678 3894 2,
1709 3842 1764 3898 p.

1873 2625 2177 2693 inscriptio,
2222 2639 2343 2696 qua:
2387 2624 2442 2680 in
2472 2623 2593 2680 aliis
2612 2625 2676 2680 de
2699 2624 2852 2693 Fide,
2886 2628 2936 2683 in
2961 2627 3083 2683 aliis
3108 2629 3175 2683 de
3193 2628 3465 2698 Trinitate,

1873 2719 1928 2774 in
1970 2717 2352 2774 Vindocinensi
2399 2717 2465 2772 de
2510 2718 2615 2786 ﬁde
2656 2729 2849 2776 sanctte
2902 2717 3177 2777 Trinitatis
3221 2720 3467 2778 adversus

1871 2809 2114 2876 Arianos,
2151 2810 2346 2881 quibus
2379 2809 2431 2864 in
2474 2807 2797 2880 Remigiano
2841 2810 3084 2879 additur,
3131 2811 3212 2867 sel
3251 2822 3464 2870 steteras

1871 2901 2160 2966 hereticos,
2203 2903 2258 2956 in
2311 2899 2624 2957 Telleriano
2677 2908 2859 2957 autem
2901 2903 2966 2956 de
2996 2903 3246 2960 Trinitate
3281 2917 3464 2960 contra

1870 3009 2045 3050 omnes
2072 2996 2289 3049 haereus
2337 2999 2688 3062 praenotatur.
2721 2993 2826 3050 Sed
2855 2993 3083 3065 insignis
3102 3011 3218 3067 prte
3248 2999 3466 3054 caneris

1873 3087 1928 3142 in
1956 3086 2275 3143 Corbeicnsi
2304 3097 2466 3157 atque
2503 3086 2679 3142 altero
2700 3102 2732 3142 e
2754 3085 3072 3144 Sorbonicis
3102 3087 3223 3144 ltaze
3241 3087 3472 3146 habetur

1870 3180 2200 3251 epigrapbe:
2246 3179 2350 3235 Hic
2392 3180 2570 3236 ittth
2611 3179 2729 3240 libri
2774 3177 2976 3234 Hilarii
3003 3181 3236 3252 episcopi
3252 3197 3469 3236 nuutero

1875 3286 1978 3339 tu,
2005 3287 2134 3341 quos
2150 3271 2206 3325 in
2223 3269 2406 3328 exsilio
2423 3270 2745 3342 conscripsit.
2768 3269 2960 3324 satisan
2981 3269 3468 3343 (scibinmiliam)

1870 3365 1935 3421 ab
1959 3365 2213 3420 lttereticis
2240 3363 2444 3418 Arionis
2466 3371 2679 3436 propter
2707 3361 2913 3417 deitatis
2965 3364 3217 3421 unitatem
3255 3362 3470 3420 Domini

1870 3458 2001 3513 Jesn
2049 3453 2241 3511 Christi
2280 3472 2401 3511 eum
2447 3452 2627 3510 Patre.
2661 3453 2963 3513 Bsatissinte
2991 3455 3250 3526 presbyter
3269 3455 3469 3513 Barba-

1869 3552 1950 3606 tio
1973 3552 2027 3606 in
2051 3548 2252 3605 Christo
2288 3547 2416 3605 Jestt
2442 3545 2664 3605 Donuno
2702 3561 2877 3606 nostro
2908 3559 3048 3606 utere
3069 3550 3196 3620 felix
3225 3566 3341 3606 cunt
3363 3567 3468 3606 om-

1868 3644 2017 3698 nibus
2041 3644 2159 3699 tuis.
2185 3640 2362 3710 Fides,
2380 3658 2513 3713 spes,
2544 3641 2766 3701 charitas
2792 3653 2996 3699 maneat
3015 3643 3069 3697 in
3093 3645 3332 3699 cordibus
3352 3661 3469 3699 nos-

1868 3738 1980 3793 tris.
2025 3736 2305 3802 Eamtlem,
2338 3737 2520 3806 paucis
2541 3738 2777 3804 mutatis,
2825 3736 3226 3809 inscriptionem
3256 3753 3365 3811 pra-
3405 3756 3467 3794 se

1870 3829 1975 3886 fert
1995 3827 2344 3885 Pratellensis
2360 3829 2554 3893 codex,
2607 3828 2657 3883 in
2689 3843 2860 3900 coque
2883 3845 3000 3901 pro,
3031 3829 3163 3900 felix
3195 3847 3311 3885 cum
3355 3849 3466 3886 om-
3568 3879 3572 3883 .

165 3927 280 3983 557
305 3925 719 3992 :1‘beudoretus
751 3923 888 3979 Dial.
914 3937 977 3989 tt,
1007 3938 1063 3994 p.
1089 3919 1224 3988 £06;
1255 3919 1515 3976 Leontius
1540 3918 1764 3991 Byzant.
1793 3921 1844 3988 C
1867 3921 2021 3979 nitus
2041 3923 2166 3991 tuis,
2192 3923 2374 3994 legere
2401 3931 2504 3989 est,
2533 3923 2662 3994 felix
2685 3925 3034 3980 curationibus
3059 3930 3184 3982 tuis.
3215 3927 3461 3984 Nonnul-

165 4022 269 4079 lib.
305 4037 325 4076 ι
348 4028 540 4078 contra
581 4017 894 4077 Nestorium
927 4029 982 4074 et
1013 4015 1244 4088 Eutych.
1289 4016 1379 4072 ubi
1407 4015 1678 4071 Hilarium.
1711 4023 1768 4069 ut

166 4131 235 4173 ex
263 4113 502 4172 Nicena:
529 4111 725 4186 synodi
753 4110 1006 4168 Patr-ibus
1034 4125 1198 4166 unum
1229 4107 1369 4166 falso
1397 4107 1762 4164 commendat.

166 4208 363 4282 Neque
391 4207 500 4264 alio
536 4221 636 4264 eos
665 4206 822 4262 titulo
849 4203 1072 4262 laudant
1115 4203 1375 4260 Alcuinus
1401 4213 1590 4257 contra
1619 4200 1770 4257 Feli—

161 4317 292 4359 cem
320 4300 417 4359 lib.
454 4316 543 4368 tv;
592 4297 922 4356 Ratramnus
948 4294 1114 4353 Corb.
1144 4293 1332 4366 Spicil.
1359 4303 1399 4350 t.
1431 4310 1520 4360 vn,
1553 4307 1607 4364 p.
1635 4291 1765 4358 335,

160 4393 407 4452 Joannes
456 4393 727 4448 Diaconos
759 4389 1153 4447 commentario
1197 4385 1437 4442 nondum
1465 4386 1685 4456 vulgato
1711 4383 1764 4438 in

164 4485 622 4551 Pentateuebum,
638 4494 694 4542 et
721 4483 1044 4540 llincmarus
1071 4482 1139 4537 dc
1161 4481 1458 4538 Praulestin
1474 4519 1489 4535 .
1513 4495 1636 4549 cap.
1663 4477 1760 4534 25.

160 4579 380 4650 Quibus
412 4584 598 4649 aperte
623 4572 951 4646 suliragatur
993 4571 1183 4629 Oratio
1213 4571 1342 4628 olim
1393 4571 1539 4627 inter
1575 4585 1763 4626 sacro-

161 4680 357 4730 sancta
398 4670 576 4727 Missae
604 4667 867 4724 sacrificia
905 4667 960 4722 in
987 4665 1159 4721 Natali
1184 4667 1241 4723 S.
1274 4665 1462 4720 llilarii
1493 4663 1596 4736 legi
1629 4663 1762 4719 soli-

162 4778 245 4830 ta,
297 4765 351 4819 in
379 4779 481 4837 qua
530 4760 789 4817 habetur:
841 4759 1005 4827 Deus,
1054 4761 1144 4830 qui
1182 4761 1384 4831 infusus
1431 4758 1588 4814 corde
1635 4757 1767 4812 beati

163 4859 370 4914 Hilarii
416 4857 678 4920 antistitis,
702 4854 848 4926 quasi
875 4855 940 4910 de
979 4865 1065 4909 tuo
1110 4854 1322 4922 templo,
1351 4869 1495 4909 rtust
1519 4869 1768 4926 responsa

161 4951 388 5018 dedisti,
417 4960 521 5004 etc.
539 4949 660 5016 Quo
679 4948 842 5003 etiam
875 4946 1115 5002 alludere
1143 4945 1356 5002 videtur
1384 4953 1440 5001 et
1465 4945 1768 5002 benediCIio

161 5044 218 5098 in
277 5043 602 5114 perantiqno
655 5037 956 5093 Pontiﬁcali
1005 5037 1261 5093 Ecclesia:
1311 5035 1658 5092 Ebroicensis
1697 5033 1767 5090 ad

160 5137 278 5195 kal.
337 5135 476 5192 Nov.
525 5134 582 5190 in
610 5131 783 5188 Natali
823 5133 880 5188 S.
933 5130 1119 5188 llilarii
1149 5137 1483 5201 prmnotata:
1518 5130 1602 5187 Sit
1626 5128 1769 5202 apud

161 5245 213 5289 te
241 5247 344 5305 pro
375 5228 518 5284 nobis
538 5238 804 5294 exorator,
829 5227 916 5298 qui
944 5234 1068 5280 tunc
1097 5234 1274 5280 contra
1301 5225 1567 5281 luereticos
1593 5240 1689 5297 pro
1716 5232 1767 5278 te

1872 4016 1976 4072 lam
2027 4017 2081 4071 in
2127 4015 2484 4088 expendenda
2528 4015 2687 4071 titulo
2721 4032 2943 4087 operam
2969 4019 3238 4091 ponimus,
3272 4020 3342 4074 tle
3381 4020 3462 4075 in-

1870 4109 2167 4180 scriptione
2195 4109 2312 4180 ipsa
2349 4125 2456 4164 non
2486 4119 2596 4164 tam
2627 4108 2870 4178 solllciti,
2906 4126 3069 4182 quam
3096 4120 3154 4166 ut
3185 4111 3310 4168 inde
3333 4127 3468 4168 con-

1869 4203 2050 4259 silium
2073 4203 2308 4258 auctoris
2331 4204 2668 4274 esploratutn
2698 4203 2979 4260 habeatur.

1942 4294 2034 4353 iV.
2062 4295 2194 4352 Illos
2220 4311 2290 4353 ns
2314 4311 2438 4352 τινι
2463 4295 2734 4351 inscribere
2759 4297 2971 4351 licet.—
3000 4295 3113 4353 Etsi
3143 4311 3250 4353 non
3289 4313 3460 4369 appa-

1870 4397 1954 4443 ret
1981 4388 2150 4459 prima
2180 4388 2356 4444 fronte
2369 4403 2469 4444 cur
2491 4387 2593 4443 hoc
2619 4404 2753 4459 opus
2779 4391 2844 4443 de
2863 4387 2996 4444 Fide
3019 4388 3336 4461 inscriptum
3367 4391 3459 4458 sit;

1869 4481 1916 4536 si
1943 4489 2120 4535 tamen
2153 4481 2373 4552 propius
2403 4482 2719 4551 inspiciatur
2748 4482 2912 4536 totius
2949 4483 3132 4552 operis
3163 4484 3319 4550 ratio,
3343 4501 3452 4539 non

1870 4570 2176 4642 displicebit
2200 4573 2386 4628 titulus
2411 4573 2544 4627 satis
2590 4587 2893 4641 congruens
2913 4588 3037 4629 cum
3083 4574 3150 4630 iis
3200 4574 3373 4639 libris,
3403 4577 3457 4631 in

1869 4665 2068 4736 quibus
2096 4664 2217 4721 Filii
2243 4675 2300 4720 ct
2329 4664 2504 4720 Patris
2539 4665 3098 4733 consubstantialitas,
3131 4669 3461 4739 pra-cipuum

1873 4755 1995 4811 ﬁdei
2029 4767 2229 4812 nostra:
2257 4767 2418 4828 caput
2452 4773 2516 4812 ac
2546 4757 2952 4813 fundamentum
2977 4799 2992 4825 ,
3024 4758 3225 4829 ubique
3264 4776 3464 4833 propu-

1869 4859 2096 4921 gnatur;
2127 4851 2324 4922 quique
2373 4853 2439 4906 ad
2474 4853 2574 4906 hoc
2613 4852 2845 4906 maxime
2875 4859 3002 4906 sunt
3027 4855 3285 4924 suscepti,
3321 4866 3375 4910 ut
3399 4872 3462 4914 ca

1872 4942 2027 5008 fides,
2053 4941 2105 4996 in
2128 4957 2230 5012 qua
2255 4944 2424 4996 renati
2453 4957 2659 5009 sumus,
2685 4943 2852 4997 illzesa
2875 4953 2926 4999 et
2951 4945 3152 5015 integra
3169 4956 3462 5004 teneretur.

1869 5033 2055 5105 Neque
2082 5050 2212 5090 sane
2250 5035 2528 5106 probabile
2573 5036 2804 5100 videtur,
2851 5045 2928 5091 tot
2960 5047 3176 5109 tamque
3215 5040 3461 5098 tlwersos

1871 5127 2165 5198 scriptorcs
2205 5143 2414 5199 graecos
2439 5143 2501 5183 ac
2543 5131 2736 5182 latinos
2767 5130 2818 5184 in
2867 5130 3112 5186 eamdem
3163 5134 3462 5202 inscriptio-

1873 5235 1998 5276 nem
2047 5221 2358 5291 cnospirarc
2406 5227 2670 5293 potuisse,
2717 5223 2821 5277 nisi
2865 5223 2934 5277 ab
2977 5224 3205 5292 ipsumet
3243 5237 3462 5284 auctore

158 5322 372 5377 adstitit
412 5329 665 5375 assertor:
704 5329 758 5374 at
783 5327 834 5374 te
879 5318 1184 5372 retribuente
1211 5317 1435 5389 populus
1463 5325 1658 5374 crescat
1685 5318 1766 5371 in-
1793 5318 1846 5379 ι)
1873 5314 2120 5370 instituta
2147 5321 2310 5370 esset.
2331 5313 2668 5384 Ctmjecturte
2690 5313 2814 5369 huic
2845 5317 3130 5384 plurimum
3160 5320 3300 5374 lavet
3321 5321 3462 5390 quod

161 5431 438 5478 nutrieras,
464 5413 600 5486 quod
641 5411 845 5467 sudavit
885 5427 936 5467 ut
966 5427 1085 5468 rtnt:
1115 5411 1372 5478 sacerdos,
1400 5419 1504 5467 etc.
1534 5411 1604 5467 At
1623 5410 1765 5482 apud
1875 5408 1970 5463 lib.
2006 5424 2044 5474 ι,
2085 5424 2140 5465 ιι.
2189 5408 2278 5474 id,
2312 5405 2545 5462 Hilarius
2582 5408 2696 5478 ipse
2727 5416 2954 5463 testator
2983 5425 3044 5464 se
3076 5410 3144 5463 ad
3170 5411 3268 5466 bos
3296 5412 3461 5467 libros

164 5505 564 5565 Cassiodorum
617 5505 712 5561 lib.
759 5519 777 5561 t
829 5504 1008 5561 lnstit.
1056 5520 1107 5560 c.
1167 5505 1259 5572 l6,
1291 5505 1353 5559 dc
1410 5503 1660 5561 Trinitate
1690 5507 1770 5562 iu-
1871 5499 2186 5558 scribendos
2227 5503 2466 5556 animum
2505 5503 2800 5572 appulisse,
2850 5510 2908 5558 ut
2938 5517 3456 5574 eoscompcscert-t,

157 5604 414 5672 scriptos
439 5615 537 5658 eos
561 5599 749 5656 videre
772 5598 1274 5668 est,consentieme
1304 5597 1602 5655 Fortunato
1624 5599 1767 5655 lib.t
1870 5597 1958 5668 qui
2005 5594 2311 5667 evangelica!
2349 5595 2469 5662 fidei
2515 5604 2850 5666 corrumpant
2899 5608 3292 5652 sacramentum.
3350 5598 3463 5654 lmo

162 5696 312 5752 Vitae
333 5696 394 5750 S.
421 5691 633 5760 llilarii,
669 5692 822 5763 juxta
851 5707 989 5764 quos
1014 5706 1046 5748 a
1073 5692 1322 5764 Philippo
1350 5691 1548 5750 abbate
1576 5692 1640 5749 de
1662 5694 1768 5764 ﬁde
1870 5705 2020 5745 nom.
2049 5687 2142 5752 54.
2162 5692 2328 5744 totius
2349 5688 2532 5758 operis
2557 5690 2642 5744 sui
2664 5689 2898 5745 studium
2918 5694 2972 5745 in
3002 5691 3325 5748 insinuanda
3351 5710 3453 5748 tua.
3480 5762 3484 5766 .

163 5785 514 5843 sanctissima!
566 5781 836 5840 Trinitatis
878 5783 1240 5856 appellantur.
1288 5785 1482 5842 Libros
1546 5786 1765 5842 eosdem
1863 5799 2006 5838 arma
2031 5791 2078 5838 et
2101 5782 2403 5854 grauissima
2434 5783 2592 5836 totius
2622 5781 2744 5851 ﬁdei
2780 5782 3118 5853 intelligentia
3149 5783 3455 5853 ponendum

161 5882 362 5936 laudat
391 5875 722 5950 Augustinus
763 5874 921 5946 epist.
969 5890 1164 5942 cnxxs,
1189 5891 1248 5932 η.
1293 5877 1351 5947 3,
1397 5887 1452 5935 et
1485 5877 1578 5935 lib.
1614 5892 1668 5932 rt
1693 5876 1764 5934 de
1870 5890 1994 5935 esse
2016 5875 2272 5934 declarat.
2295 5873 2563 5932 Undelib.
2595 5891 2654 5942 π,
2676 5876 2894 5941 num.5,
2915 5883 3071 5933 totius
3095 5879 3462 5947 ﬁdetdemons-

745 5970 1017 6032 Ριτιιοι..
1112 5967 1192 6032 Χ.
2867 5973 2900 6034 1

1613 6052 1670 6151 ’1
1704 6051 1816 6148 23
1835 6041 2145 6145 ζξὲὗὲὶ
