4048 6454
625 368 691 424 lii
1802 359 1867 417 IN
1906 358 2158 418 LIBROS
2187 356 2274 415 DE
2300 354 2671 415 'I‘RINITATE
3838 352 3906 409 ιϐ

623 480 898 552 ιιΐίὲἀὶριὶε
923 476 1188 535 haereticis
1212 478 1467 541 litteram,
1489 490 1597 531 non
1622 476 1865 549 spiritum
1882 477 2215 547 sapientibus
2241 476 2293 536 Α
2320 483 2376 527 ut
2397 473 2718 542 incorrupta:
2770 484 2833 524 ac
2878 469 3072 526 divin:e
3126 474 3331 524 natura:
3361 484 3467 525 non
3522 477 3702 535 esset,
3743 486 3906 542 quem

627 572 904 642 respondit
931 570 1225 641 Gregorius
1273 568 1366 625 0r.
1408 584 1626 632 xxxvii,
1660 585 1808 624 num.
1842 568 1946 635 56,
1979 584 2120 623 nunc
2161 568 2213 623 in

626 681 881 745 promptu
922 680 1011 727 est
1048 670 1099 725 in
1142 669 1428 725 Erasmum
1460 677 1808 736 retorquere,
1842 682 2001 737 quem
2033 677 2213 722 arinen

622 764 1130 825 Pueumatomacltis
1154 764 1225 818 ita
1253 764 1305 817 in
1324 761 1427 818 hac
1451 760 1732 833 argutandi
1762 761 1972 816 ratione
1997 773 2217 828 compa-

622 878 827 930 ramus,
859 867 918 916 ut
946 859 1094 915 nullo
1122 867 1281 929 pacto
1328 866 1696 927 comparatum
1742 856 1970 910 velimus
2008 854 2060 908 in
2086 852 2210 909 ﬁde.

617 955 941 1025 lllospot'ro
961 952 1254 1023 Gregorius
1287 950 1473 1021 nugari
1503 949 1660 1005 ducet
1678 949 1793 1020 qui,
1823 948 2028 1003 relictis
2055 947 2215 1003 rebus

618 1048 856 1120 syllabas
883 1052 1287 1111 consectantur,
1320 1044 1519 1113 quique
1546 1043 1827 1098 audientes
1856 1057 1918 1099 ea
1946 1041 1999 1096 in
2030 1039 2214 1110 Scrip-

617 1139 756 1195 turis
782 1138 1006 1208 Spiritui
1044 1147 1234 1192 sancto
1259 1137 1513 1201 attribui,
1546 1151 1666 1207 qua:
1710 1150 1818 1191 non
1845 1144 2211 1191 consentanea

616 1233 727 1289 sint
748 1231 851 1286 nisi
879 1231 989 1286 Deo
1014 1273 1027 1296 ,
1061 1230 1236 1284 adhuc
1265 1236 1512 1300 quaerant
1540 1228 1627 1286 ubi
1658 1228 1786 1283 illud
1820 1226 1918 1282 Dei
1937 1243 2133 1284 nomen
2160 1226 2212 1284 ei

615 1325 975 1381 adscribatur.
996 1322 1149 1392 Quid
1171 1324 1315 1378 enim
1340 1323 1590 1387 interest,
1619 1330 1800 1378 utrum
1822 1321 2019 1388 decem,
2042 1337 2109 1377 an
2138 1321 2213 1376 bis

614 1419 859 1489 quinque,
889 1428 1071 1471 utrum
1096 1416 1271 1480 homo,
1303 1430 1369 1470 an
1400 1416 1597 1470 ratione
1624 1416 1897 1487 praeditum
1926 1424 1972 1469 et
1998 1415 2212 1469 mortale

616 1510 813 1565 annuat
840 1508 1087 1565 dicatur?
1112 1506 1259 1566 Sane
1300 1507 1499 1578 quibus
1544 1506 1778 1580 placebit
1822 1507 1937 1564 haec
1964 1506 2209 1577 Gregorii

610 1604 771 1670 ratio,
806 1602 841 1658 ii
874 1617 979 1657 non
1028 1600 1173 1657 inani
1223 1600 1482 1669 scrupulo
1539 1598 1884 1655 tribuendum
1934 1600 2212 1655 esiStima-

614 1695 767 1762 bunt,
799 1694 944 1764 quod
975 1692 1208 1748 llilarius
1233 1689 1467 1762 Spiritus
1492 1692 1663 1746 sancti
1693 1691 1958 1747 vocabulo
1989 1691 2082 1747 Dei
2107 1705 2208 1746 no-

614 1802 739 1843 men
768 1802 874 1841 non
903 1784 1141 1856 adjiciat.
1172 1782 1286 1838 Hoc
1312 1783 1493 1854 potius
1521 1783 1593 1838 ita
1624 1782 1825 1838 factum
1852 1782 2205 1851 crediderint,

2318 567 2387 620 ad
2422 565 2822 620 immortalitatis
2846 565 3033 637 pignus
3070 576 3117 618 ct
3154 564 3223 619 ad
3261 565 3445 619 divina:
3473 574 3672 620 natura:
3696 583 3909 620 consor-

2318 662 2445 714 tium
2473 675 2801 714 sumeremus.
2837 660 2939 725 Qui
2972 658 3121 729 plura
3167 659 3344 724 volet,
3374 659 3530 714 adeat
3577 658 3772 714 librqu
3801 675 3904 721 su,

2318 770 2378 809 ιι.
2410 753 2481 810 54
2502 794 2517 820 ,
2546 762 2689 821 ctc.,
2730 752 2820 808 ubi
2866 751 3101 822 Spiritus
3136 763 3354 809 sanctus
3395 752 3636 824 ejusdem
3661 768 3783 810 cum
3808 755 3911 808 l‘a-

2323 853 2406 902 tre
2459 855 2663 902 naturae
2687 887 2703 912 ,
2731 845 2947 903 virtutis
2985 861 3049 903 ac
3090 847 3405 903 substantia:
3443 861 3567 904 esse
3609 848 3911 906 luculenter

2316 938 2631 995 adstruitur.

2388 1029 2527 1087 XVI.
2554 1029 2898 1087 Luculentum
2934 1032 2998 1088 de
3028 1033 3256 1104 Spiritus
3278 1034 3442 1090 sancti
3468 1035 3730 1091 divinitate
3752 1053 3911 1108 arguo

2316 1134 2556 1179 mentum.
2600 1156 2671 1165 —
2706 1124 2882 1183 Unum
2909 1127 3190 1181 dumtaxat
3226 1142 3288 1184 es
3318 1143 3387 1184 eo
3416 1128 3535 1184 loco
3586 1127 3913 1199 proferimus

2314 1229 2688 1290 argumentum
2715 1260 2731 1286 ,
2777 1220 2999 1290 petitum
3040 1237 3105 1277 ex
3158 1222 3337 1278 verbis
3378 1223 3608 1293 apostoli
3633 1266 3647 1288 ,
3681 1223 3912 1295 Spiritus

2312 1314 2448 1365 enim
2465 1314 2636 1367 omnia
2669 1324 2951 1382 scrutatur,
2982 1315 3133 1370 etiam
3164 1318 3424 1389 profunda
3449 1314 3568 1372 Dei.
3603 1316 3680 1373 Es
3711 1319 3913 1389 quibus

2313 1404 2380 1458 ad
2407 1404 2621 1461 Patrem
2650 1421 2977 1475 conversus,
3003 1407 3085 1463 sic
3108 1423 3230 1464 eum
3278 1424 3401 1465 cum
3440 1426 3633 1482 magna
3674 1410 3912 1481 Spiritus

2311 1499 2485 1555 sancti
2512 1502 2810 1557 reverentia
2836 1501 3127 1573 alloquitur
3152 1519 3167 1559 :
3200 1501 3252 1557 Ν
3257 1502 3369 1561 ulla
3383 1511 3433 1558 te
3449 1503 3549 1559 nisi
3569 1518 3669 1560 uss
3683 1519 3792 1561 τιιΑ
3820 1522 3914 1576 pe-

2311 1601 2476 1647 netrat
2503 1610 2521 1647 :
2550 1610 2642 1649 nec
2667 1595 2986 1667 profundunt
3012 1597 3275 1652 immensa
3302 1597 3583 1669 maiestatis
3601 1608 3732 1664 tua,
3764 1616 3914 1669 perc-

2310 1688 2475 1757 grime
2500 1698 2653 1758 atque
2683 1690 2870 1745 cliente
2905 1708 2937 1743 a
2966 1700 3016 1745 te
3048 1692 3250 1747 uirtutis
3277 1709 3433 1749 causa
3458 1708 3719 1753 ιετιτιιι.
3749 1695 3910 1753 Tuuu

2312 1793 2429 1843 ssr,
2460 1781 2711 1850 quidquid
2738 1793 2787 1836 te
2811 1783 2909 1838 init
2938 1802 2957 1839 :
2981 1801 3144 1856 neque
3165 1786 3392 1841 alienum
3409 1794 3507 1851 est.
3530 1788 3781 1859 quidquid
3805 1790 3911 1844 uir-

612 1881 737 1951 quia
762 1879 1050 1950 ipsantmet
1079 1877 1172 1935 Dei
1203 1886 1448 1934 naturam
1474 1879 1559 1933 vel
1586 1878 1704 1933 solo
1730 1877 1961 1949 Spiritus
1991 1880 2201 1935 nomine

2313 1880 2418 1928 tute
2477 1877 2753 1933 mutantis
2822 1879 2982 1945 inest,
3029 1880 3183 1951 quasi
3230 1881 3440 1937 diceret
3484 1899 3498 1935 :
3553 1883 3656 1950 Qui
3721 1884 3906 1941 omnia

608 1970 914 2041 intelligere
938 1969 1136 2026 soleat.
1167 1968 1350 2040 Neque
1392 1984 1522 2026 vero
1567 1969 1787 2025 dubium
1817 1979 1903 2026 est
1942 1985 2065 2028 eum
2108 1985 2207 2027 ex-

607 2074 764 2121 terno
799 2064 895 2119 illo
922 2065 1222 2120 litterarum
1250 2077 1384 2118 sono
1422 2064 1735 2133 expressius
1760 2063 1961 2134 aliquid
1991 2062 2206 2134 scriptis

611 2157 725 2213 suis
770 2156 1143 2227 consignasse,
1192 2168 1302 2226 quo
1355 2153 1589 2225 Spiritus
1640 2156 1811 2211 sancti
1870 2155 2202 2212 divinitatem

607 2251 1037 2306 commendaret.

681 2342 798 2398 XV.
835 2340 932 2396 Dei
961 2342 1014 2396 in
1042 2358 1102 2396 eo
1127 2350 1370 2396 naturam
1409 2350 1699 2397 constanter
1728 2341 1997 2413 pradicet.
2021 2371 2096 2384 —
2123 2344 2203 2401 Ac

602 2437 777 2509 primo
808 2436 1025 2508 quidem
1070 2436 1284 2508 quaties
1314 2436 1584 2502 inculcat,
1615 2437 1759 2508 quod
1804 2438 2003 2508 stepius
2050 2436 2200 2504 facit,

602 2529 781 2586 verbis
830 2529 1082 2601 baptismi
1107 2528 1307 2585 Filium
1344 2528 1573 2593 indicari
1600 2538 1654 2584 et
1697 2529 1844 2584 credi
1886 2529 2031 2586 Patri
2065 2546 2199 2586 con-

599 2622 1038 2688 substantialem,
1066 2623 1228 2678 toties
1262 2620 1524 2690 Spiritum
1544 2631 1789 2679 sanctum
1822 2620 2033 2692 utrique
2055 2621 2200 2691 pari-

603 2730 686 2774 ter
713 2716 1226 2774 consubstantialem
1268 2730 1388 2771 esse
1410 2715 1714 2787 proﬁtetur.
1754 2714 1872 2772 Non
1898 2716 2043 2772 enim
2070 2717 2202 2786 bap-

599 2812 747 2867 tismi
771 2812 934 2867 verba
974 2811 1166 2867 Filiqu
1215 2810 1386 2881 magis
1431 2825 1593 2881 quam
1635 2808 1896 2883 Spiritum
1939 2820 2196 2867 sanetum

599 2908 757 2959 unius
782 2919 905 2959 cum
942 2903 1105 2960 Patre
1145 2910 1351 2958 natura:
1378 2916 1442 2958 ac
1487 2901 1803 2959 substantia:
1841 2916 1965 2959 esse
1993 2900 2199 2972 signiti-

597 3005 748 3053 cant.
796 2995 905 3054 Sed
931 3005 997 3053 et
1016 3012 1139 3067 cap.
1168 2997 1239 3053 l3
1269 2995 1325 3053 iu
1353 2994 1542 3052 Matth.
1572 3010 1721 3054 num.
1753 2994 1822 3061 6,
1864 2994 2071 3053 diserte
2102 2994 2200 3051 de-

594 3090 790 3154 clarat,
812 3087 1030 3159 quodin
1061 3086 1219 3143 Patre
1247 3097 1295 3143 et
1321 3087 1465 3142 Filio
1493 3097 1539 3142 et
1564 3085 1771 3155 Spiritu
1791 3096 1971 3142 sancto
1994 3085 2197 3157 absque

598 3182 710 3240 ullo
734 3198 913 3243 causa:
937 3193 1176 3240 externa:
1200 3181 1469 3250 subsidio,
1494 3197 1615 3253 qutc
1643 3180 1891 3238 lermenti
1913 3181 1966 3237 in
1988 3195 2194 3239 morem

2307 1964 2467 2020 etiam
2501 1968 2762 2037 profunda
2786 1970 2879 2026 Dei
2905 1981 3197 2040 scrutatur,
3222 1974 3541 2034 immensam
3567 1978 3906 2048 maiestatem

2308 2058 2527 2115 metitur
2557 2077 2573 2115 :
2598 2077 2704 2117 non
2726 2064 2950 2121 metitur
2968 2073 3147 2121 autem
3177 2065 3282 2123 nisi
3312 2066 3612 2125 immensus
3636 2082 3693 2127 ct
3716 2086 3903 2141 (cqua-

2306 2149 2370 2205 lis
2413 2151 2588 2210 eidem
2636 2155 2925 2227 maiestati.
2957 2158 3086 2215 Item
3132 2159 3277 2228 :Qni
3320 2170 3593 2218 scrutatur
3633 2163 3902 2235 profunda

2308 2244 2425 2314 Dei,
2459 2248 2706 2307 internus
2732 2252 2804 2307 sit
2834 2268 3058 2310 necesse
3085 2264 3170 2312 est
3194 2256 3299 2326 ipsi
3326 2256 3436 2325 Deo
3460 2275 3476 2313 :
3509 2257 3780 2315 internum
3806 2277 3903 2316 aue

2304 2346 2412 2395 tem
2437 2344 2487 2397 ci
2518 2359 2625 2400 non
2655 2352 2760 2413 est,
2780 2346 3037 2419 quidquid
3068 2348 3307 2405 alienum
3334 2349 3405 2406 ab
3427 2366 3500 2407 eo
3531 2362 3634 2419 est,
3668 2366 3760 2408 ant
3790 2370 3899 2411 non

2302 2431 2544 2501 ejusdem
2574 2451 2697 2492 cum
2736 2455 2803 2493 eo
2846 2439 3184 2497 substantiae.
3215 2441 3568 2501 Conﬁteudus
3608 2456 3694 2501 est
3737 2448 3901 2518 igitur

2301 2523 2535 2598 Spiritus
2559 2540 2778 2588 sanctus
2798 2530 3120 2601 immensus,
3143 2545 3199 2591 et
3221 2536 3445 2606 aequalis
3468 2536 3599 2603 Deo.
3627 2539 3901 2610 ejusdem-

2300 2635 2405 2690 que
2431 2636 2553 2677 cum
2576 2638 2645 2678 eo
2668 2622 2885 2681 virtutis
2918 2640 2982 2681 ac
3007 2625 3344 2684 substantiae.
3374 2628 3628 2699 Brevius.
3657 2632 3755 2690 sed
3784 2649 3898 2691 non

2300 2712 2478 2771 minus
2522 2716 2668 2773 clare
2697 2716 2928 2790 idipsum
2955 2718 3118 2777 docet
3150 2721 3244 2780 lib.
3277 2738 3332 2787 ιι.
3361 2741 3416 2780 ιι.
3445 2726 3535 2791 5i,
3558 2741 3681 2783 cum
3705 2728 3899 2785 scribit

2302 2804 2469 2863 Deitm
2507 2808 2560 2863 in
2604 2810 2808 2879 Spiritu
2834 2821 3022 2870 sancto
3051 2812 3301 2885 adorari,
3330 2815 3421 2873 ubi
3449 2816 3503 2873 iu
3533 2820 3735 2890 Spiritu
3762 2819 3896 2878 ado-

2298 2910 2478 2967 ratur;
2506 2910 2563 2957 et
2583 2902 2671 2964 ubi
2697 2902 2748 2959 in
2776 2903 2980 2976 Spiritu
3017 2905 3295 2978 adoratur,
3317 2909 3433 2982 jam
3462 2927 3569 2969 non
3604 2914 3706 2971 nisi
3728 2916 3783 2970 in
3808 2933 3893 2973 se-

2300 2994 2513 3061 metipso
2532 2993 2769 3052 adorari.

2370 3082 2530 3142 XVII.
2564 3086 2647 3143 Ea:
2674 3088 2822 3144 dictis
2855 3089 2919 3145 de
2959 3090 3161 3163 Spiritu
3186 3106 3365 3152 sancto
3394 3114 3498 3154 non
3527 3100 3761 3174 sequitur
3794 3103 3893 3160 llos

2296 3176 2453 3233 libros
2476 3191 2591 3252 post
2617 3189 2847 3236 exortam
2879 3180 3172 3242 Macedonii
3198 3188 3436 3245 Ita'resiut
3475 3195 3733 3263 confectos
3754 3210 3888 3252 esse.

603 3291 702 3336 eos
729 3277 951 3346 copulet
977 3286 1143 3349 atque
1178 3276 1471 3346 coniungat
1489 3317 1506 3341 ,
1538 3275 1714 3331 omnia
1754 3291 1914 3330 unum
1954 3275 2076 3334 sint.
2107 3274 2199 3333 Sic
2223 3265 2270 3329 C
2300 3270 2608 3345 -—Propter
2628 3272 2745 3330 lucc
2773 3276 2987 3348 aliaque
3012 3286 3120 3335 tam
3142 3281 3287 3337 clara
3314 3282 3381 3338 ad
3413 3284 3742 3354 probandam
3768 3287 3893 3355 Spi-

592 3372 694 3428 lib.
724 3387 764 3430 u
788 3370 858 3428 de
879 3370 1071 3425 Trinit.
1124 3384 1275 3426 num.
1303 3367 1377 3425 28
1399 3410 1413 3435 ,
1444 3367 1658 3424 Patrem
1688 3376 1744 3424 et
1770 3366 1964 3425 Filium
1991 3375 2049 3424 et
2073 3366 2198 3437 Spi-

594 3465 778 3523 ritum.
813 3472 1061 3520 sanctum
1110 3472 1322 3533 spectat
1360 3464 1505 3517 velut
1546 3459 1763 3532 aliquod
1813 3470 2017 3528 totum,
2048 3459 2192 3531 quod

597 3558 912 3613 nullatenus
939 3553 1181 3625 separari
1204 3563 1387 3626 queat.
1418 3554 1518 3620 Qui
1542 3554 1686 3609 enim
1706 3594 1721 3618 ,
1753 3552 1921 3622 inquit
1950 3556 2197 3609 nomina-

602 3650 699 3707 tim
725 3650 793 3708 de
822 3649 1023 3720 Spiritu
1053 3658 1279 3713 sancto,
1301 3645 1613 3716 confessioni
1644 3643 1821 3701 Patris
1844 3653 1892 3700 et
1916 3643 2043 3699 Filii
2066 3660 2194 3700 cou-

606 3760 767 3800 nexus
803 3754 915 3810 est,
940 3758 1046 3798 non
1076 3750 1239 3813 potest
1274 3757 1307 3795 a
1334 3741 1651 3812 confession
1677 3737 1854 3794 Patris
1879 3747 1930 3795 et
1958 3737 2084 3794 Filii
2109 3754 2193 3793 se-

596 3837 793 3907 parari.
821 3833 1191 3908 Imperfectum
1220 3835 1355 3889 enim
1400 3843 1475 3889 est
1520 3834 1663 3889 nobis
1702 3841 1860 3886 totum
1884 3874 1900 3900 ,
1923 3832 1970 3887 si
1997 3831 2196 3904 aliquid

599 3930 732 3986 desit
758 3946 793 3984 a
816 3936 946 3982 loto.
975 3926 1114 3982 Hinc
1144 3927 1199 3981 in
1227 3924 1419 3982 eodem
1448 3925 1541 3979 lib.
1576 3940 1613 3980 ιι
1640 3966 1655 3986 .
1684 3941 1739 3980 ιι.
1772 3923 1806 3978 4
1826 3965 1845 3993 ,
1869 3924 2194 3979 Arianorum

596 4022 874 4079 doctrinas
900 4030 961 4079 ut
987 4036 1157 4077 novas
1182 4028 1238 4075 et
1263 4018 1500 4075 humano
1536 4018 1751 4091 ingenio
1796 4018 2057 4074 contietas
2098 4032 2195 4072 uo-

596 4128 696 4181 tat,
728 4115 874 4186 quod
902 4114 1187 4170 dissoluant
1215 4112 1430 4184 perfecti
1468 4112 1622 4184 hujus
1659 4110 1966 4166 sacramenti
2005 4109 2195 4165 uerita-

595 4221 717 4276 tem,
745 4211 871 4265 dum
890 4208 1200 4264 substantias
1221 4206 1569 4261 diuersitatum
1594 4220 1643 4259 tu
1666 4220 1833 4260 assus
1858 4219 1967 4262 't'au
1987 4218 2198 4262 conuu—

594 4320 748 4362 ttmus
798 4303 1101 4359 moliuntur.
1132 4300 1252 4361 Hoc
1284 4300 1446 4369 igitur
1483 4313 1512 4351 a
1556 4299 1670 4354 Deo
1728 4296 2018 4363 traditum,
2048 4304 2104 4353 et
2141 4296 2197 4351 in

596 4395 841 4454 Ecclesia
871 4409 1087 4464 semper
1114 4390 1381 4449 creditum
1410 4388 1759 4454 existimavit,
1785 4389 1997 4445 Patrem
2024 4399 2079 4445 et
2105 4387 2197 4445 Fi-

598 4492 730 4547 lium
760 4500 817 4546 et
842 4487 1107 4561 Spiritum
1138 4497 1388 4542 sanctum
1432 4500 1523 4540 res
1557 4497 1877 4539 communes
1913 4495 2069 4549 esse,
2102 4496 2199 4539 ne-

598 4599 705 4654 que
727 4583 782 4638 in
812 4581 894 4637 cis
916 4578 1103 4635 haberi
1123 4577 1547 4634 ειιὶικιιιιιιὶειιιιιι
1573 4575 1938 4633 diversitates.
1968 4573 2042 4631 ita
2070 4571 2222 4632 vero
2254 4628 2261 4631 ,

2286 3364 2433 3420 ritus
2448 3367 2617 3421 sancti
2630 3365 2965 3426 divinitatem
2991 3385 3327 3443 argumenta,
3348 3373 3449 3431 hos
3465 3376 3633 3434 libros
3647 3380 3891 3437 nonnulli

2296 3458 2639 3531 conscriptus
2669 3461 2856 3517 volunt
2874 3473 2996 3533 post
3016 3474 3259 3522 exortam
3285 3467 3580 3527 Macedonii
3605 3469 3887 3542 heresim,

2298 3551 2628 3624 proindeque
2671 3564 2791 3625 post
2828 3572 3030 3614 annum
3061 3559 3198 3627 560,
3224 3578 3333 3631 quo
3360 3562 3890 3633 Macedonius,Con-

2297 3644 2769 3716 stautiuopolitana
2797 3648 3018 3720 Synodo
3035 3650 3348 3724 episcopatu
3361 3655 3622 3728 deiectus,
3644 3674 3888 3717 errorem

2296 3750 2453 3792 suum
2481 3736 2838 3798 dissentinarc
2870 3744 3051 3814 erepit.
3076 3744 3217 3802 Nihil
3258 3756 3438 3805 tamen
3470 3749 3596 3806 inde
3636 3766 3891 3808 necesse.

2299 3828 2379 3884 ria
2414 3831 2715 3890 coniicitur.
2746 3837 2878 3904 Quis
2924 3839 3067 3894 enim
3113 3843 3336 3909 nesciat,
3391 3854 3447 3899 ut
3504 3843 3659 3911 Filii,
3712 3846 3785 3902 ita
3837 3858 3892 3903 et

2298 3922 2534 3993 Spiritus
2558 3929 2729 3984 sancti
2754 3929 3089 3989 divinitatem
3108 3934 3176 3989 ab
3195 3934 3326 3991 Ariu
3344 3935 3751 3994 labefactatam?
3770 3938 3892 4010 Ipse

2300 4013 2355 4073 in
2385 4016 2574 4075 Thalia
2614 4039 2712 4080 sua
2750 4023 2894 4095 apud
2930 4026 3283 4085 Athanasium
3307 4027 3400 4085 0r.
3452 4029 3705 4102 ilcontra
3737 4034 3893 4089 Aria-

2302 4124 2423 4180 nos,
2446 4128 2501 4183 p.
2532 4113 2656 4177 312.
2688 4114 2899 4177 diuisus.
2918 4127 2970 4173 et
2995 4117 3260 4187 abuuitas,
3282 4132 3331 4177 et
3349 4122 3655 4194 disiunctas,
3681 4134 3730 4180 et
3756 4126 3891 4182 alie-

2300 4219 2413 4275 nas,
2442 4216 2489 4261 et
2514 4207 3014 4267 incommunicabiles
3031 4227 3142 4287 esse
3166 4210 3339 4269 Patris
3358 4222 3409 4268 et
3429 4213 3558 4270 Filii
3585 4224 3633 4271 et
3660 4214 3892 4287 Spiritus

2268 4298 2457 4369 -sancti
2495 4298 2803 4355 substantias
2847 4301 3121 4371 prmdicat.
3164 4305 3337 4371 Quem
3387 4304 3585 4364 deinde
3627 4308 3894 4376 perstrin-

2298 4404 2432 4461 gens
2482 4390 2813 4454 Athanasius
2861 4408 2979 4466 pag.
3029 4394 3137 4453 515
3186 4414 3201 4451 :
3245 4400 3542 4465 Quomodo,
3589 4401 3784 4475 inquit,
3826 4404 3893 4458 de

2302 4481 2504 4554 Spiritu
2545 4493 2724 4538 sancto
2756 4495 2891 4541 recte
2916 4486 3210 4560 opinaretur
3229 4530 3244 4553 ,
3265 4491 3355 4559 qui
3384 4490 3707 4561 blasphemus
3731 4503 3805 4549 est
3834 4495 3892 4550 in

2314 4574 2534 4633 Verbum
2559 4578 2698 4649 quod
2717 4576 2970 4651 Spiritum
2991 4582 3318 4656 suppeditat?
3338 4584 3512 4643 Simili
3542 4588 3766 4643 omnino
3805 4605 3896 4645 ra-

597 4688 914 4748 persuasum
940 4672 996 4728 ei
1020 4679 1139 4728 erat
1159 4668 1307 4724 Patri
1329 4665 1844 4723 consubstantialem
1868 4682 1990 4724 esse
2016 4665 2191 4739 Spiri-
2220 4658 2275 4722 D
2305 4672 2448 4727 tione
2477 4671 2711 4729 Hilarius
2732 4685 2932 4740 uoster,
2964 4676 3058 4733 lib.
3086 4692 3145 4745 ιι,
3178 4694 3236 4735 ιι.
3265 4679 3336 4737 ιε
3362 4679 3507 4750 Quid
3525 4685 3709 4738 mirum
3746 4696 3802 4740 ut
3826 4688 3895 4743 de

607 4779 718 4823 tum
748 4777 1019 4831 sanctum,
1048 4773 1106 4817 ιιι
1137 4776 1297 4815 unam
1323 4759 1499 4815 Patris
1534 4770 1588 4814 et
1619 4758 1740 4815 Filii
1779 4774 1902 4816 esse
1941 4759 2189 4816 substan»

598 4865 725 4917 tiam
758 4859 850 4915 lib.
882 4874 961 4923 is,
993 4872 1142 4911 num.
1176 4854 1268 4919 72,
1302 4852 1429 4908 hinc
1456 4851 1826 4919 demonstret,
1851 4852 1993 4922 quod
2020 4852 2192 4922 Spiri-

600 4966 687 5010 tus
717 4962 935 5009 sanetns
958 4993 971 5015 ,
1002 4959 1059 5005 ut
1089 4964 1155 5003 ex
1189 4948 1256 5007 iis
1279 4960 1399 5016 qua:
1439 4943 1613 4999 Patris
1653 4953 1816 5009 sunt,
1847 4944 1920 5000 ita
1954 4953 2007 5002 et
2031 4960 2095 5000 es
2128 4944 2197 4999 iis

597 5063 718 5118 qua:
739 5055 861 5100 sunt
894 5041 1053 5107 Filii,
1078 5055 1229 5095 suam
1252 5037 1501 5107 accipiat.
1538 5035 1663 5090 Non
1693 5038 1855 5105 enim,
1888 5036 2059 5107 inquit
2087 5034 2193 5102 ibi,

599 5142 664 5195 de
684 5138 931 5193 creaturis
960 5132 1190 5188 sumebat
1222 5131 1450 5202 Spiritus
1479 5142 1709 5186 sanctus.
1739 5130 1998 5187 Sumcbat
2033 5129 2196 5201 igitur

598 5234 670 5291 tle
691 5234 969 5288 Creatare.
986 5226 1057 5285 Ut
1072 5228 1216 5282 enim
1242 5223 1403 5281 habet
1424 5221 1731 5281 Ferramlus
1754 5223 2019 5279 Diaconus
2031 5224 2191 5293 epist.

600 5328 666 5383 ad
710 5324 1039 5386 Anatolium,
1073 5321 1256 5374 Omnis
1283 5338 1362 5374 res
1388 5330 1477 5373 aut
1507 5317 1645 5374 Deus
1674 5330 1767 5387 est,
1801 5329 1889 5374 aut
1917 5328 2147 5375 creatura
2175 5337 2195 5375 ,π

596 5424 641 5475 si
671 5419 817 5475 Deus
842 5428 937 5477 est.
962 5428 1197 5472 creatura
1228 5429 1329 5468 non
1353 5421 1426 5468 est
1447 5429 1467 5478 ;
1488 5412 1531 5466 si
1550 5423 1787 5466 creatura
1810 5422 1905 5478 est,
1936 5411 2074 5466 Deus
2094 5431 2195 5469 non

595 5520 689 5569 est.
720 5512 855 5581 Quia
888 5524 1051 5578 porro
1077 5518 1262 5562 uoster
1293 5505 1527 5562 Hilarius
1555 5505 1815 5573 Spiritum
1850 5513 2098 5562 sanctum
2126 5506 2194 5564 de

604 5613 714 5665 Deo
741 5608 1000 5664 Creatore
1036 5601 1395 5659 substantiam
1420 5614 1572 5654 suam
1611 5615 1828 5656 sumere
1867 5610 2017 5657 certe
2055 5602 2192 5658 scie-

602 5700 729 5765 bat;
780 5713 975 5769 magno
1017 5696 1182 5752 etiam
1232 5692 1413 5749 studio
1454 5692 1755 5757 laboravit,
1782 5693 1856 5748 uti
1882 5709 1949 5747 ex
1981 5693 2120 5750 libro
2148 5711 2187 5761 ι,

598 5810 746 5849 num.
768 5792 837 5849 36
857 5834 869 5855 ,
902 5787 1240 5853 audivimus,
1268 5801 1337 5841 ne
1363 5786 1643 5856 quisquam
1675 5800 1797 5840 eum
1826 5787 1955 5841 inter
1982 5798 2188 5842 creatu-

595 5902 682 5942 ιω
708 5881 931 5940 auderet
970 5878 1196 5939 referre.
1224 5876 1287 5936 Ei
1332 5876 1530 5950 quippe
1558 5875 1842 5935 videbatur
1868 5878 2182 5950 absurdum,

2299 4766 2501 4834 Spiritu
2544 4769 2962 4826 sanctodiuersa
3000 4774 3254 4841 sentiant,
3285 4776 3374 4848 qui
3413 4778 3467 4831 in
3508 4778 3748 4852 largitore
3775 4782 3891 4853 ejus

2299 4857 2503 4931 (Verbo
2530 4861 2769 4935 scilicet)
2797 4864 3019 4920 creando
3041 4906 3056 4929 ,
3083 4877 3133 4922 et
3174 4867 3488 4925 demutando
3508 4913 3521 4936 ,
3549 4882 3601 4927 et
3638 4872 3892 4930 abolendo

2298 4960 2403 5005 tam
2448 4956 2706 5009 temerarii
2758 4958 2861 5010 sint
2906 4959 3184 5015 auctores?
3208 4960 3414 5029 Quibus
3455 4978 3576 5019 mox
3612 4965 3885 5038 adiungit,

2297 5045 2556 5115 Spiritum
2584 5060 2825 5105 sanctum
2842 5050 2911 5107 ab
2936 5051 3044 5107 illis
3065 5054 3282 5120 nesciri,
3308 5057 3432 5127 quia
3456 5055 3674 5126 Filium,
3704 5072 3889 5118 aucto-

2297 5156 2403 5194 rem
2430 5144 2568 5209 ejus,
2592 5142 2859 5213 ignorant.
2881 5144 2965 5201 An
2987 5145 3121 5203 haec.
3137 5163 3345 5219 quaeso,
3372 5150 3893 5213 adversusilacedo-

2296 5230 2369 5287 nii
2402 5232 2638 5290 fautores
2664 5234 2903 5305 dixerit,
2931 5239 3023 5309 qui
3044 5240 3112 5295 de
3142 5238 3319 5297 Verbo
3344 5257 3504 5313 prava
3547 5245 3751 5302 sentire
3775 5263 3888 5305 non

2294 5324 2608 5393 audiebant,
2638 5342 2776 5398 quos
2805 5328 2922 5401 ipse
2944 5330 3083 5386 libro
3104 5330 3176 5387 de
3195 5332 3426 5404 Synodis
3456 5335 3694 5393 laudavit
3715 5350 3771 5394 ut
3793 5341 3889 5412 qui

2299 5432 2444 5473 veru:
2475 5418 2597 5474 lidei
2627 5421 2950 5477 revocanda:
2977 5437 3129 5494 spem
3151 5424 3481 5493 attulissent,
3510 5430 3705 5500 quibus
3732 5431 3890 5489 deni-

2294 5526 2400 5581 que
2424 5510 2886 5582 Constantinotioli
2910 5525 3030 5584 post
3051 5517 3339 5573 concilium
3362 5518 3708 5579 Seleuciense
3730 5539 3891 5580 cum-

2300 5604 2610 5658 mttttiunem
2634 5619 2742 5661 non
2770 5608 2987 5676 negavit
3003 5622 3179 5676 suam,
3209 5609 3318 5665 imo
3351 5611 3516 5666 etiam
3563 5626 3888 5672 ceterorum

2296 5706 2363 5747 ex
2391 5693 2578 5750 Galliis
2606 5694 2982 5767 episcoporum
3010 5711 3198 5757 coacto
3222 5699 3442 5759 Parisiis
3467 5704 3701 5761 concilio
3738 5707 3888 5765 litte-

2293 5802 2384 5842 ras
2409 5787 2678 5844 obtinuit?

2366 5878 2553 5936 XVlll.
2583 5878 2908 5940 Probabilius
2939 5892 3014 5941 est
3044 5894 3226 5943 contra
3263 5887 3499 5957 Arianas,
3530 5905 3686 5960 quam
3709 5900 3890 5950 contra
