4048 6462
172 261 230 317 17
1581 263 1969 323 PREFATIO.
3358 270 3424 327 l8

170 378 573 445 Hacedanianos,
606 386 854 433 assertum
891 393 1001 433 esse
1029 376 1257 450 Spiritus
1288 380 1454 436 sancti
1489 379 1730 437 divinita-
1754 380 1808 443 Α
1834 379 2093 453 illumque
2129 379 2197 438 de
2228 380 2330 438 hoc
2377 382 2634 440 haeretico
2684 399 2751 439 ne
2796 384 3012 454 quidem
3040 384 3325 456 cogitasse.
3360 385 3428 442 Et

170 484 271 526 tem.
296 502 361 513 ——
388 472 565 541 Longe
597 472 757 543 igitur
777 471 1106 542 probabilius
1132 481 1238 541 est,
1266 472 1527 530 Hilarium
1560 477 1611 530 in
1640 476 1727 541 iis,

165 582 270 636 qua:
311 566 374 621 de
413 565 618 634 Spiritu
678 575 863 621 sancto
912 565 1167 631 disserit,
1199 581 1335 622 unos
1370 566 1600 623 Arianos
1644 583 1729 623 re-

163 661 411 729 spexisse;
444 674 581 729 quos
640 676 746 715 non
787 660 944 729 plane
990 659 1259 716 devicisse
1300 659 1592 727 videretur,
1624 662 1728 719 nisi

161 753 307 809 etiam
349 752 576 821 Spiritus
618 751 791 806 sancti
843 750 1178 807 divinitatem
1232 753 1574 809 asseruisset.
1620 752 1727 811 Sed

162 846 270 919 quia
296 844 406 901 Filii
428 844 711 900 divinitate
732 886 749 911 ,
775 859 841 900 ex
864 858 932 901 eo
956 860 1098 914 quon
1129 859 1157 897 a
1186 843 1345 899 Patre
1371 845 1725 901 substantiam

160 954 293 993 suam
319 938 530 1009 accipit,
560 936 957 1001 demonstrata,
982 936 1375 992 consectarium
1415 946 1531 994 erat
1553 937 1727 1009 Spiri-

162 1042 261 1087 tum
283 1038 544 1097 sanentur,
559 1030 651 1102 qui
675 1043 829 1085 suam
851 1030 922 1084 ab
941 1037 1167 1099 utroque
1189 1030 1372 1088 sumit,
1406 1031 1579 1085 neutri
1608 1045 1728 1086 csse

162 1124 482 1187 inferiorem;
515 1124 861 1195 paucioribus
899 1123 1003 1180 huc
1042 1124 1402 1193 praestandum
1441 1124 1572 1192 fuit,
1604 1140 1725 1181 cum

158 1216 275 1272 illud
294 1215 533 1285 pluribus
554 1214 858 1272 confectum
880 1217 993 1287 jam
1023 1218 1231 1272 fuisset.
1256 1215 1441 1288 Itaque
1470 1218 1729 1288 quemad-

160 1307 354 1364 modum
400 1307 696 1377 Gregorius
744 1309 998 1366 Nazianz.
1044 1309 1137 1366 Or.
1169 1309 1273 1378 27,
1305 1328 1360 1367 ιι.
1395 1312 1456 1377 l,
1486 1311 1724 1367 Alexan-

157 1401 295 1457 drum
331 1400 788 1469 Alexandrinum,
821 1404 907 1459 cui
940 1403 1145 1459 nullum
1175 1414 1365 1461 contra
1392 1404 1727 1460 Macedonia-

158 1505 243 1546 nos
266 1503 537 1552 certamen
576 1492 787 1562 fuerat,
829 1497 1003 1568 magni
1036 1494 1299 1551 Trinitatis
1334 1499 1728 1570 prapugnatoris

155 1592 197 1636 et
224 1586 461 1652 prteconis
478 1585 661 1657 elogio
685 1586 878 1652 donat,
910 1597 964 1642 et
988 1576 1147 1643 antea
1175 1586 1268 1644 0r.
1304 1603 1424 1652 xu,
1453 1604 1599 1643 mnu.
1632 1587 1723 1657 56,

157 1676 408 1734 Athanasii
455 1680 529 1735 ab
570 1681 809 1742 Arianis.
841 1697 947 1737 non
992 1697 1022 1738 a
1068 1681 1466 1738 Macedonianis
1517 1682 1725 1752 expulsi

1832 487 1966 530 vero
1990 488 2111 528 cum
2141 475 2423 531 Sirmiensi
2454 476 2685 535 concilio
2708 478 2834 531 anni
2866 478 3006 543 551,
3040 482 3324 535 damnatos
3349 479 3428 536 le-

1829 580 2020 637 gamus
2046 580 2169 621 can.
2202 566 2257 635 8,
2290 568 2379 635 qui
2406 570 2722 637 prolativum
2749 569 2971 625 verbum
3000 569 3192 626 Filium
3221 570 3317 627 Dei
3345 569 3428 625 di-

1831 667 1977 725 cant;
2020 669 2068 716 et
2101 675 2222 716 can.
2258 662 2316 717 tl
2344 669 2398 717 et
2424 662 2514 730 l2,
2542 664 2631 733 qui
2656 662 2893 719 Verbum
2913 662 2967 718 in
2995 677 3217 720 carnem
3248 674 3425 721 trans-

1832 749 2022 816 latum,
2054 762 2146 806 aut
2188 751 2634 820 demutationem,
2672 754 3097 823 corruptionem,
3128 764 3186 812 et
3218 755 3425 827 passioo

1832 857 1975 908 nem,
2011 860 2130 899 cum
2162 844 2451 900 crucilixns
2478 857 2561 901 cat
2592 847 2684 901 Dei
2711 846 2900 913 Filius,
2933 848 2986 903 in
3014 861 3111 902 sua
3139 847 3424 905 divinitate

1829 937 2152 993 sustinuisse
2190 938 2503 1009 praedicent;
2546 955 2668 996 cum
2699 941 2859 995 etiam
2885 940 2934 996 in
2964 941 3199 1012 generali
3229 942 3422 1011 prazfa-

1835 1028 1980 1084 tione
2004 1028 2031 1100 §
2060 1030 2114 1094 5,
2144 1044 2207 1083 ex
2237 1029 2601 1098 Tlteodorcto,
2628 1030 2927 1102 Augustino
2952 1074 2967 1097 ,
3016 1028 3280 1103 Gregorio
3314 1030 3422 1087 Na-

1831 1122 2089 1177 zianzcno
2146 1131 2200 1178 et
2249 1121 2545 1178 Athanasio
2584 1123 3141 1181 demonstrat-erimus
3196 1124 3427 1180 Arianos

1829 1214 2064 1268 animam
2107 1214 2327 1268 Christo
2356 1229 2613 1286 negasse,
2657 1231 2764 1287 quo
2795 1218 2845 1270 in
2877 1218 3163 1286 ipsutnmet
3189 1216 3422 1272 Verbum

1830 1307 2092 1363 eadercnt
2114 1307 2352 1373 tristitia,
2385 1308 2559 1371 dolor,
2588 1309 2833 1379 alimque,
2866 1326 2985 1378 qua:
3013 1311 3110 1380 ipsi
3135 1319 3191 1363 ut
3223 1308 3424 1365 homini

1830 1398 2233 1467 adscribuntur,
2259 1400 2597 1457 inlirmitates
2625 1419 2637 1455 :
2668 1418 2790 1457 cum
2822 1402 2957 1467 haec,
2992 1404 3230 1473 inquam,
3260 1407 3330 1457 ita
3361 1418 3420 1458 se

1830 1492 2103 1560 habeant,
2147 1495 2490 1565 perspicuum
2542 1504 2628 1550 est
2665 1496 3078 1567 Apollinaristas
3105 1500 3426 1553 commentis

1831 1588 1971 1653 illis,
2012 1604 2131 1659 qua:
2167 1589 2234 1642 ab
2260 1588 2463 1644 llilario
2491 1590 2582 1645 lib.
2616 1606 2647 1645 x
2678 1593 3046 1654 confutantur,
3074 1606 3197 1648 esse
3232 1606 3423 1647 recen-

1828 1682 1996 1737 tiores
2029 1698 2042 1735 :
2076 1695 2138 1736 ac
2166 1682 2304 1737 sicut
2337 1682 2604 1754 l'Zutyt-hes
2632 1724 2647 1747 ,
2680 1682 2863 1738 Leutm
2910 1692 3047 1738 teste
3096 1685 3253 1750 epist.
3286 1701 3427 1739 nunc

157 1774 310 1840 [agant
344 1789 435 1844 pro
471 1772 728 1829 Trinitate
776 1785 826 1829 et
864 1792 978 1830 cum
1016 1776 1272 1831 Trinitate
1308 1778 1601 1847 susceptam
1632 1791 1725 1830 νο·
1755 1774 1801 1835 Β
1830 1791 2001 1842 xcvu,
2033 1775 2099 1830 ad
2131 1774 2420 1831 Monachus
2449 1777 2766 1843 l‘almsﬁnm,
2794 1793 2844 1833 c.
2874 1775 2932 1843 2,
2960 1785 3015 1833 et
3038 1776 3190 1842 alibi,
3226 1779 3430 1847 Apotli-

155 1873 230 1916 cat
254 1883 265 1916 :
297 1864 365 1919 ita
391 1865 654 1921 credibile
676 1878 759 1922 est
785 1867 960 1923 Patris
988 1878 1042 1921 et
1066 1867 1184 1924 Filii
1214 1876 1270 1923 et
1292 1866 1525 1937 Spiritus
1553 1871 1721 1925 sancti

155 1957 491 2028 aqualitatem
521 1959 589 2016 ab
614 1959 816 2016 Hilario
838 1962 1103 2018 adversus
1122 1961 1371 2026 Arianos,
1399 1976 1505 2019 non
1532 1962 1720 2021 adver-

153 2063 233 2104 sus
257 2051 666 2111 Macedoniauos
693 2053 860 2110 fuisse
883 2067 1291 2127 prapugnatam.

214 2142 343 2200 XIX.
367 2144 519 2201 Liber
562 2147 792 2203 decimus
817 2159 893 2204 est
927 2160 1106 2204 contra
1150 2167 1349 2208 erraret
1391 2150 1719 2224 Apollinarii.

154 2266 215 2278 --
234 2236 646 2307 Expendendum
680 2240 769 2297 hic
797 2242 982 2308 venit,
1012 2259 1080 2299 an
1123 2260 1228 2300 non
1270 2245 1407 2301 libro
1436 2262 1502 2314 x,
1532 2256 1721 2303 contra

154 2331 547 2399 Aptilliuaristas
570 2334 880 2406 disputetur
905 2356 918 2391 :
951 2353 1059 2393 non
1078 2340 1224 2395 enim
1259 2350 1522 2412 repugnat
1552 2343 1724 2413 magis

153 2424 273 2481 libro
306 2426 629 2485 duodecimo
676 2432 865 2488 aliisve
914 2434 1045 2490 locis
1088 2445 1276 2491 contra
1309 2436 1722 2494 Macedonianos

154 2518 436 2589 diseeptni,
463 2538 630 2591 quain
662 2536 849 2579 contra
881 2526 1297 2596 Apollinaristas
1324 2528 1567 2596 decimo;
1598 2546 1720 2587 eum

155 2611 344 2667 illorum
382 2616 637 2685 princeps
676 2632 820 2673 anno
840 2617 963 2683 560,
992 2619 1184 2676 horum
1230 2632 1409 2677 autem
1440 2637 1547 2679 non
1597 2632 1723 2680 ante

154 2719 330 2763 annum
354 2710 450 2765 '56!
479 2725 643 2781 prava
674 2714 880 2769 sentire
904 2715 1278 2785 deprehensus
1298 2719 1388 2773 sit.
1408 2717 1720 2786 Negandum

153 2812 267 2857 Sane
279 2815 382 2855 non
402 2813 507 2870 est,
523 2812 700 2860 totum
723 2805 914 2861 librum
937 2806 1203 2863 decimum
1220 2810 1481 2878 scriptum
1497 2824 1617 2866 esse
1630 2810 1723 2864 ad—

154 2909 319 2951 versus
361 2912 612 2963 errores.
659 2914 887 2970 quormn
930 2912 1120 2957 auctor
1162 2903 1526 2973 Apollinarius
1564 2902 1722 2974 vulgo

155 2990 483 3047 existimatur.
509 2992 760 3065 Namque
786 3010 815 3049 a
844 3011 992 3051 num.
1018 2998 1084 3052 15
1111 3013 1280 3069 nsque
1306 2999 1371 3053 ad
1403 2998 1497 3065 23,
1529 3014 1724 3070 magno

154 3086 311 3140 studio
331 3086 658 3151 defenditur,
687 3086 957 3145 Christum
1003 3094 1190 3146 verum
1236 3108 1298 3147 ac
1342 3101 1512 3148 totum
1549 3093 1725 3149 homi-

1828 1872 1964 1927 narii
2006 1870 2280 1926 suscitavit
2318 1885 2567 1936 errores;
2598 1872 2667 1924 ita
2694 1870 3086 1941 Apollinarium
3114 1871 3182 1926 ab
3207 1870 3423 1927 Arionis

1826 1979 2115 2035 pravarum
2166 1964 2477 2032 opinionum
2528 1962 2733 2018 semina
2763 1962 3051 2033 collegisse
3088 1972 3143 2018 et
3187 1962 3429 2019 dissemi-

1828 2073 1985 2115 nasse
2010 2074 2027 2121 ;
2080 2072 2176 2111 nec
2204 2056 2429 2127 proinde
2455 2071 2636 2111 earum
2672 2066 2779 2110 tam
2810 2068 3087 2110 auctorem
3117 2055 3423 2111 habendum

1826 2165 1968 2216 esse,
1993 2165 2151 2223 quam
2186 2149 2469 2204 fautorem.
2502 2147 2556 2203 Si
2586 2149 2671 2203 cui
2703 2147 2879 2203 adhuc
2904 2147 3053 2204 dubii
3094 2148 3294 2219 aliquid
3335 2165 3426 2203 sum

1828 2247 2030 2317 pcrsit,
2072 2260 2140 2297 an
2190 2242 2326 2298 liber
2354 2243 2599 2298 decimus
2640 2241 2898 2298 adversus
2927 2240 3157 2297 Arianos
3193 2242 3427 2313 scriptus

1825 2342 1915 2407 sit,
1949 2354 2156 2404 necne;
2200 2338 2488 2409 ipsummet
2508 2337 2705 2392 librum
2732 2336 3002 2404 consulat,
3027 2350 3229 2407 eosque
3251 2339 3421 2407 ipsos,

1826 2435 2020 2505 quibus
2066 2436 2119 2489 in
2162 2433 2532 2505 superioribus
2573 2431 2767 2488 libellis
2794 2446 3117 2502 responsum
3155 2432 3245 2499 sit,
3274 2430 3329 2486 in
3358 2447 3425 2487 co

1825 2529 2045 2585 refutari
2075 2529 2280 2594 audiet,
2308 2543 2433 2584 cum
2481 2529 2583 2583 hoc
2626 2537 2804 2583 tamen
2854 2537 3319 2598 temperamento,
3367 2538 3428 2582 ut
3510 2566 3516 2570 -

1825 2638 1932 2677 non
1974 2622 2082 2692 jam
2126 2620 2270 2692 quod
2315 2635 2508 2678 omnes
2556 2622 2795 2676 unanimi
2835 2634 3123 2688 consensu,
3156 2616 3251 2677 sed
3278 2619 3421 2691 quod

1826 2717 2057 2787 plerique
2081 2732 2257 2769 eorum
2288 2717 2481 2781 volunt,
2515 2715 2839 2770 excutiatur.

1896 2809 2039 2867 XXI.
2073 2809 2219 2879 Opus
2245 2809 2343 2864 hoc
2364 2812 2417 2864 in
2442 2810 2622 2864 exsilio
2655 2808 2844 2865 Hilarii
2861 2807 3415 2879 conscriptum—Sed

1823 2905 1951 2974 quid
1983 2902 2294 2959 moramur?
2325 2903 2437 2958 Hoc
2464 2902 2650 2958 Hilarii
2687 2916 2823 2971 opus
2863 2902 2917 2956 in
2948 2901 3147 2957 exsilio
3167 2901 3311 2956 illius
3339 2904 3423 2955 lu-

1824 2996 2349 3062 cubratum.antiqui
2372 3010 2501 3051 mss.
2522 2995 2681 3051 fidem
2703 2994 2928 3063 faciunt,
2951 2996 3065 3066 ipse
3092 2995 3185 3051 lib.
3211 3009 3336 3061 x,n.
3367 2996 3424 3060 4,

1823 3092 2102 3163 conceptis
2150 3090 2330 3147 verbis
2384 3099 2651 3145 testatur:
2679 3089 2925 3161 adeoque
2973 3091 3277 3147 confectum
3298 3088 3416 3144 fuc-

155 3193 261 3233 nem
287 3193 348 3234 ex
377 3180 556 3236 anima
604 3190 664 3236 et
707 3195 936 3253 corpore
989 3183 1283 3253 perfectum
1332 3187 1721 3257 assumpsisse;
1751 3173 1797 3236 C
1830 3186 1901 3241 rit
1952 3200 2173 3241 necesse
2207 3196 2293 3241 est
2326 3196 2449 3239 ante
2483 3200 2682 3239 annum
2711 3183 2838 3249 560,
2867 3200 2974 3255 quo
2999 3185 3189 3255 patriae
3206 3200 3270 3239 ac
3288 3200 3419 3256 pro-

154 3270 395 3344 simulqne
420 3289 618 3331 eorum
647 3274 911 3333 refellitur
948 3278 1134 3348 opinio
1157 3320 1170 3343 ,
1214 3279 1303 3350 qui
1335 3279 1587 3336 eumdem
1622 3279 1727 3334 Do-

158 3366 337 3422 minum
360 3379 605 3426 nostrum
647 3385 756 3427 non
786 3372 947 3426 modo
974 3387 1208 3437 carnem,
1244 3373 1339 3428 sed
1390 3380 1446 3429 et
1491 3374 1723 3429 animam

156 3457 216 3510 ab
238 3459 393 3515 Adam
421 3473 771 3534 propagatum
811 3465 1117 3532 suscepisrse
1149 3466 1495 3520 arbitrantur.
1522 3465 1725 3537 Imper-

157 3550 331 3607 fectum
358 3566 537 3612 autem
566 3555 841 3613 hominem
863 3602 879 3622 ,
912 3568 967 3611 ut
997 3559 1208 3628 ignorat
1230 3573 1420 3623 nemo.
1449 3574 1479 3613 a
1508 3557 1726 3615 Christo

157 3655 441 3718 susceptum
468 3650 804 3722 pradicahat
838 3649 1246 3722 Apullinarius:
1279 3651 1370 3720 qui
1418 3652 1580 3707 etiam
1606 3693 1620 3718 ,
1669 3662 1723 3707 nt

158 3736 413 3795 Reinesius
446 3757 570 3814 cap.
597 3742 665 3810 2,
699 3743 851 3798 testis
894 3754 970 3798 cst
994 3784 1010 3809 ,
1048 3744 1388 3799 existimabat
1427 3746 1627 3800 animos
1660 3746 1723 3800 ab

157 3828 421 3890 hominibus
464 3836 635 3909 gigni,
669 3844 725 3890 ut
773 3853 807 3890 α
843 3836 1141 3908 corporibus
1189 3853 1447 3906 corpora;
1485 3839 1725 3909 progredi

157 3923 275 3977 euitat
298 3935 350 3979 att
376 3928 800 4001 mulionem
826 3929 980 3997 primi
1006 3928 1227 3983 [taminia
1254 3929 1306 3984 in
1342 3945 1515 3985 omnes
1538 3932 1624 4000 qui
1660 3947 1727 3985 ex

156 4017 235 4072 illo
272 4032 599 4091 generantur.
649 4020 805 4077 Unde
858 4021 1105 4077 Monacbi
1155 4022 1223 4075 ab
1273 4023 1609 4093 Apollinario
1656 4022 1723 4077 ad

157 4110 559 4169 Alexandrinum
588 4114 877 4170 cont-ilium
932 4115 1118 4180 missi,
1152 4125 1207 4169 ut
1246 4130 1276 4169 a
1327 4115 1725 4182 suspicionibus

155 4205 325 4273 quibus
352 4208 644 4276 adspersus
680 4216 799 4263 erat
840 4222 899 4262 se
928 4218 1218 4278 purgaret,
1254 4207 1567 4275 protltentes
1604 4206 1730 4263 Ver-

154 4294 257 4349 bmn
282 4314 345 4352 ea:
366 4298 539 4355 Maria
569 4300 827 4355 hominem
850 4317 959 4356 esse
985 4302 1212 4372 genitum
1247 4301 1436 4371 (Apud
1486 4302 1725 4358 Athana-

156 4390 278 4445 sium
303 4394 459 4463 epist.
494 4394 562 4447 ad
589 4393 887 4460 Antioch),
923 4409 1026 4449 non
1058 4395 1174 4447 sine
1202 4408 1363 4449 causa
1385 4393 1621 4465 adjicere
1649 4396 1727 4450 vi-

156 4480 352 4547 (lentur,
382 4496 633 4554 quantum
653 4486 722 4539 ad
750 4503 953 4540 carnem
983 4488 1195 4551 attinet,
1222 4502 1290 4541 ne
1324 4486 1572 4542 videlicet
1603 4503 1726 4543 sus-

1830 3277 1961 3348 priat
1987 3275 2231 3331 ecclesiae
2278 3274 2517 3330 redditus
2552 3282 2635 3329 est
2654 3316 2667 3338 ,
2717 3283 2771 3330 et
2801 3272 3024 3343 perinde
3050 3284 3180 3330 ante
3205 3286 3423 3329 exortus

1829 3367 2126 3424 Macedonii
2148 3376 2237 3419 aut
2264 3366 2578 3436 Apollinarii
2615 3365 2871 3421 haereses.
2894 3364 3055 3422 Certe
3083 3367 3136 3421 in
3165 3366 3336 3438 patria
3361 3381 3425 3420 ac

1831 3462 2046 3536 propria
2074 3458 2300 3517 ecclesia
2320 3502 2335 3527 ,
2363 3460 2606 3531 quamvis
2636 3459 2840 3528 alteque
2864 3459 3038 3515 exsilii
3071 3460 3422 3531 indulgentia,

1826 3554 1937 3625 jam
1965 3554 2199 3609 manenti
2233 3568 2337 3607 non
2360 3561 2663 3619 congruunt
2709 3550 2826 3606 inec
2856 3551 2978 3607 libri
3023 3566 3056 3607 x
3089 3551 3251 3607 verba
3280 3550 3423 3607 :Lo-

1828 3662 2040 3717 queritur
2063 3644 2265 3700 exsules
2285 3662 2373 3714 per
2394 3645 2487 3699 hos
2508 3644 2663 3698 libros
2689 3666 2705 3697 .·
2728 3650 2775 3697 et
2800 3660 2964 3700 sermo
2994 3643 3108 3708 Dei.
3131 3645 3220 3714 qui
3238 3646 3426 3700 uinciri

1829 3753 1931 3792 non
1960 3747 2145 3808 potest,
2178 3735 2306 3791 liber
2335 3748 2586 3791 excurrat.
2618 3734 2691 3791 Ut.
2715 3735 2861 3790 enim
2890 3735 3026 3804 haec,
3070 3736 3426 3806 quemadmo-

1827 3827 1958 3884 dum
1998 3829 2110 3883 vult
2141 3842 2246 3883 non
2296 3843 2473 3891 nemo,
2509 3843 2631 3882 eum
2663 3825 2899 3882 nondum
2929 3828 3202 3891 exsulem,
3235 3829 3331 3882 sed
3359 3827 3423 3883 ad

1828 3920 2079 3976 exsilium
2137 3922 2321 3976 animo
2374 3920 2653 3975 dumtaxat
2705 3930 2948 3990 paratum
2998 3934 3063 3975 ac
3115 3933 3420 3991 promptum

1829 4013 2031 4069 dixisse
2077 4014 2159 4067 vel
2208 4013 2492 4082 scripsisse
2550 4012 2952 4083 intelligamus,
2999 4013 3102 4067 alia
3147 4028 3267 4085 qua:
3316 4013 3423 4069 illis

1830 4109 2074 4177 proxime
2098 4104 2373 4160 cohaerent
2405 4118 2511 4159 non
2540 4105 2873 4174 permittunt.
2904 4104 3024 4173 Quo
3044 4114 3223 4160 autem
3249 4106 3423 4160 exsilii

1830 4213 1974 4254 anno
2012 4198 2249 4252 animum
2299 4196 2364 4251 ad
2406 4196 2507 4251 hoc
2552 4211 2689 4264 opus
2734 4195 3021 4266 appulerit,
3056 4210 3163 4250 non
3192 4206 3422 4250 constat.

1830 4289 1956 4346 Veri
1989 4298 2174 4346 tamen
2202 4286 2537 4344 simillimum
2564 4297 2649 4343 est
2668 4302 2791 4344 eum
2820 4303 2927 4343 non
2956 4287 3255 4345 distulisse.
3294 4292 3422 4357 quin

1831 4382 1962 4440 illud
1985 4383 2306 4453 susciperet.

1903 4476 2072 4535 XXII.
2102 4477 2229 4532 Tres
2256 4477 2411 4547 priori
2438 4477 2555 4530 libri
2579 4477 2775 4545 pridem
2800 4486 2921 4531 ante
2955 4486 3165 4532 ca'tcros
3186 4478 3423 4533 absoluti.

158 4573 280 4640 picto
311 4576 681 4643 relinquatur,
713 4590 809 4633 eos
846 4576 1121 4632 Christum
1147 4592 1212 4631 ex
1242 4577 1402 4632 Maria
1433 4579 1725 4636 secundum

1834 4602 1904 4615 -
1932 4573 2009 4628 Ex
2032 4573 2189 4629 initio
2217 4571 2395 4641 quarti
2428 4570 2546 4626 libri
2576 4571 2915 4639 perspicuum
2946 4580 3049 4630 est.
3083 4580 3193 4625 tres
3225 4572 3426 4639 primos

158 4668 366 4722 animam
390 4670 631 4740 genitum
654 4671 881 4725 sentire.
910 4670 987 4725 lix
1012 4671 1204 4726 eodem
1238 4670 1468 4725 concilio
1492 4670 1730 4727 Alexan-

159 4761 297 4815 drino
322 4773 567 4834 apparet.
590 4762 977 4834 Apollinarium
1010 4762 1377 4820 insimulatum
1404 4779 1553 4829 esse,
1586 4765 1729 4835 quod

164 4852 372 4909 Verbum
405 4855 617 4910 Domini
643 4866 695 4910 ut
722 4856 776 4912 iu
799 4855 1076 4925 prophetis
1099 4898 1116 4924 ,
1144 4858 1215 4911 ita
1246 4866 1301 4911 et
1332 4857 1384 4912 in
1407 4856 1534 4912 Jesu
1564 4858 1730 4914 fuisse

158 4948 403 5004 crederet.
434 4948 564 5003 Haec
592 4963 753 5019 porro
780 4948 963 5018 Opinio
987 4951 1149 5003 etiam
1184 4956 1401 5003 notatur
1441 4958 1497 5005 et
1530 4948 1727 5020 exploo

159 5035 287 5093 ditur
328 5039 587 5109 prtl'dtcttt
614 5056 669 5095 tt.
698 5040 763 5094 2|
798 5038 918 5095 libri
949 5055 980 5093 ι
1006 5081 1022 5105 ,
1059 5054 1167 5112 quo
1212 5040 1471 5109 deinceps
1515 5055 1613 5110 per
1641 5048 1725 5096 to-

162 5135 256 5183 tum
282 5133 623 5186 confutantur
650 5138 763 5185 tum
794 5129 953 5187 iidem
983 5129 1059 5186 illi
1086 5144 1321 5193 errores,
1348 5138 1460 5186 tum
1488 5132 1729 5187 maxime

163 5218 383 5291 impietas
408 5238 623 5291 eorum,
648 5222 739 5296 qui
765 5221 1035 5279 Christum
1077 5225 1129 5277 in
1159 5237 1255 5278 sua
1294 5222 1576 5279 divinitate
1606 5237 1729 5293 pas-

164 5330 265 5370 sunt
302 5333 421 5374 esse
459 5317 795 5375 asserebant.
827 5316 970 5373 Nihil
1016 5325 1197 5373 autem
1235 5316 1375 5388 apud
1408 5315 1642 5372 Leonem
1669 5323 1727 5372 et

163 5406 279 5462 alios
303 5407 485 5465 Patres
512 5410 838 5476 soleamus,
865 5424 1025 5480 quam
1072 5418 1134 5463 ut
1166 5407 1567 5479 Apollinaristis
1610 5405 1726 5464 hac

165 5494 385 5565 impietas
406 5504 751 5561 attribuatur.

225 5592 331 5652 XX.
361 5594 610 5652 Erramus
633 5596 925 5651 earumdem
952 5606 1182 5651 auctores
1211 5594 1386 5649 Ariani
1405 5595 1460 5648 in
1489 5609 1548 5650 eo
1568 5594 1717 5667 refel-

167 5685 324 5742 luntur
352 5687 462 5744 οδ
506 5703 597 5759 rue
621 5698 799 5743 tamen
826 5686 1096 5742 affirmare
1128 5687 1318 5753 liceat,
1353 5685 1556 5741 nullum
1587 5685 1729 5741 llila-

171 5774 240 5827 th
266 5780 313 5835 in
340 5779 391 5833 hi
444 5779 595 5835 libris
625 5794 748 5835 eum
800 5774 1131 5850 Apollinarlo
1172 5776 1478 5835 conflictum
1526 5776 1729 5840 fuisse.

1835 4670 2031 4739 pridem
2076 4675 2200 4723 ante
2245 4666 2633 4735 subsequentes
2680 4665 2846 4720 fuisse
2872 4665 3170 4721 absolutos.
3212 4665 3425 4720 Plintini

1834 4770 2013 4813 autem
2039 4758 2289 4813 haeresim
2324 4770 2446 4812 tunc
2474 4756 2736 4823 temporis
2762 4758 2966 4812 Hilario
2985 4759 3221 4813 nondum
3245 4766 3427 4813 notam

1833 4851 2001 4907 fuisse
2028 4851 2153 4907 hinc
2177 4851 2535 4921 suspicamur,
2566 4849 2708 4921 quod
2741 4858 3106 4906 commentum
3137 4867 3167 4905 a
3197 4850 3426 4907 Pbotino

1834 4946 2149 5000 suscitatnm
2198 4944 2334 4998 libro
2378 4959 2418 5009 I,
2466 4944 2532 4998 ad
2564 4952 2937 5013 argumentum
2966 4943 3089 5000 libri
3112 4956 3187 4999 vn
3234 4957 3432 5013 prepo-

1835 5053 1991 5102 nens,
2036 5053 2099 5092 se
2129 5036 2221 5093 lib.
2266 5052 2324 5103 tt,
2357 5052 2411 5092 η.
2437 5037 2529 5100 23.
2561 5038 2847 5101 refellens.
2903 5039 2971 5093 de
3012 5036 3115 5092 hoc
3141 5038 3426 5105 utrobique

1834 5126 1943 5196 agit
1974 5124 2133 5179 unius
2158 5122 2419 5179 Echionis
2445 5123 2684 5189 nomine,
2714 5138 2822 5179 non
2846 5123 3065 5181 Photini
3092 5140 3108 5180 :
3136 5122 3314 5195 cujus,
3344 5133 3430 5178 uta

1835 5225 1961 5289 pote
1989 5217 2327 5283 recentioris,
2358 5227 2413 5271 et
2441 5216 2661 5286 perinde
2692 5215 3023 5272 nocentioris
3048 5260 3061 5281 ,
3107 5231 3301 5271 nomen
3331 5231 3428 5285 po-

1836 5313 1941 5368 tius
1966 5311 2378 5383 exprimendum
2403 5320 2540 5379 erat,
2576 5326 2734 5382 quam
2769 5309 3042 5366 Hebioois.
3070 5309 3271 5366 Contra
3299 5324 3431 5363 vero

1836 5406 1975 5464 libro
2026 5422 2121 5473 vn,
2163 5408 2274 5478 jam
2328 5407 2538 5463 doctior
2587 5406 2776 5472 factus,
2817 5414 3224 5478 argumentum.
3280 5402 3425 5477 quod

1834 5499 1975 5556 libro
1988 5499 2272 5557 adversus
2293 5499 2587 5555 Hebinnem
2606 5500 2705 5556 sibi
2721 5507 3095 5570 proposuerat,
3110 5498 3185 5553 ita
3198 5497 3429 5568 prudens

1836 5591 1893 5650 lu
1923 5590 2203 5649 Photinum
2232 5601 2529 5664 retorquet,
2560 5605 2621 5647 ut
2650 5607 2717 5647 ne
2748 5592 3009 5663 propasiti
3038 5592 3321 5645 immemor
3353 5590 3429 5643 vi-

1837 5684 2060 5751 deatur,
2110 5702 2166 5741 n.
2199 5687 2236 5744 ὃ
2261 5696 2317 5744 et
2357 5685 2413 5753 7,
2444 5684 2696 5743 consulto
2738 5692 2945 5755 repetat
2990 5681 3283 5741 liebionem
3310 5696 3433 5738 esse

1840 5772 2147 5835 Phollttum-
