4048 6464
378 267 444 329 Si
1590 280 1837 340 SANC'I'I
1879 282 1980 340 llll.

2094 282 2139 341 11
2176 283 2487 344 EPISCOPI
3608 290 3681 349 59

452 396 509 452 8.
541 394 684 452 Deus
712 395 1103 470 intelligentiam
1130 400 1377 457 melleus
1404 400 1511 472 ﬁde
1536 402 1883 475 attingendus.
1906 432 1976 445 —
1999 402 2053 466 Α
2070 405 2163 468 eui
2203 420 2386 460 nomen
2424 415 2534 461 erat
2560 403 2808 461 Joannes.
2847 403 2945 460 llic
2974 409 3106 463 renit
3135 410 3188 463 in
3219 410 3558 466 testimonium
3577 452 3593 475 ,
3625 422 3681 468 ut

382 487 482 545 liis
511 489 693 560 itaque
725 492 827 561 piat
853 490 1126 561 opinionis
1152 500 1316 564 atque
1341 492 1603 550 doctrina:
1643 494 1835 551 studiis
1861 496 1978 551 ani-

382 593 508 637 mus
550 581 825 647 imbutus,
874 583 926 638 in
972 597 1192 639 secessu
1235 583 1471 656 quodam
1507 601 1573 641 ac.
1614 589 1826 657 specula
1859 588 1981 659 pul~

383 670 673 729 cherrima:
722 673 885 741 hujus
928 674 1216 731 seutemim
1262 676 1672 746 requiescebat,
1724 694 1833 734 non
1876 679 1979 735 sibi

380 764 630 823 relictum
659 766 953 841 quidquam
983 769 1129 825 aliud
1158 784 1190 824 a
1220 781 1409 824 natura
1442 785 1536 824 sua
1568 771 1894 843 intelligens,
1924 772 1979 828 in

382 873 493 931 quo
534 861 710 930 majus
751 860 987 917 cilicium
1028 871 1289 935 praestare
1323 862 1606 919 Conditori
1636 880 1736 919 suo
1765 864 1847 938 (ιι)
1875 865 1979 921 ml-

382 966 554 1007 nusre
579 962 793 1025 posset,
823 968 985 1024 quam
1013 965 1070 1010 ut
1096 965 1301 1012 tantum
1329 972 1453 1013 eum
1478 972 1599 1012 esse
1624 957 1980 1029 intelligeret,

377 1059 613 1117 quantus
638 1055 691 1101 et
719 1045 941 1117 intelligi
971 1064 1077 1101 non
1108 1058 1322 1119 potest,
1351 1056 1409 1105 et
1435 1059 1611 1120 potest
1633 1050 1816 1106 credi:
1845 1050 1975 1107 dum

380 1138 791 1210 intelligentiam
823 1153 873 1194 et
906 1140 1038 1196 lides
1067 1142 1169 1199 sibi
1211 1145 1531 1200 necessaria
1573 1146 1854 1218 religionis
1892 1162 1980 1203 as-

382 1234 585 1299 sumit,
617 1244 671 1289 et
704 1233 941 1290 inllnitas
972 1247 1188 1294 (clerum
1219 1240 1501 1309 potestatis
1528 1240 1760 1297 excedit.

450 1326 503 1382 9.
552 1325 617 1381 In
656 1328 1052 1384 immortalitatis
1088 1347 1228 1400 spem
1266 1332 1487 1405 assurgit
1526 1331 1782 1387 Hilarius.
1831 1332 1979 1389 Hanc

380 1419 511 1473 ratio
527 1420 641 1490 ipsa
670 1420 716 1474 ei
740 1422 941 1475 suadet.
963 1450 1037 1464 ——
1056 1421 1290 1480 Suberat
1304 1436 1480 1480 autem
1506 1426 1759 1481 omnibus
1782 1426 1864 1482 liis
1884 1442 1980 1483 na-

381 1510 572 1565 turalis
600 1511 777 1566 adhuc
804 1527 997 1568 sensus
1018 1556 1033 1579 ,
1066 1523 1123 1568 ιιι
1163 1517 1378 1584 pietatis
1419 1516 1811 1589 professionem
1854 1535 1979 1590 spes

376 1602 559 1673 aliqua
588 1603 917 1679 incorruptae
956 1607 1305 1665 beatitudinis
1341 1612 1550 1678 aleret,
1590 1630 1752 1684 quam
1794 1623 1976 1669 sancta

375 1694 448 1750 de
477 1696 589 1751 Deo
614 1698 801 1768 opinio
830 1709 885 1756 et
914 1700 1040 1757 boni
1081 1718 1261 1760 mores
1288 1705 1522 1775 quodam
1562 1707 1799 1763 victricis
1838 1710 1979 1764 mili-

2082 496 2425 551 testimonium
2450 498 2736 569 perhiberet
2763 500 2829 552 de
2854 499 3068 555 lumine.
3113 500 3237 555 Nou
3272 512 3383 557 erat
3421 503 3512 557 ille
3550 506 3676 573 luat,

2081 588 2173 643 sed
2198 599 2252 641 ut
2278 590 2621 643 testimonium
2648 591 2931 655 perhiberet
2954 596 3019 647 de
3041 592 3250 650 lumine.
3276 593 3411 650 Erat
3428 597 3522 652 lux
3539 614 3680 663 sera,

2081 695 2199 749 quis
2218 679 2479 736 illuminat
2501 698 2699 739 omnem
2720 686 2975 740 hominem
3000 688 3276 743 seuientem
3300 690 3355 744 in
3377 688 3515 746 hunc
3532 708 3682 747 iuua-

2081 774 2224 829 dum.
2251 771 2332 845 (ά)
2358 772 2423 828 lu
2444 777 2637 830 nmudo
2659 788 2789 840 erat,
2820 788 2866 831 et
2892 784 3110 833 mundus
3143 798 3236 850 per
3255 797 3367 836 eum
3393 785 3562 855 [actus
3580 796 3680 850 est,

2080 874 2129 919 et
2156 866 2378 919 mundus
2406 881 2521 920 eum
2551 883 2653 921 non
2682 870 2935 940 cognorit.
2969 869 3038 924 Ιιι
3065 887 3156 926 sua
3180 873 3312 927 seuit
3332 913 3349 939 ,
3380 884 3428 928 et
3455 875 3544 929 sui
3565 891 3680 930 eum

2081 973 2182 1012 non
2221 970 2535 1027 receperunt.
2572 959 2829 1031 Quotquot
2858 972 3027 1016 autem
3056 974 3355 1035 receperunt
3385 982 3502 1020 eum
3526 1008 3540 1033 ,
3588 971 3679 1021 de-

2080 1048 2156 1103 dit
2183 1051 2255 1103 eis
2281 1060 2581 1119 potestatem
2604 1052 2742 1122 ﬁlios
2770 1053 2865 1107 Dei
2893 1054 3008 1124 ﬁeri
3026 1097 3042 1121 ,
3068 1057 3133 1109 iis
3156 1056 3244 1125 qui
3266 1056 3475 1111 credunt
3502 1059 3555 1112 in
3581 1074 3681 1114 uo-

2080 1141 2215 1195 mine
2242 1144 2351 1211 ejus
2371 1158 2389 1195 :
2417 1144 2504 1213 qui
2531 1160 2636 1197 non
2667 1142 2741 1215 (e)
2782 1161 2846 1198 ea:
2883 1146 3129 1217 sanguine
3148 1187 3164 1215 ,
3204 1165 3363 1217 neque
3399 1165 3461 1204 ex
3499 1151 3677 1205 uolun-

2081 1243 2183 1289 tate
2210 1236 2305 1288 riri
2324 1278 2339 1299 ,
2372 1250 2531 1303 neque
2558 1252 2620 1291 ex
2645 1239 2904 1293 voluntate
2942 1242 3144 1308 carnis,
3189 1243 3279 1295 sed
3314 1259 3381 1298 ea:
3421 1242 3527 1299 Deo
3565 1246 3676 1300 uati

2079 1338 2215 1383 sunt.
2250 1326 2320 1382 Et
2356 1326 2573 1383 Verbum
2603 1348 2724 1385 eam
2753 1331 2944 1401 factum
2983 1345 3094 1401 est,
3124 1346 3172 1389 et
3210 1336 3457 1392 habitavit
3495 1340 3548 1393 iu
3588 1356 3681 1393 ιιοο

2080 1421 2156 1476 bis
2177 1436 2197 1476 :
2223 1433 2269 1477 et
2299 1424 2517 1477 uidimus
2541 1423 2762 1494 gloriam
2790 1427 2904 1497 ejus
2925 1468 2938 1490 ,
2968 1427 3185 1499 gloriam
3212 1439 3471 1501 tamquam
3501 1431 3683 1503 unigev

2080 1516 2177 1569 uiti
2202 1530 2233 1569 α
2262 1514 2453 1583 Putre,
2484 1516 2688 1583 plenum
2715 1520 2881 1589 gratia
2904 1531 2952 1574 et
2980 1523 3188 1577 ueritate
3212 1521 3391 1585 (lauri.
3420 1540 3466 1591 ι,
3496 1526 3524 1581 l
3542 1525 3680 1599 ιι).

2080 1606 2301 1663 Prolicit
2332 1626 2483 1664 mens
2515 1610 2651 1664 ultra
2695 1614 2956 1667 naturalis
2993 1627 3186 1669 sensus
3228 1617 3634 1688 intelligentiam
3659 1663 3679 1688 ,

2081 1710 2137 1757 et
2163 1704 2281 1771 plus
2303 1703 2370 1758 de
2396 1702 2505 1757 Deo
2530 1720 2689 1773 quam
2716 1708 3037 1775 opinabatur
3061 1708 3335 1763 edocetur.
3362 1710 3679 1769 Creatorem

379 1788 469 1842 tiae
490 1791 761 1860 stipendio
786 1806 1147 1853 mererentur.
1176 1795 1360 1869 Neque
1384 1800 1527 1854 enim
1555 1799 1760 1857 fructus
1782 1803 1977 1874 aliquis

2089 1796 2225 1848 enim
2258 1809 2417 1849 suum
2450 1796 2616 1850 Demu
2648 1812 2715 1852 ex
2758 1799 2868 1853 Deo
2905 1800 3095 1855 discit:
3128 1800 3363 1857 Verbum
3400 1804 3600 1873 Dirum,
3627 1814 3684 1863 et

378 1892 554 1948 esset,
588 1884 728 1941 bene
770 1885 838 1941 de
884 1885 995 1942 Deo
1039 1889 1283 1957 Opinari:
1332 1907 1456 1946 cum
1500 1908 1715 1948 omnem
1758 1910 1977 1951 sensum

378 1987 530 2029 mors
574 1978 905 2047 perimeret,
955 1989 1013 2035 et
1062 1996 1287 2039 occasus
1328 1984 1545 2052 quidam
1596 2000 1803 2043 natura!
1845 1989 1980 2045 deli-

379 2067 577 2124 eicntis
606 2070 870 2127 aboleret.
902 2072 1072 2132 Porro
1100 2088 1278 2132 autem
1310 2094 1415 2134 non
1456 2095 1578 2137 es~e
1620 2082 1723 2139 hoc
1758 2084 1976 2157 dignum

382 2159 494 2217 Deo
542 2164 679 2218 mtio
727 2164 841 2236 ipsa
893 2168 1187 2237 suadebat,
1235 2171 1522 2228 deduxisse
1571 2190 1692 2231 eum
1742 2180 1795 2231 in
1841 2177 1979 2234 banc

381 2255 693 2327 participem
725 2260 932 2316 consilii
958 2262 1361 2335 prudentiaeque
1384 2266 1545 2322 vitam
1576 2267 1847 2325 hominem
1878 2272 1979 2326 sub

378 2344 679 2403 deiectione
724 2350 937 2407 vivendi
975 2362 1032 2411 et
1065 2358 1369 2413 aeternitate
1412 2360 1710 2416 moriendi:
1744 2372 1801 2417 ut
1832 2363 1882 2418 in
1927 2364 1976 2419 id

378 2446 586 2495 tantum
626 2443 703 2514 (ὁ)
743 2459 850 2501 non
891 2448 1161 2505 essistens
1202 2452 1641 2523 substitueretur,
1674 2471 1742 2510 ue
1779 2455 1979 2512 substi—

381 2540 530 2587 tutus
571 2540 893 2603 exsisteret;
926 2555 1046 2595 cnm
1089 2545 1489 2602 constitutionis
1526 2557 1725 2604 nostra:
1760 2565 1823 2605 ea
1863 2552 1976 2607 sola

368 2640 500 2683 esse
529 2630 665 2685 ratio
696 2632 1101 2705 intelligeretur,
1134 2647 1190 2691 ιιι
1217 2640 1359 2707 quod
1391 2655 1497 2696 non
1531 2651 1675 2697 esset
1712 2659 1829 2698 esse
1869 2657 1979 2700 cte-

382 2720 550 2791 pisset
576 2765 593 2789 ,
625 2738 732 2781 non
761 2736 818 2781 ut
846 2728 989 2797 quod
1019 2731 1274 2799 cmpisset
1302 2747 1423 2787 esse
1453 2750 1559 2789 non
1589 2742 1752 2791 esset.

453 2816 542 2871 10.
588 2817 746 2889 Spem
780 2838 844 2876 ac
875 2820 970 2876 Dei
1007 2826 1245 2880 notitiam
1281 2838 1434 2899 auget
1473 2828 1694 2885 Joannis
1736 2830 1975 2903 Evange-

376 2907 524 2965 liunt.
548 2939 623 2952 --
642 2911 987 2985 Fatigabatur
1013 2926 1191 2974 autem
1219 2921 1450 2988 animus,
1484 2926 1674 2992 partim
1704 2939 1825 2989 suo,
1858 2939 1979 2992 par-

375 3005 472 3059 tim
502 3007 747 3075 corporis
774 3020 944 3065 metu.
986 3012 1239 3079 Quicum
1284 3026 1340 3070 et
1378 3028 1714 3073 constantem
1757 3026 1979 3074 senten-

378 3096 506 3153 tiam
535 3115 687 3155 suam
720 3102 804 3172 pia
832 3103 899 3158 de
932 3106 1041 3161 Deo
1067 3105 1398 3175 professione
1429 3112 1682 3167 retineret
1706 3152 1720 3174 .
1750 3119 1806 3168 et
1830 3112 1978 3167 solli-

2081 1889 2222 1959 apud
2257 1890 2422 1945 Deum
2453 1891 2505 1946 in
2539 1892 2800 1963 principio
2827 1908 2948 1948 esse
2972 1895 3142 1950 audit.
3187 1896 3369 1951 Mundi
3412 1899 3590 1953 lumen
3623 1900 3678 1954 in

2083 1982 2284 2039 mundo
2314 1998 2571 2050 manens,
2602 1991 2658 2038 et
2684 2000 2715 2040 a
2747 1984 2947 2040 mundo
2975 2002 3082 2041 non
3114 1989 3452 2060 recognitum
3485 1991 3684 2048 intelli-

2079 2075 2176 2143 git.
2210 2073 2527 2131 Venientem
2552 2091 2768 2147 quoque
2795 2080 2847 2133 in
2874 2093 2970 2134 sua
2989 2119 3006 2145 ,
3038 2094 3068 2134 a
3095 2080 3209 2135 suis
3234 2096 3340 2137 non
3368 2090 3641 2154 receptum
3665 2102 3679 2139 :

2082 2167 2406 2239 recipientes
2435 2179 2614 2225 autem
2645 2172 2747 2226 sub
2775 2171 2898 2228 lldei
2926 2188 3041 2229 suze
3080 2175 3273 2230 merito
3312 2178 3366 2230 in
3410 2177 3503 2233 Dei
3544 2178 3684 2233 lilios

2080 2262 2375 2334 profecisse
2415 2266 2725 2335 cognoscit;
2771 2281 2877 2321 non
2919 2282 2983 2321 es
3021 2269 3313 2339 complexu
3342 2274 3559 2337 carnis,
3589 2287 3683 2325 nc-

2079 2373 2185 2429 quc
2213 2373 2279 2413 ex
2309 2368 2573 2429 conceptu
2615 2360 2925 2430 sanguinis,
2966 2376 3140 2432 neque
3168 2378 3235 2417 ex
3275 2378 3565 2434 corporum
3598 2364 3679 2438 (ί)

2082 2452 2391 2519 voluntate,
2443 2450 2539 2506 sed
2578 2467 2643 2505 cs
2690 2451 2801 2507 Deo
2845 2460 3019 2508 natos.
3054 2453 3257 2511 Deinde
3298 2453 3552 2528 (supple.
3584 2471 3682 2511 co-

2079 2543 2326 2613 gnoscit)
2363 2542 2592 2599 Verbum
2636 2557 2858 2600 carnem
2899 2545 3136 2613 factum,
3186 2554 3241 2603 et
3306 2548 3576 2605 habitasse
3622 2553 3679 2605 in

2082 2636 2240 2691 nobis
2263 2676 2280 2703 ,
2323 2644 2381 2692 et
2420 2636 2647 2707 gloriam
2689 2646 3034 2709 conspectam
3070 2639 3226 2710 ejus,
3258 2657 3378 2712 qua:
3409 2655 3680 2715 tamquam

2082 2732 2227 2787 unici
2255 2746 2285 2788 a
2320 2741 2501 2801 patre,
2528 2734 2601 2787 sit
2628 2732 2861 2802 perlecta
2891 2750 3013 2789 cum
3045 2734 3214 2806 gratia
3244 2743 3304 2791 et
3328 2735 3575 2792 veritate.

2154 2826 2241 2882 ll.
2279 2823 2448 2879 Filius
2488 2823 2587 2880 Dei
2628 2825 2788 2880 Deus.
2848 2825 3014 2881 Filios
3040 2826 3138 2881 Dei
3164 2828 3278 2898 ﬁeri
3318 2838 3544 2900 potestas
3570 2840 3680 2896 est,

2084 2935 2189 2974 non
2217 2920 2516 2974 necessitas.
2550 2917 2718 2974 Filius
2745 2918 2842 2973 Dei
2868 2924 3037 2991 [actus
3064 2921 3248 2988 homo,
3279 2931 3336 2975 ut
3362 2921 3513 2976 tioruo
3543 2922 3686 2989 ﬁeret

2081 3016 2222 3086 ﬁlius
2270 3014 2386 3069 Dei.
2431 3013 2670 3070 Christus
2699 3031 2847 3070 serus
2877 3015 3017 3072 Deus
3043 3027 3089 3071 et
3118 3033 3264 3072 serus
3292 3016 3465 3073 homo.
3493 3048 3567 3061 —
3589 3018 3685 3075 llic

2077 3109 2189 3180 jam
2224 3125 2377 3167 mens
2408 3110 2617 3181 trepida
2648 3118 2705 3165 et
2734 3110 2888 3166 auxia
2919 3112 3040 3183 plus
3078 3113 3196 3183 spei
3239 3112 3441 3169 invenit
3464 3156 3479 3180 ,
3522 3130 3681 3184 quant

378 3192 541 3248 citam
568 3194 641 3251 de
666 3210 729 3251 se
756 3206 918 3268 atque
950 3199 1055 3257 bne
1082 3215 1341 3258 occasum
1370 3221 1584 3271 secum,
1630 3217 1687 3261 ut
1726 3206 1974 3277 putabat,
2004 3206 2050 3272 C
2082 3206 2447 3273 exspectabat.
2482 3207 2558 3260 Ac
2587 3206 2818 3275 primum
2863 3206 2930 3261 ad
2968 3206 3330 3279 cognitionem
3378 3208 3468 3263 Dei
3515 3212 3681 3280 patris

381 3284 686 3343 habitacqu
718 3305 817 3345 suo
853 3308 1039 3348 curam
1081 3298 1409 3367 recepisset.
1454 3308 1573 3367 post
1612 3302 1972 3371 cognitionem

381 3376 517 3450 legis
553 3394 617 3436 ac
661 3382 1043 3452 tuaplietarum
1085 3389 1239 3445 istius
1278 3390 1422 3447 modi
1460 3406 1674 3463 quoque
1717 3392 1978 3448 docti-inte

390 3474 718 3544 evangelica
746 3488 907 3549 atque
933 3483 1244 3551 apostolicae
1273 3484 1513 3540 instituta
1560 3487 1870 3557 cognoscit:
1914 3484 1980 3539 lu

380 3567 639 3639 principio
672 3580 781 3624 erat
822 3570 1041 3627 Verbum
1064 3618 1079 3639 ,
1121 3586 1168 3629 et
1204 3574 1423 3631 Verbum
1463 3587 1571 3631 erat
1610 3578 1751 3648 apud
1784 3576 1941 3631 Deum
1963 3619 1977 3641 ,

384 3668 433 3714 et
453 3659 591 3715 Deus
612 3676 719 3717 erat
752 3662 985 3721 Verbum.
1013 3667 1129 3723 Hoc
1146 3678 1258 3725 erat
1277 3671 1333 3724 in
1358 3672 1609 3739 principio
1631 3673 1771 3741 apud
1796 3668 1979 3726 Deum.

386 3752 575 3809 Omnia
613 3773 704 3825 per
741 3760 911 3825 ipsum
951 3766 1091 3832 facta
1131 3774 1281 3828 sunt,
1312 3774 1361 3818 et
1390 3764 1500 3818 sine
1528 3764 1644 3835 ipso
1679 3765 1871 3833 factum
1914 3774 1985 3817 est

380 3847 533 3903 nihil.
580 3849 731 3915 Quod
760 3852 835 3926 (ε)
866 3856 1055 3922 factum
1087 3868 1159 3909 est
1189 3858 1240 3911 in
1279 3874 1371 3923 eo,
1411 3859 1515 3912 vita
1554 3867 1665 3921 est.
1701 3866 1749 3912 et
1794 3859 1897 3911 vita
1922 3859 1981 3929 8

380 3951 497 3997 erat
524 3942 616 3998 tua:
644 3946 943 4014 hominum,
976 3960 1024 4004 et
1055 3948 1149 4004 lux
1175 3952 1305 4006 lucet
1334 3952 1387 4005 in
1418 3953 1669 4016 tenebris,
1700 3962 1746 4005 et
1773 3950 1991 4006 tenebra:

387 4054 499 4093 eam
530 4056 630 4095 non
662 4044 1173 4112 coruprellenderunt.
1212 4044 1337 4101 Fuit
1368 4047 1519 4101 homo
1557 4046 1746 4101 missus
1782 4061 1816 4099 a
1846 4047 1953 4100 Deo
1972 4085 1988 4111 ,

460 4178 536 4252 ((⁸)
563 4180 718 4247 Antid
756 4182 885 4238 Bad.
923 4197 979 4239 et
1018 4186 1069 4239 in
1098 4202 1205 4241 uno
1234 4203 1335 4242 ms.
1362 4187 1515 4243 Coll).
1547 4186 1768 4240 muneris
1791 4186 1892 4239 sui.
1923 4183 1976 4238 In

388 4250 549 4328 editis
578 4253 731 4319 aliis,
766 4272 1025 4328 munusve.
1062 4258 1227 4324 Magis
1260 4260 1578 4328 placetcum
1607 4258 1821 4312 duobus
1849 4271 1979 4311 mss.

388 4324 544 4376 Coll».
573 4340 780 4379 necnon
807 4327 1063 4384 German.
1094 4324 1338 4386 minusue.

464 4395 539 4467 (b)
566 4396 726 4451 Abest
754 4416 854 4451 non
881 4401 950 4452 ab
978 4415 1085 4454 uno
1106 4418 1205 4455 ms.
1231 4403 1381 4457 Colb.
1406 4398 1816 4469 male:pct'inde
1840 4399 1984 4453 enim

392 4477 477 4521 est
513 4484 611 4519 non
640 4470 883 4523 exsisteus
927 4472 1339 4537 substiturremr,
1379 4488 1441 4527 ac
1476 4489 1539 4527 ea:
1579 4490 1678 4526 twn
1718 4473 1986 4525 exsistam:

392 4538 731 4613 ι’σιιιιιτιηιιιν.Δ
766 4542 964 4605 Porro,
1011 4544 1347 4609 substituere,
1404 4558 1502 4613 pro
1550 4560 1725 4597 creare
1772 4558 1983 4596 rursum

396 4619 685 4681 usurpatur
717 4611 857 4668 infra
890 4614 986 4669 lib.
1028 4631 1078 4671 εἰ
1102 4659 1117 4679 ,
1157 4634 1212 4670 ιι.
1253 4617 1354 4681 l8,
1392 4611 1531 4669 sicut
1566 4624 1620 4669 et
1655 4632 1684 4668 τι
1730 4613 1986 4669 Paustioo

397 4680 597 4756 llilario
646 4695 831 4738 nostro
878 4701 995 4756 a-qu

397 4755 556 4805 etiam
598 4756 854 4827 particula
892 4755 984 4823 ue,
1022 4775 1142 4827 qum
1180 4770 1236 4813 ιιι
1274 4759 1390 4821 llic,
1432 4759 1501 4811 ita
1526 4769 1576 4813 et
1606 4758 1776 4821 alias,
1807 4772 1901 4821 pro
1930 4766 1983 4809 ut

399 4840 501 4875 non
526 4826 722 4895 rzepius
748 4827 990 4893 cll'vrlur,
1021 4826 1140 4886 scil.
1180 4839 1237 4885 ut
1282 4847 1385 4885 non
1432 4829 1753 4892 exsisteret,
1798 4834 1980 4894 postea

395 4910 555 4963 quam
582 4900 895 4953 exsistentia
921 4902 1151 4955 donatus
1182 4912 1285 4956 est.
1327 4902 1470 4953 idem
1508 4908 1880 4968 argumentum
1916 4898 1986 4951 de

401 4968 798 5024 immortalitate
825 4971 1055 5026 bomiuis
1080 4987 1184 5027 non
1217 4974 1394 5027 minus
1422 4971 1565 5026 clare
1595 4977 1875 5026 tractatum
1905 4971 1984 5023 \i—

402 5039 540 5092 desis
569 5040 620 5091 in
650 5042 782 5107 psal.
813 5057 1007 5107 cmu,
1038 5043 1111 5097 lit.
1146 5045 1247 5104 14.
1277 5061 1330 5098 n.
1371 5046 1414 5097 Ι.

473 5107 547 5184 (ε)
578 5110 699 5165 "mc
727 5114 918 5176 verba,
946 5115 1082 5184 quod
1108 5116 1302 5183 factum
1338 5125 1441 5177 est.
1475 5128 1598 5169 cum
1636 5110 1990 5184 przecedenti-

404 5182 504 5257 lius
527 5182 758 5257 jungunt
784 5182 981 5249 vulgati
1005 5228 1019 5250 ,
1046 5182 1166 5257 qm-
1191 5185 1549 5256 disjuugcuda
1577 5182 1698 5239 esito.
1724 5184 1890 5257 liquet
1923 5196 1989 5237 es

2081 3300 2358 3354 imbuitur.
2396 3299 2457 3354 Et
2490 3299 2634 3370 quod
2667 3311 2820 3355 antea
2851 3304 2921 3355 de
2946 3300 3219 3357 Creatoris
3248 3305 3328 3358 sui
3359 3309 3684 3367 aeternitate,

2077 3399 2137 3446 et
2178 3392 2477 3454 iulinitate.
2521 3402 2577 3446 et
2615 3392 2830 3461 specie,
2874 3392 3100 3449 naturali
3139 3408 3302 3451 sensu
3344 3396 3683 3464 apinabatur,

2084 3484 2171 3539 llic
2197 3500 2340 3539 nunc
2372 3485 2648 3554 proprium
2675 3499 2798 3541 esse
2825 3485 2986 3541 etiam
3018 3487 3291 3559 unigenito
3322 3490 3431 3544 Deo
3458 3491 3647 3556 accipit
3671 3508 3684 3543 ε

2085 3575 2165 3647 (9)
2216 3592 2323 3631 non
2371 3578 2423 3632 in
2467 3576 2600 3630 deos
2645 3576 2804 3632 iidem
2850 3578 3071 3644 laxans,
3115 3580 3238 3648 quia
3282 3596 3349 3636 ex
3378 3581 3485 3637 Deo
3518 3581 3685 3637 Deum

2082 3670 2269 3732 audit;
2311 3686 2417 3724 non
2461 3669 2527 3721 all
2570 3677 2777 3725 naturae
2816 3670 3187 3727 diversitatem
3220 3672 3300 3743 (h)
3332 3674 3384 3727 in
3419 3673 3583 3729 Deum
3614 3690 3685 3729 es

2091 3764 2202 3819 Deo
2249 3763 2557 3827 decedens,
2608 3764 2669 3837 θ
2710 3766 2836 3834 quia
2880 3766 3094 3835 plurimi
3143 3770 3312 3837 gratia
3361 3776 3417 3823 et
3460 3772 3689 3826 veritate

2094 3857 2263 3911 Deum
2304 3872 2369 3910 es
2418 3857 2528 3909 Deo
2572 3856 2767 3922 discit;
2813 3872 2988 3927 neque
3032 3867 3420 3931 prmpostcrum
3464 3878 3530 3918 es
3581 3863 3692 3917 Dro

2095 3949 2260 4004 Deum
2296 3950 2566 4011 sentit-us,
2613 3952 2734 4018 quia
2781 3952 2833 4006 in
2880 3954 3145 4023 principio
3182 3955 3326 4024 apud
3374 3956 3539 4011 Deum
3570 3971 3692 4013 esse

2096 4043 2266 4098 Deum
2290 4045 2571 4113 comperit.
2609 4044 2956 4101 Rarissimsm
2996 4046 3192 4103 deinde
3236 4046 3399 4119 huius
3439 4048 3692 4104 salutaris

2087 4202 2190 4239 non
2229 4184 2539 4256 itt_dtt0ﬂtm
2583 4199 2848 4256 numerum
2887 4184 3111 4256 veritatis
3140 4184 3437 4256 diversitate
3464 4185 3690 4256 referen-

2089 4257 2231 4309 dum.
2264 4254 2498 4324 Utraque
2529 4256 2615 4309 illa
2655 4254 2812 4309 lcetio
2846 4255 3153 4310 conﬁrmari
3194 4267 3364 4319 potest
3392 4271 3457 4313 ex
3489 4254 3585 4313 lib.
3616 4275 3689 4325 iv,

2090 4344 2145 4383 ιι.
2184 4330 2249 4393 ὁ,
2292 4326 2381 4381 ιιΙιί
2419 4326 2600 4381 Ariani
2652 4327 2784 4380 hanc
2819 4327 3145 4395 improhandi
3186 4326 3446 4383 hontousii
3480 4345 3693 4383 causam

2088 4400 2561 4473 comminiscuntur,
2588 4400 2722 4459 quod
2756 4400 3029 4473 secundum
3073 4399 3210 4452 verbi
3248 4401 3415 4473 hujus
3429 4401 3693 4473 signiﬁrm

2091 4473 2274 4526 tionem
2304 4485 2367 4523 ra:
2392 4472 2637 4523 divisione
2664 4479 2887 4535 paterna?
2914 4471 3209 4525 substantiae
3234 4470 3341 4525 esse
3369 4470 3536 4527 Filius
3559 4474 3694 4525 exis-

2091 4544 2327 4606 timetur;
2354 4552 2615 4612 tnmquam
2646 4542 2874 4613 desectus
2910 4557 2971 4593 ex
2997 4559 3055 4613 eo
3093 4544 3245 4613 fuerit
3262 4583 3277 4603 ,
3304 4542 3375 4597 ita
3401 4553 3456 4597 ut
3482 4544 3535 4596 in
3563 4545 3695 4597 duos

2090 4615 2155 4668 sit
2180 4630 2262 4667 res
2287 4630 2392 4667 una
2416 4610 2599 4666 diuisa.
2631 4613 2687 4667 Si
2717 4610 2971 4675 ιιι-τήθης
2998 4610 3211 4667 Ιιίιξίιοιι
3246 4615 3297 4667 iu
3336 4617 3465 4668 duos
3485 4656 3499 4679 ,
3531 4615 3691 4670 tacita

1015 4688 1065 4741 ιιι
1105 4671 1366 4742 adversus
1414 4686 1599 4740 Arian.
1650 4684 1982 4741 Attendenlla
2016 4671 2064 4731 Ι)
2091 4685 2434 4758 intelligenda
2466 4696 2548 4737 cst
2576 4700 2678 4758 uox
2707 4671 2858 4758 deos,
2888 4699 3008 4747 mare
3035 4684 3170 4758 inira
3200 4701 3253 4758 n.
3289 4686 3375 4745 l7.
3408 4671 3685 4758 ita'expri.

2087 4755 2284 4812 mituri
2335 4755 2516 4810 Edorti
2564 4755 2803 4807 divinitus
2844 4771 3001 4823 neque
3034 4755 3163 4808 duos
3199 4757 3320 4808 deos
3368 4756 3683 4824 prtcdicnrc,

2086 4844 2244 4897 neque
2269 4828 2429 4880 solum
2448 4844 2464 4878 :
2481 4838 2530 4879 et
2553 4844 2603 4880 ιι.
2622 4826 2722 4879 2t:
2744 4824 2853 4879 Nec
2879 4827 3007 4879 duos
3030 4828 3169 4888 deos,
3185 4844 3278 4881 nec
3304 4828 3589 4882 solitarium
3611 4846 3696 4881 re—

2082 4916 2198 4953 rum
2224 4897 2387 4951 Deam
2412 4898 2820 4965 prtrtlicaoimus.
2850 4897 2993 4951 Idem
3020 4900 3245 4952 habetur
3269 4898 3360 4953 lib.
3385 4914 3496 4965 rut,
3518 4916 3572 4954 ιι.
3599 4898 3692 4954 29.

2165 4969 2248 5037 lli)
2281 4972 2530 5023 Erasmus
2560 4983 2620 5022 ac
2649 4978 2768 5037 post
2790 4984 2913 5022 eum
2944 4970 3110 5038 |.ips.,
3142 4968 3303 5022 Deum
3329 4986 3391 5023 ea:
3419 4968 3528 5024 Deo
3557 4972 3696 5024 deci-

2091 5034 2249 5094 dens.-
2279 5041 2419 5109 quod
2453 5055 2557 5094 nou
2603 5034 2937 5108 displiceret,
2971 5034 3019 5095 si
3061 5040 3275 5093 adesset
3312 5041 3539 5111 alicujus
3588 5058 3691 5095 tus.

2098 5115 2410 5167 auctoritas.
2444 5112 2709 5166 Arriserat
2736 5112 2896 5165 etiam
2936 5127 3057 5165 cum
3095 5116 3382 5166 Veteri-imo
3405 5112 3595 5167 codice
3634 5113 3693 5169 Β.

2102 5182 2241 5237 Petri
2271 5187 2322 5238 in
2356 5184 2631 5247 Vaticano,
2657 5184 2710 5235 in
2742 5183 2900 5235 Deum
2932 5182 3092 5235 Deum
3118 5182 3388 5238 decidens:
3419 5184 3523 5239 Sed
3551 5184 3694 5239 auti-

399 5252 491 5307 lib.
527 5270 592 5309 ιι.
624 5269 676 5307 ιι.
712 5256 805 5318 l9,
838 5258 923 5309 ubi
953 5252 1178 5323 deinde,
1209 5252 1478 5326 quomodo
1504 5267 1558 5311 et
1595 5257 1682 5311 hic
1717 5268 1814 5321 pro
1847 5255 1899 5306 in
1936 5268 1995 5304 eo
2097 5256 2408 5326 quinotarii
2438 5256 2608 5326 multa
2634 5254 2827 5326 passim
2859 5254 3114 5307 mutantis
3156 5256 3349 5326 nimios
3386 5270 3547 5309 ausus
3587 5254 3695 5308 [ιιι-

405 5335 503 5379 υιια
529 5337 654 5388 ιονιιι,
676 5330 1008 5394 reposuimus
1034 5331 1085 5382 in
1110 5348 1168 5382 eo
1194 5331 1292 5381 vim
1316 5339 1388 5383 t’sl
1412 5330 1648 5383 omnium
1673 5340 1839 5398 prope
1859 5341 1988 5398 mss.

400 5398 737 5452 auctoritate.
780 5399 852 5454 De
879 5401 1220 5457 distinctione
1260 5404 1547 5459 verborum
1583 5395 1741 5465 huius
1777 5395 1880 5452 loci
1919 5396 1995 5449 ιι-

405 5470 614 5524 domtus
644 5472 957 5525 Ambrosius
984 5474 1073 5528 lib.
1108 5490 1162 5529 ιιι
1191 5475 1257 5527 tle
1288 5474 1501 5539 Fide,c.
1531 5473 1582 5528 6.

481 5542 566 5608 (ά)
595 5540 842 5595 Vetusius
868 5544 1039 5600 Codex
1065 5545 1216 5600 Coll).
1253 5546 1311 5598 In
1340 5548 1436 5599 hoc
1456 5546 1666 5599 mundo.

480 5612 556 5679 le)
585 5613 721 5667 Elliti
743 5656 755 5677 .
785 5630 847 5669 ex
872 5619 1234 5681 sanguinibtts:
1264 5618 1617 5672 rmitentibus
1646 5629 1775 5669 mss.

482 5684 558 5755 (θ’)
588 5686 625 5739 ιι
648 5686 826 5738 nsilicm
845 5686 1114 5743 νειιιινειιιιιξ
1134 5692 1524 5745 wtnstissmms
1552 5686 1717 5742 codex
1739 5700 1860 5740 cum
1885 5684 1996 5754 ple~

411 5758 592 5824 riStptc
618 5756 891 5811 aliis-nhs.
923 5761 1194 5820 voltu/irate.

486 5832 558 5888 :‘m
590 5826 709 5879 ηις,
740 5826 887 5881 (Tolli.
917 5838 965 5883 ct
993 5832 1172 5885 licrm.
1204 5850 1299 5887 nm
1326 5835 1374 5885 it:
1402 5832 1561 5884 dies:
1590 5840 1636 5880 ct
1665 5825 1798 5881 infra
1827 5844 1857 5879 ιι
1907 5825 1993 5878 Ἣ.

2101 5325 2385 5387 midamus.
2414 5327 2502 5380 ubi
2524 5325 2705 5378 nullus
2727 5324 2862 5379 alius
2887 5326 3053 5378 cmlex
3080 5325 3417 5394 solli-agatur.
3442 5326 3695 5393 Plerique

2101 5413 2231 5452 mss.
2260 5414 2380 5452 cum
2410 5397 2539 5451 Bad.
2568 5398 2620 5451 in
2655 5396 2785 5455 Deo.
2810 5396 2889 5449 vel
2912 5398 2963 5451 in
2996 5395 3183 5457 Deum,
3210 5413 3272 5449 ex
3301 5396 3406 5450 Deo
3430 5396 3692 5455 decidens.

2104 5469 2207 5525 Alii
2235 5471 2419 5541 proba!
2449 5481 2588 5524 uotae
2619 5484 2744 5523 cum
2776 5468 2896 5523 Par.
2927 5469 2979 5522 in
3010 5466 3170 5520 Deum
3197 5486 3257 5521 ex
3289 5465 3397 5541 Deo
3427 5470 3693 5523 decedens.

2105 5539 2259 5610 Quod
2295 5546 2372 5597 sic,
2408 5540 2629 5610 intelligi
2665 5541 2946 5594 commode
2972 5551 3162 5609 queat:
3195 5556 3299 5593 non
3327 5539 3597 5596 decedens
3626 5541 3692 5595 ad

2108 5555 2259 5610 Quod
2295 5558 2372 5597 Sit".
2408 5555 2574 5597 intem
2616 5557 2629 5595 ι
2665 5555 2946 5594 commune
2972 5555 3162 5609 (preat:
3195 5556 3299 5593 non
3327 5555 3597 5596 accedens
3626 5555 3691 5595 au

2108 5615 2461 5669 iuvehonilam
2489 5613 2539 5665 in
2574 5555 2764 5667 gilium
2784 5654 2799 5675 ,
2823 5612 2911 5681 qui
2949 5612 3084 5681 licus
3114 5624 3176 5665 es
3200 5610 3322 5681 ineo
3346 5620 3457 5670 cst.
3491 5624 3697 5669 ιιιιιιιι·ιυ

2108 5686 2494 5741 diversitatem.
2528 5679 2855 5756 Legcntibus
2879 5684 2931 5736 in
2961 5679 3068 5756 Deo
3095 5680 3319 5756 ex-peo,
3352 5684 3601 5756 supplere
3630 5681 3695 5736 li-

2105 5768 2191 5811 ενι
2220 5758 2515 5811 credendam
2548 5750 2669 5808 ante
2696 5753 2940 5809 decedens
2969 5753 3050 5808 vel
3082 5750 3334 5806 drrirlms.
