4048 6472
505 334 576 391 39
1690 334 1933 394 SANCTI
1973 332 2227 393 lllLARll
2267 333 2575 393 EPISCOPI
3732 336 3804 393 ω

505 446 735 502 locuturi
766 446 858 503 Dei
898 447 1101 513 verbis,
1142 463 1361 506 sensum
1410 458 1590 508 tamen
1628 464 1873 510 nostrum
1919 470 2099 510 rerum
2128 452 2177 512 Δ
2206 452 2334 508 olim
2360 453 2564 508 editam
2591 450 2898 523 proferens,
2929 459 2984 508 et
3006 449 3232 510 subdole
3260 466 3380 523 eos,
3405 466 3472 511 at:
3497 467 3595 527 per
3621 453 3671 509 id
3703 455 3803 509 im-

504 554 814 598 nostrarum
843 540 1025 612 specie
1059 542 1384 600 imbuentes.

572 655 666 710 ΞΟ.
711 655 854 711 Ordo
897 655 1053 711 totius
1092 657 1280 730 operis.
1308 657 1479 714 -—Ac
1521 658 1756 731 primum
1810 660 1882 716 ita
1936 661 2101 715 totius

502 750 688 820 operis
723 749 943 805 modum
976 748 1417 820 temperavimus,
1456 759 1517 806 ut
1552 749 1868 820 aptissimus
1916 752 2101 823 legen-

501 843 635 899 tium
674 842 1007 914 profectibus
1056 858 1425 901 counexornm
1468 844 1571 901 sibi
1609 844 1913 902 libellorum
1963 846 2101 902 ordo

500 936 838 993 succederet.
870 935 1011 992 Nihil
1036 938 1182 993 enim
1220 938 1636 1009 incompositum
1662 938 2099 1012 indigestumque

500 1031 701 1101 placuit
740 1031 979 1088 afferre:
1009 1048 1079 1087 ne
1124 1034 1305 1103 operis
1334 1032 1636 1089 inordinata
1675 1036 1958 1105 congeries
1986 1051 2099 1091 rus-

500 1125 663 1179 ticum
692 1124 982 1196 quemdam
1026 1126 1309 1180 tumultum
1357 1124 1664 1197 perturbata
1709 1128 2097 1184 vociferatione

499 1218 785 1288 pra-heret.
811 1218 919 1275 Sed
947 1218 1068 1290 quia
1111 1219 1291 1276 nullus
1336 1234 1434 1290 per
1462 1230 1730 1292 prternpta
1762 1237 2097 1278 conscensus

497 1318 603 1376 est,
653 1311 756 1366 nisi
796 1312 1085 1367 substratis
1124 1312 1385 1381 paulatim
1425 1313 1683 1384 gradibus
1713 1315 1920 1371 feratur
1946 1331 2098 1387 gres-

495 1418 591 1459 sus
615 1403 683 1460 ad
711 1419 950 1471 summa;
984 1422 1085 1461 nos
1107 1420 1324 1478 quoque
1353 1408 1596 1478 quaedam
1633 1411 1914 1481 gradiendi
1946 1411 2095 1467 initia

494 1496 826 1565 ordinantes,
872 1498 1097 1554 arduum
1138 1499 1242 1557 hoc
1293 1500 1663 1571 intelligentia:
1710 1504 1814 1560 iter
1841 1504 1919 1577 (a)
1954 1506 2095 1562 clivo

494 1591 647 1662 quasi
673 1592 923 1649 molliore
953 1593 1242 1649 lenivimns
1273 1609 1380 1651 non
1410 1595 1517 1668 ιε
1537 1597 1647 1666 jam
1677 1598 1934 1668 gradibus
1961 1600 2095 1655 inci-

494 1698 637 1750 sum,
691 1686 786 1742 sed
829 1685 1054 1756 planitie
1104 1686 1432 1758 subrepente
1480 1690 1766 1759 devexum,
1818 1704 1873 1747 ut
1922 1707 2093 1765 prOpe

492 1778 613 1832 sine
654 1778 1033 1836 scandentinm
1079 1794 1278 1847 sensu,
1330 1782 1572 1838 euntium
1629 1784 1913 1856 proficeret
1963 1800 2087 1841 con-

492 1885 740 1927 δοεηδιιε.

560 1984 653 2041 2i.
700 1984 843 2054 Quid
886 1986 1145 2042 contineat
1186 1987 1313 2043 liber
1346 1989 1618 2044 secundus.
1660 2018 1734 2031 --
1775 1988 1902 2047 Post
1946 1989 2091 2048 hunc

489 2081 636 2137 enim
663 2079 822 2152 primi
850 2078 1008 2153 hujus
1029 2083 1300 2139 sermonis
1327 2083 1588 2150 libellum,
1621 2100 1852 2156 sequens
1892 2084 1962 2139 ita
2003 2101 2087 2142 sa-

489 2182 829 2229 cramentum
853 2173 1046 2231 edocet
1070 2174 1265 2230 divina:
1291 2176 1675 2248 generationis,
1702 2187 1760 2233 ut
1783 2176 2087 2248 baptizandi

489 2263 543 2318 in
575 2263 735 2319 Patre
761 2273 817 2320 et
843 2249 1062 2320 Filio-et
1101 2263 1307 2334 Spiritu
1337 2278 1529 2321 sancto
1570 2283 1676 2321 non
1708 2268 1958 2337 ignorent
1986 2284 2087 2323 no-

487 2357 693 2412 minum
742 2353 1028 2414 veritatem
1060 2400 1077 2425 ,
1132 2375 1308 2431 neque
1350 2359 1627 2415 vocabulis
1676 2360 2087 2434 intelligentiam

486 2449 841 2517 confundant,
869 2450 964 2506 sed
997 2459 1421 2523 unumquodque
1448 2454 1520 2507 ita
1568 2468 1729 2509 sensu
1757 2452 2085 2525 concipiant,

486 2550 549 2597 ut
592 2551 676 2599 est
717 2557 783 2599 ac
830 2555 1208 2614 nuncupatur;
1246 2545 1478 2617 agnituri
1511 2544 1910 2603 absolutissime
1934 2546 1988 2603 in
2020 2546 2088 2603 iis

485 2649 605 2707 qua:
625 2635 767 2692 dicta
806 2643 953 2702 sunt,
977 2635 1121 2708 quod
1148 2652 1325 2707 neque
1367 2652 1474 2693 non
1513 2637 1627 2710 ipsa
1664 2638 1863 2695 veritas
1894 2640 1963 2696 sit
1988 2656 2087 2696 no-

486 2720 670 2796 minis,
698 2744 874 2801 neque
903 2746 1012 2786 non
1037 2745 1233 2789 nomen
1265 2730 1616 2789 sitveritatis.

553 2864 648 2921 22.
687 2864 845 2922 Liber
871 2867 1166 2923 tertius.--
1194 2867 1325 2925 Post
1370 2868 1514 2929 hunc
1555 2871 1735 2941 itaque
1784 2870 1965 2927 lenem
2020 2885 2086 2927 ac

486 2956 705 3013 brevem
750 2960 1139 3018 demonstrata:
1182 2960 1467 3017 Trinitatis
1500 2975 1837 3027 sermonem,
1893 2965 2085 3019 tertius

483 3052 640 3119 liber,
668 3054 771 3111 etsi
824 3056 1053 3123 sensim,
1082 3064 1264 3111 tamen
1305 3056 1418 3135 jam
1458 3054 1811 3129 prolicienter
1857 3058 2081 3115 incedit.

480 3143 616 3203 Nam
654 3146 730 3214 id,
764 3146 909 3219 quod
964 3148 1101 3203 ultra
1152 3149 1372 3205 humani
1422 3164 1617 3206 sensus
1664 3150 2081 3222 intelligentiam

2206 547 2470 619 piissime,
2503 562 2668 602 unum
2694 548 2859 602 Deum
2882 562 2950 604 ex
2977 548 3096 619 lege
3113 548 3421 606 deiendisse
3447 551 3801 615 convincetts,

2201 641 2455 697 omnibus
2496 640 2628 712 legis
2672 658 2739 698 ac
2788 641 3174 713 praphetarum
3222 644 3550 703 testimoniis
3589 647 3662 701 ita
3703 644 3803 702 de-

2204 733 2541 801 monstratis,
2594 745 2654 790 ut
2699 736 2819 792 sine
2864 735 2975 793 Deo
3011 735 3231 794 Christo
3271 753 3439 796 unum
3468 740 3639 797 Deum
3662 754 3803 797 con-

2202 826 2341 882 literi
2387 827 2759 899 irreligiositas
2800 828 2902 896 sit;
2951 839 3008 885 et
3056 829 3313 889 confesso
3358 832 3635 905 unigenito
3687 831 3801 891 Deo

2199 917 2421 976 Christo
2449 962 2467 986 ,
2537 937 2645 977 non
2724 937 2887 979 unum
2963 923 3132 979 Deum
3201 923 3501 995 pradicare
3569 923 3797 997 periidia

2199 1014 2289 1069 sit.

2268 1112 2363 1168 24.
2397 1112 2548 1167 Liber
2565 1112 2798 1183 quintus.
2826 1138 2900 1152 --
2922 1109 3154 1178 Quintus
3180 1126 3309 1168 vero
3335 1110 3418 1186 (l)
3477 1110 3649 1169 tenuit
3672 1127 3797 1170 eum

2198 1205 2569 1275 responsionis
2616 1204 2897 1267 ordinem,
2946 1219 3107 1276 quem
3155 1204 3395 1262 haeretici
3450 1206 3799 1263 instituerant

2199 1301 2571 1371 professionis.
2625 1298 2869 1369 Namque
2910 1314 3033 1354 cum
3081 1315 3249 1356 unum
3292 1301 3458 1356 Deam
3499 1302 3798 1372 prmdicare

2195 1411 2257 1451 se
2292 1394 2591 1452 secundum
2624 1394 2798 1464 legem
2828 1393 3069 1450 ementiti
3112 1404 3331 1461 essent;
3377 1410 3541 1450 unum
3579 1410 3797 1467 quoque

2199 1486 2370 1543 Deum
2397 1502 2584 1543 verum
2605 1502 2671 1541 ex
2695 1486 2882 1541 eadem
2909 1487 3152 1556 proferre
3172 1500 3235 1544 se
3265 1487 3580 1545 fefellerunt
3603 1508 3617 1544 :
3640 1499 3697 1544 ut
3716 1488 3792 1562 (ι)

2195 1597 2291 1653 per
2314 1581 2686 1650 exceptionem
2722 1581 2815 1636 Dei
2868 1590 2926 1635 et
2970 1582 3130 1638 unius
3173 1589 3231 1638 et
3276 1581 3415 1648 veri,
3456 1583 3793 1640 nativitatem

2197 1674 2428 1729 Domino
2466 1670 2691 1728 Christo
2736 1672 3073 1738 adimerent;
3102 1671 3229 1744 quia
3270 1674 3360 1730 ubi
3405 1676 3658 1732 nativitas
3685 1686 3792 1743 est,

2194 1766 2265 1821 ibi
2292 1775 2348 1822 et
2374 1764 2727 1833 intelligentia
2759 1766 2830 1819 sit
2850 1762 2922 1838 (Ι)
2946 1765 3206 1821 veritatis.
3234 1765 3348 1821 Nos
3374 1776 3555 1823 autem
3595 1769 3793 1826 iisdem

2116 1862 2165 1922 B
2191 1859 2466 1930 gradibus,
2517 1858 2711 1929 quibus
2755 1858 2986 1927 idipsum
3033 1862 3351 1929 negabatur,
3378 1860 3658 1928 ducentes,
3691 1878 3792 1921 nec

2193 1955 2331 2011 duos
2354 1954 2508 2017 deos,
2534 1968 2636 2009 nec
2655 1952 2956 2009 solitarium
2980 1968 3168 2009 verum
3200 1954 3307 2027 ιθ
3330 1953 3525 2022 Deum,
3557 1958 3655 2013 sed
3686 1958 3789 2013 Pa-

2199 2058 2335 2104 trem
2376 2061 2564 2102 verum
2598 2049 2766 2101 [leum
2794 2046 2864 2099 ita
2896 2061 2963 2101 ex
2996 2046 3114 2116 lege
3140 2062 3202 2100 ac
3230 2047 3507 2120 prophetis
3537 2051 3793 2120 prmdiCa—

2191 2141 2388 2205 vimus,
2437 2153 2505 2193 ne
2545 2146 2638 2191 aut
2676 2139 2835 2193 unius
2873 2136 2969 2192 Dei
2999 2137 3157 2193 iidem
3187 2153 3682 2211 corrumperemus,
3708 2143 3789 2216 (ς)

2190 2244 2283 2289 aut
2312 2233 2647 2289 nativitatem
2692 2232 3106 2302 denegaremus.
3154 2233 3262 2290 Sed
3316 2237 3463 2305 quia,
3493 2239 3790 2295 secundum

2193 2330 2339 2395 illos,
2380 2337 2568 2384 creato
2615 2328 2952 2397 potiusqttam
3002 2334 3131 2383 nato
3175 2344 3373 2385 nomen
3416 2330 3512 2387 Dei
3559 2332 3790 2389 Domino

2190 2424 2319 2481 .lesu
2359 2423 2576 2480 Christo
2600 2424 2956 2491 deputaretur
2978 2423 3155 2493 potius
3195 2438 3354 2493 quam
3385 2424 3621 2491 inesset;
3651 2426 3791 2483 divi.

2191 2516 2375 2575 uitatis
2404 2515 2603 2571 veritas
2642 2515 2713 2569 ita
2754 2530 2821 2571 ex
2861 2515 3273 2571 auctoritatibus
3319 2519 3653 2589 propheticis
3695 2521 3789 2578 de-

2191 2620 2491 2668 monstrata
2547 2619 2650 2675 est,
2703 2618 2763 2663 ut
2812 2621 2934 2676 nos,
2978 2606 3207 2664 Domino
3246 2609 3375 2667 Jestt
3417 2612 3634 2668 Christo
3678 2614 3790 2671 Deo

2191 2722 2320 2763 vero
2391 2705 2723 2777 praedicata,
2781 2704 2918 2759 intra
2982 2705 3395 2775 intelligentiam
3460 2708 3622 2765 unius
3696 2709 3790 2767 Dei

2189 2801 2299 2857 veri
2350 2800 2543 2855 nativa:
2597 2799 2650 2853 in
2693 2812 2759 2853 eo
2805 2796 3112 2853 divinitatis
3142 2801 3343 2856 veritas
3389 2805 3715 2861 contineret.

2257 2894 2348 2950 25.
2391 2891 2547 2947 Liber
2572 2900 2766 2947 sextus.
2799 2920 2867 2931 —
2891 2890 3088 2946 Sextus
3116 2905 3250 2948 vero
3265 2891 3376 2963 jam
3405 2894 3543 2950 liber
3570 2913 3789 2955 omnem

2190 2987 2463 3042 barreticze
2483 2986 2801 3040 sssertionis
2841 2982 3259 3040 fraudulentiam
3310 2986 3513 3055 pandit.
3545 2988 3791 3061 Namque

2186 3088 2247 3134 ut
2272 3079 2431 3134 dictis
2448 3077 2563 3133 suis
2592 3076 2754 3132 iidem
2782 3076 3043 3142 facerent,
3068 3076 3387 3135 damnautes
3410 3080 3552 3136 dicta
3574 3093 3633 3139 et
3663 3086 3788 3142 vitia

2186 3168 2873 3228 haereticorumNalentini
2892 3168 3098 3225 scilicet
3120 3176 3178 3225 et
3193 3168 3413 3227 Sabellii
3429 3182 3487 3229 et
3510 3174 3788 3234 Mauriciuei

483 3239 746 3298 Dominus
768 3242 839 3298 de
864 3257 926 3301 se
958 3240 1235 3313 profanis
1259 3251 1368 3311 est,
1394 3244 1614 3315 quantis
1660 3254 1841 3316 potest
1892 3254 2081 3316 puten-

2195 3276 2237 3322 ει
2268 3264 2529 3325 Hieraete.
2579 3264 2695 3334 pias
2740 3262 3004 3319 Ecclesia:
3035 3262 3451 3323 nrmdicationes
3480 3267 3790 3326 velamento

481 3331 571 3388 tia:
595 3334 861 3405 exemplis
884 3333 954 3391 ad
996 3332 1361 3406 intelligentia:
1391 3336 1552 3392 (idem
1587 3346 1825 3406 coaptat,
1845 3336 2034 3394 dicens
2063 3355 2099 3390 εΔ

480 3424 592 3498 Ego
615 3428 669 3481 in
692 3425 874 3495 Patre,
903 3437 952 3483 et
979 3428 1140 3484 Pater
1183 3430 1236 3483 in
1275 3445 1355 3484 me
1382 3429 1563 3500 (Joan.
1596 3445 1654 3497 ι,
1684 3428 1778 3502 38)
1810 3448 1824 3485 :
1854 3440 1914 3485 ut
1935 3432 2078 3501 quod

477 3520 546 3575 ab
568 3518 788 3576 homine
818 3537 914 3592 per
946 3533 1194 3577 naturam
1226 3522 1475 3582 hebetem
1507 3540 1615 3578 non
1658 3527 1887 3595 capitur,
1921 3523 1976 3579 id
2003 3524 2077 3595 (ὁ)

477 3613 614 3671 fides
656 3615 763 3687 iam
807 3616 1142 3674 rationabilis
1196 3617 1438 3673 scientia:
1477 3627 1840 3689 consequatur
1894 3637 1906 3672 :
1952 3618 2078 3690 quia

477 3722 652 3778 neque
676 3725 783 3763 non
810 3707 1147 3769 credendum
1174 3709 1246 3765 de
1272 3727 1331 3768 se
1364 3712 1473 3767 Deo
1515 3719 1619 3776 est,
1648 3727 1823 3783 neque
1851 3712 2080 3781 opinan-

475 3801 603 3859 dum
629 3812 734 3871 est,
757 3812 911 3859 extra
939 3803 1207 3860 rationem
1238 3802 1363 3860 ﬁdei
1392 3819 1515 3861 esse
1544 3803 1955 3876 intelligentiam
1982 3819 2080 3875 po-

475 3897 711 3953 testatis.

544 4013 637 4068 23.
680 4011 835 4067 Liber
855 4022 1092 4085 quantis.
1125 4044 1197 4054 --
1215 4012 1449 4080 Quartus
1477 4012 1675 4069 deinde
1703 4012 1844 4068 liber
1868 4009 2079 4068 initium

473 4104 555 4161 sui
586 4122 653 4160 ex
686 4104 1067 4162 haereticorum
1111 4104 1374 4162 doctrinis
1403 4106 1738 4174 suspicatur,
1787 4116 1850 4159 se
1900 4103 2079 4174 ipsum

473 4197 640 4265 vitiis,
654 4198 851 4269 quibus
879 4198 1014 4255 ﬁdes
1034 4197 1294 4255 Ecclesiae
1305 4196 1382 4270 (ε)
1400 4197 1715 4265 infamatur,
1732 4211 2041 4267 expurgans
2060 4211 2075 4250 :

474 4290 645 4361 ipsam
693 4290 839 4345 illam
870 4288 1111 4361 perﬁdia:
1154 4288 1552 4361 expositionem
1582 4304 1612 4343 a
1642 4289 1829 4343 multis
1851 4286 1935 4361 ((1)
1967 4302 2076 4344 non

544 4432 628 4505 (Ι)
666 4430 764 4487 bis.
796 4429 1002 4488 Veron.
1028 4438 1185 4497 tenet;
1215 4438 1275 4485 ut
1305 4428 1466 4502 paulo
1489 4434 1637 4495 ante,
1671 4424 1899 4494 Quartus
1943 4422 2071 4479 liber

472 4506 797 4576 auspicatur,
824 4512 930 4559 etc.

2186 3360 2539 3431 professionis
2592 3358 2771 3431 impiae
2825 3359 2983 3417 furati
3032 3372 3157 3419 sunt
3189 3372 3284 3421 :nt
3311 3362 3394 3437 (9)
3415 3368 3684 3436 correptis
3707 3366 3790 3440 (It)

2186 3452 2240 3508 itt
2270 3453 2464 3508 melius
2490 3453 2669 3508 verbis
2696 3454 3144 3525 irreligiosorum,
3162 3466 3216 3512 et
3246 3459 3496 3529 ambigua
3518 3460 3789 3531 significa-

2186 3546 2332 3600 tione
2354 3544 2665 3611 moderatis,
2689 3546 3457 3619 subimpietatisdamnatione
3479 3550 3785 3608 doctrinam

2186 3635 2833 3707 pietatisexstinguerent.
2847 3637 2956 3694 Sed
2972 3654 3071 3695 nos
3083 3639 3417 3710 singulorum
3428 3641 3588 3700 dictis
3599 3653 3655 3700 et
3670 3660 3789 3715 pro-

2184 3729 2508 3786 fessionibus
2532 3730 2916 3788 demonstratis
2940 3775 2956 3800 ,
2987 3746 3200 3791 sanctas
3226 3735 3488 3794 Ecclesia:
3518 3738 3783 3809 pra-dica-

2184 3822 2359 3879 tiones
2401 3823 2753 3892 absolvimus,
2795 3841 2970 3895 neque
3007 3828 3298 3901 quidquam
3347 3846 3471 3887 cum
3514 3831 3787 3888 danntatis

2182 3914 2453 3971 batreticis
2491 3931 2779 3973 commune
2809 3918 2883 3973 ris
2910 3934 3031 3975 esse
3086 3922 3452 3992 permisimus,
3516 3935 3574 3978 ut
3624 3924 3784 3980 dam-

2188 4008 2366 4063 nanda
2428 4010 2773 4079 damnantes,
2804 4014 2919 4069 sola
2966 4016 3351 4072 venerabiliter
3395 4018 3649 4074 sectanda
3697 4035 3786 4074 se-

2184 4118 2498 4175 queremur,
2529 4105 2696 4162 lilium
2730 4107 2823 4164 Dei
2849 4108 3078 4182 (supple,
3122 4112 3266 4184 esse)
3292 4111 3577 4169 Dominum
3598 4112 3784 4171 Jesum

2185 4196 2481 4267 Christum,
2507 4199 2652 4272 quod
2684 4201 2916 4259 maxime
2960 4203 3031 4258 ab
3071 4203 3139 4259 iis
3162 4206 3477 4276 negabatur.
3524 4222 3622 4279 per
3668 4207 3785 4263 luee

2184 4289 2445 4348 docentes
2469 4334 2486 4361 ,
2526 4293 2655 4350 dum
2699 4293 2772 4351 de
2821 4310 2891 4352 eo
2929 4305 3159 4353 testatur
3206 4298 3396 4368 Pater,
3440 4299 3571 4357 dum
3612 4300 3682 4357 de
3722 4315 3785 4357 se

2248 4424 2330 4499 (2)
2368 4424 2656 4499 Corruptis,
2686 4427 2815 4485 ibid.

548 4642 845 4718 (a)“ocad
874 4641 1228 4718 imitationem
1255 4639 1415 4718 Plinii
1453 4637 1668 4718 videtur
1710 4637 1937 4718 dictum,
1983 4635 2075 4718 qui
2104 4632 2156 4693 D
2186 4705 2228 4718 __
2255 4631 2349 4718 (ti).
2390 4632 2627 4718 Pronnon
2656 4632 2800 4718 aliut,
2830 4632 3176 4718 substitutum
3203 4643 3291 4691 est
3336 4636 3477 4706 apud
3528 4638 3676 4718 Lips.
3724 4648 3783 4697 et

472 4706 568 4773 lib:
607 4706 691 4779 'VI,
745 4715 913 4785 EpiSt.
950 4730 979 4767 ν
1022 4732 1036 4768 :
1078 4714 1185 4776 ita,
1216 4714 1409 4785 inquit,
1446 4711 1623 4764 leviter
1647 4722 1697 4785 et
1729 4708 1919 4764 sensim
1945 4706 2077 4763 cliuo

474 4788 685 4859 fallente
713 4784 973 4859 consurgit
999 4796 1055 4839 ut
1079 4802 1195 4840 cum
1224 4784 1531 4837 adsrendcre
1561 4793 1608 4836 te
1630 4784 1732 4835 non
1766 4790 1930 4854 pater,
1963 4797 2080 4835 sen-

473 4862 571 4917 tias
597 4860 942 4914 adscendisse.

548 4931 623 5003 (ὁ)
656 4931 818 5003 Editi,
843 4936 1069 4999 excepto
1094 4927 1219 4983 Par.
1252 4943 1374 4982 cum
1407 4925 1573 5003 unico
1598 4940 1723 5003 m_s_.,
1750 4923 2079 5003 fides-tamen

474 4996 771 5058 rationabili
801 4996 1015 5057 scientia
1043 5011 1410 5068 consequatur.
1454 4996 1613 5053 Ratio
1643 4997 1729 5051 hic
1766 4996 2077 5068 subjicitur,

473 5092 569 5131 cur
616 5075 748 5129 fides
806 5074 1016 5129 dicatur
1062 5066 1383 5126 rationabilis
1438 5070 1672 5124 scientia.
1722 5066 2082 5122 Ratiouabilis

473 5146 690 5217 quidem
719 5156 822 5211 est,
842 5145 966 5220 quia
997 5141 1348 5220 ratio_suade_t
1378 5140 1710 5220 credendum
1737 5144 1848 5220 Deo
1868 5156 1880 5191 :
1904 5138 2073 5220 scien-

475 5212 605 5275 tiam
650 5220 815 5273 etiam
862 5212 1042 5282 habet,
1070 5216 1194 5281 quia
1256 5212 1498 5281 opinioni
1583 5227 1687 5265 non
1753 5212 2074 5278 relinquitur

472 5293 642 5354 locus,
672 5304 793 5343 cum
818 5303 913 5358 per
934 5288 1157 5342 ell'ectus
1178 5283 1530 5358 intelligimus
1556 5285 1673 5358 plus
1696 5283 1865 5358 Deum
1889 5294 2065 5358 posse,

472 5351 831 5434 quatncapiat'
872 5359 1103 5434 humana
1131 5358 1287 5412 ratio.
1321 5351 1453 5409 lliuc
1485 5351 1627 5409 male
1655 5356 1710 5434 in
1737 5351 2068 5434 vulgatisle-

474 5424 738 5508 g'ebatur;
768 5432 1119 5508 iutelligenttm
1168 5437 1487 5508 potestatem,
1536 5424 2068 5508 pro-intelligentiam

475 5497 1012 5577 potestatistqnnd'et
1044 5497 1214 5577 magis
1241 5499 1583 5577 perspicuum
1615 5502 1685 5553 sit
1706 5510 1771 5553 ex
1804 5497 1886 5552 his
1912 5498 1946 5548 l.
1985 5512 2064 5562 tu,

474 5569 625 5632 hum.
651 5569 886 5631 ὅςἐιὶηι
926 5569 1214 5629 istiusmodi
1266 5572 1318 5626 in
1346 5569 1456 5626 Deo
1503 5578 1802 5637 potestates,
1853 5584 2067 5635 quarum

473 5665 591 5702 cum
617 5651 751 5703 ratio
796 5646 1145 5717 intelligentia’
1173 5653 1373 5717 uostrte
1402 5641 1926 5717 incomprehensibilis
1972 5649 2066 5707 est,

474 5719 607 5787 ﬁdes
633 5729 805 5775 tamen
831 5736 918 5790 per
947 5712 1208 5790 feritatem
1236 5715 1530 5790 efﬁcientia?
1554 5714 1609 5767 in
1637 5712 1875 5769 absoluto
1897 5722 1993 5790 est.

2186 4703 2435 4779 Pai-_.ja_nt
2454 4703 2597 4779 olim.
2623 4704 2982 4779 renitentibus
3015 4722 3145 4761 mss.
3171 4703 3385 4763 necnon
3405 4712 3548 4779 quod
3579 4703 3670 4764 lib.
3701 4729 3775 4777 vi,

2191 4795 2245 4832 n.
2276 4775 2331 4842 δέ
2360 4776 2579 4839 dicitur,
2608 4775 2862 4832 Arianam
2908 4778 3049 4833 luem
3089 4781 3317 4848 proxime
3342 4775 3651 4837 emersisse.
3703 4775 3780 4839 De

2189 4850 2289 4903 hac
2317 4848 2521 4913 periida
2552 4848 2887 4913 t‘xpnsilimte
2909 4849 3149 4906 dicemus
3177 4852 3314 4905 libro
3346 4868 3419 4906 tv.

2263 4918 2336 4991 (ε)
2380 4918 2540 4993 Solus
2583 4933 2685 4972 ms.
2716 4920 2827 4993 bas.
2869 4918 3010 4986 νειμ,
3036 4930 3091 4976 ut
3121 4939 3210 4993 per
3251 4924 3618 4993 pro/euionem
3648 4922 3768 4979 Dei.

2188 4992 2357 5049 Usum
2393 5005 2458 5062 ac
2482 4990 2589 5062 vim
2620 4991 2772 5045 verbi
2810 4995 3039 5062 exceptio
3066 4990 3289 5050 cernere
3318 4990 3400 5051 est
3431 4997 3566 5050 infra
3597 5016 3649 5049 u.
3679 4996 3773 5059 29.

2188 5063 2262 5121 εὖ
2292 5071 2349 5117 et
2388 5060 2480 5136 δι,
2515 5060 2603 5113 ubi
2649 5076 2754 5116 non
2789 5060 2958 5118 solam
3018 5063 3404 5136 νηιῐεδείοιιειιι
3444 5076 3631 5136 sonat,
3677 5067 3775 5125 Sed

2182 5151 2301 5193 eam
2324 5149 2353 5187 a
2378 5135 2535 5202 cujus
2560 5136 2837 5188 consortio
2867 5135 3041 5204 quivis
3067 5137 3204 5193 altus
3246 5149 3515 5195 arceatur.

2248 5207 2316 5279 (ί)
2354 5204 2466 5260 lloc
2490 5214 2591 5269 est,
2619 5204 2691 5279 ibi
2727 5204 3041 5279 intelligitur
3070 5210 3343 5279 possessio
3390 5226 3529 5264 vera:
3569 5220 3775 5268 natura:

2176 5275 2294 5350 ejus
2320 5292 2385 5333 ex
2415 5290 2522 5347 quo
2549 5275 2801 5357 nativuas
2827 5275 2929 5333 est'.
2952 5275 3088 5357 Nam
3114 5295 3213 5337 vox
3239 5283 3424 5357 ueritas
3446 5282 3648 5338 llilario
3677 5299 3772 5354 pro

2177 5366 2297 5407 vera
2331 5357 2542 5419 natura,
2572 5352 2756 5417 utjatn
2785 5363 2929 5419 saepe
2960 5352 3212 5418 vidimus,
3239 5355 3498 5410 solemnis
3526 5364 3625 5409 est.

2246 5420 2324 5496 (g)
2354 5418 2624 5484 Editi,aut
2668 5422 2774 5475 nati
2829 5418 3088 5479 ueritatem
3117 5442 3129 5479 :
3159 5426 3298 5483 male
3326 5438 3381 5483 et
3412 5425 3771 5482 renitentibus

2174 5509 2305 5549 mss.

2251 5561 2331 5638 (It)
2368 5562 2697 5638 Reponimus
2746 5564 3166 5638 ex_'l‘elieriano
3212 5570 3407 5638 codice
3457 5576 3508 5623 et
3572 5568 3769 5626 Pratel.

2174 5634 2422 5719 correptis
2446 5634 2465 5700 ζ
2490 5636 2636 5719 quod
2658 5646 2717 5719 et
2745 5634 2797 5690 in
2817 5635 3035 5719 itemig.
3070 5653 3133 5694 ac
3157 5637 3401 5719 _Ilteod,_
3418 5639 3627 5719 pridem
3682 5659 3765 5697 sc-

2172 5706 2365 5764 cuudis
2386 5706 2530 5785 curis
2558 5706 2788 5781 positum
2816 5706 2917 5765 fuit
2939 5706 3095 5769 :cum
3120 5709 3241 5769 aliis
3268 5706 3497 5771 inlibris
3532 5712 3774 5785 legamus

549 5791 625 5866 (c)
655 5792 711 5847 lu
743 5781 989 5866 vulgatis,
1035 5781 1351 5866 inﬁrmatur,
1403 5784 1544 5841 male
1592 5810 1601 5832 ·.
1650 5799 1824 5855 neque
1873 5782 2066 5842 melius
2169 5781 2449 5850 corruptis.

476 5858 671 5923 deinde
699 5858 1023 5935 apud'liad.,
1060 5858 1151 5917 Er.
1180 5868 1236 5916 et
1264 5858 1408 5930 Lips.
1444 5872 1765 5929 expugnans.
