4048 6446
219 369 278 420 ιι
1459 364 1547 421 ou
1583 359 1957 421 'l‘fthl'fATE
1994 362 2197 423 LIBER
2236 370 2273 421 l.
3455 383 3524 437 ,σε

219 482 332 552 illi“—
379 480 688 550 ιινοίῖῑείυῐς
735 478 864 536 dm“
914 479 1155 551 APO-5'0“
1186 480 1502 551 ιιτίωίοειηι,
1531 481 1662 537 dum
1692 480 1817 537 ΓΘΗ·
1851 486 1892 542 Λ
1925 494 2033 541 tute
2056 529 2068 549 ,
2102 496 2289 543 natura
2317 532 2330 553 ,
2365 497 2662 558 potestate,
2695 493 3066 562 professione;
3119 511 3189 551 ne
3235 501 3255 571 (
3287 506 3345 553 ut
3384 503 3515 571 non)

218 578 353 647 giusi
394 574 647 639 credunt,
697 575 827 631 dum
869 573 1147 643 dantuoncs
1182 575 1441 641 clamant,
1481 575 1610 631 dum
1645 574 1817 631 ιιιιάπὶ

220 680 481 744 negantes
511 671 780 739 fatentur,
818 670 949 729 dum
980 671 1293 744 ignorantes
1338 672 1643 745 intelligunt
1688 687 1817 743 gen-

220 774 339 833 tes;
371 779 441 821 ne
458 764 571 836 jam
597 763 677 837 (id
706 771 804 832 est,
826 760 1039 834 utnon)
1062 762 1446 837 ambigendum
1480 764 1820 834 permittere-

219 867 332 928 tur,
348 858 492 930 quod
517 857 875 931 ignorantium
902 870 1012 916 non
1038 856 1461 931 relinquebatur.

288 973 381 1031 26.
424 973 580 1029 Liber
604 974 869 1044 septimus.
901 972 1179 1039 Scbcllius,
1229 971 1427 1027 Hebiort
1457 980 1502 1027 et
1532 970 1688 1027 Arius
1712 986 1823 1027 sese

218 1067 470 1124 vincendo
498 1065 747 1124 Ecclesite
766 1065 1350 1136 vincunt—Septimus
1375 1064 1634 1136 deinceps
1659 1063 1818 1133 liber,

217 1148 523 1221 secundum
555 1162 805 1235 perfecta:
836 1161 961 1218 fidei
990 1160 1238 1234 gradum,
1271 1168 1539 1230 suscepta:
1577 1158 1822 1228 disputa-

218 1257 383 1316 tionis
430 1270 737 1315 sermonem
785 1256 1127 1328 temperavit.
1179 1252 1419 1324 Namque
1446 1250 1697 1323 primum,
1724 1265 1821 1322 per

219 1352 551 1411 inviolabilis
580 1351 706 1410 ﬁdei
736 1365 920 1407 sanam
960 1356 1015 1406 et
1059 1349 1430 1419 incorruptam
1478 1344 1820 1401 demonstra.

219 1451 450 1518 tionem,
478 1445 621 1503 inter
647 1442 942 1503 Sabellium
963 1448 1020 1498 et
1044 1439 1340 1498 liebiooem
1368 1447 1425 1495 et
1458 1437 1560 1494 bos
1579 1453 1687 1492 non
1708 1435 1820 1491 veri

221 1546 317 1602 Dei
349 1539 736 1617 prmdicatores
762 1537 857 1597 lite
884 1534 1113 1594 certavit
1133 1575 1151 1602 ,
1179 1550 1278 1591 cur
1306 1531 1575 1591 Sabellius
1612 1529 1821 1587 subsis-

222 1651 339 1696 tere
365 1644 493 1692 ante
513 1633 710 1693 sarcula
737 1640 978 1703 negaret,
1006 1644 1168 1701 quem
1198 1636 1442 1684 creatum
1470 1623 1562 1681 alii
1592 1621 1820 1679 confite-

1922 578 2069 632 aliud
2100 590 2247 636 esset
2294 597 2455 649 quam
2512 596 2935 656 nuncuparetur.
2982 604 3157 660 neque
3187 595 3516 661 nuncupatio

1924 687 2030 725 non
2057 672 2352 729 nativitatis
2382 686 2563 743 esset,
2595 692 2768 748 neque
2792 679 3043 737 nativitas
3085 691 3332 738 naturam
3384 688 3521 740 ami-

1923 762 2110 829 sisset,
2178 781 2353 838 neqne
2394 776 2583 825 natura
2633 786 2740 827 non
2799 773 3114 830 retinuisset
3163 783 3518 846 potestatem,

1923 869 2099 925 neque
2119 867 2359 928 potestas
2384 876 2495 917 non
2523 861 2685 918 etiam
2710 866 2926 920 conscia
2968 866 3071 923 sibi
3119 868 3366 924 veritatis
3394 886 3521 939 pro-

1922 948 2159 1007 fessione
2184 961 2503 1011 notesceret.
2534 951 2740 1012 Causas
2766 971 2897 1028 ergo
2935 973 3127 1014 omnes
3182 960 3516 1031 singulorum

1922 1057 2183 1115 generum
2211 1048 2280 1103 ita
2309 1064 2376 1104 ex
2405 1048 2715 1122 Evangeliis
2744 1062 3040 1125 excerptas
3070 1055 3399 1124 subiecimus
3419 1100 3434 1124 ,
3462 1068 3521 1114 ut

1926 1154 2025 1197 nec
2049 1140 2318 1214 professio
2347 1147 2577 1201 tacuerit
2606 1155 2927 1217 potestatem
2950 1191 2963 1215 ,
2990 1165 3090 1205 nec
3116 1160 3356 1222 potestas
3410 1170 3519 1210 non

1925 1237 2227 1291 exseruerit
2252 1243 2500 1292 naturam
2526 1278 2542 1305 ,
2573 1238 2885 1313 nccjnatura
2910 1257 3016 1297 non
3070 1259 3181 1299 sum
3222 1246 3519 1305 nativitatis

1922 1330 2027 1395 sit,
2063 1346 2161 1388 nec
2191 1333 2443 1387 nativitas
2470 1348 2578 1389 non
2627 1333 2709 1390 sui
2738 1336 2974 1392 nominis
3006 1358 3018 1390 .
3049 1345 3109 1393 ut
3157 1354 3253 1406 per
3308 1340 3362 1395 id
3412 1358 3519 1397 non

1925 1424 2324 1495 relinqueretur
2352 1426 2646 1497 impietatis
2672 1428 2940 1485 calumnia
2962 1471 2979 1496 ,
3009 1446 3133 1486 cum
3165 1431 3256 1487 Dei
3289 1434 3403 1489 veri
3452 1451 3519 1489 ev

1928 1514 2041 1571 Deo
2063 1532 2192 1573 vcro
2219 1516 2594 1587 divinitatem,
2624 1522 2923 1579 secundum
2948 1532 3003 1579 et
3028 1541 3228 1583 nomen
3282 1537 3341 1584 et
3376 1529 3520 1584 nati-

1923 1608 2145 1666 vitatem
2195 1622 2247 1666 et
2278 1624 2523 1670 naturam
2552 1624 2608 1671 et
2636 1624 2988 1688 potestatem,
3010 1619 3124 1690 ipsa
3151 1636 3368 1695 quoque
3413 1625 3523 1682 Do-

221 1743 434 1792 rentur.
456 1730 743 1805 lgnorabat
764 1702 909 1784 enim
928 1723 1196 1782 Sabellius
1215 1720 1598 1777 subsistentem
1624 1714 1821 1773 Filium
1868 1791 1876 1798 .
1926 1702 2105 1807 minus
2120 1703 2285 1807 :lcsns
2303 1704 2553 1765 Christus
2599 1712 2794 1767 nativa:
2840 1712 3084 1770 veritatis
3108 1729 3223 1773 sua:
3253 1726 3519 1787 protesta-

222 1831 354 1886 dum
381 1798 552 1884 0ch
573 1839 762 1882 verum
785 1832 1068 1894 operatum
1094 1819 1149 1874 in
1176 1830 1408 1888 corpore
1425 1830 1550 1872 esse
1572 1830 1680 1869 non
1702 1830 1822 1869 amo
1851 1885 1896 1894 _
1928 1798 2074 1853 ιίοιιθ
2101 1798 2396 1857 docuisset.

226 1924 376 1996 bigit.
407 1920 475 1978 lli
503 1930 686 1976 autem
714 1885 977 1989 negabant
1006 1885 1361 1977 nativitatem,
1388 1917 1445 1966 et
1480 1905 1825 1963 attirmahant

1998 1934 2089 1993 28.
2122 1935 2349 1995 Octavus
2398 1940 2545 1997 liber.
2608 1974 2675 1985 -
2730 1945 2970 2005 Octavus
3005 1965 3117 2021 tam
3167 1966 3298 2007 vero
3346 1952 3487 2011 liber

226 2024 553 2111 creaturam,
579 2014 707 2111 {him
745 2024 911 2083 ονετει
1088 2004 1186 2062 Dei
1215 2005 1331 2111 νέτί
1372 2017 1496 2111 esse
1522 2015 1687 2111 ape”
1713 2015 1825 2111 ξ³⁰¹¹
1925 2029 2137 2087 duobus
2156 2034 2527 2104 superioribus
2561 2039 2666 2111 ιε
2888 1997 2968 2095 de
3145 1997 3526 2104 ti‘livouct.

227 2102 555 2182 intelligunt.
588 2105 680 2165 Lis
705 2117 918 2171 eorum,
964 2097 1101 2157 ﬁdes
1144 2108 1331 2156 nostra
1375 2105 1479 2153 est.
1521 2094 1654 2152 Nam
1696 2094 1824 2151 dum

230 2207 399 2264 ﬁlium
447 2210 608 2276 negat
650 2198 909 2274 (ideoque
932 2193 1124 2266 errat),
1155 2194 1207 2250 in
1232 2208 1299 2250 eo
1329 2191 1497 2248 vincit
1532 2188 1825 2255 Sabellicus,

235 2301 335 2375 ι’]
356 2297 502 2371 quod
532 2296 675 2353 Deus
696 2290 951 2363 verus(ut
961 2298 1105 2346 recte
1116 2287 1333 2359 probat)
1358 2293 1617 2356 operatus
1645 2291 1729 2339 cst
1744 2301 1757 2335 :
1773 2291 1832 2338 et

233 2391 474 2449 Ecclesia
501 2404 618 2454 eos,
639 2385 730 2459 qui
758 2399 947 2444 verum
969 2384 1025 2439 in
1050 2380 1268 2438 Christo
1297 2379 1467 2436 Deum
1490 2377 1826 2450 negaverint,

236 2484 421 2543 vincit.
456 2483 526 2541 At
554 2494 685 2540 vero
702 2492 826 2537 cum
846 2475 1234 2534 subsistentem
1261 2472 1536 2531 Christum
1566 2479 1693 2525 ante
1720 2483 1828 2525 sac-

235 2582 355 2639 cula
379 2580 432 2634 hi
462 2576 721 2633 adversus
750 2588 873 2630 eum
893 2570 1271 2629 demvmstrant
1295 2581 1511 2639 semper
1524 2574 1829 2637 operatum,

235 2675 305 2730 de
355 2670 718 2729 condemnato
764 2678 948 2723 secum
990 2661 1228 2719 Sabellio
1270 2659 1427 2716 nobis
1474 2658 1829 2730 triumphant,

238 2768 407 2823 Deum
429 2762 647 2835 quidem
673 2773 863 2818 verum
890 2754 1074 2831 (l)(a)
1098 2756 1323 2821 sciente,
1372 2750 1470 2809 sed
1522 2751 1614 2808 Dei
1658 2751 1831 2807 tilium

237 2860 533 2919 nesciente.
563 2855 771 2913 ﬂebion
800 2859 981 2909 autem
1024 2848 1095 2906 ab
1137 2857 1367 2918 utroque
1394 2845 1468 2903 ita
1492 2845 1745 2911 vincitur,
1776 2854 1836 2901 ut

239 2954 328 3011 hic
350 2949 564 3023 (Arius)
590 2957 716 3007 ante
736 2946 935 3005 secula
962 2943 1368 3008 subsistentem,
1400 2939 1490 2996 hic
1510 2937 1830 3012 (Sabellius)

238 3064 430 3107 verum
447 3046 615 3104 Deum
642 3043 925 3101 convincat
940 3047 1241 3110 operatum.
1265 3034 1575 3105 Omnesque
1609 3048 1668 3087 se
1699 3031 1836 3086 invi-

238 3158 360 3203 cem
385 3138 653 3199 vincendo
672 3138 985 3195 vincuntur:
1005 3132 1129 3206 quia
1163 3128 1409 3188 Ecclesia
1434 3136 1490 3185 et
1516 3135 1705 3184 contra
1736 3126 1835 3183 Sa—

241 3237 487 3302 bellium.
511 3244 571 3291 et
586 3240 774 3289 contra
794 3238 1056 3287 creatura:
1097 3224 1510 3298 praedicatores,
1548 3231 1606 3277 et
1642 3228 1834 3276 contra

241 3330 562 3397 llebionem,
595 3327 765 3384 Deum
790 3336 977 3380 verum
1004 3335 1072 3377 ex
1100 3319 1212 3375 Deo
1241 3331 1372 3375 vero
1412 3315 1696 3372 Dominum
1740 3312 1833 3368 .lc-

238 3440 362 3483 sum
384 3423 682 3489 Christum,
720 3425 793 3475 et
829 3424 955 3472 ante
993 3412 1193 3471 stecnla
1224 3420 1433 3479 natum,
1454 3416 1511 3466 et
1531 3416 1713 3480 postea
1741 3405 1839 3462 ho-

241 3518 441 3576 minem
465 3512 705 3588 genitum
728 3525 851 3569 esse
871 3515 1118 3565 testatur.

310 3636 405 3691 27.
432 3634 799 3701 Argumentum
849 3623 1050 3699 septimi
1102 3622 1237 3678 libri.
1286 3652 1353 3662 —-
1396 3617 1606 3675 Nemini
1656 3628 1836 3672 autem

239 3727 465 3785 dubium
487 3734 607 3789 est,
633 3734 929 3795 congruum
959 3718 1010 3774 id
1042 3717 1275 3772 maxime
1303 3712 1388 3785 (2)
1413 3712 1598 3784 pietati
1621 3710 1833 3765 doctri-

243 3839 327 3879 na:
349 3821 548 3883 fuisse.
580 3826 638 3873 ut
667 3819 792 3888 quia
817 3829 884 3871 ex
908 3811 1026 3884 lege
1053 3821 1107 3867 et
1137 3808 1413 3880 prophetis
1446 3805 1680 3877 primum
1740 3801 1836 3857 Dei

242 3915 449 3981 lilium,
494 3920 618 3986 post
662 3910 824 3967 etiam
867 3905 1038 3962 Deum
1090 3917 1275 3959 verum
1324 3915 1447 3956 cum
1496 3904 1839 3954 sacramento

243 4011 472 4069 unitatis
501 4006 982 4081 prmdicassemtts;
1016 4014 1230 4055 rursum
1254 3997 1426 4067 legem
1453 4008 1517 4050 ac
1545 3991 1838 4064 prophetas

244 4121 341 4177 per
362 4100 654 4174 Evangelia
685 4100 993 4162 ﬁrmantes,
1027 4097 1259 4166 primum
1289 4106 1354 4145 ex
1390 4090 1475 4144 his
1501 4088 1596 4143 Det
1627 4087 1796 4141 tilium
1817 4123 1834 4150 ,

245 4207 365 4273 post
392 4198 557 4256 etiam
585 4194 753 4251 Deutn
784 4189 861 4265 (ὁ)
894 4203 1077 4246 verum
1121 4187 1460 4242 duceremus.
1512 4181 1839 4249 Competcn-

245 4294 515 4351 tissimum
537 4288 719 4360 itaque
747 4285 886 4351 fuit,
940 4290 1065 4354 post
1111 4293 1308 4337 nomen
1370 4275 1498 4342 lilii,
1554 4274 1836 4331 veritatem

241 4389 360 4460 ejus
385 4381 677 4442 ostendere
703 4398 714 4433 :
746 4389 1076 4450 quamquam
1098 4414 1114 4438 .
1146 4369 1449 4428 secundum
1492 4380 1837 4460 communem

244 4455 501 4543 sensum,
532 4475 610 4545 (ε)
641 4470 887 4529 veritatis
909 4466 1306 4525 absolutionem
1358 4461 1687 4532 nuncupatio
1738 4455 1838 4513 ﬁlii

242 4576 536 4632 obtineret.
558 4567 669 4627 Sed
697 4581 766 4623 ne
793 4563 919 4636 quid
942 4606 958 4630 ,
979 4558 1395 4620 adversantibus
1448 4554 1707 4627 unigeniti
1743 4552 1837 4607 Dei

242 4668 490 4733 veritati,
518 4660 820 4738 occasionis
842 4658 909 4714 ad
942 4654 1234 4713 fallendum
1286 4662 1343 4709 et
1387 4646 1722 4707 illudcndum
1751 4660 1841 4702 re-
1866 4675 1917 4737 ι)

244 4766 609 4836 linqueretur;
646 4763 817 4829 ipsam
852 4752 997 4808 illam
1029 4750 1176 4822 (seu,
1204 4762 1309 4819 qua
1340 4743 1590 4822 proprius
1638 4740 1732 4796 Dei
1780 4738 1842 4836 li-

244 4832 634 4922 lius—creditur)
659 4846 1000 4921 proprietatis
1044 4842 1202 4907 fidem
1229 4854 1324 4911 per
1349 4836 1651 4893 divinitatis
1697 4832 1841 4889 veri-

247 4965 409 5010 tttem
440 4948 810 5005 adstruximus
837 4961 852 4999 ;
877 4942 1043 4999 Deum
1084 4952 1206 4995 esse
1249 4950 1373 4991 eum
1393 4978 1405 4999 ,
1435 4934 1525 5003 qui
1578 4930 1669 4986 Dci
1700 4929 1841 4984 filius

247 5066 350 5103 non
377 5048 689 5115 negaretur,
719 5039 802 5093 bis
825 5033 999 5091 modis
1025 5031 1285 5087 docentes
1308 5069 1322 5095 ,
1356 5024 1607 5090 nomine,
1640 5021 1836 5079 nativi-

316 5184 395 5257 (l)
422 5180 688 5257 Sciant”,
710 5171 909 5257 deinde
935 5169 1245 5257 nescientes:

315 5238 395 5331 (ἐς
430 5252 545 5307 Ρὶαξ
572 5248 819 5303 doctrinm
835 5261 853 5299 :
867 5244 1097 5298 fortasse
1119 5238 1337 5294 melius.

313 5378 392 5452 (α)
422 5372 563 5452 Editi
591 5378 647 5424 et
669 5366 920 5452 plerique
922 5375 1054 5452 mss.
1065 5358 1281 5452 scientes
1270 5373 1318 5452 *ί
1324 5363 1391 5452 et

246 5426 733 5514 m‘:'&.tigantitr
761 5426 847 5514 ei
894 5434 1235 5514 ξιὶιξιτιιιιιιιιιιι⁸
1270 5442 1383 5514 ms._
1418 5426 1573 5514 colit.

245 5491 875 5583 anm35°§éiimiare
897 5491 1105 5583 Remis.
1126 5491 1578 5583 "Quippehreede

551 5564 661 5641 non
690 5564 1022 5637 defArianis.
1046 5564 1185 5629 Tum
1236 5564 1452 5654 tit-ipfea
1489 5570 1541 5621 in
1587 5564 1845 5654 iﬂebigne

678 5633 931 5726 "primus
954 5662 1063 5713 quo
1092 5655 1251 5715 negat
1279 5641 1553 5726 Christum
1581 5645 1707 5726 ante
1731 5633 1845 5689 Ma-

248 5710 582 5801 ῖίέπῖιχςιιῐέ
599 5710 707 5800 ἀπο
724 5710 836 5781 'vult
856 5710 985 5801 eam
1010 5710 1218 5772 merui-
1245 5729 1368 5801 esse
1388 5710 1745 5801 ,t'991‘"°.'.".:.-

316 5779 702 5880 ξδ’)ἰῑὸὶῖἰῖιὶζ
734 5779 838 5852 ms.
866 5794 1033 5849 vivum
1058 5804 1232 5843 verum
1262 5804 1272 5837 :
1298 5795 1350 5841 ct
1380 5797 1541 5853 supra
1565 5825 1578 5847 ,
1614 5779 1746 5834 Deus
1775 5779 1853 5832 vi-

247 5876 334 5937 ret
353 5894 503 5937 verus
525 5882 769 5945 operatus
786 5876 881 5923 cst.

688 5964 964 6027 Ρηιιοι..
1018 5958 1100 6021 Χ.

1927 2137 2059 2179 vero
2085 2123 2310 2181 multum
2364 2126 2429 2183 ad
2477 2128 2816 2186 credentium
2868 2133 3029 2189 fidem
3078 2137 3521 2208 proficientibus,

1929 2226 2076 2274 totus
2104 2219 2155 2273 in
2183 2219 2344 2275 unius
2374 2222 2463 2277 Dei
2490 2222 2959 2282 demonstratione
2987 2228 3244 2287 detentus
3268 2240 3386 2301 est;
3416 2249 3524 2289 non

1928 2310 2181 2369 auferens
2211 2313 2323 2368 tilio
2352 2315 2446 2371 Dei
2477 2318 2813 2374 nativitatem
2844 2365 2857 2386 ,
2904 2321 2998 2376 sed
3053 2338 3227 2392 neque
3260 2341 3356 2395 per
3405 2343 3525 2381 eam

1929 2406 2095 2462 duum
2113 2405 2334 2463 deorum
2360 2408 2695 2465 divinitatem
2728 2413 3097 2470 introducens.
3164 2416 3245 2472 Ac
3295 2419 3526 2488 primum

1931 2499 2128 2569 quibus
2158 2499 2330 2556 modis
2359 2500 2597 2559 haeretici
2631 2506 2916 2561 veritatem
2944 2507 3037 2562 Dei
3066 2511 3234 2578 patris
3262 2521 3316 2566 et
3345 2512 3438 2566 Dei
3468 2514 3531 2566 ti-

1932 2590 2024 2659 lii,
2057 2594 2177 2664 quia
2212 2609 2410 2666 negare
2432 2612 2538 2651 non
2559 2607 2813 2666 possent,
2841 2608 3018 2655 tamen
3044 2600 3268 2659 cludere
3299 2605 3532 2661 niteren-

1935 2696 2039 2754 tur,
2069 2687 2325 2757 edocuit,
2354 2689 2657 2749 dissolvens
2691 2694 2902 2763 ineptas
2927 2712 3117 2753 eorum
3172 2708 3227 2755 et
3278 2700 3533 2777 ridiculus

1933 2778 2251 2836 occasiones
2268 2823 2282 2844 ,
2308 2782 2503 2851 quibus
2533 2800 2629 2854 per
2658 2784 2711 2839 id
2740 2786 2883 2856 quod
2907 2786 3108 2844 dictum
3134 2798 3218 2847 est
3244 2816 3256 2847 .-
3280 2776 3533 2849 ‘ttlultilu-

1934 2870 2074 2925 diuis
2098 2881 2272 2927 autem
2297 2875 2613 2930 credentium
2666 2888 2775 2933 crat
2808 2877 2887 2951 (ιι)
2912 2881 3088 2935 anima
3140 2893 3189 2937 et
3241 2901 3329 2939 cor
3375 2903 3533 2941 unum

1939 2962 2059 3033 (Act
2111 2980 2200 3030 tv,
2228 2963 2322 3037 δι)
2347 2984 2362 3033 ;
2390 2976 2443 3023 et
2468 2984 2681 3023 rursum
2716 2988 2727 3023 :
2764 2969 2866 3038 Qui
2898 2974 3097 3039 plantat
3121 2986 3322 3043 autem,
3354 2990 3401 3033 ct
3445 2982 3535 3052 qui

1936 3056 2102 3125 rigat,
2131 3072 2288 3110 unum
2316 3068 2437 3113 sunt
2461 3059 2507 3130 (l
2537 3058 2652 3115 Cor.
2688 3078 2776 3129 tu,
2815 3062 2872 3138 8)
2898 3081 2913 3131 ;
2945 3074 3001 3121 et
3028 3068 3221 3125 iterum
3256 3088 3271 3125 :
3297 3069 3419 3126 Non
3440 3091 3535 3143 pro

1939 3146 2019 3201 his
2063 3158 2234 3202 autem
2285 3160 2484 3205 tantum
2514 3170 2660 3226 rogo,
2692 3156 2782 3209 sed
2828 3166 2877 3211 et
2922 3176 3018 3229 pro
3055 3161 3120 3215 iis
3163 3165 3252 3233 qui
3292 3166 3535 3221 credituri

1861 3280 1911 3345 ε
1937 3250 2057 3294 sunt
2082 3257 2173 3311 per
2203 3242 2406 3298 verbum
2428 3262 2607 3300 eorum
2636 3248 2690 3302 in
2732 3265 2812 3304 me
2838 3266 2857 3297 β
2887 3259 2942 3305 ut
2988 3270 3160 3309 omnes
3212 3273 3369 3311 unum
3399 3259 3534 3324 sint,

1940 3333 2071 3387 sicut
2094 3344 2169 3405 tu,
2191 3333 2363 3403 Pater,
2389 3339 2441 3392 iu
2470 3356 2569 3403 mc,
2594 3353 2643 3394 et
2665 3358 2756 3414 ego
2777 3344 2830 3397 in
2853 3352 2921 3411 tc,
2956 3357 3009 3402 ut
3039 3359 3086 3402 et
3112 3349 3214 3420 ipsi
3232 3352 3335 3406 sint
3363 3353 3415 3407 in
3445 3371 3536 3409 no—

1940 3427 2017 3483 bis
2042 3426 2221 3496 (Joan.
2254 3447 2395 3497 xvn,
2425 3432 2518 3501 ‘20,
2577 3432 2669 3507 21)
2707 3436 3036 3497 :voluntatis
3088 3443 3272 3514 potius
3310 3456 3365 3501 et
3405 3463 3535 3502 uua-

1941 3523 2201 3580 nimitatis
2227 3542 2387 3597 quam
2434 3526 2737 3586 divinitatis
2783 3544 3035 3590 asserunt
3088 3541 3395 3595 veritatem.
3428 3542 3538 3599 Sed

1940 3633 2042 3670 nos
2069 3618 2184 3673 haec
2209 3621 2321 3689 ipsa
2353 3622 2466 3677 suis
2495 3624 2784 3680 virtutibus
2812 3639 3204 3698 pcrtractautcs
3256 3634 3378 3703 (hoc
3425 3648 3499 3689 est
3519 3678 3534 3701 ,

1939 3713 2238 3768 secundum
2267 3716 2372 3768 vim
2398 3716 2733 3789 verborum),
2766 3721 2925 3777 fidem
2955 3722 3009 3779 in
3058 3739 3119 3780 se
3172 3726 3367 3783 divinae
3401 3734 3540 3783 nati-

1942 3802 2424 3862 vitatiscontincrc
2449 3808 2787 3867 ostendimus
2848 3833 2858 3865 ;
2921 3825 2976 3870 et
3023 3832 3212 3874 omnes
3269 3819 3538 3877 dictorum

1938 3896 2340 3956 dominicorttm
2393 3902 2759 3971 professiones
2802 3908 3176 3976 revolventcs,
3225 3922 3395 3968 totum
3453 3922 3535 3970 at-

1939 4005 2044 4061 que
2075 3991 2409 4060 perfectum,
2440 4011 2506 4050 cx
2558 3998 2871 4066 apostolicis
2924 4004 3210 4072 pr.m0niis
3264 4021 3328 4059 ae
3367 4008 3541 4063 salicti

1940 4083 2175 4153 Spiritus
2194 4085 2380 4157 (Vocis
2408 4090 2579 4145 sancti
2603 4090 2861 4163 Spiritus,
2889 4112 3001 4165 qua:
3022 4098 3105 4151 hic
3126 4099 3202 4152 vis
3223 4100 3287 4152 sit
3315 4142 3327 4165 ,
3356 4101 3541 4155 ridcsis

1940 4177 2033 4231 lib.
2059 4194 2172 4245 vm,
2204 4197 2256 4234 ιι.
2279 4179 2370 4251 23)
2399 4185 2849 4255 proprietatibus,
2880 4199 2933 4244 ct
2964 4199 3201 4260 paterna:
3250 4201 3306 4247 et
3355 4193 3543 4265 unige-

1941 4272 2068 4326 nitze
2115 4274 2418 4344 maiestatis
2445 4291 2841 4336 sacramentum
2871 4284 3156 4340 docuimus
3186 4304 3198 4339 ε
3229 4303 3350 4342 cum
3392 4302 3443 4343 ct
3488 4291 3540 4345 in

1944 4363 2103 4419 Patre
2138 4363 2308 4421 Filius
2361 4368 2698 4438 intellectus,
2733 4382 2789 4429 ct
2815 4373 2976 4431 Pater
3004 4377 3055 4432 in
3080 4377 3217 4434 Filio
3255 4384 3503 4451 cognitus
3526 4425 3542 4447 ,

1941 4459 2202 4530 unigeniti
2228 4460 2319 4517 Dei
2354 4462 2785 4533 nativitatem,ct
2814 4467 3041 4538 perfecti
3067 4470 3122 4527 in
3152 4487 3219 4529 eo
3241 4472 3331 4529 Dci
3353 4474 3431 4546 (5)
3458 4491 3537 4532 os.

1942 4551 2225 4609 tenderent
2266 4559 2569 4610 veritatem.

2014 4713 2106 4770 29.
2138 4712 2289 4771 Liber
2307 4730 2493 4771 nonus.
2539 4717 2853 4788 Argumenta
2900 4732 3079 4776 contra
3113 4720 3307 4779 Christi
3361 4725 3546 4782 dit-iui-

1946 4815 2119 4863 tatem.
2150 4838 2221 4849 ——
2251 4809 2444 4865 Parum
2475 4822 2558 4865 cst
2605 4819 2783 4867 autem
2810 4854 2825 4875 ,
2886 4813 2939 4869 in
2985 4815 3148 4871 rebus
3197 4817 3265 4872 ad
3311 4818 3540 4875 salutem

1950 4901 2184 4958 maxime
2222 4904 2543 4960 necessariis
2564 4944 2578 4968 ,
2607 4905 2719 4961 sola
2751 4921 2812 4960 ea
2862 4907 2926 4960 ad
2961 4908 3386 4966 satisfactionem
3420 4912 3542 4967 tidci

1949 4995 2164 5062 afferre,
2190 5013 2310 5069 quae
2338 5000 2555 5070 propria
2584 5009 2709 5054 sunt
2744 5020 2755 5053 ;
2790 5002 2913 5071 quia
2943 5002 3258 5072 plerumque
3288 5004 3367 5075 (t)
3392 5005 3545 5061 hlan-

2022 5148 2104 5223 (5)
2134 5144 2193 5226 in
2218 5140 2501 5226 superiore
2530 5138 2771 5195 editione
2808 5158 2818 5194 :
2846 5142 3155 5198 ostenderet.

2027 5217 2106 5295 (ὁ)
2128 5217 2434 5273 Blondieute
2455 5228 2625 5267 sensu.

2020 5337 2092 5409 (ι’)
2123 5336 2234 5392 Iloc
2252 5341 2372 5409 est.
2402 5347 2582 5409 veram
2607 5330 2772 5401 patris
2799 5342 3044 5409 naturain
3071 5350 3192 5409 vera
3216 5336 3306 5409 lilii
3341 5353 3547 5395 unocu—

1950 5403 2097 5484 patio
2122 5406 2404 5484 manifeste
2431 5403 2695 5484 obtineret
2725 5404 3209 5484 :qttilitts__decl;trat
3228 5408 3461 5484 Hilarius
3488 5428 3549 5468 se

1951 5475 2103 5554 {quasi
2126 5496 2190 5536 ex
2215 5475 2508 5532 abundanti
2530 5486 2871 5554 ostensurum
2900 5475 3055 5554 ‘lt‘ilio
3100 5492 3344 5534 naturam
3377 5482 3550 5537 Patris

1952 5547 2107 5615 (ἔθεε,
2140 5560 2427 5621 postquam
2448 5547 2685 5621 ostendit
2711 5549 2759 5599 ei
2816 5547 2912 5621 tibi
2959 5564 3156 5621 nomen
3207 5564 3543 5619 eontpetcre.

1954 5617 2197 5683 Notanda
2216 5636 2322 5675 vox
2344 5618 2770 5688 absolutio,qtt:e
2816 5617 2891 5673 illi
2935 5620 3088 5675 valde
3146 5617 3423 5678 familiaris
3464 5635 3550 5681 est

1959 5715 2058 5769 pro
2084 5702 2311 5769 recerta
2341 5700 2395 5745 et
2410 5689 2679 5769 evidenti.

2030 5768 2114 5842 (ά)
2144 5767 2217 5820 Ita
2242 5765 2384 5819 hunc
2409 5762 2583 5845 locum
2602 5761 2871 5845 exhibent
2890 5773 3202 5819 constanter
3224 5780 3353 5819 mss.
3413 5767 3550 5821 liiliti

1963 5856 2093 5898 vero
2113 5882 2125 5905 ,
2159 5853 2248 5892 cor
2272 5850 2430 5890 unum
2450 5844 2498 5889 et
2525 5844 2699 5888 anima
2725 5850 2846 5887 una.

2924 5926 2963 5985 2
