4048 6436
486 362 555 422 ιδ
1683 354 1930 415 S.\NCTI
1964 351 2075 413 HlL

2192 352 2221 411 ll
2259 353 2569 415 EPISCOPI
3726 361 3794 420 tt

474 482 689 540 dientes
709 493 933 539 sensum
958 482 1038 557 (α)
1068 480 1538 539 fallantdictorum
1563 487 1876 535 nostrorum
1920 479 2077 534 inex-
2105 478 2157 538 Α
2182 478 2295 545 scit,
2327 493 2489 547 neque
2518 477 2704 551 Angeti
2727 477 2784 533 in
2810 477 2973 548 cortis,
2996 476 3079 552 (d)
3105 492 3267 551 neque
3299 478 3489 546 Filius,
3507 480 3609 537 nisi
3639 482 3798 538 Pater

472 575 697 646 plorata:
716 577 1046 633 assertiones
1066 618 1082 643 ,
1108 566 1222 631 nisi
1239 574 1402 631 etiam
1434 574 1865 645 propositionum
1883 572 2079 628 adver-

471 683 657 725 sarum
686 655 1078 734 demonstratae
1110 668 1430 736 inanitates,
1462 666 1624 723 tidem
1655 675 1895 723 nostram
1924 666 1978 720 in
2008 680 2079 720 eo

477 763 601 834 ipso
625 805 639 832 ,
670 761 812 834 quod
842 764 977 835 ipsat
1018 762 1264 820 ridiculae
1288 775 1412 819 esse
1440 768 1757 832 arguantur,
1787 760 2075 814 at’tirtnent.

476 854 664 914 Nonus
695 856 877 928 itaque
905 857 1047 915 liber
1076 866 1222 914 totus
1253 858 1305 912 in
1338 856 1418 931 (Ι)
1449 854 1779 926 repellendis
1822 854 1919 921 iis,
1953 866 2077 923 quac

473 951 543 1008 ad
574 950 956 1009 infirmandam
987 953 1253 1025 unigeniti
1287 951 1379 1007 Dei
1408 950 1489 1024 (2)
1519 950 1855 1005 nativitatem
1886 948 1954 1004 ab
1984 948 2078 1002 im-

475 1047 581 1121 piis
609 1028 957 1119 usurpantur,
976 1049 1216 1104 intentus
1245 1055 1330 1103 est
1358 1062 1373 1101 :
1407 1045 1498 1117 qui
1527 1044 1952 1115 dispensationis
1983 1055 2079 1098 oc-
2102 1074 2119 1091 .

471 1143 605 1200 culti
636 1157 667 1198 a
698 1142 914 1199 saeculis
940 1143 1189 1215 mysterii
1217 1142 1601 1206 immemores,
1635 1138 1947 1210 evangelica
1971 1135 2077 1192 title

467 1239 638 1296 Deum
656 1245 832 1309 atque
879 1238 1153 1294 hominem
1202 1236 1486 1309 praedicari
1535 1250 1643 1291 non
1698 1233 2071 1291 recordentur.

472 1330 869 1404 Namque‘cum
901 1331 1071 1388 Deum
1103 1344 1228 1387 esse
1260 1329 1547 1398 Dominum
1597 1337 1845 1384 nostrum
1890 1326 2075 1381 Jesum

468 1424 746 1482 Christum
768 1467 784 1493 ,
813 1433 871 1482 et
895 1424 1133 1499 similem
1160 1424 1273 1480 Deo
1310 1438 1432 1479 esse
1457 1432 1513 1481 et
1534 1422 1796 1493 aequalem
1825 1430 1884 1478 ut
1907 1424 2073 1479 Deum

463 1517 633 1575 filium
668 1518 779 1574 Deo
806 1504 984 1589 patri,
1022 1525 1209 1573 natum
1251 1515 1330 1589 ('5)
1374 1531 1446 1572 ex
1478 1516 1590 1571 Deo
1614 1558 1628 1582 ,
1681 1524 1738 1571 et
1781 1514 2076 1571 secundum

465 1614 769 1670 nativitatis
799 1613 1185 1683 proprietatem
1209 1611 1262 1666 in
1287 1610 1518 1665 veritate
1538 1610 1774 1680 Spiritus
1797 1610 1918 1681 (hoc
1961 1619 2035 1663 est
2055 1651 2070 1675 ,

468 1707 793 1778 divinitatis)
822 1707 1122 1764 subsistere
1150 1713 1381 1778 negant;
1415 1706 1498 1760 his
1523 1706 1619 1761 niti
1646 1704 1916 1760 dictorum
1969 1704 2074 1761 d0-

464 1803 787 1859 minicorum
810 1801 1246 1872 professionibus
1271 1800 1451 1855 solent
1482 1818 1497 1855 :
1524 1800 1664 1867 Quid
1700 1816 1779 1854 me
1826 1800 1957 1853 dicis
1986 1798 2076 1853 bo-

2191 571 2336 627 solus
2367 570 2567 642 ("arci
2615 586 2734 640 stu,
2778 572 2869 643 52)
2924 583 3177 628 :utcum
3206 572 3374 630 Filius
3422 576 3631 631 nesciat
3650 577 3795 647 quod

2181 666 2343 723 Pater
2367 668 2515 723 solus
2535 667 2699 734 sciat,
2727 668 2887 740 longe
2910 667 3123 725 alienus
3150 672 3221 737 sit
3242 670 3497 727 nesciens
3511 685 3543 725 a
3561 670 3793 735 sciente;

2181 762 2303 830 quia
2352 772 2541 818 natura
2565 763 2888 834 ignorationi
2924 763 3192 832 obnoxia,
3225 778 3332 821 non
3357 765 3431 821 sit
3452 764 3568 836 ejus
3621 765 3795 821 virtu-

2182 856 2251 912 tis
2278 866 2333 912 ct
2363 859 2665 928 potestatis,
2686 873 2807 930 qua:
2836 873 2866 914 a
2893 857 3171 916 dominatu
3203 859 3557 930 ignorationls
3576 855 3660 931 (ὅ)
3693 873 3797 916 cx-

2184 960 2340 1022 cepta
2364 953 2455 1008 sit.

2250 1046 2340 1102 50.
2371 1046 2701 1121 Argumentis
2724 1047 3085 1121 respondetur.
3253 1046 3380 1103 "ac
3405 1056 3588 1116 itaque
3607 1082 3624 1112 .
3671 1059 3797 1102 cor-

2180 1152 2342 1213 rupto
2368 1141 2774 1214 depravatoque
2803 1156 2988 1210 sensu,
3018 1140 3343 1215 impiissime
3392 1141 3465 1196 ita
3518 1139 3794 1194 intellecta

2180 1254 2301 1296 esse
2318 1248 2706 1305 monstrantes,
2729 1253 2922 1295 omnes
2946 1238 3213 1294 dictorum
3240 1250 3433 1292 causas
3456 1250 3523 1291 ex
3550 1233 3637 1289 his
3660 1231 3795 1305 ipsis

2177 1335 2261 1390 vel
2302 1334 2786 1405 interrogationum
2830 1332 2916 1389 vel
2944 1342 3247 1405 temporum
3298 1329 3381 1385 vel
3434 1327 3794 1399 dispensatio-

2181 1446 2307 1487 num
2338 1430 2632 1502 generibus
2654 1429 2934 1486 attulimus
2958 1469 2974 1498 ,
2997 1427 3178 1484 causis
3214 1426 3398 1498 potius
3441 1424 3609 1481 verba
3663 1422 3794 1479 sub-

2178 1524 2403 1592 dentes,
2432 1538 2541 1580 non
2562 1536 2758 1580 causas
2784 1522 2970 1579 verbis
2995 1522 3321 1591 deputantes
3364 1539 3378 1576 :
3428 1528 3487 1575 ut
3515 1533 3639 1574 cum
3667 1532 3698 1573 a
3731 1532 3795 1573 se

2177 1618 2477 1683 dissideat,
2502 1614 2663 1671 Pater
2688 1620 2861 1690 major
2883 1632 2965 1670 nte
2989 1616 3107 1681 ρει(
3140 1614 3299 1669 Joan.
3343 1626 3465 1679 xlv,
3514 1610 3645 1683 28);
3704 1603 3784 1675 et.

2190 1711 2272 1784 (6)
2294 1712 2407 1783 Ego
2429 1720 2479 1767 et
2508 1710 2670 1766 Pater
2696 1727 2855 1765 unum
2883 1725 3063 1766 sumus
3109 1708 3269 1779 (Joan
3340 1726 3395 1776 ι,
3448 1706 3565 1778 30);
3614 1719 3794 1776 neque

2182 1807 2324 1863 idem
2372 1808 2474 1871 sit,
2509 1804 2695 1861 Nemo
2726 1805 2892 1860 bonus
2948 1817 3058 1872 est,
3112 1810 3211 1858 ntst
3244 1819 3376 1857 unus
3434 1799 3576 1856 Deus
3633 1798 3789 1871 (Luc.

467 1895 617 1950 nam?
646 1893 816 1951 Nemo
836 1902 911 1950 est
942 1892 1103 1950 bonus
1124 1894 1228 1948 nisi
1256 1909 1389 1947 unus
1415 1875 1558 1948 Dea;
1585 1891 1741 1965 (Luc.
1769 1908 1923 1959 xvm,
1959 1891 2074 1964 l9);
2108 1887 2156 1949 B
2185 1916 2316 1957 xvm
2345 1942 2360 1968 ,
2396 1899 2518 1970 19);
2574 1906 2651 1966 et,
2703 1898 2777 1973 (e)
2831 1899 2935 1967 Qui
2984 1915 3063 1953 me
3122 1899 3266 1963 vidit,
3316 1893 3442 1950 sidit
3486 1904 3533 1948 et
3578 1887 3793 1948 Patrem

466 1997 525 2045 ttt
552 2003 675 2045 cum
703 1987 814 2043 dici
839 2003 901 2043 se
932 1986 1133 2042 bonum
1157 1996 1415 2058 coarguat
1434 2030 1449 2055 ,
1484 1996 1539 2042 et
1567 2002 1673 2041 non
1705 1985 1808 2047 nisi
1844 1984 1950 2058 ιθ
1969 1984 2069 2041 bo—

466 2097 596 2139 num
616 2081 785 2140 Deum
806 2096 973 2138 unum
1000 2094 1123 2137 esse
1156 2089 1380 2137 testetur
1400 2079 1571 2152 ;et(b)
1589 2090 1750 2136 extra
1776 2080 2069 2135 bonitatem

470 2176 567 2231 Dei
598 2176 707 2239 sit,
740 2173 830 2246 qui
860 2173 1036 2231 bonus
1078 2180 1195 2241 est,
1225 2182 1277 2229 et
1308 2173 1363 2229 in
1400 2171 1497 2228 Dei
1527 2188 1635 2227 non
1676 2172 1748 2228 sit
1798 2173 2027 2228 veritate
2055 2215 2068 2237 ,

466 2266 557 2341 qui
586 2281 726 2323 unus
748 2275 850 2322 est.
883 2266 1090 2334 Quibus
1126 2266 1289 2322 dictis
1319 2265 1482 2323 etiam
1513 2264 1729 2321 itare-ad
1778 2263 2071 2336 impietatis

458 2375 572 2417 sum
601 2368 916 2431 argumenta
942 2367 1277 2429 connectunt
1310 2357 1474 2414 :Hazc
1500 2366 1576 2413 est
1602 2367 1775 2414 autem
1803 2358 1906 2413 uita
1923 2368 2070 2413 mter-

459 2468 562 2523 na,
592 2463 647 2507 ut
686 2463 999 2526 cognoscant
1028 2463 1078 2509 te
1104 2453 1276 2507 solum
1302 2468 1480 2508 rerum
1498 2450 1667 2508 Deum
1687 2495 1699 2518 ,
1729 2464 1776 2509 et
1798 2470 1947 2523 quem
1968 2455 2067 2507 mi-

461 2547 577 2602 sisti
611 2543 796 2602 letum
819 2546 1082 2601 Christum
1110 2541 1292 2619 (Joan’.
1322 2561 1470 2613 xvn,
1505 2544 1563 2617 3)
1591 2563 1604 2599 :
1631 2555 1689 2602 ut
1739 2545 1916 2603 solum
1971 2561 2068 2603 ve-

464 2654 588 2696 rum
615 2638 789 2695 Deum
817 2638 1104 2695 confessus
1130 2640 1349 2696 Patrem
1368 2680 1385 2707 ,
1432 2652 1534 2696 nec
1587 2654 1749 2697 verus
1782 2625 1898 2710 ipse
1918 2681 1935 2708 ,
1966 2655 2069 2697 nec

464 2733 610 2791 Deus
639 2734 746 2803 sit;
768 2735 890 2806 quia
922 2735 1092 2792 solius
1116 2734 1215 2792 Dei
1271 2734 1384 2791 veri
1428 2735 1708 2813 exceptio,
1742 2735 2067 2808 significatu:

465 2829 818 2901 proprietatis
840 2829 919 2902 (ο)
945 2846 1053 2886 non
1074 2828 1304 2887 excedat
1321 2837 1624 2889 auctorem.
1656 2828 1774 2885 Non
1814 2828 2068 2903 ambigue

458 2930 644 2979 autem
673 2920 777 2978 hoc
804 2922 874 2977 ab
903 2937 971 2979 eo
1000 2921 1205 2979 dictum
1255 2936 1380 2979 esse
1430 2920 1845 2994 intelligendum
1871 2964 1887 2991 ,
1941 2923 2068 2994 quia

460 3015 607 3073 idem
625 3017 825 3073 dixerit
846 3035 859 3072 :
888 3013 1011 3086 Non
1031 3026 1195 3091 potest
1218 3013 1390 3074 Filius
1410 3022 1582 3092 facere
1599 3020 1665 3076 ab
1687 3035 1743 3075 se
1764 3019 2065 3092 quidquam,

464 3110 565 3165 nisi
582 3110 721 3181 quod
741 3110 924 3166 viderit
953 3108 1163 3167 Patrem
1190 3112 1465 3183 facientem
1499 3111 1682 3184 (Joan.
1737 3128 1792 3181 v,
1843 3111 1934 3186 l9)
1966 3131 1981 3168 :
2011 3120 2072 3171 ut

468 3220 589 3262 cum
616 3203 750 3260 nihil
778 3204 881 3260 nisi
912 3204 980 3261 dc
1005 3205 1259 3277 exemplo
1286 3205 1471 3276 operis
1495 3198 1669 3277 possit
1689 3207 1904 3278 operari
1926 3249 1942 3275 ,
1972 3222 2070 3264 na-

2177 1996 2363 2070 (Jaan.
2387 1995 2597 2063 xtv,9);
2626 1994 2716 2051 vel
2739 2003 2889 2052 certe
2916 2004 3063 2050 tanta
3088 2010 3119 2050 a
3147 2009 3208 2050 se
3236 1992 3555 2049 diversitate
3574 2000 3795 2046 contra-

2177 2090 2255 2146 ria
2288 2092 2398 2145 sint
2428 2109 2441 2145 :
2472 2089 2655 2157 Pater,
2688 2091 2864 2144 omnia
2919 2098 3009 2143 tua
3063 2102 3180 2143 mea
3230 2094 3382 2151 sunt,
3432 2094 3479 2139 et
3530 2100 3647 2138 mea
3698 2091 3791 2137 tua

2177 2181 2356 2254 (latin.
2382 2199 2511 2249 xvn,
2539 2182 2664 2253 10);
2692 2192 2747 2238 et
2774 2168 2871 2255 (γ),
2899 2180 2967 2237 Ut
2994 2187 3304 2250 cognoscant
3331 2189 3380 2231 te
3423 2176 3590 2231 solum
3613 2191 3791 2242 rerum

2176 2275 2345 2331 Deum
2367 2274 2619 2349 (Ibidem,
2642 2278 2724 2346 5);
2748 2277 2833 2334 vel
2860 2276 3011 2339 illud,
3035 2275 3149 2345 Ego
3179 2290 3233 2328 tn
3266 2271 3442 2333 Patre,
3465 2282 3514 2326 et
3545 2271 3703 2326 Pater
3730 2271 3787 2325 in

2174 2387 2254 2426 me
2283 2368 2602 2441 (Ioan.'x1v,
2634 2370 2749 2441 H);
2783 2379 2859 2437 et,
2886 2369 2963 2424 De
2988 2369 3071 2424 die
3094 2376 3264 2422 autem
3294 2367 3370 2439 (ῃ)
3412 2375 3459 2421 et
3483 2367 3611 2438 [rora
3640 2382 3790 2420 nemo

2172 2468 2291 2534 scit,
2343 2482 2503 2536 neque
2530 2464 2700 2543 angeli
2728 2465 2783 2519 in
2810 2466 2973 2531 catis,
3030 2479 3191 2532 neque
3222 2460 3416 2525 Fttius,
3470 2460 3572 2513 nisi
3626 2458 3789 2513 Pater

2173 2560 2315 2615 solus
2335 2557 2535 2633 (Mare.
2562 2574 2682 2626 uti,
2713 2556 2831 2630 5t).
2862 2557 3238 2628 intelligantur
3259 2557 3313 2610 in
3344 2553 3573 2624 singulis
3603 2562 3658 2630 et
3676 2553 3791 2609 dis-

2174 2656 2550 2729 pensationem
2577 2654 2994 2728 praedicationes
3013 2696 3029 2723 ,
3065 2654 3177 2728 πο
3200 2662 3255 2708 et
3276 2652 3512 2709 conscias
3545 2659 3790 2722 potesta-

2174 2750 2245 2806 tis
2273 2749 2535 2806 naturalis
2564 2749 2938 2821 professiones
2961 2766 2975 2800 :
2998 2758 3195 2805 etcum
3232 2746 3373 2803 idem
3403 2747 3477 2801 sit
3505 2744 3635 2800 dicti
3655 2758 3789 2800 auc-

2173 2854 2260 2902 tor
2288 2843 2606 2917 utriusque,
2634 2831 3024 2901 demonstratis
3055 2853 3233 2898 tante"
3281 2841 3567 2896 virtutibus
3613 2853 3787 2909 gene-

2173 2954 2293 2995 rum
2325 2939 2654 3011 singulorum
2686 2939 3023 3010 (naturarum
3043 2937 3379 3009 singularum
3408 2949 3532 3013 qua:
3576 2940 3707 2987 sunt
3733 2932 3791 2989 iu

2172 3030 2436 3104 Christo),
2478 3047 2584 3088 non
2612 3032 2883 3109 pertineat
2911 3034 2979 3087 ad
3007 3028 3392 3088 contumeliam
3422 3042 3566 3085 vera:
3590 3027 3792 3083 divini-

2150 3128 2323 3191 tatis,
2350 3125 2491 3197 quod
2523 3125 2591 3182 ad
2619 3136 3021 3183 sacramentum
3049 3123 3173 3179 ﬁdei
3196 3122 3523 3194 evangelica
3549 3120 3653 3177 sub
3677 3118 3783 3176 dis-

2174 3221 2499 3292 pensatione
2546 3230 2601 3276 et
2631 3235 2810 3277 causa:
2840 3229 2897 3277 et
2925 3218 3186 3291 temporis
3212 3224 3271 3274 et
3294 3214 3589 3272 nativitatis
3608 3224 3668 3272 et
3690 3229 3788 3271 no-

463 3308 602 3355 turte
633 3299 687 3353 in
734 3312 803 3354 eo
833 3298 1166 3371 intelligatur
1206 3298 1533 3367 inﬁrmitas;
1580 3300 1706 3372 quia
1735 3315 2077 3376 nequaquam
2107 3304 2159 3370 (ἶ
2185 3313 2350 3371 minis
2375 3313 2713 3387 prmium;

462 3390 536 3447 sit
558 3390 969 3463 omnipotentis:
999 3392 1468 3462 comparandum,
1512 3393 1659 3465 quod
1713 3396 1908 3453 alienat
1932 3412 2069 3468 ope-

466 3487 696 3544 rationis
738 3486 1042 3557 subjectum
1069 3497 1155 3543 est
1174 3486 1524 3556 necessitati;
1570 3498 1626 3545 et
1672 3492 1813 3547 ratio
1866 3492 2071 3550 intelli-

468 3582 668 3651 gentia:
708 3578 814 3635 hoc
838 3580 1067 3636 suadeat
1085 3621 1099 3645 ,
1128 3580 1187 3636 in
1216 3580 1467 3637 omnibus
1492 3597 1524 3636 a
1555 3595 1615 3638 se
1636 3597 1799 3654 posse
1847 3592 1905 3640 et
1959 3600 2069 3642 non

469 3686 654 3743 posse,
673 3670 917 3728 dilferre.
949 3665 1174 3728 Diﬁ‘erre
1211 3681 1394 3728 autem
1419 3687 1488 3730 eo
1508 3689 1709 3746 usque,
1741 3686 1801 3731 ut
1828 3676 1895 3733 de
1917 3684 2071 3748 patre

470 3767 584 3822 Deo
612 3767 728 3822 haec
757 3767 829 3823 ita
853 3766 1131 3838 professus
1159 3768 1262 3823 sit:
1293 3767 1453 3825 Pater
1478 3771 1650 3845 major
1678 3787 1759 3827 me
1778 3782 1855 3827 est
1884 3770 2067 3846 (Joan.

470 3874 581 3927 sitv,
610 3858 706 3930 28)
732 3868 790 3923 et
817 3857 904 3932 (4)
920 3869 1102 3916 cesset
1128 3860 1182 3915 in
1216 3860 1553 3932 professione
1579 3862 1828 3921 absoluta
1877 3864 2072 3923 adver-

470 3953 629 4009 sandi
657 3951 965 4019 calumnia;
994 3954 1117 4025 quia
1147 3955 1325 4035 impia;
1355 3956 1588 4013 vesania:
1617 3960 1690 4014 sit
1710 3958 1973 4017 honorem
2008 3976 2073 4017 ac

476 4056 725 4104 naturam
756 4048 847 4106 Del
877 4048 1115 4111 tribuere
1140 4050 1421 4107 abnuenti.
1443 4050 1603 4108 Omni
1626 4062 1805 4111 autem
1826 4055 1989 4112 modo
2017 4057 2073 4113 in

474 4152 684 4201 tantum
710 4159 836 4201 eum
866 4159 897 4198 a
927 4145 1257 4216 proprietate
1285 4146 1397 4202 veri
1429 4145 1522 4203 Dei
1546 4146 1738 4204 abesse
1758 4189 1774 4219 ,
1821 4157 1878 4206 ut
1910 4151 2073 4207 etiam

475 4246 702 4293 testatus
730 4237 848 4294 h;ec
868 4235 1029 4294 fuerit
1056 4256 1071 4292 :
1104 4238 1178 4293 De
1203 4238 1287 4294 die
1309 4248 1481 4295 autent
1507 4238 1603 4296 illa
1647 4250 1696 4297 et
1741 4240 1874 4299 Itora
1925 4261 2073 4301 nemo

553 4377 633 4521 (ἐξ
666 4378 997 4450 Refellcndis.

553 4453 611 4521 (2
664 4452 847 4506 Potior
877 4451 994 4506 vide

552 4450 632 4521 (‘2)
664 4452 847 4506 Potior
877 4451 1086 4519 videtur
1108 4450 1278 4507 nostri
1301 4452 1500 4509 codicis
1517 4454 1679 4509 lectio
1705 4455 2075 4515 :ditviuttatem.

482 4522 614 4580 Nam
629 4525 872 4594 profecto
886 4523 938 4577 in
956 4538 1101 4579 nono
1113 4523 1249 4579 libro
1264 4535 1447 4580 contra
1463 4526 1899 4583 adversariorum
1917 4545 2083 4585 cotta-

482 4607 567 4649 tus
599 4609 780 4649 verum
809 4593 931 4673 Filii
961 4594 1283 4673 divinitatem
1304 4599 1643 4666 potissimum
1674 4608 1851 4673 tut-tur
1898 4619 1909 4655 :
1958 4618 2080 4673 qum

484 4674 665 4722 tamen
696 4664 908 4729 ttnunisi
939 4681 1004 4720 ex
1036 4664 1442 4723 nativitatissum
1474 4678 1663 4725 natura
1690 4670 1791 4726 silii
1835 4680 1940 4729 est.
1977 4664 2084 4729 ’Λι-

483 4738 1423 4814 quelitt'rcticoruuLoltjectaomnia
1453 4782 1469 4806 ,
1498 4741 1790 4811 quaediluit
1823 4744 2082 4814 Hilarius,

486 4810 553 4865 ad
585 4809 957 4864 intirmattdam
980 4809 1101 4865 Filii
1133 4810 1463 4866 divinitatem
1495 4809 1794 4871 collimant.

559 4880 637 4954 (ὅ)
665 4880 721 4935 lu
744 4892 886 4935 antet
904 4884 1016 4937 iotc
1052 4880 1292 4938 editione
1320 4895 1534 4939 :natum
1558 4899 1603 4941 et
1627 4885 1758 4943 Deo.

559 4994 639 5079 (ᾳ)
670 4993 885 5078 Aliquot
915 4988 1371 5079 mss._plaudicr_tte
1395 5014 1546 5055 sensu
1576 5015 1595 5054 :
1618 5010 1673 5057 et
1694 5018 1817 5073 mox
1842 5006 1905 5079 in
1933 5006 2093 5078 refel-

487 5066 652 5142 lt'ndis
677 5107 692 5131 ,
726 5082 823 5134 pro
849 5068 900 5120 in
930 5068 1258 5142 rrpeitendis.
1291 5069 1460 5126 Nemo
1488 5086 1652 5142 porro
1681 5070 1790 5131 non
1821 5076 1966 5133 videt
1990 5066 2088 5132 vo-

486 5137 737 5263 ωΡιιιιιἮ
769 5137 1065 5193 εεηδυηιῄά
1089 5140 1310 5210 Inflant,
1341 5157 1449 5197 non
1472 5137 1538 5199 ad
1560 5144 1878 5203 blandientes
1901 5188 1925 5216 ,η
1964 5165 2087 5206 esse

486 5225 546 5264 re
575 5224 702 5263 eren
744 5225 855 5263 um.

566 5278 639 5350 (ιι)
674 5280 727 5361 Id
757 5290 869 5367 est,
900 5290 953 5367 et
985 5298 1091 5367 non
1118 5282 1190 5337 sit
1216 5299 1441 5367 consors
1463 5286 1722 5346 bonitatis
1769 5293 1947 5362 illius,
1976 5310 2082 5367 qua

494 5350 632 5423 Deus
661 5353 1001 5423 singulariter
1023 5355 1194 5410 bonus
1220 5365 1323 5423 est,
1348 5370 1454 5415 etc.
1602 5386 1607 5390 τ

560 5420 633 5492 (r)
666 5420 776 5499 Hoc
798 5434 879 5499 est
899 5465 914 5487 ,
944 5426 1081 5481 intra
1112 5420 1323 5484 Patrem
1351 5445 1569 5499 prorsus
1600 5437 1943 5494 contineatur
1986 5447 2073 5494 at-

486 5510 591 5581 que
614 5495 969 5581 collaudatur
997 5500 1138 5564 quod
1173 5500 1313 5557 illius
1341 5495 1618 5581 proprium
1660 5524 1785 5566 esse
1813 5512 2083 5581 signiﬁca-

484 5577 598 5689 mm
630 5578 741 5630 est,
779 5582 875 5623 nec
904 5570 970 5621 ab
1000 5585 1065 5626 eo
1092 5583 1285 5631 exeat.
1315 5570 1373 5630 ut
1403 5576 1496 5631 ulli
1538 5581 1694 5637 alteri
1720 5570 2086 5640 communice-

549 5656 588 5689 l'.
1870 5650 1875 5655 ’

530 5708 644 5796 ,(ιΙ)
669 5709 724 5796 in
744 5710 865 5796 cod.
893 5711 1015 5796 vat.
1044 5716 1157 5796 itas.
1192 5715 1278 5773 hic
1302 5729 1358 5775 et
1384 5721 1541 5796 intra,
1575 5739 1732 5796 neque
1754 5726 1894 5796 ﬁlius
1920 5728 2073 5782 Itami-

488 5784 584 5861 ςῖῖε.
618 5784 900 5861 Aliestvos
924 5787 1143 5841 hominis
1170 5804 1199 5843 a
1228 5793 1470 5861 carioris,
1502 5784 1608 5850 non
1651 5784 1766 5853 hoc.
1785 5800 1961 5853 solum
2009 5800 2078 5852 li-

480 5849 619 5939 luo,
649 5854 744 5939 sed
772 5863 997 5939 etmane-
1013 5898 1029 5927 ,
1054 5874 1226 5939 caque
1245 5849 1469 5921 sublata,
1486 5849 1635 5924 locus
1660 5849 2079 5939 allatus-"priuis

475 5924 652 5978 {route
671 5924 789 5995 plus
820 5924 1031 5987 Arimis
1055 5924 1215 5988 taret.

2248 3409 2339 3465 81.
2366 3407 2518 3465 Liber
2541 3411 2787 3466 decimus.
2824 3409 3074 3477 Quodam
3100 3406 3387 3480 Scriptum
3407 3404 3559 3461 verba
3583 3403 3793 3460 hereti-

2177 3503 2255 3559 cis
2280 3506 2449 3573 specie
2472 3512 2618 3558 tenus
2646 3506 2892 3571 (anetina.
2924 3526 2996 3543 --
3019 3501 3222 3558 Decimi
3248 3514 3377 3557 vero
3422 3500 3546 3555 libri
3596 3499 3791 3555 eadem

2177 3602 2266 3652 est
2294 3595 2470 3663 ratio,
2492 3609 2613 3666 quae
2642 3596 2790 3652 ttdei.
2820 3593 2953 3652 Nam
2997 3595 3122 3666 quia
3160 3608 3232 3650 ex
3270 3593 3539 3664 passionis
3588 3606 3794 3662 genere

2178 3696 2237 3745 et
2249 3674 2586 3760 professione
2603 3689 2847 3762 quaedam
2869 3704 2967 3761 per
2977 3688 3158 3745 stulta
3180 3685 3553 3758 intelligentia
3570 3700 3792 3742 sensum

2183 3780 2251 3839 ad
2278 3786 2663 3842 contumeliam
2691 3783 2890 3841 divina:
2920 3786 2973 3840 in
2998 3783 3229 3839 Domino
3254 3781 3385 3838 Jesu
3430 3778 3671 3837 Christo'
3697 3795 3793 3835 na«

2183 3884 2320 3957 tut-te
2351 3878 2672 3949 virtutisque
2723 3887 3054 3949 rapuerunt;
3097 3891 3161 3932 ea
3204 3877 3317 3947 ipsa
3367 3873 3792 3931 demonstranda

2182 3967 2422 4039 fuerunt,
2450 3980 2506 4027 et
2530 3971 2708 4027 abhis
2735 3970 3051 4040 impiissime
3079 3968 3353 4025 intellecta
3380 3982 3523 4032 esse,
3550 3977 3604 4023 et
3629 3983 3661 4021 a
3695 3966 3792 4021 Do-

2183 4064 2333 4120 mino
2361 4064 2429 4121 ad
2459 4064 2904 4137 protestationem
2928 4078 3079 4121 verte
3108 4072 3166 4120 et
3217 4061 3473 4135 perfecta:
3505 4062 3561 4116 in
3590 4076 3651 4118 se
3681 4075 3799 4117 ma-

2179 4158 2391 4230 jestatis
2413 4174 2535 4217 esse
2558 4167 2878 4217 memorata.
2906 4158 3149 4229 Namque
3198 4157 3284 4211 his
3341 4156 3467 4217 sibi,
3507 4154 3692 4223 dictis,
3744 4163 3801 4211 ut

2184 4251 2444 4325 religiose
2472 4255 2622 4326 impii
2642 4252 3134 4320 sint,blandiuntur
3159 4269 3172 4304 :
3193 4249 3381 4306 Tristis
3398 4259 3474 4305 est
3494 4252 3669 4305 anima
3688 4266 3801 4304 mea

2270 4390 2353 4463 (4)
2385 4391 2479 4451 Ms.
2516 4401 2737 4449 noster:
2764 4406 2964 4448 necesse
2991 4400 3065 4447 est
3090 4390 3145 4463 in
3196 4389 3513 4461 professione
3552 4388 3801 4463 _obs_oluta

2194 4460 2505 4519 adversandi
2534 4466 2795 4521 calumnia
2820 4465 3075 4519 videatur.
3102 4462 3321 4517 [teetius
3360 4476 3519 4533 quam
3548 4461 3602 4516 in
3632 4460 3797 4516 Eraso

2194 4540 2373 4609 miaua
2394 4538 2757 4609 Leu-terisque
2782 4554 2795 4589 :
2827 4547 2875 4592 et
2902 4546 3060 4592 cesset
3088 4536 3163 4605 in,
3190 4544 3299 4590 etc.

2298 4608 2351 4682 ὅ)
2384 4607 2641 4682 Excerpta
2661 4607 2746 4664 iit.

2299 4677 2352 4748 6)
2384 4682 2479 4738 liic
2505 4698 2532 4735 a
2553 4677 2744 4737 codice
2775 4680 2969 4737 Veron.
2998 4677 3359 4748 interponitur
3402 4679 3619 4742 iterum;
3660 4677 3803 4733 sicut

2197 4761 2255 4808 ct
2281 4749 2403 4809 mox
2428 4763 2555 4810 ante
2581 4755 2745 4809 verba
2780 4771 2791 4805 :
2819 4753 3022 4819 Quinte
3040 4752 3190 4819 vidit,
3219 4762 3350 4818 etc.,
3386 4761 3547 4821 atque
3574 4749 3803 4806 inferius

2196 4834 2326 4882 ante
2354 4826 2519 4883 verba
2553 4844 2568 4883 :
2600 4824 2680 4881 De
2705 4827 2809 4880 die.

2119 4879 2177 4943 D

2280 5004 2350 5079 (e)
2383 5004 2479 5062 Hie
2509 5014 2565 5063 et
2590 5005 2850 5076 deinceps
2873 5003 3005 5064 editi
3028 5002 3180 5075 juxta
3230 5000 3547 5079 Vulgatam,
3592 4999 3681 5071 qm‘
3726 5015 3808 5053 me

2201 5074 2358 5137 videt.
2410 5082 2476 5133 At
2524 5074 2800 5135 meliores
2830 5093 2961 5132 mss.
3011 5074 3322 5131 Constanter
3363 5074 3515 5145 juxta
3563 5086 3805 5145 gruit-um

2202 5157 2407 5206 textum
2431 5160 2767 5222 cmterosque
2811 5149 3001 5206 Patres
3048 5147 3250 5203 llilario
3298 5142 3563 5217 aequales,
3595 5142 3699 5211 Qui
3728 5158 3809 5196 me

2204 5224 2349 5291 vitt‘t,
2366 5224 2508 5278 vidit.

2277 5318 2347 5392 (Ῑ)
2382 5317 2438 5373 In
2472 5317 2700 5392 vulgatis
2731 5317 2837 5385 hic,
2891 5325 2938 5392 et
2962 5316 3188 5392 iterum;
3237 5325 3300 5366 ac
3346 5310 3505 5392 paulo
3547 5316 3705 5379 post.
3739 5320 3809 5392 Δςῖι

2200 5383 2386 5447 ituram
2417 5392 2479 5445 de
2505 5383 2608 5444 die.
2638 5383 2877 5462 Utroque
2904 5389 2957 5443 in
2980 5387 3101 5462 loco
3123 5388 3399 5440 abcstvox
3430 5383 3615 5462 iterum
3640 5383 3807 5434 casti-

2203 5463 2501 5535 gatioribus
2533 5479 2662 5516 mss.
2691 5469 2748 5517 et
2770 5453 2984 5535 abesse
3013 5458 3173 5514 debet
3204 5473 3217 5510 :
3244 5469 3349 5510 non
3380 5457 3525 5535 enim
3558 5453 3643 5535 hic
3668 5466 3809 5504 con-

2208 5526 2383 5608 geries
2405 5544 2489 5590 est
2510 5533 2943 5608 testimoniorum
2972 5532 3216 5608 inuunam
3245 5543 3360 5608 rem
3391 5526 3765 5582 'collectorunt
3791 5564 3803 5589 ,

2209 5598 2303 5663 sed
2329 5619 2560 5678 quatuor
2589 5606 2690 5661 loci
2718 5614 2947 5678 quatuor
2973 5603 3096 5657 aliis
3122 5598 3376 5672 oppositi.

2277 5724 2354 5796 (gi)
2387 5724 2463 5777 Ex
2493 5721 2769 5796 meliorum
2798 5736 2925 5775 mss.
2959 5733 3224 5796 consensu
3262 5722 3538 5796 expuncto
3581 5720 3670 5796 est
3705 5710 3808 5796 hic

2209 5781 2429 5850 νοὶἕὲιια
2461 5837 2476 5861 ,
2510 5795 2758 5864 quamvis
2788 5802 2960 5849 exstet
3008 5789 3275 5864 superiori
3306 5781 3553 5842 numero.
3580 5781 3799 5864 Sielib.

2202 5886 2292 5950 1x,
2327 5885 2379 5922 n.
2411 5856 2473 5933 ‘2,
2499 5856 2688 5921 eadem
2716 5856 3350 5970 egpritnitur,'rcticetur
3368 5873 3591 5916 verum.
3621 5856 3715 5919 57,
3743 5863 3803 5907 ιιι

2200 5951 2257 5994 «οι
2284 5958 2331 5995 ttl
2359 5956 2435 6007 ps.
2463 5954 2600 5994 (λιιι
2624 5980 2637 6004 ,
2663 5954 2715 5992 u.
2746 5951 2802 5992 τι.
