4048 6440
199 386 264 442 ib”
1439 376 1527 443 DE
1562 382 1934 442 TRINITATE
1975 385 2178 444 LIBER
2214 385 2256 441 ι.
3431 387 3498 444 46

197 519 350 569 usque
378 503 448 554 ad
474 511 694 556 mortem
715 499 926 574 (Matth.
949 516 1092 565 xxVi,
1117 500 1232 572 58);
1252 510 1311 555 nt
1339 500 1495 571 longe
1522 517 1551 556 a
1571 501 1798 556 beatitu-
1827 503 1874 562 Α
1901 515 2022 571 qua:
2048 500 2103 556 in
2127 509 2467 558 sacramento
2493 510 2549 557 et
2574 501 2768 556 anima:
2797 511 2854 558 et
2874 504 3121 572 corporis
3153 501 3364 558 Domini
3396 507 3492 562 .Ie-

196 595 317 648 dine
342 605 504 666 atque
534 597 938 665 incorruptione
969 596 1059 651 Dei
1087 597 1247 661 sii,in
1276 597 1430 666 cujus
1450 598 1683 651 animam
1701 595 1799 651 do-

196 691 405 743 minans
433 691 853 744 metustristitiae
869 688 1202 744 imminentis
1219 688 1469 745 inciderit
1491 707 1505 743 :
1526 689 1618 760 qui
1634 693 1796 743 etiam

199 796 363 850 usque
389 781 456 834 ad
498 781 639 837 hanc
670 796 885 853 precem
913 790 1300 837 consternatus
1341 782 1504 837 luerit
1531 781 1798 852 passionis

198 875 523 931 necessitate
550 892 564 930 :
598 873 774 941 Pater,
799 875 843 930 si
869 874 1110 947 possibile
1135 886 1210 931 est
1235 917 1249 941 ,
1278 885 1506 931 transeat
1529 875 1669 930 calix
1703 875 1798 928 iste

195 987 225 1022 ti
251 985 328 1023 me
351 967 601 1038 (Ibidem,
632 971 724 1040 59)
755 987 768 1025 :
799 977 854 1025 et
879 969 998 1025 sine
1031 967 1198 1026 dubio
1219 972 1410 1026 timere
1460 971 1538 1042 (i)
1584 968 1797 1025 videre-

197 1075 282 1116 iur
309 1060 387 1132 (a)
420 1063 650 1133 perpeti,
683 1061 823 1132 quod
851 1076 921 1119 ne
949 1071 1224 1134 pateretur
1250 1063 1518 1126 oraverit;
1542 1063 1666 1134 quia
1697 1077 1794 1132 pa-

198 1156 365 1211 tiendi
389 1155 680 1226 trepidatio
705 1169 923 1212 causam
945 1155 1527 1228 attuleritdeprecandi
1555 1172 1568 1209 :
1594 1155 1646 1210 in
1678 1165 1792 1210 ian-

197 1263 308 1306 tum
337 1267 469 1307 vero
496 1251 866 1307 inﬁrmitatem
890 1251 1010 1324 ejus
1035 1251 1332 1308 obtinuerit
1357 1249 1440 1307 vis
1467 1250 1704 1317 doloris,
1737 1261 1798 1306 ut

195 1344 246 1397 in
277 1345 398 1416 ipso
418 1345 594 1400 crucis
622 1357 868 1418 tempore
893 1345 1100 1401 diceret
1155 1363 1168 1399 :
1221 1345 1381 1411 Deus,
1432 1343 1572 1401 Deus
1620 1359 1789 1410 nisus,

194 1450 355 1506 quare
373 1453 456 1493 me
481 1438 794 1508 deretiquisti'
818 1437 1042 1510 (Metili.
1072 1453 1221 1493 xxvii
1260 1478 1275 1502 ,
1318 1436 1450 1508 £6)?
1499 1438 1592 1502 qui
1629 1438 1793 1494 etiam

201 1543 373 1602 usque
402 1531 469 1587 sd
495 1533 770 1604 querelam
797 1533 1152 1590 desolationis
1172 1547 1284 1589 suae
1307 1574 1323 1601 ,
1356 1531 1625 1602 passionis
1642 1546 1795 1587 acer-

197 1624 366 1683 bitate
395 1636 734 1695 commotus,
763 1627 949 1685 auxilii
993 1629 1148 1699 inops
1186 1628 1422 1698 paterni,
1452 1627 1702 1696 spiritum
1738 1627 1792 1680 in

194 1722 296 1776 liac
319 1735 453 1778 voce
490 1721 733 1778 emiserit
761 1735 884 1778 cum
923 1721 1062 1778 dixit
1109 1739 1125 1777 :
1180 1719 1365 1788 Pater,
1390 1718 1693 1774 commendo
1738 1719 1790 1774 in

194 1831 378 1868 manus
407 1824 521 1870 tuas
561 1813 798 1884 spiritum
826 1828 994 1869 ineunt
1035 1810 1185 1884 (Luc.
1216 1827 1371 1875 xxiii,
1395 1812 1485 1882 l6)
1514 1828 1528 1878 ;
1554 1819 1608 1867 et
1627 1811 1792 1866 exha-

1899 606 1963 647 su
1986 589 2186 647 Christi
2209 601 2334 648 sunt
2355 631 2372 659 ,
2405 592 2475 664 (e)
2501 591 2634 648 nihil
2661 593 3076 664 inexploratum,
3111 596 3242 652 nihil
3270 598 3488 661 tacitum

1897 684 1982 759 (ὅ)
2028 686 2462 757 dereliquimiis:
2495 687 2588 744 sed
2611 687 2875 746 dictorum
2917 692 3158 746 omnium
3210 693 3489 762 paciﬁcum

1898 777 2308 851 intelligentiam
2325 782 2550 854 singulis
2570 783 2869 853 quibusque
2896 799 3179 840 causarum
3201 788 3492 856 generibus

1897 881 2215 944 coaptantes
2235 915 2250 941 ,
2287 891 2388 932 nec
2416 875 2689 946 trepidare
2719 876 2994 943 ﬁduciam,
3023 893 3124 935 nec
3149 880 3353 936 evitare
3407 895 3490 938 vo-

1899 964 2185 1034 luntatem,
2215 982 2316 1025 nec
2342 970 2599 1038 conqueri
2646 971 3018 1037 securitatem,
3073 988 3174 1029 nec
3215 988 3494 1030 commen-

1898 1059 2177 1117 dationem
2228 1061 2312 1117 sui
2377 1073 2650 1129 orantem,
2708 1065 2831 1120 aliis
2891 1067 3105 1122 veniam
3152 1067 3491 1125 desiderasse

1897 1155 2320 1213 monstravimus
2349 1175 2364 1211 :
2394 1156 2552 1213 ﬁdem
2583 1159 2852 1215 dictorum
2899 1162 3278 1217 universorum
3331 1165 3484 1219 abso-

1898 1249 2008 1305 luta
2036 1253 2330 1324 evangelici
2363 1254 2606 1325 mysterii
2651 1253 3029 1325 pradicatione
3054 1255 3349 1313 ﬁrmantes.

1967 1344 2059 1399 53.
2103 1342 2254 1399 Liber
2280 1361 2334 1401 xi
2383 1347 2492 1401 alia
2527 1345 2886 1404 hereticorum
2932 1361 3232 1421 argumenta
3275 1353 3490 1423 refellit.

1892 1464 1968 1478 —
1994 1435 2158 1510 Igitur
2200 1440 2326 1510 quia
2354 1439 2830 1512 desperatissimos
2855 1443 3102 1500 homines
3130 1461 3198 1501 ne
3228 1446 3342 1513 ipsa
3371 1449 3490 1516 qui-

1893 1528 2019 1584 dem
2047 1532 2463 1588 resurrectionis
2504 1533 2671 1604 gloria
2699 1535 2840 1590 intra
2873 1536 3149 1608 religionis
3182 1537 3484 1609 intelligen-

1894 1621 2024 1676 tiam
2051 1623 2275 1679 edoctos
2295 1623 2558 1692 cohibuit,
2579 1625 2672 1682 sed
2699 1636 2794 1682 aut
2818 1643 2913 1697 per
2939 1628 3264 1699 dignationis
3287 1631 3494 1700 proice-

1892 1714 2126 1781 sionem,
2147 1718 2434 1786 impietatis
2458 1735 2572 1776 sua:
2601 1737 2750 1777 arma
2777 1735 3145 1793 sumpserunt,
3177 1735 3272 1780 aut
3304 1726 3370 1797 (Γ)
3411 1743 3497 1783 sa-

1894 1812 2158 1866 cramenti
2208 1813 2592 1869 revelationem
2638 1815 2703 1871 ad
2758 1815 2850 1872 Dei
2880 1818 3262 1874 contumeliam
3315 1829 3496 1877 trans-

195 1907 338 1962 landi
367 1909 593 1978 spiritus
614 1907 972 1979 trepidatione
994 1906 1240 1963 turbatus
1263 1905 1343 1980 (ἱ)
1365 1906 1624 1962 tuendum
1655 1905 1798 1960 hunc
1825 1909 1874 1970 Β
1902 1903 2141 1958 tulerunt
2167 1922 2181 1959 :
2211 1915 2270 1960 ut
2314 1921 2410 1977 per
2439 1907 2492 1963 id
2519 1908 2662 1979 quod
2707 1907 2911 1965 dictum
2959 1918 3044 1966 est
3066 1952 3080 1973 ,
3131 1911 3400 1966 Adscenda
3427 1917 3497 1968 ad

192 1999 272 2070 (ὁ)
343 2001 454 2055 Deo
532 2001 673 2071 patri
727 1997 1220 2062 commendarerit;
1272 2000 1396 2071 quia
1439 1997 1788 2055 commenda-

194 2091 357 2147 tionis
387 2093 766 2149 necessitatem
788 2093 1097 2162 desperatio
1123 2091 1433 2149 securitatis
1453 2093 1715 2164 exegerit.

265 2185 357 2243 52.
390 2184 506 2239 Alia
531 2187 596 2241 iis
617 2197 966 2258 opponuntur.
1009 2217 1082 2228 ——
1116 2186 1221 2243 Sed
1274 2188 1579 2244 stultissimi
1627 2198 1790 2258 atque

194 2277 498 2350 inipiissimi
545 2278 826 2346 homines,
859 2295 966 2337 non
987 2281 1346 2352 intelligentes
1392 2281 1528 2336 nihil
1573 2289 1789 2336 contra-

192 2376 332 2431 rium
367 2377 418 2430 in
443 2375 603 2432 rebus
626 2375 815 2431 iisdem
840 2375 908 2431 ab
931 2376 1125 2432 eodem
1153 2376 1354 2430 dictum
1386 2374 1548 2431 fuisse
1566 2419 1580 2442 ,
1610 2376 1790 2432 verbis

191 2480 402 2526 tantum
429 2471 1007 2534 inhmntes,cauus
1049 2469 1194 2542 ipsas
1235 2468 1506 2525 dictorum
1549 2469 1786 2540 relique-

193 2575 338 2621 runt.
395 2566 531 2621 Nam
581 2580 708 2621 cum
756 2564 914 2637 longe
979 2564 1318 2636 multumque
1361 2563 1636 2621 diversum
1683 2564 1787 2631 sit,

189 2657 382 2714 Tristis
399 2669 476 2714 est
492 2659 668 2713 animo
687 2675 799 2713 inea
814 2657 1048 2730 usquead
1060 2656 1494 2730 mortem(Mattli.
1513 2673 1657 2724 xxiii,
1673 2655 1786 2724 38);

187 2764 264 2821 et,
301 2756 500 2810 Amodo
521 2755 750 2810 videbitis
777 2753 975 2809 Filium
1008 2754 1229 2809 lioniinis
1253 2753 1506 2808 sedentem
1530 2769 1562 2805 ti
1595 2751 1792 2805 dextris

191 2852 390 2906 uirtutis
415 2853 489 2921 (c)
521 2849 768 2924 (Ibidem,
797 2850 889 2923 64)
914 2867 930 2916 ;
959 2865 1132 2922 neque
1156 2851 1384 2920 idipsum
1404 2850 1504 2912 sit,
1547 2847 1721 2912 Pater,
1747 2847 1790 2900 si

193 2946 439 3017 possibile
455 2954 530 3001 est
548 2988 563 3013 ,
589 2954 813 3001 transeat
853 2946 990 3000 calix
1027 2947 1120 2999 iste
1147 2963 1178 2998 a
1205 2961 1283 2998 uie
1307 2942 1550 3013 (Ibidem,
1580 2941 1708 3013 3‘1);
1739 2950 1794 2996 et

191 3041 348 3105 illud,
382 3040 603 3095 Calicem
632 3055 780 3111 quem
809 3039 946 3094 dedit
967 3039 1091 3092 inihi
1125 3037 1278 3092 Pater
1304 3052 1464 3100 meus,
1494 3051 1597 3090 non
1622 3035 1792 3088 bibam

191 3151 307 3189 enni
329 3133 524 3207 (Joaii.
556 3147 708 3200 xmi,
737 3133 872 3205 ll)?
897 3132 1160 3203 longeque
1191 3133 1465 3187 diversum
1484 3129 1556 3184 sit
1587 3144 1601 3182 :
1631 3127 1790 3192 Dens,

192 3229 333 3285 Dens
357 3244 518 3294 ineas,
542 3245 698 3299 quare
727 3243 805 3282 me
826 3227 1138 3295 dereliquisti
1155 3225 1332 3299 (Matt.
1350 3223 1626 3295 xxvuJG)
1646 3224 1790 3295 {'21

1892 2009 2091 2063 patrem
2109 2014 2276 2053 meum
2288 2008 2336 2055 et
2357 2001 2427 2054 ad
2446 2010 2644 2071 palmis
2669 2011 2886 2057 oestrum
2906 2001 3012 2076 (6),
3043 2002 3112 2057 ad
3135 2001 3308 2058 Deum
3329 2021 3497 2059 meum

1889 2098 1942 2145 et
1967 2092 2038 2144 ad
2060 2087 2223 2145 Deum
2248 2102 2472 2147 oestrum
2498 2092 2678 2166 (Joan.
2713 2110 2812 2160 xx,
2863 2095 2986 2165 l7),
3017 2095 3144 2150 dum
3189 2101 3498 2152 communis

1890 2188 2048 2244 nobis
2071 2196 2233 2259 atque
2258 2186 2360 2258 ipsi
2388 2199 2443 2244 et
2469 2188 2630 2244 Pater
2657 2200 2809 2261 pater
2827 2199 2933 2256 est,
2961 2199 3017 2245 et
3050 2191 3188 2247 Deus
3223 2192 3363 2247 Deus
3390 2201 3496 2257 est,

1889 2296 2044 2340 extra
2071 2282 2445 2352 exceptionem
2478 2285 2592 2340 veri
2622 2283 2716 2340 Dei
2755 2287 2828 2340 sit
2869 2285 2924 2340 in
2967 2285 3307 2355 professione
3349 2301 3500 2341 com-

1891 2377 2061 2443 muni,
2113 2391 2347 2447 eumque
2385 2375 2544 2437 sicuti
2589 2392 2692 2432 tios
2741 2385 2798 2433 et
2843 2377 3144 2434 creationis
3195 2379 3496 2433 necessitas

1886 2471 2121 2527 creatori
2167 2470 2280 2526 Deo
2327 2469 2545 2537 subdat,
2574 2480 2630 2528 et
2677 2471 2899 2542 adoptio
2926 2481 3168 2528 assumat
3198 2473 3250 2527 in
3284 2473 3490 2540 ﬁlium;

1886 2566 1997 2637 jam
2028 2579 2160 2620 vero
2191 2565 2336 2621 nulla
2366 2567 2418 2621 in
2444 2581 2512 2622 eo
2540 2566 2738 2622 divinae
2782 2577 2992 2621 natura;
3020 2568 3323 2636 proprietas
3347 2567 3495 2622 cxis-

1892 2659 2130 2714 timanda
2158 2659 2248 2724 sit,
2272 2660 2567 2716 secundum
2597 2657 2845 2729 Apostoll
2885 2659 3090 2715 dictum
3109 2701 3126 2725 ,
3159 2658 3289 2714 Cum
3324 2670 3496 2714 autem

1890 2751 2099 2816 dixerit,
2131 2751 2320 2808 Omnia
2346 2751 2424 2828 (ς)
2452 2754 2678 2826 subjecta
2707 2763 2847 2821 sunt,
2897 2765 3081 2823 prater
3105 2770 3224 2809 eunt
3247 2755 3336 2824 qui
3374 2756 3498 2810 sub-

1884 2846 2011 2915 jecit
2034 2847 2081 2900 ei
2107 2847 2318 2912 omnia;
2340 2846 2418 2919 (7)
2447 2846 2526 2919 (lt)
2550 2863 2666 2901 cunt
2687 2849 2823 2902 enim
2849 2849 3038 2916 fuerint
3061 2848 3289 2911 subiecta
3313 2849 3361 2901 ei
3389 2865 3500 2902 om-

1893 2940 1998 3000 nia,
2029 2947 2152 2992 tunc
2175 2948 2225 2992 et
2247 2939 2358 3007 ipse
2383 2939 2683 3012 subjicietur
2707 2941 2753 2993 ei
2776 2941 2864 3007 qui
2889 2940 2936 2992 ei
2957 2935 3175 3009 subjecit
3210 2941 3405 3004 omnia,
3439 2953 3494 2995 ut

1891 3031 1958 3084 sit
1987 3031 2125 3086 Deus
2151 3033 2326 3087 omnia
2347 3033 2404 3086 in
2419 3033 2653 3089 omnibus
2675 3033 2722 3104 (l
2743 3031 2864 3090 Cor.
2890 3049 2958 3088 xr
2978 3074 2992 3100 ,
3045 3033 3138 3099 27,
3187 3034 3255 3089 28
3273 3035 3316 3107 ).
3358 3034 3496 3102 Quia

1893 3125 2159 3195 subiectio
2179 3133 2239 3182 et
2267 3125 2631 3184 inﬁrmitatem
2662 3127 2888 3197 subjecti
2917 3137 3266 3198 protestetur,
3294 3139 3350 3186 et
3393 3131 3492 3187 do-

1894 3217 2153 3271 minantis
2191 3217 2459 3288 signilicet
2504 3226 2824 3287 potestatem
2857 3237 2869 3271 :
2901 3221 2954 3274 in
2999 3220 3086 3276 bis
3129 3237 3344 3293 quoque
3369 3239 3494 3280 cum

195 3321 277 3395 (5)
303 3325 371 3378 ab
394 3338 460 3378 eo
489 3338 503 3377 :
530 3321 690 3376 Anien
711 3320 828 3376 dico
857 3321 948 3376 tibi
967 3365 982 3384 ,
1015 3319 1168 3374 hodie
1214 3331 1380 3372 ineunt
1415 3319 1516 3371 eris
1561 3317 1616 3370 in
1638 3331 1794 3385 para-
1816 3306 1864 3370 Β
1895 3324 2106 3364 summa
2170 3310 2447 3381 religionis
2494 3311 2958 3368 demonstratione
3007 3316 3304 3370 tractandis
3355 3316 3496 3372 liber

191 3415 306 3470 diss
330 3412 486 3484 (Luc.
521 3427 676 3479 xxiii.
700 3413 796 3486 43)
824 3432 837 3469 :
869 3411 953 3488 (l)
977 3413 1202 3469 multum
1225 3427 1438 3483 quoque
1459 3411 1747 3466 dissentiat
1773 3426 1786 3464 :

194 3507 372 3574 Pater,
396 3507 693 3562 commendo
717 3507 770 3562 in
789 3523 970 3561 manus
996 3515 1113 3559 tuas
1132 3505 1368 3574 spiritum
1413 3519 1578 3558 ineunt
1624 3499 1786 3569 (Ibid.

189 3601 284 3670 Ml)
310 3617 325 3664 ;
349 3611 406 3655 et
431 3600 561 3656 illud
582 3643 596 3664 ,
631 3597 806 3662 Pater,
838 3600 1038 3654 remitte
1069 3597 1199 3662 illis,
1243 3597 1364 3663 quia
1407 3595 1546 3665 quod
1593 3594 1788 3665 faciunt

192 3694 424 3750 uariant
452 3690 702 3766 (Ibidem,
733 3693 823 3763 δι)
859 3711 873 3747 :
907 3693 973 3746 ad
1005 3692 1336 3762 impietatem
1367 3689 1446 3761 (tt)
1477 3688 1791 3744 reciderunt

191 3788 500 3842 divinorum
531 3784 797 3841 dictorum
857 3788 1159 3855 incapaces.
1191 3784 1402 3838 Etcum
1443 3797 1550 3836 non
1590 3795 1781 3836 conve-

193 3882 302 3934 niat
327 3878 669 3949 trepidationi
694 3887 749 3934 et
771 3877 1030 3940 libertati,
1077 3875 1405 3932 festinationi
1452 3883 1506 3929 et
1564 3882 1789 3929 excusa-

191 3974 328 4026 tiuni
353 4015 366 4036 ,
395 3970 632 4042 querela:
653 3979 707 4026 et
732 3966 1102 4024 adlinriatioui
1121 4010 1134 4034 ,
1162 3966 1481 4022 difﬁdeniiie
1525 3974 1580 4020 et
1627 3966 1789 4020 inter-

189 4065 448 4130 cessioni,
472 4064 668 4121 divina:
698 4063 1048 4133 professionis
1071 4070 1385 4131 naturaeque
1415 4060 1783 4122 immemores,

191 4158 258 4214 ad
284 4167 660 4230 argumentum
694 4156 982 4228 impietatis
1012 4169 1121 4211 sua:
1148 4200 1159 4217 .
1194 4151 1619 4223 dispensationis
1635 4161 1787 4222 gesta

188 4260 246 4308 et
271 4249 416 4307 dicta
447 4259 753 4308 tenuerunt.
773 4249 954 4321 Itaque
981 4263 1081 4304 nos
1105 4247 1492 4304 demonstratis
1511 4244 1786 4310 omnibus,

261 4415 347 4481 (i)
388 4412 619 4466 Videtur.

264 4485 347 4555 (2)
380 4483 511 4539 Tum
537 4484 794 4538 eumdem.

264 4486 322 4555 (2
380 4485 511 4539 Tum
537 4485 794 4538 eumdem.

262 4485 347 4628 (ὅ)
381 4556 438 4613 in
463 4551 1010 4628 snperinreieditione
1039 4566 1141 4628 pro
1162 4551 1223 4628 ab
1255 4567 1331 4613 eo,
1362 4551 1560 4628 ni_leg.
1630 4549 1785 4605 Eras-

188 4623 310 4686 mus
325 4623 571 4701 "quoque.
603 4627 925 4693 habebatur,
957 4635 1048 4679 aut
1081 4625 1214 4680 illud
1237 4637 1258 4680 :
1285 4623 1564 4680 mendose.

263 4699 368 4773 (i)
387 4699 730 4769 Multumque.

269 4777 346 4845 (5)
393 4773 825 4836 Derelinquimns.

264 4935 338 5005 (ιι)
372 4932 425 4987 in
454 4932 716 5005 vulgatis,
739 4927 958 4985 videtur.
993 4926 1182 5005 Melius
1219 4925 1478 4981 videretur
1508 4925 1560 5005 i_n
1586 4923 1780 4997 pletis-

189 4998 293 5075 que
316 4998 447 5058 in:..s.
481 4998 608 5059 lliec
631 5004 773 5056 enim
795 5043 810 5065 ,
837 5000 1193 5075 utsuperiora
1242 5007 1402 5067 atque
1433 4998 1785 5075 subsequen-

193 5069 264 5131 lia
291 5123 303 5144 ,
337 5092 445 5132 uno
489 5086 675 5130 tenore
727 5073 1074 5144 proferuntur
1099 5087 1164 5127 ex
1212 5072 1478 5126 sententia
1532 5069 1789 5124 adversa—

191 5165 393 5206 narum
406 5191 419 5205 .

285 5223 340 5290 b)
392 5219 739 5290 Remigianus
755 5215 927 5271 codex
952 5215 1237 5278 vetustior,
1257 5221 1367 5268 tum
1386 5212 1616 5290 eundern
1631 5211 1785 5265 hunc.

285 5225 340 5290 b)
392 5225 739 5289 itemigianus
755 5225 927 5271 codex
952 5225 1237 5278 vetustior,
1257 5225 1367 5268 tum
1386 5225 1616 5267 eundern
1631 5225 1785 5265 nunc.

260 5225 331 5364 (τ)
364 5292 590 5346 Additur
622 5287 721 5344 Dei
744 5290 793 5344 in
818 5289 1042 5358 vulgatis
1073 5305 1088 5345 ;
1121 5300 1240 5356 qua:
1265 5300 1369 5340 Vox
1398 5300 1572 5356 neque
1603 5287 1654 5360 iii
1686 5298 1787 5337 ms.

190 5374 362 5420 exsul
382 5403 396 5430 ,
432 5379 531 5419 nec
561 5364 610 5416 in
637 5377 812 5431 graeco
837 5369 1009 5414 textu.

270 5438 350 5507 (Α)
395 5437 447 5491 In
479 5450 584 5488 uno
612 5449 642 5488 e
671 5433 981 5507 ιιιεςηϐοιι).
1011 5439 1344 5507 recesserunt.

264 5499 342 5577 (ι’)
381 5507 726 5563 lictiinviiiiiis
775 5505 895 5580 hinc
924 5501 1209 5580 verha_,_ad
1230 5501 1531 5556 sacramenti
1576 5499 1786 5580 religio-

197 5573 327 5639 nem,
361 5597 478 5649 qui:
520 5593 624 5632 non
673 5575 1100 5649 i'epei'iiiiusnisi
1128 5573 1180 5627 in
1211 5589 1317 5628 uno
1346 5590 1450 5649 uis.
1480 5573 1786 5649 recentiore

193 5653 344 5706 Colh.
375 5642 427 5706 et
474 5642 872 5719 supervacanea
903 5647 1154 5719 videntur
1180 5665 1192 5696 :
1220 5660 1343 5719 cum
1371 5644 1616 5719 declaret
1643 5642 1790 5719 tlila—

196 5728 301 5776 rius
332 5715 652 5788 simpliciter
682 5734 742 5772 se
787 5717 992 5784 singula
1019 5717 1448 5772 adversariorum
1471 5717 1680 5784 objecta
1712 5715 1793 5767 di-

198 5797 379 5857 luisse,
413 5797 613 5848 nullnm
641 5790 1037 5845 dissimulasse.

1816 4751 1871 4812 D

1893 3402 2213 3458 undecimus
2241 3412 2556 3473 occupatur,
2604 3407 2711 3477 υ
2735 3405 2899 3460 etiam
2926 3422 2992 3461 ex
3023 3405 3105 3461 liis
3149 3407 3283 3477 ipsis
3334 3409 3494 3464 dictis

1889 3496 2203 3565 apoSiolieis
2222 3496 2626 3564 demonst'sns,
2657 3515 2761 3554 non
2788 3501 2952 3555 modo
2972 3517 3080 3557 non
3106 3502 3174 3558 ad
3197 3503 3494 3560 divinitatis

1891 3587 2257 3646 inﬁrmitatem
2283 3589 2674 3660 sulijectionein
2703 3591 2990 3660 prolicere,
3014 3595 3108 3649 sed
3138 3609 3234 3664 per
3258 3611 3378 3650 eam
3411 3598 3491 3666 ip-

1890 3695 2009 3737 sam
2046 3683 2252 3753 (supple
2277 3722 2294 3748 ,
2317 3681 2733 3754 subjectionem)
2757 3683 3040 3742 veritatem
3091 3687 3222 3754 Dei,
3258 3688 3337 3759 (8)
3364 3690 3488 3759 quia

1906 3775 1968 3848 (i)
2021 3791 2090 3832 ex
2139 3777 2247 3832 Deo
2289 3778 2359 3832 sit
2384 3788 2566 3842 natus,
2614 3779 2823 3834 ostendi
2853 3797 2864 3832 :
2893 3790 2950 3836 et
2985 3797 3082 3853 per
3117 3783 3192 3848 id,
3219 3785 3364 3853 quod
3387 3785 3490 3840 sibi

1887 3882 1955 3924 ac
1977 3870 2135 3924 nobis
2157 3879 2216 3925 et
2256 3869 2415 3925 Pater
2456 3881 2612 3940 pater
2638 3883 2721 3926 est
2761 3881 2817 3927 et
2845 3873 2987 3929 Deus
3035 3875 3176 3930 Deus
3202 3885 3306 3943 est,
3337 3879 3495 3934 nobis

1892 3964 2118 4018 multum
2137 3965 2362 4035 acquiri,
2388 3973 2443 4019 et
2465 3965 2516 4019 ei
2537 3966 2665 4020 nihil
2688 3966 2931 4034 detrahi;
2958 3984 3080 4023 cuni
3103 3970 3491 4028 sciliceitiomo

1893 4068 2069 4123 natus,
2088 4068 2146 4113 et
2168 4059 2435 4114 universis
2458 4061 2636 4113 carnis
2652 4072 2853 4115 unatra'.
2883 4062 3228 4129 passionibus
3251 4065 3484 4130 functus,

1891 4151 1958 4222 ad
1990 4153 2154 4206 Deum
2176 4158 2233 4206 et
2259 4151 2470 4206 Patrem
2502 4161 2742 4206 nostrum
2768 4193 2783 4216 ,
2814 4153 2888 4227 (j)
2921 4163 2976 4209 ut
3020 4155 3182 4212 homo
3210 4169 3394 4215 noster
3434 4160 3489 4214 in

1895 4241 2060 4298 Deum
2087 4242 2470 4314 gloriﬁcandus
2493 4243 2873 4300 adseeiidei'ei.

1971 4403 2052 4476 (6)
2092 4401 2162 4476 Et
2182 4403 2251 4457 ad
2279 4401 2466 4459 Deum.

1967 4465 2049 4553 (7)
2089 4475 2295 4553 Verba,
2317 4491 2435 4545 qua:
2465 4475 2526 4553 Ρ..
2560 4473 2873 4531 Custantius
2903 4477 3241 4553 bicadnotat
3263 4492 3486 4553 praeter-

1898 4548 2032 4601 mitti
2075 4563 2103 4601 a
2139 4547 2379 4622 pluribus
2411 4547 2627 4617 optima:
2671 4558 2810 4603 notae
2835 4549 3134 4622 codicibus,
3163 4564 3219 4608 et
3243 4547 3276 4609 ai
3297 4566 3489 4614 nostro

1899 4621 2404 4690 praetermittuntur.

1966 4691 2049 4763 (8)
2092 4693 2192 4758 Qui
2213 4707 2278 4746 ea:
2310 4688 2434 4746 Deo.

1887 4919 2006 4973 bas.
2034 4935 2133 4974 ms.
2160 4919 2462 4974 sacramenti
2484 4917 2802 4987 religionem.
2831 4915 3022 4974 Verius
3045 4921 3154 4988 alii,
3181 4935 3486 4988 ισενσηιρηιξ

1888 4992 2435 5070 νευειριξοηευιηεείι.
2475 4989 2633 5070 Yertii
2677 4992 2728 5044 in
2761 5005 2924 5045 carne
2971 4995 3488 5070 nianifestationem,

1890 5063 2032 5134 qund
2076 5064 2226 5130 juxta
2278 5062 2595 5130 Apostolum
2640 5072 3042 5118 sacramentum
3088 5078 3172 5122 est
3201 5086 3231 5125 a
3275 5062 3488 5132 επευιίέ

1891 5135 2288 5189 absconditum.

1968 5207 2047 5279 (ρ)
2093 5206 2248 5279 Ediii
2272 5205 2358 5258 hic
2395 5206 2652 5279 adjiciunt
2680 5219 2974 5279 pronomen
3005 5212 3070 5273 ei,
3101 5212 3245 5279 quod
3286 5217 3377 5274 lib.
3440 5235 3489 5274 xi

1895 5277 2173 5334 omittunt.
2198 5277 2449 5348 Utroque
2481 5279 2532 5331 iii
2565 5278 2683 5332 lthu
2709 5277 2807 5330 sibi
2837 5277 3236 5341 Constantinus.

1966 5349 2047 5422 (It)
2093 5347 2283 5426 Verba,
2314 5347 2429 5402 cuni
2453 5351 2585 5402 enim
2617 5350 2807 5426 fuerint
2839 5351 3066 5419 subjecta
3094 5355 3142 5407 ei
3171 5360 3361 5426 omnia,
3409 5362 3493 5419 hic

1892 5420 2076 5493 plures
2109 5421 2288 5498 prohm
2304 5432 2446 5475 nota:
2479 5435 2634 5486 iiiss.;
2671 5420 2810 5474 libro
2839 5429 3017 5477 autem
3046 5441 3120 5491 xi,
3161 5445 3216 5482 ii.
3245 5432 3278 5483 8
3306 5420 3363 5486 et
3396 5434 3489 5498 2:3,

1889 5509 2079 5551 omnes
2108 5493 2376 5546 omittunt.

1968 5565 2032 5638 (i)
2063 5565 2126 5642 ΔΙιι
2177 5580 2308 5620 mss.
2355 5563 2474 5617 Vat.
2505 5565 2625 5642 Alias.
2663 5564 2890 5642 aliisque
2921 5569 3238 5642 potioribus,
3295 5576 3382 5642 qui
3426 5594 3490 5630 ixi:

1892 5637 2003 5693 Deo
2029 5638 2094 5710 sit
2119 5647 2265 5690 nutus
2286 5651 2440 5710 tuon
2468 5637 2575 5689 alio
2597 5651 2778 5689 sensu.
2808 5637 3100 5694 Contendit
3139 5637 3317 5710 porro-
3342 5646 3488 5702 Hila-

1894 5712 2008 5766 rius
2039 5708 2232 5764 Filiuni
2282 5707 2404 5762 ideo
2457 5709 2795 5773 subiectum,
2851 5711 2971 5775 quia
3027 5707 3182 5765 natus
3233 5719 3334 5779 sit;
3371 5720 3493 5772 illtlt‘,

1899 5796 2026 5838 vero
2054 5781 2195 5849 quod
2226 5791 2379 5833 natus
2411 5795 2475 5834 ex
2526 5781 2634 5832 Deo
2661 5781 2752 5844 sit,
2788 5794 2968 5834 veram
3003 5782 3094 5837 Dei
3128 5793 3371 5842 naturain
3403 5795 3495 5843 ub—

261 5871 330 5932 (f)
373 5867 499 5918 Bait.
533 5876 589 5916 et
637 5864 729 5916 Er.
778 5878 897 5915 cum
932 5877 1038 5914 uno
1082 5874 1183 5914 ius.
1213 5859 1369 5914 Colb.
1415 5866 1794 5932 sacramentum
1898 5859 2099 5932 ﬂuere.

199 5927 532 5993 reuelationis.
561 5937 713 6005 Lips.
741 5941 796 5989 ct
817 5933 936 5988 l-‘ai'.
966 5932 1269 5986 sacramenti
1291 5931 1637 5986 revelationes.
1671 5927 1791 5982 Vat.

1975 5927 2056 5997 (ᾖ)
2103 5923 2200 5979 aut
2247 5922 2331 5978 hic
2375 5921 2733 5993 supplendum
2762 5923 2983 5981 verbum
3023 5928 3361 5994 adst-enituit,
3395 5949 3500 6003 quo
