4048 6464
527 375 594 427 .17
1307 408 1310 410 η
1745 359 1992 419 SANC'I'I
2030 359 2291 419 HILABil
2329 358 2634 421 EPISCOPI
3767 357 3839 416 48

595 494 686 548 Eii.
733 492 884 546 Liber
913 505 986 544 xu
1041 490 1288 544 Ariauam
1314 486 1552 542 heresim
1574 484 2119 555 apertius-expugnat.
2155 487 2199 548 Α
2228 484 2294 541 Et
2338 485 2467 558 quia
2510 482 2643 541 dicti
2672 479 2972 554 prophetici
3005 479 3270 546 inscii,-ct
3308 477 3548 535 caslcstis
3571 474 3841 532 ducti-ina:

523 588 724 642 Filium
751 585 846 640 υεὶ
870 588 945 640 ita
972 594 1152 639 natum
1196 598 1306 637 esse
1333 590 1390 636 ut
1437 596 1636 651 semper
1662 579 1838 647 fuerit.
1870 607 1943 619 —
1968 575 2126 647 Quod

523 692 701 738 autem
728 683 779 736 in
806 682 948 736 omni
973 693 1174 751 genere
1199 676 1571 734 doctrinarum
1602 672 1884 729 observari
1911 685 2130 741 semper

523 779 892 843 meminimus,
919 781 979 829 ut
1003 774 1049 832 si
1073 774 1166 845 qui
1189 771 1282 828 diu
1309 773 1455 827 tenui
1481 769 1716 841 primum
1739 767 2130 824 exercitatione

527 869 608 943 (l)
636 870 906 940 longoque
949 881 1050 922 usu
1093 863 1400 920 humilioris
1443 860 1608 918 studii
1659 859 1862 917 fuerint
1906 858 2128 926 eruditi,

526 973 637 1018 tuin
661 961 772 1034 jam
803 960 870 1015 ad
915 975 1095 1015 rerum
1121 959 1380 1030 ipsarum,
1405 955 1598 1027 quibus
1641 952 1834 1009 imbuti
1859 959 2007 1018 stmt,
2034 967 2130 1010 ea-

525 1058 827 1128 pcritnenta
875 1052 958 1125 (‘2)
1005 1053 1321 1114 mittantur;
1370 1057 1576 1105 utcum
1609 1045 1721 1118 jam
1745 1045 1884 1102 bene
1907 1045 2134 1102 luserint

530 1151 668 1206 bt‘llu
699 1147 1016 1212 militaturi,
1050 1146 1105 1202 in
1146 1145 1394 1200 militiam
1439 1140 1861 1216 protrahantur;
1888 1147 1983 1197 aut
2005 1154 2131 1196 cum

533 1243 775 1298 forenses
800 1241 924 1296 lites
945 1239 1023 1311 (a)
1051 1238 1319 1294 scholaris
1344 1237 1590 1292 materiae
1627 1234 1975 1302 tentaverint,
2005 1245 2135 1292 tunc

531 1337 814 1390 mittantur
835 1331 903 1388 ad
932 1332 1278 1387 tribunalium
1313 1343 1546 1401 pugnas;
1575 1337 1669 1383 aut
1695 1343 1817 1383 cum
1841 1327 1895 1382 in
1923 1325 2134 1397 stagnis

529 1419 845 1484 durueSticis
887 1427 1066 1482 navim
1112 1436 1272 1480 nauta
1302 1422 1605 1494 intrepidus
1627 1421 1970 1490 instruxerit,
2004 1430 2132 1476 tunc

530 1527 709 1598 magni
747 1533 802 1582 et
844 1522 1114 1596 peregrini
1159 1520 1326 1577 maris
1349 1518 1724 1576 committatur
1751 1515 2050 1588 procellis:
2080 1513 2136 1570 id

531 1622 706 1692 ipsum
735 1635 832 1675 nos
856 1635 911 1674 in
938 1619 1038 1673 hac
1081 1616 1316 1671 maxima
1357 1621 1414 1669 et
1434 1610 1755 1684 gravissima
1802 1610 1966 1666 totius
2010 1607 2136 1664 lidci

530 1713 887 1788 intelligentia
913 1712 1094 1766 facere
1119 1708 1450 1765 curavimus.
1479 1703 1724 1775 Namque
1747 1717 1873 1759 cum
1914 1709 2076 1757 antea
2102 1715 2138 1756 a

533 1810 746 1865 levibus
772 1807 940 1864 initiis
962 1806 1030 1860 de
1052 1803 1352 1867 nativitate,
1378 1801 1448 1856 de
1471 1799 1714 1861 nomine,
1739 1796 1810 1853 de
1833 1793 2136 1860 divinitate,

2229 577 2463 649 imperiti
2495 576 2576 648 (3)
2607 584 2768 640 sunt;
2798 583 3058 643 corrupto
3078 585 3246 628 sensu
3265 587 3330 628 ac
3353 570 3690 642 proprietate
3713 583 3843 622 sen-

2229 675 2413 732 tentia.-
2432 682 2676 732 creatum
2703 687 2829 729 esse
2859 686 2953 742 per
2973 669 3026 726 id
3059 669 3224 725 Deum
3253 667 3434 739 potius
3452 681 3619 738 quam
3645 675 3836 721 natum

2229 770 2501 826 afﬁrmare
2526 768 2790 832 nituntur,
2815 766 2941 837 quia
2979 761 3184 820 dictum
3213 757 3322 826 est,
3367 761 3624 817 Dominus
3648 759 3843 814 crearit

2229 877 2313 917 ine
2342 859 2425 934 (4)
2453 860 2509 916 in
2549 859 2754 914 initium
2801 857 2886 930 (Δ)
2938 857 3140 913 uiarum
3186 869 3400 910 sumat
3447 855 3504 908 in
3543 867 3705 923 opera
3746 865 3846 906 sae

2231 951 2422 1027 (Prov.
2455 967 2566 1018 vin,
2599 949 2722 1024 22);
2756 957 2814 1006 ut
2857 949 2931 1006 sit
2969 963 3037 1005 ex
3061 946 3334 1004 communi
3376 945 3716 1001 crcationnm
3742 957 3845 998 ua-

2233 1057 2372 1113 tura.
2403 1047 2530 1104 licet
2550 1048 2622 1102 sit
2643 1043 2984 1117 praestantior
3009 1043 3063 1098 in
3085 1050 3288 1115 genere
3306 1040 3633 1106 creationis;
3663 1051 3844 1109 neque

2234 1141 2288 1196 in
2359 1154 2430 1197 eo
2492 1139 2564 1195 sit
2621 1137 2793 1209 gloria
2851 1135 3050 1198 divina:
3127 1133 3424 1190 nativitatis
3453 1173 3472 1201 ,
3526 1129 3625 1189 sed
3674 1131 3850 1186 virtus

2236 1232 2472 1305 potentis
2515 1237 2800 1287 creaturae.
2833 1229 3037 1286 Verum
3078 1242 3184 1283 nos
3231 1227 3365 1282 nihil
3415 1239 3656 1293 novum,
3708 1223 3845 1279 nibil

2237 1327 2576 1382 extrinsecus
2603 1334 2996 1394 praesumptum
3018 1320 3331 1386 atterentes,
3353 1319 3473 1390 ipso
3492 1319 3588 1375 illo
3608 1317 3845 1389 Sapien-

2237 1418 2327 1472 tia:
2357 1417 2668 1473 testimonio
2710 1414 2990 1471 veritatem
3033 1413 3161 1470 dicti
3203 1413 3578 1484 rationemque
3611 1419 3847 1484 prst-

2238 1509 2438 1578 bimus,
2469 1523 2648 1581 neque
2675 1507 2744 1562 ad
2774 1506 3069 1564 nativitatis
3094 1505 3300 1563 divinae
3321 1514 3378 1562 et
3405 1515 3627 1562 eterna:
3647 1503 3852 1561 intelli-

2237 1601 2475 1676 gentiam
2503 1601 2646 1658 trabi
2669 1613 2854 1672 posse,
2901 1600 3047 1673 quod
3077 1600 3133 1656 in
3164 1599 3381 1657 initium
3406 1601 3614 1656 viarum
3643 1597 3742 1656 Dei
3786 1606 3848 1655 et

2241 1697 2295 1752 in
2316 1709 2482 1766 opera
2501 1693 2574 1750 sit
2598 1703 2837 1760 creatus,
2867 1693 2993 1764 quia
3033 1707 3140 1749 non
3171 1691 3318 1750 idem
3361 1692 3435 1749 sit
3459 1690 3515 1747 iu
3546 1690 3666 1748 bare
3692 1704 3850 1747 crea-

2243 1799 2356 1846 tum
2387 1803 2530 1857 esse,
2559 1798 2616 1844 et
2639 1798 2768 1844 ante
2785 1788 2969 1843 omnia
3007 1795 3191 1844 natum
3219 1800 3345 1844 esse
3368 1826 3382 1840 .
3409 1800 3535 1844 cum
3563 1785 3654 1842 ubi
3701 1785 3850 1840 natio

533 1906 601 1961 de.
631 1904 856 1960 veritate
881 1900 1040 1956 ﬁdem
1071 1908 1315 1954 teneram
1353 1894 1760 1958 imbuissemus,
1786 1905 1852 1946 ac
1876 1888 1985 1945 leni
2009 1900 2136 1959 pro-

2259 1882 2421 1938 ritatis
2460 1879 2785 1952 signiﬁcatio
2824 1887 2933 1946 est,
2959 1879 3073 1935 sola
3101 1877 3398 1935 nativitatis
3423 1876 3695 1949 professio
3717 1883 3849 1942 est;

537 2000 679 2054 fectu
706 1997 868 2054 etiam
895 2006 1064 2063 usque
1087 1989 1156 2045 ad
1181 1987 1496 2045 evellendus
1541 1999 1730 2041 omnes
1756 1981 2138 2038 haereticorum

535 2088 869 2152 nceasiunes,
924 2077 1214 2153 legentium
1241 2079 1418 2135 studia
1460 2076 1874 2139 extulissemus;
1904 2081 2016 2128 tum
2047 2084 2143 2126 eos

531 2183 640 2254 jam
670 2181 736 2235 ad
765 2180 937 2250 ipsam
986 2177 1292 2246 palaestram
1317 2171 1540 2243 gloriOsi
1585 2167 1902 2226 certaminis
1931 2165 2145 2236 magni-

533 2291 640 2345 que
667 2273 1014 2344 produximus
1040 2287 1054 2322 :
1085 2278 1144 2324 ut
1173 2270 1225 2324 in
1251 2275 1510 2338 quantum
1554 2262 1623 2318 ad
1651 2270 1869 2318 acterna:
1892 2257 1969 2331 (ὁ)
2001 2259 2144 2314 nati-

539 2371 719 2425 vitatis
759 2363 1224 2438 complectendam
1266 2359 1675 2431 intelligentiam
1725 2357 1959 2412 humana
1987 2369 2146 2413 meus

539 2461 845 2520 eumtnunis
867 2471 1061 2514 sensus
1080 2456 1336 2526 Opinione
1356 2453 1626 2513 delicitur,
1648 2451 1698 2506 in
1717 2457 1924 2504 tantum
1947 2446 2146 2504 studiis

539 2559 738 2616 divinis
779 2555 848 2611 ad
887 2551 1172 2611 sentienda
1217 2565 1317 2613 ea,
1344 2562 1466 2619 qua:
1497 2544 1634 2602 ultra
1679 2552 1890 2599 naturae
1939 2550 2147 2598 nostra

539 2653 850 2726 opinionem
871 2657 1020 2713 sunt,
1048 2645 1382 2708 niterentur;
1410 2638 1764 2710 quaestionem
1811 2635 1952 2690 lianc
1976 2632 2148 2689 maxi-

544 2725 632 2803 me
658 2744 1038 2805 dissolventes,
1069 2753 1191 2808 qua:
1218 2732 1494 2792 stncularis
1542 2727 1824 2801 sapientiae
1875 2725 1949 2798 (c)
1981 2725 2148 2782 hebe-

545 2839 732 2894 tudine
755 2835 1117 2895 inwlescens,
1149 2829 1217 2884 de
1246 2825 1476 2882 Domino
1501 2823 1632 2880 Jesu
1678 2822 1890 2876 ratione
1913 2835 1973 2876 se
1997 2828 2150 2891 putet

547 2931 766 2989 dicere:
797 2927 927 2982 Erat
950 2921 1157 2995 quando
1182 2937 1284 2976 non
1308 2927 1438 2985 erat,
1469 2925 1548 2983 et,
1576 2913 1701 2970 Non
1725 2913 1824 2983 {uit
1850 2921 1968 2967 ante
1994 2927 2149 2980 quant

549 3035 858 3093 nasceretur,
915 3031 990 3087 et,
1017 3021 1098 3075 De
1125 3034 1227 3074 non
1251 3014 1568 3072 exstantibus
1594 3013 1764 3082 factus
1783 3019 1858 3066 est
1886 3025 1906 3064 :
1933 3018 1990 3064 ut
2022 3008 2150 3079 quia

551 3123 800 3180 nativitas
823 3132 946 3175 eam
985 3114 1234 3171 videatur
1276 3111 1474 3168 all‘crre
1512 3121 1754 3175 causam,
1784 3114 1843 3161 ut
1866 3103 2026 3161 esset
2059 3101 2151 3173 qui

551 3234 657 3276 non
688 3221 826 3279 erat,
859 3220 1064 3268 etcum
1094 3221 1202 3263 non
1249 3204 1540 3260 exsisteret
1580 3207 1926 3264 nasceretur;
1961 3210 2060 3266 per
2096 3193 2150 3250 id

2243 1975 2334 2033 tibi
2380 1991 2512 2033 vero
2553 1975 2844 2032 creationis
2888 1980 2975 2029 est
3021 1987 3244 2039 nomen,
3267 1972 3344 2028 ibi
3387 1986 3554 2030 causa
3597 1970 3854 2041 ejusdem

2242 2070 2534 2143 creationis
2573 2067 2814 2125 anterior
2841 2077 2967 2126 est:
2993 2073 3051 2123 et
3089 2082 3214 2122 cum
3238 2075 3369 2123 ante
3405 2064 3589 2122 omnia
3619 2066 3691 2121 sit
3720 2074 3850 2120 nata

2241 2163 2536 2237 Sapientia,
2571 2173 2748 2220 tamen
2791 2163 2916 2233 quia
2943 2161 3108 2218 etiam
3137 2162 3191 2217 in
3233 2176 3322 2218 res
3348 2159 3562 2232 aliquas
3590 2159 3661 2215 sit
3687 2174 3848 2216 crea-

2245 2269 2319 2325 ta.
2354 2273 2463 2316 non
2504 2257 2739 2330 idipsunt
2767 2257 2840 2313 sit
2870 2256 2926 2313 id
2946 2255 3092 2327 quod
3121 2266 3248 2312 ante
3272 2255 3452 2311 omnia
3483 2263 3590 2321 est,
3621 2251 3854 2324 etquod

2244 2352 2412 2423 coepit
2435 2366 2561 2408 esse
2590 2360 2706 2422 post
2740 2351 2942 2420 aliqua.

2316 2447 2407 2502 56.
2447 2442 2604 2501 Liber
2633 2459 2708 2500 xu
2734 2459 2850 2516 quia
2875 2443 2941 2498 de
2985 2443 3195 2514 Spiritu
3217 2451 3398 2500 sancto
3416 2442 3712 2513 conﬁtenda
3732 2450 3855 2496 sunt

2244 2541 2429 2614 aperit.
2459 2569 2531 2581 —
2561 2539 2767 2596 Dehinc
2794 2553 3136 2610 consequens
3176 2539 3352 2594 visum
3401 2545 3507 2601 est.
3556 2536 3855 2595 creationis

2247 2633 2468 2689 nomine
2493 2648 2526 2688 a
2555 2630 2684 2699 (ide,
2705 2647 2825 2702 quae
2851 2631 3005 2688 nobis
3027 2630 3097 2687 de
3120 2631 3400 2702 unigenito
3421 2630 3532 2687 Deo
3551 2637 3659 2696 est,
3687 2643 3854 2700 repu-

2246 2729 2414 2794 diato,
2443 2713 2747 2798 eaqueque
2771 2741 2893 2798 qua:
2911 2725 3239 2782 conlessioni
3263 2726 3437 2781 sancti
3463 2723 3701 2795 Spiritus
3720 2738 3857 2780 con-

2247 2837 2379 2892 grua
2407 2836 2470 2877 ac
2497 2820 2749 2891 religiosa
2776 2829 2980 2884 essent,
3010 2818 3249 2874 docere:
3275 2827 3334 2874 ut
3358 2817 3471 2889 jam
3515 2817 3857 2874 conﬁrmatis

2251 2916 2414 2987 longo
2466 2915 2800 2971 anteriurum
2845 2913 3154 2970 libellorum
3199 2913 3550 2984 diligentique
3593 2919 3855 2984 tractatu,

2251 3009 2387 3066 nihil
2416 3008 2487 3065 de
2513 3007 2676 3064 totius
2701 3007 2825 3064 fidei
2853 3005 3197 3064 absolutione
3231 3007 3472 3074 deesset,
3499 3020 3625 3063 cum
3653 3006 3857 3062 amotis

2253 3101 2564 3168 vitiosarum
2594 3099 3037 3172 praedicationum
3079 3100 3245 3156 etiam
3272 3099 3343 3156 de
3379 3100 3636 3171 opinione
3663 3097 3857 3157 Sancti

2255 3194 2486 3264 Spiritus
2513 3192 3029 3265 irreligiositatibus,
3063 3191 3291 3250 illasum
3337 3198 3500 3264 atque
3527 3190 3856 3248 incontami-

549 3325 762 3385 quoque
784 3277 1120 3377 unigenitum
1143 3301 1311 3356 Deum
1336 3296 1524 3353 sensui
1546 3303 1852 3365 temporum
1873 3289 2146 3348 subdant:
2176 3277 2222 3344 C
2256 3298 2436 3342 uatum
2486 3285 2860 3357 regenerantis
2906 3283 3191 3341 Trinitatis
3248 3293 3649 3341 sacramentum
3703 3283 3850 3338 intra

547 3407 724 3482 (quasi
746 3418 878 3460 vero
909 3415 1017 3456 non
1063 3398 1230 3454 luisse
1260 3408 1386 3450 eum
1431 3389 1744 3462 aliquando.
1793 3386 1928 3444 lldes
1953 3386 2070 3456 ipsa
2097 3393 2156 3440 et

551 3475 659 3574 £3
683 3498 823 3553 ratio
848 3491 1144 3550 nativitatis
1170 3484 1443 3558 ostendat)
1475 3495 1636 3554 atque
1660 3481 1786 3537 ideo
1820 3494 1885 3536 es
1915 3493 1984 3536 eo
2009 3475 2154 3550 quod

555 3573 810 3654 nonfuit,
843 3595 1027 3642 natum
1069 3597 1192 3638 esse
1229 3580 1433 3642 dicant,
1481 3577 1605 3648 quia
1649 3573 1904 3630 nativitas
1932 3579 2156 3644 praestet

553 3700 677 3740 esse
701 3680 846 3754 quod
869 3695 975 3734 non
1008 3676 1128 3732 fuit.
1161 3672 1270 3731 Sed
1301 3687 1399 3728 nos
1443 3668 1762 3740 apostolicis
1801 3675 1965 3737 atque
1991 3678 2157 3722 evan-

553 3776 742 3846 gelicis
784 3770 1107 3828 testimoniis
1144 3780 1361 3836 semper
1393 3763 1607 3818 Patrem
1635 3802 1650 3824 ,
1701 3773 1920 3829 semper
1960 3756 2156 3814 Filium

556 3868 939 3940 praedicantes,
989 3878 1097 3919 non
1148 3868 1270 3931 post
1317 3858 1500 3927 aliqua
1544 3854 1715 3910 Deum
1745 3851 2010 3918 omnium,
2059 3851 2160 3908 sed

559 3969 685 4016 ante
713 3958 894 4016 omnia
922 3970 1045 4012 esse
1081 3952 1399 4010 docebimus
1425 3966 1439 4002 :
1473 3960 1650 4018 neque
1681 3942 1922 4001 incidere
1950 3943 2008 4000 in
2033 3957 2158 4000 eum

562 4054 878 4125 irrcligiosa:
923 4049 1082 4119 hujus
1130 4042 1510 4114 intelligentia:
1558 4039 1920 4095 temeritatem
1946 4077 1962 4104 ,
1995 4044 2056 4092 ut
2091 4035 2162 4092 de

564 4164 670 4205 non
699 4145 1038 4204 exstantibus
1064 4149 1402 4205 nasceretur,
1432 4147 1487 4194 ct
1526 4151 1632 4192 non
1659 4133 1826 4190 fuerit
1847 4141 1972 4189 ante
1997 4145 2161 4204 quam

563 4254 720 4299 natus
751 4242 855 4303 sit,
886 4239 981 4295 sed
1011 4238 1085 4293 ita
1108 4248 1324 4305 semper
1349 4232 1540 4296 fuisse,
1576 4237 1636 4286 ut
1658 4237 1716 4286 et.
1735 4236 1921 4294 natum
1963 4225 2165 4298 praedi-

563 4351 784 4400 cemus;
818 4334 890 4388 ita
918 4347 1046 4388 vero
1072 4337 1254 4385 natum
1287 4342 1432 4390 esse,
1465 4335 1522 4380 ut
1549 4336 1764 4393 semper
1795 4321 1960 4378 fuisse
1990 4320 2163 4377 mani-

564 4430 862 4486 festetnus:
892 4425 1070 4496 sitque
1093 4425 1146 4478 in
1177 4437 1244 4480 eo
1267 4413 1842 4477 noninnascibilitatis
1888 4414 2160 4487 exceptio,

566 4521 662 4579 sed
697 4519 992 4577 nativitatis
1022 4514 1330 4582 aeternitas;
1374 4512 1499 4585 quia
1529 4520 1584 4568 et
1608 4508 1863 4566 nativitas
1885 4517 2164 4566 auctorem

569 4619 786 4683 habeat,
821 4631 994 4688 neque
1014 4622 1197 4670 careat
1223 4609 1524 4666 wternitate
1553 4604 1828 4662 divinitas.

2254 3379 2625 3436 deﬁnitionem
2668 3377 2962 3434 salutarem
3010 3374 3304 3449 apostolica
3336 3385 3498 3447 atque
3541 3372 3859 3445 evangelica

2255 3476 2550 3531 auctoritas
2573 3473 2878 3529 contineret
2907 3487 2922 3524 :
2953 3484 3129 3542 neque
3146 3469 3261 3540 jam
3288 3484 3384 3540 per
3407 3483 3602 3525 sensus
3632 3465 3858 3524 humani

2256 3569 2578 3626 sententiam
2624 3567 2884 3636 Spiritum
2919 3566 3014 3621 Dei
3065 3564 3206 3621 inter
3250 3571 3528 3619 creaturas
3565 3563 3859 3633 quisquam

2255 3661 2482 3718 auderet
2507 3661 2728 3724 referre,
2776 3673 2938 3730 quem
2984 3657 3052 3714 ad
3097 3656 3517 3713 immortalitatis
3559 3655 3777 3728 pignus,
3805 3662 3865 3712 et

2258 3759 2326 3816 ad
2368 3757 2566 3816 divinae
2596 3757 3032 3827 incorruptteque
3061 3762 3268 3810 natura:
3295 3751 3633 3810 consortium
3677 3764 3862 3807 sume-

2259 3869 2463 3912 remus.

2331 3943 2442 4020 25
2476 3945 2567 4003 57.
2610 3942 2795 4001 Gratia
2823 3942 2892 3998 ad
2922 3951 3054 3999 recte
3078 3940 3404 3998 scribendum
3429 3939 3727 3997 necessaria
3752 3937 3860 3993 ins-

2261 4040 2514 4114 ploratar.
2543 4035 2761 4110 --Ego
2801 4034 3020 4109 quidem
3065 4033 3171 4092 hoc
3218 4034 3304 4090 vel
3353 4033 3685 4104 praecipuum
3735 4030 3866 4087 vita:

2264 4146 2399 4190 mea:
2417 4129 2656 4187 ol‘liciutn
2677 4127 2878 4187 debere
2899 4143 2986 4185 me
3008 4127 3124 4192 tibi.
3149 4128 3309 4184 Pater
3327 4125 3672 4196 omnipotens
3696 4124 3864 4192 Deus,

2262 4225 2512 4283 conscius
2551 4237 2695 4291 sum,
2723 4231 2783 4278 ut
2802 4231 2854 4278 te
2873 4221 3053 4278 omnis
3079 4233 3264 4277 sermo
3291 4233 3444 4276 meus
3467 4226 3526 4274 et
3554 4231 3750 4275 sensus
3770 4215 3862 4272 lo-

2263 4331 2478 4393 quatur.
2511 4316 2696 4388 Neque
2721 4315 2867 4374 enim
2895 4315 3062 4371 ullum
3085 4311 3235 4370 aliud
3264 4311 3438 4383 majus
3469 4311 3753 4384 prazntium
3777 4309 3869 4367 liic

2265 4415 2380 4485 ipse
2401 4427 2530 4469 usus
2557 4409 2687 4468 mibi
2707 4425 2739 4465 a
2761 4417 2815 4466 te
2835 4422 3126 4465 concessus
3145 4405 3402 4477 loquendi
3429 4412 3608 4478 potest
3632 4403 3866 4470 referre,

2264 4520 2425 4578 quam
2470 4511 2529 4560 ut
2556 4500 2898 4574 praedicando
2927 4509 2981 4557 te
3024 4498 3118 4556 tibi
3165 4497 3386 4565 serviat,
3418 4507 3578 4569 teque
3608 4495 3753 4569 quod
3784 4511 3868 4562 es,

2268 4609 2512 4674 patrem,
2545 4599 2628 4672 (5)
2656 4607 2865 4672 patrem
2897 4596 3106 4652 scilicet
3143 4592 3406 4664 unigeniti
3435 4591 3561 4657 Dei,
3590 4599 3685 4647 aut
3711 4588 3870 4659 igno-

638 4714 727 4770 '55.
773 4680 1120 4783 Experiamur
1143 4706 1288 4762 verba
1305 4721 1323 4758 :
1347 4701 1605 4760 Dominus
1632 4697 1837 4757 creavit
1858 4713 1968 4766 me,
1994 4705 2166 4753 etc.—
2188 4687 2243 4750 1)
2270 4693 2411 4752 ranti
2435 4691 2658 4761 saeculo,
2690 4699 2786 4746 aut
2809 4687 3028 4762 neganti
3053 4684 3313 4743 heretico
3338 4685 3697 4742 demonstret.
3721 4681 3790 4738 Et
3815 4680 3871 4736 in

644 4852 722 4934 (1)
764 4853 936 4922 Longo
959 4865 1175 4922 quoquc.

645 4929 726 4998 (:2)
771 4924 1065 4998 Mittuntur,
1097 4934 1220 4998 mu;
1253 4914 1639 4998 protrahuntur.

769 4999 904 5050 Sunt
929 4996 1084 5049 abest
1110 5007 1138 5043 a
1167 4983 1463 5044 Veronensi
1485 4983 1804 5057 exemplari.

578 5142 769 5212 prnln-t
793 5138 1022 5191 iliiarius
1053 5132 1205 5212 nobis
1236 5131 1460 5185 multum
1488 5126 1728 5212 acquiri;
1762 5140 1884 5212 cum
1913 5121 2164 5212 Christus

575 5193 936 5269 adscetnlcrit.
990 5219 1056 5269 ut
1086 5207 1234 5257 homo
1282 5212 1450 5256 noster
1495 5193 1961 5272 gldrift'cnn_dtts__it_t
2001 5193 2165 5272 Deum

576 5265 903 5340 ξξιέδιτιῖηιλιγνιῖε
926 5265 948 5331 ⁷τ
985 5265 1090 5345 quo
1139 5276 1298 5330 modo
1327 5265 1679 5346 διειδεῖ-ἴωμεν
1717 5268 2003 5346 il,__(liait,
2042 5265 2170 5320 Ver-

579 5339 694 5412 bum
728 5357 862 5407 Unus
887 5339 1013 5403 raro.
1037 5355 1229 5420 factum
1271 5357 1363 5409 est,
1397 5339 1448 5398 ut
1481 5359 1570 5420 per
1597 5339 1766 5420 Deum
1792 5339 2024 5420 ‘Verbunt
2051 5353 2168 5391 car-

578 5410 692 5483 nem
721 5431 911 5496 [μειιηη
941 5410 1060 5496 raro
1091 5418 1354 5488 proliceret
1385 5419 1434 5468 in
1470 5410 1644 5493 Deum.
1683 5410 1921 5496 Verbum.
2084 5422 2170 5464 se-

576 5481 745 5570 uin-n1.
801 5495 1056 5565 partit-uia
1087 5481 1138 5568 ut
1187 5481 1296 5570 itan
1339 5494 1422 5544 est
1449 5489 1740 5546 causttiva,
1797 5481 1890 5570 sed
1944 5481 2071 5539 illud
2114 5489 2168 5534 ut

577 5559 727 5624 linum
774 5559 960 5625 “tum,
1015 5561 1350 5635 pet-indeest
1392 5575 1476 5621 ac,
1509 5568 1764 5635 tamquam
1808 5559 1958 5635 hoino
1987 5561 2173 5635 nostra:

579 5656 776 5698 natura:
806 5657 821 5692 :
855 5624 1135 5708 quod-qui
1161 5633 1344 5708 malet,
1379 5647 1500 5685 tuo).
1549 5624 1644 5698 pro
1693 5627 2060 5708 adscenderet,
2095 5624 2174 5679 le-

577 5695 807 5785 uandum
839 5695 886 5762 ei
912 5695 1272 5785 artsce'tiderh;
1303 5712 1395 5758 aut
1413 5695 1561 5758 certe
1583 5715 1702 5755 cum
1730 5695 2051 5753 Carnutensi
2081 5710 2175 5752 co-

573 5782 694 5844 dice
722 5782 1006 5838 adscendit.

649 5837 728 5925 iit)
769 5856 839 5911 lta
870 5854 1051 5925 plures
1079 5864 1206 5908 mss.
1256 5847 1362 5905 Alii
1403 5859 1533 5904 vero
1572 5859 1694 5902 cum
1723 5841 1976 5915 vulgatis,
2023 5837 2172 5897 scho-

578 5934 730 5988 ’(Πεδο

2342 4835 2422 4910 (ᾧ)
2466 4834 2552 4910 Me
2573 4834 2798 4910 initium.

2340 4905 2421 4982 (5)
2466 4907 2793 4966 Veronensis
2821 4915 3019 4978 patrem
3045 4919 3153 4963 non
3173 4905 3433 4976 geminat.

2341 5116 2418 5189 (ὁ)
2461 5116 2517 5172 In
2547 5131 2648 5170 ms.
2691 5111 2822 5189 Vat.
2856 5110 2972 5168 bas.
3001 5106 3282 5189 diuinitatis
3309 5122 3329 5162 :
3349 5112 3620 5189 corrupte.
3651 5103 3777 5189 μοι
3818 5104 3874 5188 in

2268 5175 2472 5258 aliquot
2499 5189 2642 5249 aliis,
2672 5185 2867 5258 tle/icit,
2902 5197 3015 5258 pro
3043 5182 3322 5258 deﬁcitaut
3343 5195 3411 5258 ea
3453 5175 3608 5258 scioli
3649 5177 3874 5258 temeri-

2270 5247 2397 5318 tate.
2435 5260 2509 5316 Ita
2539 5247 2686 5316 enim
2727 5247 2869 5328 apud
2891 5247 3234 5328 Ciceroneni,
3267 5249 3460 5306 Mulier
3500 5247 3732 5304 abundat
3772 5265 3874 5305 au-

2269 5335 2441 5399 dacia,
2473 5330 2691 5388 consilio
2719 5325 2776 5384 et
2788 5329 2986 5382 ratione
3011 5325 3272 5396 deﬁcitur.

2347 5453 2417 5522 (ε)
2459 5449 2680 5504 Veteres
2713 5443 2837 5500 libri
2865 5441 3154 5522 [tepitndme
3181 5458 3194 5491 :
3224 5455 3291 5496 ex
3319 5453 3426 5511 quo
3446 5439 3500 5493 in
3531 5452 3638 5493 uno
3661 5435 3874 5510 Remis.

2281 5513 2446 5597 prave
2475 5522 2778 5578 conlectum
2805 5527 2890 5571 cst
2921 5513 3239 5569 habitudine.

2353 5617 2432 5690 (ά)
2470 5615 2626 5690 Bad.,
2663 5614 2755 5668 Er.
2779 5621 2842 5690 _et
3045 5603 3408 5690 initiumnsing
3426 5601 3878 5690 intrans-emicu—

2281 5674 2427 5745 tibus
2448 5674 2657 5757 aliquot
2682 5681 2918 5757 antiquis
2937 5674 3096 5735 libris
3125 5693 3247 5732 cum
3267 5674 3443 5757 LXX._
3460 5681 3530 5731 At
3559 5674 3880 5757 particulam

2279 5763 2330 5816 in
2381 5745 2683 5815 addendam
2734 5745 2856 5810 esse
2887 5753 3058 5821 liquet
3105 5758 3216 5821 tum
3247 5763 3322 5821 ea
3362 5745 3781 5821 subticais,_tum
3811 5759 3882 5800 ex

2280 5833 2375 5888 lib.
2409 5847 2507 5896 XII,
2537 5846 2592 5886 n.
2621 5829 2711 5887 35.
2743 5824 2899 5883 Unde
2922 5816 2978 5880 in
3002 5839 3105 5879 ms.
3131 5820 3250 5876 bas.
3281 5817 3404 5875 Vat.
3434 5827 3490 5878 ct
3513 5819 3634 5874 aliis
3661 5816 3880 5887 legitur,

2277 5906 2334 5960 in
2347 5903 2510 5960 initio.
