4048 6436
234 357 304 414 ιε)
1479 358 1567 417 DE
1604 356 1983 419 TRINl'l‘ATE
2019 360 2229 419 LIBER
2254 362 2319 420 ll.
3468 370 3537 424 :‘50

235 475 339 535 hoc
382 476 604 549 quidem
652 487 864 534 tantum
898 477 1189 535 voluntatis
1235 492 1372 535 mea:
1401 477 1669 549 prolessio
1713 489 1836 536 est:
1862 483 1914 545 Α

234 579 492 626 caeterum
524 571 650 627 ausi
673 571 711 627 ii
736 582 790 628 et
814 575 964 628 miset
980 571 1199 629 icordiu:
1221 582 1327 628 tute
1353 588 1548 629 munus
1567 572 1834 630 orandum

236 672 339 729 est,
366 674 425 718 ut
452 670 679 720 extensa
707 664 804 720 tibi
830 663 952 719 ﬁdei
982 673 1182 720 nostra:
1214 664 1687 738 confessionisque
1714 666 1833 722 vela

241 759 372 815 llatu
411 758 651 831 Spiritus
696 761 773 815 tui
803 758 1051 829 impleas,
1084 774 1291 831 nosque
1315 761 1370 815 in
1395 774 1615 815 cursum
1640 758 1835 831 ρι’Μί-

232 853 467 908 cationis
514 852 662 908 inite
702 852 999 925 propellas.
1051 851 1169 910 Non
1199 854 1346 910 enim
1394 853 1552 910 nobis
1599 852 1838 910 inﬁdelis

231 944 548 1016 sponsionis
566 945 721 1003 istius
736 956 926 1003 auctor
947 953 1055 1009 est,
1084 946 1272 1003 dicens
1297 965 1311 1003 :
1343 945 1530 1013 Potite,
1556 955 1603 1002 et
1628 946 1835 1002 dabitur

231 1039 409 1107 uobis;
436 1040 673 1114 queri“,
699 1049 751 1096 et
790 1041 1060 1097 invenietis
1076 1062 1096 1111 ;
1127 1042 1350 1113 pulsate,
1380 1052 1428 1096 et
1459 1041 1719 1114 aperietur
1746 1056 1834 1095 tto-

232 1137 306 1192 bis
333 1133 493 1208 (Luc.
523 1113 602 1202 si,
630 1134 715 1208 9).
758 1133 869 1191 Nos
893 1135 1113 1208 quidem
1141 1136 1333 1208 inopes
1360 1150 1424 1191 ea
1463 1113 1662 1205 quibus
1709 1147 1836 1205 ego»

232 1244 357 1285 tntis
387 1226 762 1301 preeabimur,
791 1237 849 1285 et
867 1228 924 1286 in
959 1228 1269 1285 scrutandis
1298 1231 1684 1299 prophetarum
1715 1240 1836 1282 tuo-

227 1339 351 1380 rum
379 1323 861 1397 ιιιωωιυτιιηιιιιιο
897 1322 1061 1379 dictis
1083 1323 1322 1379 studium
1350 1323 1604 1395 pervicax
1644 1322 1834 1379 aﬁere-

228 1433 375 1483 mus,
404 1425 465 1474 et
490 1430 684 1474 omnes
721 1417 991 1475 obserata
1017 1417 1390 1491 intelligentia:
1430 1418 1610 1474 aditus
1652 1418 1836 1489 pulsa-

229 1512 411 1568 bimus
427 1530 443 1563 :
464 1509 563 1568 sed
592 1519 745 1567 tuum
766 1518 872 1578 est,
890 1520 949 1567 et
960 1519 1174 1567 oratum
1192 1510 1453 1578 tribuere,
1472 1520 1531 1567 et
1543 1512 1833 1582 quasitum

226 1602 450 1671 adesse,
478 1613 538 1661 et
560 1612 749 1674 patere
777 1604 1068 1675 pulsatum.
1097 1604 1402 1676 Torpemus
1422 1602 1569 1659 enim
1598 1601 1833 1674 quodam

229 1708 441 1755 natura:
466 1705 666 1754 nostra
692 1697 848 1769 pigro
872 1705 1118 1769 stupore,
1148 1706 1205 1755 et
1243 1698 1312 1753 ad
1355 1712 1444 1753 res
1473 1705 1594 1753 tuas
1634 1695 1836 1752 intelli-

228 1792 436 1863 gendas
476 1792 616 1848 intra
646 1791 964 1863 ignorantia:
991 1792 1372 1849 necessitatem
1421 1791 1625 1863 ingenii
1658 1789 1834 1846 nostri

230 1884 611 1943 imbecillitate
628 1884 949 1942 coliibemur
972 1903 986 1939 :
1009 1885 1105 1941 sed
1129 1883 1393 1941 doctrina
1415 1890 1523 1939 tua:
1549 1881 1727 1938 studia
1762 1881 1831 1937 ad
1862 1888 1910 1948 Β

230 1995 452 2036 sensum
499 1994 599 2035 nos
647 1978 847 2033 divina:
894 1978 1222 2049 cognitionis
1265 1976 1351 2051 (I)
1402 1976 1731 2041 instituunt,
1778 1982 1837 2030 et

232 2076 372 2132 ultra
418 2073 723 2130 naturalem
753 2073 1064 2144 opinionem
1096 2070 1221 2128 ﬁdei
1251 2070 1328 2143 (α)
1360 2067 1671 2126 obedientia
1704 2084 1833 2139 pro-

231 2170 398 2227 vehit.
1284 2160 1289 2163 ”

302 2262 396 2321 38.
441 2263 831 2336 Exspectamus
894 2277 1027 2333 ergo
1074 2268 1134 2318 ut
1201 2259 1397 2333 trepidi
1458 2260 1621 2331 ltujus
1668 2262 1835 2332 empti

230 2356 457 2413 exordia
486 2356 701 2422 ineites,
733 2367 788 2411 et
833 2354 1077 2425 profectu
1116 2361 1466 2412 accrescente
1513 2354 1831 2421 conﬁrmes,

232 2458 288 2505 et
313 2448 384 2505 ad
407 2441 749 2505 e'ousortium
775 2447 862 2503 vel
903 2448 1237 2519 prolibctalis
1275 2448 1361 2504 vel
1408 2447 1695 2519 apostolici
1719 2447 1835 2518 spi-

231 2544 369 2599 ritus
392 2557 599 2600 voces:
630 2543 842 2598 ntdieta
871 2558 1059 2599 eorum
1092 2558 1199 2600 non
1226 2545 1335 2598 alio
1353 2558 1517 2614 quam
1541 2542 1642 2614 ipsi
1664 2542 1831 2600 locuti

232 2648 361 2693 sunt
387 2651 556 2693 sensti
600 2636 1094 2709 apprehendamus,
1142 2638 1543 2709 verborumque
1590 2638 1837 2709 proprie.

233 2740 375 2787 tates
416 2730 609 2786 iisdem
657 2746 837 2787 rerum
890 2730 1375 2801 signiﬁcationibus
1443 2744 1829 2802 exsequamur.

233 2823 493 2880 Locuturi
517 2824 662 2879 enim
682 2838 889 2889 smnus,
914 2839 1038 2893 qua:
1064 2824 1134 2880 ab
1161 2824 1225 2879 iis
1248 2824 1300 2879 in
1326 2835 1672 2879 sacramento
1699 2838 1836 2894 prm-

233 2918 411 2971 dieata
442 2928 592 2982 sunt,
625 2926 678 2971 te
705 2926 968 2973 mternum
1001 2915 1190 2980 Deum,
1222 2918 1413 2972 :eterni
1452 2916 1712 2987 unigeniti
1739 2918 1835 2972 Dei

232 3019 445 3082 patrem
477 3026 489 3061 :
515 3016 574 3064 et
611 3024 777 3063 unum
809 3019 860 3062 te
884 3024 1002 3063 sine
1038 3008 1339 3074 nativitate,
1367 3018 1424 3065 et
1461 3026 1627 3065 unum
1659 3009 1837 3066 Domi-

235 3118 367 3157 num
416 3100 605 3157 Iesum
635 3101 911 3157 Christum
935 3118 1004 3158 ex
1050 3112 1103 3158 te.
1132 3103 1428 3158 nativitatis
1455 3114 1694 3169 τρια-ηδε,
1728 3118 1836 3158 non

236 3197 291 3253 in
317 3194 395 3268 (ι)
418 3196 645 3251 deorum
676 3211 960 3253 numerum
984 3196 1226 3251 veritatis
1251 3196 1565 3252 diversitate
1593 3197 1839 3253 referen-

2014 482 2325 554 festantibus
2385 500 2554 555 pauca
2612 489 2948 557 prclocutus,
2996 491 3066 545 ad
3106 492 3432 547 scribendum
3476 495 3539 547 de

2012 585 2119 630 tam
2140 577 2416 633 reconditis
2437 578 2587 634 rebus
2614 580 2828 635 invitum
2852 598 2905 637 se
2937 599 3000 637 ac
3022 592 3323 640 trementem
3347 584 3539 639 adduci

2011 671 2246 742 pluribus
2290 682 2622 743 protestatur.
2668 674 2810 729 Hinc
2853 676 2941 729 ubi
3004 679 3208 747 aperuit
3257 676 3321 731 dc
3379 676 3541 731 Patre

2008 765 2134 837 quid
2174 768 2381 832 sentiat,
2434 766 2598 821 rerbis
2637 784 2746 823 rem
2793 778 2847 823 ut
2887 778 2964 825 est
2993 786 3096 825 non
3125 770 3251 825 satis
3288 770 3539 837 explicari

2010 861 2250 915 ostendit.
2279 860 2476 917 Deinde
2503 862 2631 932 quid
2652 862 2717 917 sit
2737 863 2920 933 quidue
2952 880 3056 917 non
3085 864 3149 917 sit
3187 861 3356 917 Filius
3379 879 3539 933 expo-

2010 954 2087 1008 nit
2104 970 2125 1017 ;
2161 962 2211 1007 et
2248 955 2419 1026 arguit
2453 971 2562 1022 eos,
2589 956 2677 1024 qui
2704 955 2877 1025 inique
2907 954 3081 1025 {erunt
3109 970 3165 1009 se
3189 954 3539 1026 generationis

2007 1049 2153 1104 illius
2181 1057 2555 1105 sacramentum
2598 1064 2782 1120 capere
2809 1066 2913 1104 non
2952 1064 3143 1119 posse;
3180 1065 3294 1103 cum
3323 1058 3396 1103 tot
3416 1049 3535 1101 aliis

2008 1143 2065 1197 in
2088 1140 2262 1208 rebus,
2283 1142 2438 1197 etiam
2459 1143 2588 1209 suis,
2614 1143 2969 1213 (equanimiter
2987 1143 3211 1211 imperiti
3234 1143 3357 1196 sint.
3387 1139 3536 1195 llanc

2008 1250 2127 1289 vero
2149 1234 2547 1290 inenarrabilem
2579 1234 2705 1288 Filii
2734 1232 2833 1289 Dei
2861 1237 3243 1303 generationem
3285 1234 3534 1305 sapienti-

2009 1325 2104 1380 bus
2131 1327 2327 1393 surculi,
2353 1325 2534 1382 scribis
2558 1328 2701 1400 legis,
2727 1336 2773 1381 ct
2801 1328 3053 1382 haereticis
3094 1328 3409 1399 ignoratum,
3456 1329 3511 1379 di
3526 1360 3537 1369 -

2010 1420 2129 1474 uina
2153 1420 2297 1474 illius
2326 1430 2512 1475 natura
2551 1421 2696 1492 prius
2736 1423 2915 1489 paucis
2971 1422 3341 1490 demonstrata,
3376 1422 3540 1477 uerbts

2012 1511 2298 1568 Piscatoris
2317 1514 2567 1584 explicat.

1940 1604 2133 1661 Postea
2159 1606 2315 1677 fidem
2357 1606 2646 1677 Scripturis
2688 1609 2959 1680 fundatam
2996 1609 3381 1675 commendans,
3425 1626 3539 1664 eam

2010 1700 2383 1757 medicamento
2431 1712 2696 1773 comparat
2741 1702 3007 1757 medendis
3061 1703 3297 1757 omnibus
3349 1704 3544 1757 morbis

2012 1795 2221 1861 idoneo,
2272 1795 2429 1864 idque
2464 1796 2736 1867 confirmat
2771 1797 2946 1851 allatis
2991 1794 3283 1865 Scriptura:
3311 1798 3539 1851 testimo-

2008 1888 2129 1954 niis,
2165 1888 2351 1959 quibus
2389 1887 2607 1943 Sabellii
2636 1890 2791 1943 simul
2839 1900 2888 1942 et
2931 1888 3176 1943 Hebionis
3202 1889 3540 1944 Arianorum-

2006 1995 2103 2049 que
2123 1990 2406 2035 commenta
2432 1979 2773 2035 debellantur.
2839 1980 2961 2036 Non
3010 1991 3139 2035 tacet
3188 1981 3425 2052 quadam
3476 1984 3540 2034 de

2008 2071 2213 2130 Christo
2239 2075 2293 2129 in
2319 2074 2607 2145 Scripturis
2635 2076 2927 2138 memorari,
2953 2090 3071 2147 qua:
3098 2073 3211 2129 Deo
3226 2075 3438 2145 indigna
3463 2075 3535 2128 ui-

2008 2166 2265 2232 deantur;
2293 2168 2383 2221 sed
2421 2167 2473 2219 in
2499 2168 2562 2221 iis
2592 2168 2740 2235 ipsis,
2765 2184 2881 2238 qua:
2903 2169 3113 2222 humani
3155 2168 3355 2238 generis
3382 2184 3540 2222 causa

2011 2260 2281 2330 pertulisse
2308 2270 2574 2323 narratur,
2600 2263 2821 2315 ostendit
2848 2277 2950 2315 non
2974 2262 3151 2316 deesse
3184 2264 3451 2332 potestatis
3479 2280 3541 2317 ac

2011 2356 2273 2428 dignitatis
2297 2356 2463 2427 signa,
2499 2356 2681 2427 quibus
2706 2372 2822 2409 cum
2857 2373 2973 2411 vere
3003 2354 3169 2410 Deum
3202 2373 3308 2412 esse
3348 2356 3537 2411 ἄσαιμι·

2012 2465 2147 2502 tnur.

1938 2542 2169 2597 Tandem
2196 2542 2455 2614 Spiritum
2484 2550 2713 2595 sanctum
2753 2542 2970 2596 ezistere
3012 2559 3044 2596 a
3094 2542 3253 2597 Patre
3297 2552 3346 2595 et
3398 2541 3539 2597 Filio

2011 2634 2309 2691 distinctum
2335 2633 2536 2705 probat,
2564 2642 2613 2689 et
2656 2650 2833 2689 eorum
2887 2635 3191 2706 scrupulum
3242 2635 3394 2700 levat,
3450 2635 3540 2704 qui

2011 2730 2107 2784 hoc
2132 2737 2226 2783 aut
2253 2729 2493 2801 ignorant
2531 2738 2621 2783 aut
2656 2730 2944 2800 ambigunt,
2982 2730 3104 2799 quia
3142 2729 3375 2796 Spiritus
3419 2744 3538 2782 voce

2012 2824 2223 2879 Patrem
2253 2834 2341 2878 aut
2369 2822 2565 2878 Filium
2587 2827 2876 2893 frequenter
2897 2824 3114 2893 intelligi
3142 2822 3364 2876 rideant-
3398 2821 3538 2875 Prw-

2012 2926 2150 2971 terea
2202 2917 2587 2971 demonstratur
2628 2913 2856 2984 Spiritus
2911 2918 3076 2971 sancti
3114 2917 3287 2969 divina
3329 2925 3538 2982 natura,

2011 3010 2268 3081 officium,
2300 3026 2455 3080 quam
2483 3015 2830 3069 necessarium
2857 3011 3003 3066 nobis
3032 3012 3095 3066 sit
3119 3011 3263 3066 illius
3303 3013 3527 3076 donum,

2012 3121 2172 3174 quove
2201 3106 2375 3161 studio
2399 3108 2811 3176 promerendum.

2014 3198 2066 3253 1.
2112 3199 2265 3267 Quod
2291 3201 2506 3272 sufficiat
2532 3200 2798 3256 Trinitatis
2838 3203 3024 3257 notitia
3067 3204 3120 3256 in
3148 3206 3397 3274 baptismo
3431 3212 3538 3253 tra-

236 3291 365 3346 dunt
394 3307 409 3346 :
438 3305 615 3361 neque
640 3306 749 3346 non
788 3307 860 3348 ex
891 3300 943 3347 te
967 3291 1239 3363 genitum,
1287 3291 1363 3363 (c)
1404 3292 1495 3361 qui
1527 3291 1670 3347 Deus
1697 3308 1836 3347 unus
1864 3288 1911 3353 C
1941 3292 2070 3347 dita.
2103 3292 2508 3351 n—Sul’liciebat
2550 3296 2897 3352 credentibus
2951 3296 3047 3351 Dei
3099 3312 3299 3359 sermo,
3343 3297 3431 3363 qui
3486 3296 3537 3349 in

235 3398 320 3448 es,
368 3383 802 3455 pradicanduni;
854 3398 1027 3452 neque
1055 3382 1199 3439 aliud
1229 3400 1389 3455 quam
1434 3386 1603 3439 Deutn
1626 3399 1836 3454 verum,

236 3478 326 3546 qui
350 3491 419 3532 es
448 3484 501 3532 te
530 3474 618 3547 (ἰ)
646 3476 757 3532 Deo
787 3490 921 3531 vero
942 3486 1097 3548 patre
1120 3486 1281 3533 natus
1303 3486 1411 3544 est,
1440 3476 1833 3534 conﬁtendum.

237 3571 440 3629 Tribus
466 3584 599 3642 ergo
627 3572 784 3629 nobis
809 3574 1098 3628 verborum
1127 3570 1596 3642 signiﬁcationem,
1632 3570 1837 3628 intelli-

236 3668 435 3739 gentia
479 3667 684 3733 lumen,
729 3666 999 3723 dictorum
1027 3665 1310 3733 honorem,
1362 3667 1605 3722 veritatis
1633 3666 1836 3722 ﬁdem:

238 3774 292 3820 et
320 3771 539 3833 praesta,
572 3771 631 3818 ut
652 3761 798 3834 quod
826 3761 1122 3827 credimus,
1153 3772 1232 3825 et,
1252 3761 1572 3833 loquamur;
1608 3761 1836 3829 scilicet,

241 3870 297 3913 ut
323 3859 607 3928 contingat
629 3855 808 3922 nobis,
856 3871 1024 3911 unum
1051 3865 1106 3911 te
1139 3856 1306 3910 Deum
1353 3865 1561 3923 patrem
1589 3863 1645 3910 et
1673 3869 1840 3910 unum

243 3949 529 4006 Dominum
558 3947 744 4005 Iesum
767 3946 1043 4004 Christum
1069 3946 1138 4004 de
1164 3946 1450 4017 Proplietis
1495 3957 1659 4018 atque
1690 3951 1837 4017 Apo-

243 4044 397 4099 stnlis
414 4041 889 4114 cogiteseetitibus,
903 4056 1045 4096 nunc
1073 4040 1360 4097 adversum
1386 4051 1646 4112 negantes
1668 4044 1841 4094 luet-e-

243 4136 402 4205 ticos,
432 4137 507 4191 ita
531 4134 614 4207 (d)
641 4135 808 4191 Deum
831 4144 889 4191 et
906 4146 960 4189 te
986 4133 1282 4197 celebrare,
1313 4148 1381 4188 ne
1401 4132 1574 4188 solum
1597 4148 1611 4197 ;
1642 4139 1698 4187 et
1716 4146 1842 4189 eum

245 4229 563 4302 prdicare.
592 4243 661 4284 ne
690 4227 907 4284 falsum.

602 4365 849 4441 ποια
870 4364 1071 4422 Lmen
1099 4364 1477 4423 sucensus.

246 4505 323 4561 De
366 4507 579 4562 reritate
616 4503 889 4560 Trinitatis
942 4505 1247 4574 generatim,
1291 4512 1342 4559 et
1397 4502 1461 4559 de
1516 4503 1841 4575 singularum

312 4614 655 4673 personarum
682 4599 930 4669 dignitate
954 4609 1004 4652 et
1051 4597 1229 4670 officio
1269 4598 1578 4651 nominatim
1612 4596 1819 4653 disserit

1940 3399 2102 3441 aures
2130 3394 2341 3442 nostras
2364 3387 2723 3459 Evangelista:
2736 3389 3047 3444 testimonio
3068 3403 3191 3443 cum
3211 3389 3540 3459 ipsnveritn-

1940 3479 2012 3534 tis
2052 3492 2167 3534 sua:
2219 3480 2416 3535 virtute
2462 3482 2764 3537 transl'usus
2788 3490 2895 3547 est,
2924 3497 3045 3538 cum
3078 3482 3211 3537 dicit
3238 3482 3496 3536 Dominus
3526 3503 3536 3537 :

1943 3568 2141 3627 Euntes
2165 3588 2302 3625 nunc
2328 3572 2502 3629 docete
2544 3590 2719 3629 omnes
2761 3585 2958 3645 gentes,
3001 3575 3319 3646 baptizantes
3359 3590 3445 3628 eos
3490 3577 3539 3627 in

1942 3666 2147 3720 nomine
2190 3663 2368 3722 Patris
2390 3675 2437 3721 et
2465 3666 2590 3723 Filii
2614 3676 2666 3722 et
2693 3667 2925 3739 Spiritus
2956 3668 3161 3733 Sancti,
3192 3669 3430 3723 docentes
3457 3685 3542 3723 eos

1940 3773 2143 3814 seruare
2165 3760 2337 3815 omnia
2365 3777 2697 3834 quotcumque
2729 3761 2797 3832 (e)
2829 3763 3019 3816 mando
3042 3762 3185 3816 vobis
3210 3782 3226 3816 :
3249 3772 3299 3815 et
3317 3777 3431 3815 ecce
3450 3778 3542 3831 ego

1943 3850 2203 3905 uobiscum
2231 3869 2346 3906 sum
2378 3849 2612 3908 oninibus
2660 3854 2841 3908 diebus
2872 3871 3030 3924 usque
3059 3855 3111 3907 in
3142 3856 3541 3909 consummatio-

1946 3959 2061 3999 nem
2084 3943 2263 3999 swculi
2292 3943 2508 4013 (Matth.
2534 3962 2719 4011 xsvtit,
2750 3945 2842 4011 l9,
2888 3944 3004 4015 ‘20).
3048 3945 3186 4013 Quid
3212 3944 3356 3999 enim
3378 3946 3459 4019 (ὅ)
3486 3944 3540 4001 in

1945 4049 2014 4089 eo
2057 4035 2127 4091 de
2178 4048 2519 4093 sacramento
2566 4038 2637 4109 (f)
2676 4038 2866 4093 salutis
2897 4037 3143 4092 humanm.
3167 4052 3271 4093 non
3300 4039 3543 4091 contine-

1948 4128 2074 4184 ιιιτῖ
2094 4136 2187 4184 aut
2210 4129 2339 4200 quid
2366 4139 2472 4196 est,
2506 4132 2649 4201 quod
2676 4131 2747 4186 sit
2772 4130 3038 4200 reliquum
3075 4140 3166 4185 aut
3210 4131 3544 4186 obscurum?

1946 4222 2112 4279 Plena
2138 4232 2265 4283 sunt
2288 4225 2472 4281 omnia
2498 4235 2555 4279 ut
2580 4240 2613 4281 a
2640 4226 2801 4296 pleno
2830 4224 2933 4295 ,(4)
2957 4234 3015 4281 et
3039 4240 3069 4278 a
3094 4224 3335 4294 perfecto
3364 4226 3539 4293 perfe-

1950 4327 2039 4375 cta
2096 4318 2201 4391 (g).
2229 4318 2366 4375 Nam
2397 4327 2453 4376 et
2476 4320 2767 4375 verborum
2806 4320 3281 4389 signiﬁcationem,
3323 4330 3380 4374 et
3421 4319 3542 4374 elli-

1948 4411 2201 4469 cientiam
2232 4428 2435 4481 rerum,
2463 4424 2515 4469 et
2567 4413 2904 4484 negotiorum
2946 4412 3217 4479 ordinem,
3259 4422 3313 4467 et
3338 4422 3547 4466 natum

1948 4503 2356 4575 intelligentiam
2411 4504 2895 4576 comprehendunt.
2948 4504 3229 4574 Baptizare
3272 4505 3431 4573 jussit
3491 4508 3546 4559 in

1948 4599 2157 4653 nomine
2179 4596 2357 4654 Patris
2380 4608 2430 4655 et
2460 4596 2591 4653 Filii
2634 4608 2683 4654 et
2736 4598 2971 4668 Spiritus
3013 4598 3202 4666 sancti,
3245 4597 3297 4651 id
3333 4606 3439 4659 est,
3492 4599 3547 4652 itt

316 4696 391 4749 Ac
436 4694 603 4759 primo
648 4693 855 4764 quidem
893 4692 1123 4746 declarat
1157 4689 1393 4746 Hilarius
1439 4693 1571 4746 tanti
1609 4694 1838 4763 mysterii
1864 4692 2285 4754 Dconlessione
2328 4704 2387 4750 et
2434 4694 2694 4759 auctoris,
2742 4706 2799 4747 et
2844 4692 2925 4765 (It)
2966 4692 3249 4761 unigettiti,
3294 4698 3350 4745 et
3394 4690 3521 4745 doni

314 4792 552 4846 notitiam
578 4791 630 4843 in
653 4789 906 4861 baptismo
924 4787 1171 4842 traditam
1199 4787 1458 4855 sufficere.
1490 4785 1621 4841 Tum
1643 4787 1706 4842 de
1730 4786 1833 4843 lue-

314 4899 488 4939 rcsum
516 4882 738 4951 origine,
768 4880 931 4949 deque
968 4879 1222 4934 hareticis
1258 4875 1530 4935 Trinitatis
1563 4878 1723 4949 ﬁdem
1759 4881 1843 4935 in-

347 4997 398 5066 I)
442 4995 737 5051 lnstruunt.

340 5064 399 5144 2)
441 5070 500 5125 In
522 5078 708 5123 tmstro
735 5081 837 5122 ms.
865 5066 1221 5140 supprimitur
1253 5079 1360 5121 vox
1384 5064 1512 5121 Deo.

315 5186 396 5261 (η)
432 5188 490 5261 lu
516 5185 638 5243 cod.
676 5186 794 5242 Vat.
818 5185 942 5261 ibas.
970 5184 1309 5261 obedientiam
1329 5183 1655 5261 protraliunt,
1685 5181 1844 5261 male.

246 5254 530 5331 Quomodo
574 5270 752 5314 autem
808 5259 943 5315 ﬁdes
972 5256 1360 5331 nosproveltnt
1377 5255 1448 5331 ad
1476 5254 1553 5331 id,
1582 5254 1726 5331 quod
1754 5268 1851 5309 na-

249 5326 440 5391 turalis
498 5346 690 5388 sensus
740 5346 847 5385 non
896 5326 1152 5401 attingit,
1206 5328 1491 5417 superius.
1502 5327 1615 5398 jam
1663 5326 1849 5382 obser-

251 5419 453 5464 vatum.

322 5477 395 5544 (b)
435 5474 692 5532 Vetustas
737 5473 909 5530 codex
953 5472 1105 5529 Cnlb.
1136 5486 1261 5529 eum
1291 5470 1478 5527 Germ.
1512 5470 1587 5525 uti
1612 5483 1847 5540 praemo-

250 5554 490 5610 nuitntts,
516 5564 663 5601 nutn.
698 5546 787 5612 ll,
816 5563 916 5600 non
943 5545 994 5599 in
1025 5546 1247 5599 duormn
1276 5558 1568 5598 numerum.

318 5620 392 5691 lc)
432 5619 533 5677 Ms.
571 5618 687 5674 Vat.
738 5616 1035 5691 bas.,rquia
1064 5615 1228 5671 Deus.
1278 5614 1402 5691 M_u_x
1428 5615 1677 5691 (ἐπει-ιιι
1704 5628 1844 5667 non-

252 5682 385 5751 nulli
409 5692 524 5757 alii,
557 5706 721 5762 neque
744 5690 795 5743 in
835 5682 982 5743 aliud
1001 5707 1018 5749 ;
1047 5695 1255 5758 postea,
1285 5686 1373 5742 ubi
1415 5704 1481 5741 ea:
1505 5694 1553 5740 te
1596 5682 1708 5739 Deo
1734 5699 1849 5738 vero

252 5778 419 5840 patre,
442 5766 603 5840 abest
634 5764 743 5817 Deo
768 5778 798 5816 a
827 5763 1102 5840 plerisque
1128 5776 1260 5840 mss.
1389 5829 1424 5840 ﬂ
1570 5836 1579 5840 _
1664 5826 1713 5840 η
1752 5826 1783 5840 μ

320 5826 412 5905 (ὁ)
440 5837 496 5892 lit
518 5844 738 5891 vetusto
762 5826 950 5889 codice
987 5826 1144 5905 Golb.
1187 5832 1261 5887 ita
1286 5840 1335 5886 et
1380 5829 1544 5905 Deum
1563 5836 1627 5882 te.
1661 5826 1854 5905 blelius

252 5898 342 5966 alii
363 5898 437 5965 ita
462 5907 631 5964 Deum
656 5906 948 5969 collocant,
969 5914 1029 5959 ut
1051 5903 1166 5959 hare
1194 5919 1293 5958 ros
1318 5912 1372 5958 et
1397 5902 1466 5957 ad
1496 5910 1545 5954 te
1571 5909 1629 5953 et
1647 5898 1713 5953 ad
1738 5910 1855 5955 eum

1946 4788 2150 4843 Auctor
2179 4804 2317 4843 unus
2344 4796 2426 4844 est
2447 4789 2711 4842 omnium.
2745 4786 2895 4843 Unus
2918 4794 3003 4842 est
3024 4785 3168 4841 enim
3197 4786 3339 4841 Deus
3364 4786 3543 4850 l‘ater,

1942 4894 2010 4936 ex
2040 4895 2149 4951 quo
2169 4881 2385 4946 omnia;
2414 4890 2470 4936 et
2509 4895 2647 4937 unus
2676 4879 2998 4950 Unigenitus
3049 4879 3313 4936 Dominus
3365 4890 3547 4936 noster

2017 4994 2100 5065 (5)
2143 4991 2208 5065 In
2237 4996 2414 5051 eodem
2436 4996 2795 5052 Sacramenta.

2018 5065 2105 5138 (4)
2144 5064 2214 5119 Et
2242 5073 2468 5139 perfecto
2499 5074 2753 5139 profecta.

1952 5196 2106 5250 mque
2137 5181 2420 5239 referatur.
2456 5184 2571 5239 Mox
2604 5186 2655 5239 in
2685 5184 2907 5240 Carum.
2958 5192 3014 5241 et
3057 5185 3197 5249 aliis,
3229 5202 3321 5239 nec
3363 5186 3551 5254 solum,

1952 5270 2046 5308 uec
2088 5254 2278 5324 falsum
2301 5273 2321 5309 :
2347 5256 2525 5311 minus
2552 5256 2784 5311 sincere.
2815 5256 2926 5311 Hoc
2952 5259 3095 5311 enim
3140 5257 3241 5312 sibi
3293 5258 3407 5311 vult
3434 5276 3447 5311 :
3483 5260 3556 5317 ita

1952 5335 2009 5380 et
2036 5335 2089 5379 te
2113 5326 2391 5382 celebrare
2437 5326 2626 5392 Deum,
2658 5340 2713 5382 ttt
2761 5344 2865 5384 nun
2898 5329 3198 5384 solitarium
3245 5331 3552 5395 credamus,

1954 5409 2010 5474 et
2035 5412 2158 5474 eum
2189 5397 2721 5474 praediciti-e_Deutn,
2743 5410 2802 5455 ut
2850 5414 2975 5474 non
3002 5400 3195 5455 falsum
3235 5412 3531 5471 cogitemus

1958 5467 2095 5523 Tum
2124 5468 2177 5522 in
2208 5470 2369 5524 Corb.
2401 5470 2655 5539 adjiritur
2676 5472 2913 5526 clausula
2949 5473 3125 5526 Amen.

2030 5538 2102 5606 (e)
2143 5541 2306 5606 Editi,
2336 5538 2577 5595 mandaui
2620 5543 3039 5598 reluctantibus
3067 5558 3197 5599 mss.

2029 5613 2098 5685 (f)
2140 5613 2211 5667 lla
2247 5629 2377 5668 mss.
2407 5616 2739 5684 antiquiores
2766 5616 2943 5677 llolb..
2974 5615 3163 5685 Carm,
3190 5616 3401 5681 ϐαι-ιιι,
3448 5628 3531 5671 etv

1957 5686 2064 5740 Alit
2094 5699 2219 5739 cnttt
2252 5686 2499 5752 vulgatis,
2528 5703 2580 5739 tn
2603 5691 2777 5741 eodem
2803 5699 3139 5742 sacramento.

2029 5757 2110 5825 lg)
2149 5755 2277 5810 Mss.
2321 5757 2437 5811 bas.
2488 5757 2630 5824 \'at.,
2682 5760 2899 5814 Carnut.
2949 5774 3071 5815 cum
3113 5760 3295 5831 paucis
3343 5760 3485 5827 aliis,
3511 5772 3559 5815 ct

1961 5833 2189 5899 perfecto
2212 5831 2463 5898 profecta.

2034 5894 2115 5970 (It)
2156 5894 2269 5954 Duo
2303 5894 2431 5953 mss.
2476 5900 2630 5955 Colit.
2664 5911 2716 5956 et
2737 5901 2921 5958 Germ.
2948 5902 3196 5971 unigeniti
3218 5900 3332 5957 Dei.
