4048 6438
264 360 331 415 ss
1463 352 1552 412 or:
1590 350 1966 413 TRlNlTA‘l‘E
2003 352 2214 415 uena
2242 357 2309 414 ιι.
3514 372 3578 429 5,

262 474 593 544 concedens,
640 488 749 533 non
785 488 853 530 ex
899 472 1011 529 Deo
1046 471 1345 539 hominem,
1386 470 1482 527 sed
1532 485 1601 528 ex
1648 470 1870 528 homine
1894 469 1949 534 A
1973 472 2151 528 omnis
2177 472 2468 546 (2)5ensus
2498 474 2738 534 incertus
2763 483 2868 533 est.
2887 474 3030 551 Ergo
3050 494 3159 537 non
3174 484 3459 555 prmcepiis
3488 486 3586 541 an.

266 571 434 628 Deum
459 568 738 642 proferat;
760 580 939 637 neque
968 566 1273 623 subsistens
1290 573 1450 622 antea
1469 563 1687 636 quodin
1716 570 1869 637 prin-

269 664 416 736 cipio
440 664 584 735 apud
610 664 780 721 Peum
809 670 927 718 erat
951 659 1098 718 Deus
1130 660 1367 718 Verbum
1410 660 1565 732 virgo
1591 659 1672 732 (ir)
1694 673 1869 716 susce-

264 760 427 830 perit,
459 758 558 814 sed
605 771 827 813 carnem
878 756 1127 828 genuerit
1180 769 1276 827 per
1323 753 1580 820 verbum;
1640 752 1764 823 quia
1815 753 1869 808 in

267 852 447 909 Verbo
473 860 634 908 antea
665 851 762 922 (ὁ),
779 864 887 905 non
908 849 1190 906 existentis
1217 848 1479 919 unigeniti
1509 848 1604 902 θυι
1624 856 1869 901 naturam

258 946 426 1013 dicat,
453 944 553 1001 sed
582 959 776 1001 sonum
802 944 953 999 vocis
974 944 1177 998 elatum
1204 959 1219 997 :
1253 954 1313 997 ut
1346 941 1510 1011 aliqui
1536 939 1697 1010 hujus
1727 954 1869 994 nunc

262 1041 525 1112 temporis
549 1040 959 1112 praedicatores,
984 1038 1076 1108 qui
1101 1054 1168 1092 ex
1189 1034 1361 1091 nihilo
1381 1045 1541 1107 atque
1563 1050 1593 1088 a
1627 1045 1869 1105 tempore

262 1134 495 1191 fortnam
522 1143 577 1190 et
595 1133 918 1203 sapientiam
947 1143 1002 1187 et
1026 1130 1280 1187 virtutem
1313 1129 1406 1185 Dei
1440 1128 1776 1199 provehunt;
1800 1142 1868 1184 ne

258 1228 306 1284 si
335 1242 407 1285 ex
435 1228 594 1282 l'atre
620 1225 693 1282 sit
718 1224 911 1291 Filius,
937 1224 1081 1279 Deus
1109 1222 1182 1280 sit
1202 1221 1523 1278 imminutus
1548 1222 1598 1276 in
1628 1221 1863 1287 Filium;

256 1323 479 1381 solliciti
519 1320 772 1389 nimium,
799 1336 869 1376 ne
889 1321 1103 1377 Patrem
1150 1319 1189 1375 Γ
1194 1319 1319 1374 ilius
1346 1318 1415 1373 ab
1443 1332 1511 1374 eo
1558 1326 1715 1371 nutus
1740 1332 1865 1371 eva~

255 1430 383 1477 cuet
418 1438 435 1475 :
461 1428 624 1491 alque
654 1417 862 1474 ideirco
884 1417 997 1473 Deo
1021 1416 1077 1471 in
1098 1414 1191 1470 filii
1212 1420 1494 1470 creatione
1514 1409 1861 1478 subveniunt,

254 1530 382 1570 eum
410 1529 479 1568 ex
504 1528 611 1568 non
632 1509 980 1567 exstantibus
994 1507 1380 1578 comparando,
1407 1516 1464 1561 ut
1487 1506 1628 1561 intra
1656 1514 1863 1560 natura)

255 1622 370 1665 suzc
396 1584 790 1679 perfectionem
834 1604 1015 1670 Pater,
1048 1602 1173 1675 quia
1216 1601 1348 1657 nihil
1397 1616 1465 1656 ex
1501 1615 1569 1655 eo
1605 1600 1673 1656 sit
1713 1600 1861 1669 geni-

255 1712 392 1768 tum,
420 1710 754 1770 perseveret.
784 1700 904 1758 iam
920 1715 1051 1758 vero
1078 1699 1207 1773 quid
1234 1702 1454 1762 mirum.
1486 1709 1545 1753 ut
1567 1697 1635 1756 de
1655 1697 1862 1769 Spiritu

1974 565 2103 638 quid
2132 564 2440 625 addendum
2466 578 2572 636 est,
2603 570 2701 626 sed
2721 572 2915 629 modus
2939 581 3023 630 est
3048 577 3460 636 constituendus
3489 595 3582 635 au-

1974 657 2143 716 daciae
2178 678 2190 716 :
2220 669 2277 717 ut
2314 662 2438 733 quia
2478 664 2787 734 malignitas
2823 666 3081 725 instinctu
3118 669 3403 729 diabolica:
3431 672 3583 729 frauc

1972 752 2230 812 dolentia:
2275 757 2509 813 excitata
2559 760 2836 816 veritatem
2878 778 3059 820 rerum
3107 780 3206 837 per
3239 775 3449 824 natura:
3478 784 3579 824 no-

1972 849 2120 904 mina
2142 848 2311 905 eludit
2334 894 2348 916 ,
2376 866 2478 907 nos
2506 853 2588 925 (3)
2613 861 2859 910 naturam
2888 858 3169 915 nominum
3200 860 3578 931 proferamus;

1972 949 2028 997 et
2056 942 2237 1009 editis,
2270 956 2430 1013 prout
2454 946 2505 1000 iu
2540 947 2718 1003 verbis
2747 949 3096 1022 habebimus,
3123 952 3389 1025 dignitate
3420 968 3580 1027 atque

1972 1035 2153 1092 officio
2184 1036 2395 1105 Patris,
2430 1038 2552 1094 Filii
2578 1080 2593 1102 ,
2627 1041 2862 1112 Spiritus
2888 1045 3084 1114 sancti,
3116 1062 3226 1103 non
3259 1048 3583 1104 frustrentur

1973 1140 2178 1187 natura:
2218 1133 2639 1203 proprietatibus
2678 1140 2897 1193 nomina
2919 1182 2935 1206 ,
2967 1141 3062 1197 sed
3093 1141 3233 1198 intra
3271 1154 3479 1199 natura:
3508 1147 3585 1199 εἰς

1968 1224 2366 1295 gnilicationem
2417 1227 2728 1285 numinibus
2776 1242 3108 1289 coartentur.
3143 1235 3209 1291 Et
3239 1239 3424 1293 nescio
3452 1237 3579 1308 quid

1968 1315 2038 1371 de
2078 1315 2161 1371 his
2197 1319 2360 1375 rebus
2388 1319 2545 1376 aliter
2583 1322 2945 1380 sentientibus
2975 1327 3142 1382 animi
3171 1328 3263 1391 sit,
3293 1332 3577 1386 veritatem

1968 1412 2461 1480 corrunipeutibus,
2494 1415 2746 1471 tenebras
2778 1418 2859 1489 (4)
2887 1419 2995 1475 luci
3025 1420 3403 1491 inferentibus,
3439 1422 3581 1479 insc-

1966 1503 2159 1559 cabilia
2190 1504 2604 1575 dest-cantibus,
2637 1508 2948 1580 incorrupta
2999 1516 3404 1582 scindentibus,
3440 1518 3580 1574 indi.-

1968 1596 2080 1651 visa
2105 1597 2475 1669 partientibus.
2519 1600 2597 1673 (9)
2626 1604 2835 1671 Quibus
2877 1606 2925 1661 si
2974 1606 3055 1679 (5)
3082 1618 3286 1664 tantum
3328 1609 3473 1667 factu
3500 1612 3580 1667 lu-

1966 1690 2071 1748 cile
2111 1704 2198 1748 est
2245 1694 2485 1766 perfecta
2524 1711 2894 1769 concerpere,
2920 1701 3010 1771 jus
3049 1717 3254 1773 ponere
3296 1708 3571 1776 potestati,

255 1806 447 1854 sancto
493 1796 709 1852 diversa
757 1793 834 1865 (ε)
882 1795 1139 1859 sentiant,
1191 1792 1286 1864 qui
1331 1792 1385 1846 in
1439 1791 1695 1863 largitore
1743 1790 1861 1861 ejus
1964 1786 2185 1843 modum
2228 1790 2678 1847 circuitiscribere
2713 1792 2926 1850 infinito
2959 1813 2973 1851 :
3006 1796 3140 1851 mihi
3169 1808 3316 1855 certe
3357 1800 3441 1853 bis
3488 1816 3575 1856 re-

257 1894 512 1961 creando,
544 1902 601 1948 et
626 1889 1007 1959 demutando,
1034 1899 1090 1945 et
1131 1888 1402 1945 abolendo
1432 1896 1541 1943 tam
1590 1888 1840 1943 temerari

1968 1880 2255 1950 spondenti
2281 1882 2335 1936 in
2363 1884 2512 1939 curis
2542 1895 2707 1941 :cstus
2729 1897 2834 1953 est,
2855 1888 2907 1943 in
2921 1903 3087 1945 sensu
3117 1891 3266 1947 labes
3295 1889 3359 1964 ({.
3396 1893 3576 1965 tabes)

247 1988 360 2043 sint
384 1985 678 2042 auctores?
700 1993 863 2054 atque
892 1984 965 2040 its
994 1982 1291 2040 dissolvant
1320 1980 1547 2051 perfecti
1575 1980 1735 2052 hujus
1772 1995 1861 2037 sa—
1963 1985 2083 2044 est,
2106 1976 2160 2034 in
2209 1976 2565 2049 intelligentia
2605 1989 2794 2051 stupor
2840 1993 2961 2048 cst;
2992 1984 3045 2039 in
3093 1999 3348 2041 sermone
3391 1994 3573 2043 autem

246 2081 515 2137 cramenti
546 2078 855 2143 veritatem,
877 2076 1008 2134 dum
1022 2075 1107 2149 (ἀ)
1126 2074 1464 2132 substantias
1480 2066 1859 2131 diversitatum
1962 2087 2072 2128 non
2107 2072 2221 2143 jam
2268 2073 2664 2140 infirmitatem,
2694 2076 2788 2131 sed
2836 2076 3112 2133 silentium
3150 2078 3473 2135 confitebor.
3504 2080 3574 2135 Et.

246 2175 299 2230 in
349 2174 514 2229 rebus
544 2180 651 2227 tam
704 2161 1087 2228 communibus
1115 2169 1456 2226 moliuntur:
1504 2167 1721 2226 Patrem
1764 2184 1859 2224 ne-

244 2266 446 2341 gando,
479 2265 607 2322 dum
630 2265 771 2321 Filio
796 2263 941 2335 quod
976 2272 1063 2321 est
1091 2262 1235 2319 filius
1260 2261 1547 2331 adimunt;
1594 2261 1854 2333 Spiritum

242 2370 494 2417 sanctum
520 2360 606 2431 (ι)
633 2358 883 2431 negando
912 2357 1008 2429 (e),
1038 2358 1171 2425 dum
1194 2365 1252 2414 ct
1271 2366 1532 2414 usum.et
1562 2365 1853 2413 auctorem

241 2456 361 2526 ejus
376 2456 651 2525 ignorant.
672 2453 752 2509 Ita
775 2460 833 2509 et
849 2452 1131 2523 imperitos
1153 2450 1408 2521 perdunt.
1428 2450 1557 2508 dum
1582 2452 1852 2507 rationem

241 2545 648 2620 prmdicationis
698 2544 861 2615 hujus
887 2543 1195 2610 affirmant;
1227 2552 1286 2601 et
1311 2543 1596 2601 audientes
1635 2542 1849 2612 fallunt,

239 2644 369 2697 dum
402 2650 651 2696 naturam
674 2638 989 2695 nominibus
1017 2638 1283 2706 adimunt,
1312 2639 1437 2708 quia
1490 2638 1709 2694 nomina
1740 2653 1849 2695 non

241 2744 471 2807 possunt
489 2733 705 2790 auferre
730 2741 956 2788 natura.
981 2731 1348 2787 Praitermitto
1377 2730 1584 2802 reliqua
1625 2729 1846 2787 humani

240 2835 470 2905 periculi
493 2832 739 2896 nomina,
763 2829 1098 2897 Valentinos,
1130 2825 1496 2897 Marcionitas,
1523 2827 1847 2885 Manichcos

239 2937 537 2999 pestesque
559 2936 806 2991 exteras,
842 2939 965 2995 qua:
991 2921 1262 2979 interdum
1288 2922 1661 2992 imperitorum
1696 2936 1849 2977 men-

238 3036 320 3079 tes
347 3030 640 3092 occupant,
672 3028 729 3076 et
757 3019 877 3089 ipso
900 3017 1150 3088 contagio
1176 3016 1606 3073 conversationis
1623 3018 1734 3091 29
1760 3016 1844 3074 in-

238 3118 429 3175 ficiunt
457 3116 668 3186 alitque
696 3112 938 3170 omnium
964 3112 1079 3169 lues
1109 3125 1236 3174 una,
1268 3108 1394 3166 dum
1425 3112 1478 3167 in
1506 3109 1840 3173 audientium

234 3228 457 3269 sensum
489 3208 897 3279 prmdicantium
924 3206 1143 3262 morbus
1175 3205 1493 3271 infunditur.
1524 3194 1531 3199 ’

1960 2174 2112 2222 certe
2142 2166 2274 2222 mihi
2296 2177 2649 2240 extorquetur
2673 2169 2777 2226 hoc
2797 2172 2957 2237 velle,
2982 2172 3111 2227 dum
3142 2182 3198 2229 et
3226 2174 3464 2232 audacia:
3490 2190 3572 2231 re-

1958 2260 2199 2328 sistitur,
2228 2271 2283 2318 et
2308 2264 2479 2318 errori
2510 2265 2843 2331 consulitur,
2871 2277 2928 2323 et
2967 2268 3287 2339 ignorantia:
3316 2271 3569 2341 provide-

1959 2363 2067 2411 tur.
2098 2355 2425 2414 Immensum
2467 2367 2552 2415 est
2589 2369 2776 2416 autem
2808 2363 2953 2432 quod
2976 2364 3230 2434 exigitur,
3264 2365 3565 2437 incompre-

1958 2446 2227 2507 hensibile
2265 2462 2370 2507 est'
2393 2452 2539 2523 quod
2581 2453 2842 2521 audetur;
2875 2463 2931 2510 ut
2977 2456 3117 2511 ultra
3146 2459 3561 2529 praelinitionem

1957 2544 2077 2611 Dei,
2110 2560 2292 2602 sermo
2328 2544 2398 2602 de
2437 2546 2550 2604 Deo
2578 2548 2669 2604 sit.
2698 2549 2885 2604 Posuit
2925 2559 3133 2606 natura:
3156 2555 3395 2610 nomina
3420 2595 3435 2621 ,
3468 2554 3567 2609 Pa-

1956 2647 2130 2708 trem,
2162 2639 2356 2697 Filium
2376 2683 2391 2708 ,
2424 2640 2688 2713 Spiritum
2737 2654 3009 2700 sanctum.
3052 2642 3220 2700 Extra
3251 2645 3560 2719 signiﬁcau-

1954 2734 2085 2790 tism
2134 2734 2405 2789 sermonis
2444 2744 2550 2801 est,
2577 2745 2731 2792 extra
2774 2753 2967 2794 sensus
2998 2737 3375 2808 intentionem,
3408 2750 3560 2795 extra

1953 2828 2326 2899 intelligentia:
2346 2831 2785 2901 conceptionem,
2812 2830 3071 2903 quidquid
3095 2832 3235 2888 ultra
3262 2832 3341 2905 (6)
3366 2828 3587 2906 quaeri?

1950 2933 2057 2990 tur,
2073 2938 2181 2979 non
2210 2923 2542 2988 enuntiatur,
2571 2939 2678 2980 non
2701 2925 3001 2995 attingitur,
3025 2940 3134 2981 non
3158 2934 3393 2982 tenetur.
3426 2927 3560 2982 Ver-

1948 3016 2140 3073 borum
2170 3014 2583 3086 signilieantiam
2609 3017 2689 3072 rei
2720 3016 2887 3088 ipsius
2904 3026 3092 3073 natura
3123 3019 3561 3085 consumit,sen—

1946 3125 2041 3167 sus
2065 3111 2578 3178 contemplationem
2609 3113 3056 3184 imperspicabile
3082 3114 3263 3173 lumen
3298 3114 3559 3181 obcaecat,

1947 3204 2316 3276 intelligentiae
2341 3205 2452 3278 3o
2472 3207 2824 3276 capacitatem
2851 3206 3110 3277 quidquid
3140 3206 3246 3262 fine
3268 3207 3418 3263 nullo
3431 3221 3561 3263 eon-

306 3305 361 3361 5.
394 3304 476 3360 De
494 3303 683 3358 divinis
714 3318 998 3358 sermonem
1026 3318 1180 3372 quam
1205 3316 1341 3371 tt'grc
1359 3316 1420 3356 ac
1440 3300 1841 3382 trememimti-
1867 3301 1914 3365 C
1946 3300 2149 3354 tinetur
2186 3298 2419 3355 excedit.
2464 3296 2570 3354 Sed
2614 3312 2716 3355 nos
2759 3298 3104 3354 necessitatis
3149 3297 3310 3369 hujus
3336 3298 3406 3354 ab
3448 3313 3516 3355 eo
3538 3340 3554 3366 ,

234 3411 341 3456 ruat
371 3400 632 3455 Hilarius.
664 3428 735 3439 —
763 3396 965 3452 Horum
1007 3395 1166 3468 igitur
1207 3394 1498 3453 infidelitas
1543 3396 1597 3452 in
1644 3412 1845 3468 anceps

233 3510 332 3551 nos
372 3494 445 3566 (Ι)
467 3506 531 3547 ac
556 3490 855 3562 periculum
886 3490 1171 3561 protrahit,
1206 3498 1262 3544 ut
1290 3504 1514 3545 necesse
1543 3490 1613 3546 sit
1634 3490 1703 3547 de
1723 3498 1842 3545 tan-

232 3590 300 3643 tis
322 3603 388 3642 ac
419 3596 529 3642 tam
561 3582 854 3641 reconditis
881 3576 1044 3639 rcbds
1071 3582 1271 3654 aliquid
1297 3582 1436 3637 ultra
1467 3586 1839 3657 praescriptum

229 3683 455 3739 celeste
481 3678 747 3753 proferre.
779 3677 999 3735 Dixerat
1027 3676 1286 3734 Dominus
1329 3676 1679 3750 baptizandus
1706 3694 1841 3751 gen-

231 3784 349 3842 tes,
403 3772 468 3829 fu
512 3772 720 3827 nomine
771 3768 947 3826 Patris
994 3779 1042 3825 et
1093 3768 1223 3825 Filii
1269 3780 1321 3824 et
1368 3769 1598 3842 Spiritus
1648 3773 1833 3827 sancti.

233 3866 431 3925 Forma
460 3864 587 3923 ﬁdei
616 3871 763 3922 certa
786 3870 871 3921 est
910 3877 926 3917 :
966 3861 1063 3921 sed
1116 3871 1378 3935 quantum
1434 3863 1503 3921 ad
1554 3864 1838 3924 haereticos

300 4009 386 4081 (Ι)
426 4007 741 4067 Nesciendo.

303 4081 383 4151 (2)
411 4081 626 4138 Orsines.

302 4152 385 4219 (3)
409 4152 463 4208 Ν
467 4163 643 4212 aturas
666 4154 948 4211 nominum.

301 4224 387 4299 (ι)
423 4224 656 4284 Lauini.

235 4364 364 4405 mss.
397 4348 523 4405 Vat.
554 4347 672 4405 bas.
696 4347 878 4417 Colb.,
908 4346 1097 4417 Carm,
1140 4356 1245 4403 etc.
1280 4346 1485 4403 Deinde
1534 4344 1687 4415 illud,
1732 4362 1836 4401 non

234 4438 295 4476 ex
320 4420 423 4477 Deo
443 4420 726 4485 hominem,
767 4430 903 4487 etc.,
935 4420 987 4475 id
1027 4430 1132 4484 est,
1189 4419 1326 4475 nolit
1364 4418 1663 4486 Christum,
1711 4434 1835 4474 cum

236 4495 381 4563 prius
427 4492 569 4547 Deus
620 4501 786 4560 esset,
819 4492 1017 4547 factum
1044 4506 1167 4548 esse
1197 4491 1493 4557 hominem,
1524 4490 1619 4563 sed
1653 4498 1834 4563 postea

234 4561 391 4635 quam
425 4563 600 4619 factus
640 4572 726 4619 est
768 4563 951 4629 homo,
999 4564 1237 4619 evasisse
1267 4564 1466 4635 Deum.
1492 4561 1569 4635 Ad
1602 4562 1834 4632 plurium

232 4633 478 4693 locorum
502 4635 916 4707 intelligentiam
940 4635 1141 4707 jnverit
1168 4635 1305 4691 hanc
1334 4633 1613 4707 particula:
1635 4650 1699 4688 ex
1728 4634 1833 4689 vim

228 4721 514 4765 IIIIIOIQI’C.

302 4780 384 4851 (ιι)
426 4781 572 4836 Edit.
623 4782 677 4835 in
719 4796 873 4835 cerne
919 4780 1219 4851 susceperit.
1264 4777 1607 4850 Espunetum
1656 4787 1740 4833 est
1780 4780 1834 4834 iu

230 4870 388 4908 eme
411 4853 734 4907 auctoritate
762 4868 891 4907 mss.

308 4925 385 4995 (ιι)
425 4924 648 4996 Suppte.
672 4943 822 4996 quam
838 4923 1009 4978 Maria
1028 4924 1256 4994 genuerit
1280 4938 1507 4977 carnem.
1540 4922 1652 4977 Hoc
1670 4938 1836 4996 porro

230 4994 335 5054 sibi
363 4994 822 5061 unguendum
862 4996 999 5051 verbi
1048 4999 1289 5061 nomine,
1328 5004 1451 5049 ante
1478 5011 1638 5065 quam
1669 4994 1833 5049 Maria

231 5070 505 5141 genuerit,
555 5069 856 5141 intelligere
907 5078 1191 5141 externum
1241 5067 1390 5141 vocis
1443 5082 1669 5141 sonum.
1727 5083 1832 5121 non

233 5139 519 5197 existenti.
565 5155 662 5196 seu
709 5139 1054 5196 subsistentiis
1105 5139 1362 5209 unigeniti
1420 5140 1511 5194 llei
1564 5148 1831 5195 naturam.

235 5214 374 5271 lline
398 5213 602 5269 rectius
630 5228 752 5268 cum
778 5227 911 5268 mss.
939 5222 1092 5267 antea
1122 5227 1245 5279 non,
1272 5226 1574 5283 quamcum
1606 5210 1833 5281 vulgatis

234 5304 337 5342 non
358 5294 513 5340 antea
544 5283 630 5339 hic
667 5285 847 5355 legere
880 5292 984 5340 est.

307 5360 381 5427 (ι)
421 5356 563 5414 Editi
592 5372 662 5413 ex
699 5354 857 5412 unico
900 5358 1201 5427 recentiore
1225 5370 1355 5427 _ms.
1408 5354 1584 5419 tiolb.,
1632 5354 1832 5407 diem-su

236 5425 372 5485 nunc
401 5432 643 5485 sentiant.
669 5428 786 5484 Mn!
819 5427 977 5490 Batti”
1015 5426 1107 5483 Er.
1140 5436 1194 5482 et
1224 5425 1370 5496 Lips.
1405 5442 1472 5483 ex
1503 5427 1693 5481 eodem
1727 5444 1832 5479 tus.

308 5504 403 5557 iiu
448 5502 693 5575 largitore
720 5500 832 5571 ejus
862 5510 908 5553 et
936 5511 1145 5575 auctore
1185 5498 1425 5575 creando,
1454 5506 1585 5575 _etr..
1610 5496 1832 5575 filium

278 5576 470 5644 piritus
487 5570 660 5630 sducti
682 5570 945 5629 auctorem
966 5574 1035 5627 ab
1061 5570 1266 5644 Hilario
1291 5570 1467 5644 vocari
1491 5572 1691 5644 certius
1710 5583 1832 5624 mox

239 5641 301 5703 es
326 5660 601 5703 consensu
629 5644 868 5699 omnium
899 5644 1012 5699 sive
1061 5643 1381 5713 scriptorum
1421 5642 1538 5699 sive
1568 5641 1831 5696 editorum

240 5720 483 5777 codicum
513 5717 852 5773 habebimus.
884 5714 1010 5775 llaec
1037 5716 1105 5771 de
1135 5714 1369 5776 Arionis,
1408 5730 1514 5769 non
1553 5713 1620 5769 de
1664 5714 1837 5768 Mace-

241 5790 488 5847 doniauis
517 5788 624 5845 diei
650 5788 985 5844 ostendimus
1015 5787 1068 5844 iu
1095 5786 1490 5845 Admonitione.

312 5862 390 5935 (il)
430 5861 612 5935 (Mallet
657 5861 778 5935 quis
831 5858 1235 5915 substantian
1266 5858 1610 5935 diversitates
1670 5873 1689 5935 :_
1741 5857 1838 5912 sed

248 5930 397 6007 plura
422 5930 740 6006 hujusmodi
761 5940 1042 6005 troporum
1066 5931 1313 6003 exempla
1343 5930 1455 6002 jam
1486 5930 1815 5988 advertimus

1950 3391 2041 3463 qui
2070 3394 2187 3447 hinc
2210 3391 2389 3446 omnia
2411 3400 2532 3460 est,
2561 3390 2772 3448 veniam
2799 3390 3177 3461 deprecantes,
3208 3390 3549 3461 audebimus,

1949 3501 2289 3557 qumremus,
2318 3486 2604 3555 loquemur
2636 3528 2643 3537 .
2672 3494 2768 3551 et,
2794 3483 2939 3555 quod
2984 3484 3160 3539 solum
3202 3484 3259 3541 in
3290 3493 3437 3540 tanta
3465 3500 3555 3540 re-

1948 3597 2067 3637 rum
2098 3580 2395 3651 quastione
2422 3580 2807 3652 promittimus,
2829 3594 2894 3635 ea
2922 3592 3043 3651 qua
3063 3588 3224 3635 erunt
3250 3579 3550 3652 significata

1945 3674 2252 3735 credemus.

2017 3770 2075 3825 6.
2114 3768 2287 3824 Patris
2325 3769 2574 3824 notio.—-
2602 3769 2763 3825 Pater
2807 3774 2923 3833 est,
2953 3781 3023 3823 ex
3056 3779 3165 3839 quo
3200 3779 3363 3825 omne
3402 3766 3547 3837 quod

1946 3873 2030 3926 est
2058 3863 2143 3939 (7)
2174 3864 2421 3921 constitit
2449 3863 2550 3938 (ἡ).
2582 3863 2704 3937 ipse
2730 3863 2784 3921 in
2824 3860 3042 3920 Christo
3067 3870 3125 3919 et
3151 3875 3249 3934 per
3271 3858 3550 3920 Christum

2124 4007 2292 4065 Abest
2322 4016 2533 4063 tantum.

2124 4009 2292 4065 Abeat
2322 4016 2427 4063 tant

2137 4081 2427 4148 Quwretur.

2015 4153 2069 4229 (7
2126 4153 2391 4211 Consistit.

2015 4153 2099 4229 (7)
2126 4153 2391 4211 Consistit.

1942 4342 2097 4401 Unus
2123 4339 2217 4396 ille
2243 4337 2394 4393 locus
2415 4336 2643 4393 idoneus
2663 4343 2747 4391 est
2774 4335 3028 4391 evincere
3052 4345 3213 4404 quam
3239 4331 3541 4389 indubitata

1945 4414 2149 4471 llilario
2175 4411 2334 4466 fuerit
2355 4408 2531 4465 Patris
2559 4416 2615 4464 et
2644 4406 2766 4463 Filii
2804 4414 2872 4463 et
2910 4405 3144 4475 Spiritus
3190 4406 3363 4461 sancti
3406 4421 3539 4461 cou-

1944 4482 2392 4549 substantialitas,
2442 4496 2563 4536 cum
2624 4489 2811 4550 aperte
2860 4486 3077 4550 respuat
3121 4476 3541 4532 substantiarum

1943 4558 2284 4614 diversitates
2306 4556 2360 4608 in
2383 4554 2553 4607 tribus
2581 4549 2746 4607 rebus
2771 4549 3069 4606 substantia
3104 4558 3209 4602 tam
3240 4551 3543 4605 communi-

1946 4631 2066 4686 bus.
2104 4628 2255 4683 [Inde
2285 4635 2339 4680 et
2370 4625 2505 4679 infra
2534 4640 2681 4679 num.
2716 4624 2770 4689 ει,
2810 4622 2966 4677 aliter
2992 4620 3293 4676 sentientes
3330 4620 3407 4675 sic
3442 4621 3535 4675 ba-

1864 4671 1916 4732 1)
2300 4671 2561 4753 tenet-iras
2589 4695 2693 4750 luci
2723 4671 2958 4769 ιιῖιξιῑᾷιίἱ

1938 4766 2084 4840 cent,
2117 4774 2421 4837 int‘ot‘t‘ttpla
2449 4770 2717 4834 scindant,
2748 4767 2970 4840 indivisa
3002 4766 3320 4840 partiuntur:

2010 4834 2083 4919 (ei
2112 4844 2231 4919 Sic_
2245 4834 2568 4919 vetustiores
2598 4854 2727 4919 ius}.
2756 4838 2870 4893 bas.
2908 4834 3053 4901 ναι..
3085 4835 3267 4919 (Eolla,
3288 4834 3534 4919 (larunt,

1937 4908 2166 4973 οιόίΛι
2191 4914 2356 4970 Corb.
2396 4921 2450 4967 ct
2490 4913 2817 4966 recentiores
2870 4926 2992 4962 eum
3043 4908 3271 4975 vulgatis
3302 4910 3410 4971 hic,
3442 4925 3539 4977 pro

1940 4988 2202 5064 negando,
2230 4986 2487 5064 exhibent
2533 4982 2825 5064 nesciendo.
2872 4981 2987 5064 Non
3018 4980 3308 5061 obscurum
3339 4991 3423 5035 est
3452 4980 3538 5034 Fi-

1940 5052 2069 5116 Ιίιῆιι
2116 5052 2557 5131 spiritussancti
2606 5063 2882 5131 auctorem
2938 5052 3023 5105 hic
3077 5052 3282 5131 vorari,
3338 5066 3539 5120 eosque

1942 5124 2177 5206 Spiritus
2210 5130 2378 5206 sancti
2420 5144 2595 5185 usum.
2649 5127 2699 5180 id
2744 5136 2850 5206 est,
2892 5124 3224 5206 consortium
3265 5124 3534 5206 ignorare,

1941 5194 2032 5277 qui
2066 5205 2258 5277 Filium
2289 5203 2555 5277 ignorant,
2582 5214 2739 5277 aquo
2767 5199 2856 5252 ille
2876 5207 2958 5252 est
2978 5209 3041 5251 ac
3066 5197 3220 5250 nobis
3248 5194 3425 5250 datur.

2015 5277 2082 5347 (ι’)
2113 5276 2373 5347 Particulo
2397 5289 2455 5327 ac
2484 5273 2866 5347 restituitur“
2899 5282 3030 5322 mss.

2129 5345 2534 5419 llr-ecutiorms.
2558 5340 3082 5419 tiolbaglosseiuati‘s
3113 5338 3359 5406 foedatus,
3394 5347 3449 5396 et
3474 5357 3540 5395 ex

1942 5410 2183 5478 conflati.
2229 5428 2281 5473 et
2320 5415 2438 5471 ΕΜ
2467 5415 2662 5481 Quibus
2692 5410 2903 5484 sivt'artu
2937 5410 3088 5480 [urile
3116 5423 3265 5477 esset,
3300 5423 3541 5478 Cttpcrcul

1944 5494 2171 5564 perfecto
2221 5504 2539 5554 rom-crpore.
2574 5486 2805 5564 l.ips._et
2851 5486 2995 5540 Pan:
3030 5484 3227 5546 Quibus
3274 5486 3424 5564 fttt‘iiti
3468 5496 3545 5538 est

1981 5556 2168 5632 er'l’erta
2214 5575 2514 5629 ronrcrprrc
2557 5573 2575 5611 :
2617 5559 2945 5632 castigantur
3014 5568 3082 5632 es
3132 5556 3341 5632 ceteris
3400 5570 3536 5632 mss.

1989 5624 2149 5691 oi'nde
2188 5647 2285 5701 Iro
2305 5624 2632 5706 jusponerv,
2667 5624 2847 5685 habet.
2881 5627 2998 5682 Vat.
3031 5624 3147 5679 bas.
3182 5627 3351 5682 codex
3383 5627 3537 5697 ﬁnem

1943 5725 2150 5781 ponere.

2017 5781 2097 5853 th)
2120 5780 2208 5832 Sic
2232 5792 2389 5853 ιιιες.)
2422 5784 2475 5830 at
2496 5774 2645 5853 editi,
2677 5772 2925 5853 consistit.
2950 5770 3084 5853 Tum
3117 5772 3168 5853 in
3207 5779 3420 5853 vetusto
3446 5783 3538 5825 co-

1943 5842 2327 5918 dic'e'lloniig.,
2357 5847 2378 5901 Ι
2388 5866 2475 5919 pse
2498 5847 2551 5901 in
2573 5846 2773 5919 Christo
2798 5854 2843 5900 et
2864 5862 2954 5918 per
2985 5845 3257 5913 Spiritum.
3280 5842 3423 5919 l'alti
3446 5859 3541 5919 au-

1946 5938 2053 5985 tem
2103 5914 2397 5997 prepriunr
2420 5929 2504 5975 est
2541 5934 2663 5975 esse
2688 5914 2950 5989 originem
2982 5919 3244 5981 omnium.
3271 5914 3427 5985 quod,
3458 5916 3544 5971 in-
