4048 6448
508 369 578 422 55
1665 355 1906 422 SANC'l'l
1961 352 2218 412 IIILARII
2262 353 2568 413 EPISCOPI
3748 356 3815 411 Si}

508 486 660 553 origo
689 482 956 538 omnium.
980 481 1242 535 tlzcterum
1270 478 1349 550 tu)
1377 480 1494 548 ejus
1519 478 1601 549 (ι)
1627 480 1822 532 essein
1851 490 1977 533 sese
2000 483 2105 541 est,

2244 486 2338 545 pse
2364 474 2667 545 ingenitus,
2696 482 2931 529 :etcrnus
2951 516 2966 542 ,
2992 473 3197 530 habens
3228 473 3281 530 in
3317 487 3380 529 se
3413 487 3631 539 sl-mpcr
3654 471 3736 545 (ει)
3761 483 3819 528 ιιι

509 593 616 630 non
645 574 864 632 aliunde
894 573 1036 645 quod
1066 583 1149 628 est
1176 587 1419 639 sumens,
1448 570 1544 627 sed
1576 569 1629 625 id
1658 570 1802 639 quod
1824 577 1928 634 est,
1956 585 2025 625 ex
2051 583 2115 625 se

509 670 755 740 atquein
782 682 843 724 se
868 668 1139 723 obtinens.
1175 664 1444 731 lnlinitus,
1478 663 1602 733 quia
1635 679 1741 718 non
1782 663 1979 734 ipsein
2012 662 2112 717 ali-

508 778 650 834 quo,
680 762 777 818 sed
826 762 965 817 intra
1011 776 1136 816 cum
1187 760 1365 815 omnia
1398 808 1404 821 ,
1437 774 1653 828 semper
1701 768 1855 814 extra
1896 758 2072 812 locum
2096 798 2109 822 ,

508 860 633 929 quia
675 872 781 913 non
818 856 1129 912 continetur
1168 856 1277 925 (bi;
1315 868 1529 923 semper
1567 861 1694 907 ante
1737 865 1946 915 a'vum,
1987 850 2113 919 quia

511 964 722 1023 tempus
759 950 830 1005 ab
858 964 925 1004 eo
953 959 1056 1004 est.
1091 947 1261 1003 Curre
1289 961 1449 1002 sensu
1477 946 1525 999 si
1565 942 1691 1015 quid
1723 944 1772 999 ei
1802 954 1959 1013 putas
1984 940 2113 996 ulti-

510 1060 656 1099 Ittlllll
675 1058 827 1109 esse,
856 1057 979 1096 eum
1018 1055 1233 1111 semper
1268 1038 1515 1095 invenies
1543 1054 1551 1086 :
1578 1036 1703 1107 quia
1743 1051 1868 1089 cum
1894 1048 2117 1105 semper

508 1138 779 1202 intendas,
820 1150 1033 1204 setnper
1072 1144 1154 1188 est
1198 1132 1342 1204 quod
1376 1130 1644 1186 intendas
1676 1128 1906 1200 Semper
1934 1139 2113 1185 autem

511 1230 688 1283 locum
721 1230 837 1296 ejus
865 1227 1146 1281 intendere
1170 1224 1243 1280 ita
1283 1223 1379 1278 tibi
1408 1231 1513 1288 est,
1548 1231 1605 1276 ut
1630 1223 1680 1276 ei
1711 1211 1832 1276 esse
1859 1221 1979 1276 sine
2008 1222 2117 1277 line

511 1332 613 1376 est.
646 1324 838 1375 Serum
863 1320 914 1373 in
947 1333 1014 1371 eo
1040 1316 1289 1381 deficiet,
1321 1332 1427 1371 non
1456 1324 1645 1369 natura
1672 1314 1969 1369 claudetttr.
2006 1310 2113 1367 lte-

514 1432 630 1468 rum
664 1415 881 1467 retotve
913 1421 1180 1480 tempera,
1209 1424 1332 1465 esse
1358 1424 1571 1478 semper
1602 1410 1842 1463 invenies
1874 1426 1887 1462 :
1914 1414 2114 1461 etcum

513 1510 703 1563 ι’μιρυΙί
746 1522 1005 1562 numerus
1053 1507 1105 1560 in
1159 1520 1414 1561 sermone
1452 1504 1750 1567 deiecerit,
1779 1503 1887 1558 Deo
1935 1511 2115 1556 tamen

511 1616 729 1672 semper
768 1616 889 1655 esse
930 1616 1034 1653 non
1086 1598 1269 1653 deliett
1339 1596 1754 1666 Intelligentiam
1801 1608 2113 1656 commove,

512 1702 569 1748 et
594 1704 764 1747 totum
788 1705 970 1747 tuente
999 1692 1395 1760 Complectere,
1427 1690 1558 1744 tnliil
1582 1674 1760 1743 tenes.
1788 1686 1982 1742 Totum
2011 1686 2115 1741 huc

516 1788 675 1842 habet
708 1786 996 1857 reliquum,
1032 1786 1299 1855 reliquum
1328 1792 1505 1836 autem
1548 1783 1649 1837 ltoc
1676 1798 1888 1852 semper
1916 1782 1970 1836 in
2005 1792 2119 1836 toto

2216 581 2431 637 semper
2460 568 2549 623 sit.
2585 566 2698 625 Soli
2728 566 2863 623 Filio
2894 579 3051 623 notus
3078 587 3091 624 :
3116 570 3242 639 quia
3266 568 3478 624 Patrem
3497 581 3657 624 nemo
3672 569 3820 622 novit

2218 664 2319 717 nisi
2348 662 2537 729 Filius,
2560 670 2617 719 et
2631 663 2738 737 31
2755 665 2840 719 cui
2876 662 3102 720 voluerit
3141 662 3310 719 Filius
3339 663 3617 728 rerelare;
3646 678 3821 733 neque

2219 753 2417 811 Filium
2448 756 2549 811 nisi
2578 754 2740 811 Pater
2770 773 2785 810 :
2818 756 2924 811 illis
2974 758 3201 812 scientia
3236 764 3420 811 mutua
3463 764 3566 821 est,
3601 755 3711 811 illis
3739 755 3821 809 ri-

2216 848 2398 905 t-issim
2424 849 2663 920 cognitio
2693 848 2951 920 perlecta.
2979 848 3046 906 Et
3072 850 3196 921 quia
3233 848 3450 905 Patrem
3482 862 3643 904 nemo
3673 848 3825 903 novit

2217 943 2321 998 nisi
2345 941 2538 1007 Filius,
2564 941 2633 998 de
2661 942 2817 998 Patre
2842 944 2925 1012 (ι)
2960 943 3041 1015 (Ιι)
3066 958 3170 997 una
3200 956 3317 997 eum
3355 942 3629 997 revelante
3658 940 3823 1005 Filio,

2217 1035 2309 1106 qui
2338 1034 2487 1089 solus
2516 1034 2674 1090 teStis
2703 1034 2879 1090 lideiis
2902 1044 3010 1100 est,
3039 1035 3360 1091 sentiamus.

2290 1128 2342 1182 7.
2374 1127 2531 1183 Pater
2562 1126 2842 1197 itteﬁ'abilir
2870 1140 2966 1183 est.
3003 1127 3099 1184 Dei
3127 1134 3337 1185 scientia
3362 1132 3606 1202 perfecta.
3638 1158 3712 1171 -—
3734 1130 3826 1184 At-

2218 1238 2327 1293 que
2371 1224 2486 1277 haec
2531 1222 2795 1279 senserim
2828 1222 3008 1291 potius
3036 1222 3107 1279 de
3136 1222 3296 1279 Patr:
3319 1264 3333 1287 ,
3356 1237 3517 1292 quam
3546 1222 3782 1278 dixerim
3812 1242 3825 1276 :

2220 1331 2344 1372 nam
2374 1331 2462 1372 me
2488 1332 2595 1372 non
2626 1314 2706 1388 (ὃ)
2732 1315 2885 1384 fugit,
2916 1317 3060 1385 qtnnl
3087 1317 3152 1371 ad
3182 1333 3242 1371 ea
3267 1333 3388 1389 qua:
3417 1318 3537 1387 eius
3564 1324 3695 1373 sunt
3714 1317 3828 1372 elo-

2218 1411 2467 1483 qucuda,
2518 1424 2701 1466 sermo
2745 1414 2923 1467 omnis
2969 1410 3215 1465 inlirtnus
3264 1413 3353 1465 sit.
3391 1411 3458 1482 (ἱ)
3498 1410 3825 1467 Sentiendus

2221 1516 2305 1561 est
2335 1505 2640 1571 invisibilis,
2672 1504 3253 1575 incinitprebcnsihllls,
3277 1516 3535 1561 attentus.
3558 1505 3827 1561 Caeterum

2221 1599 2395 1667 ipsum
2422 1598 2567 1669 quod
2597 1598 2677 1670 (6)
2705 1598 2783 1673 (j)
2816 1600 2868 1653 in
2911 1599 3206 1669 semetipso
3233 1611 3289 1655 et
3334 1614 3361 1651 τι
3390 1598 3685 1668 semetipso
3736 1601 3827 1665 sit,

2220 1701 2277 1745 et
2306 1695 2422 1762 ipse
2450 1708 2547 1764 per
2571 1706 2633 1748 se
2661 1692 2767 1757 sit;
2794 1693 2940 1762 quod
2980 1691 3297 1761 invisibilis,
3330 1691 3411 1764 (7)
3440 1701 3495 1746 et
3524 1690 3830 1758 incompre-

2226 1785 2530 1852 hensibilis,
2556 1795 2612 1841 et
2635 1786 2713 1859 (Β)
2742 1786 3072 1843 inmortalis
3099 1804 3111 1839 :
3148 1786 3201 1842 in
3235 1785 3318 1840 his
3347 1785 3563 1857 qu’detn
3607 1785 3832 1840 horteris

516 1892 620 1937 est.
655 1881 797 1951 Ergo
835 1895 1009 1951 neque
1034 1878 1108 1951 (ε)
1138 1888 1308 1934 totum
1330 1920 1344 1944 ,
1376 1878 1462 1933 cui
1498 1877 1763 1947 reliquum
1799 1887 1913 1941 est;
1945 1892 2122 1948 neque
2152 1881 2202 1943 B
2226 1880 2501 1935 confessio
2530 1888 2613 1935 est
2633 1922 2646 1946 ,
2674 1889 2732 1936 et
2758 1894 2955 1936 sensus
2983 1878 3343 1951 significatio,
3372 1890 3427 1934 et
3452 1879 3699 1950 quaedam
3727 1882 3834 1933 etr-

519 1978 785 2045 t-eliqnnut
825 1984 910 2032 est
951 1974 1030 2045 (2)
1078 1975 1160 2044 (ιι)
1205 1971 1563 2041 omne,quod
1607 1981 1775 2024 totum
1824 1977 1929 2025 est.
1972 1967 2126 2037 ,llcli-

515 2085 682 2141 quum
722 2070 867 2123 enim
891 2110 905 2134 ,
940 2068 1118 2138 portio
1143 2075 1255 2130 est;
1283 2079 1445 2119 omne
1469 2079 1620 2129 vero,
1651 2062 1793 2134 quod
1821 2071 1991 2119 totum
2018 2073 2115 2119 est.

522 2165 664 2217 Deus
705 2172 885 2216 autem
928 2168 982 2214 et
1026 2158 1225 2228 ultique
1269 2166 1374 2222 est,
1406 2165 1459 2212 ct
1494 2166 1637 2210 totus
1666 2157 1989 2227 ubicumque
2018 2166 2124 2211 est.

520 2258 593 2311 ita
625 2255 697 2328 (c)
738 2256 1011 2327 regionem
1064 2253 1433 2324 intelligentia.-
1480 2253 1729 2316 esecdit,
1764 2260 1916 2308 extra
1965 2267 2125 2321 quem

519 2352 651 2405 nihil
677 2358 783 2415 est,
810 2360 864 2404 et
894 2349 981 2403 cui
1020 2358 1105 2403 est
1132 2361 1348 2416 semper
1374 2353 1434 2402 ut
1455 2360 1671 2415 semper
1703 2345 1793 2400 sit.
1826 2344 1954 2401 lltec
1982 2346 2123 2401 veri~

521 2457 603 2500 tas
631 2454 716 2501 est
756 2444 1081 2500 sacramenti
1120 2442 1237 2507 Dei,
1275 2442 1377 2497 hoc
1417 2440 1496 2513 (5)
1540 2440 1991 2513 imperspicabilis
2020 2456 2121 2496 na-

520 2550 654 2593 tura:
704 2552 904 2594 nomen
952 2536 1006 2591 in
1052 2536 1231 2591 Patre.
1275 2535 1417 2590 Deus
1456 2534 1777 2601 invisibilis,
1811 2533 2119 2601 inellabilis,

522 2638 767 2692 inlinitus
793 2657 801 2686 ;
827 2634 894 2689 ad
925 2648 1087 2705 quem
1127 2642 1184 2689 et
1220 2630 1586 2701 eloquendum
1614 2645 1798 2687 sermo
1846 2630 2028 2693 sileat.
2069 2639 2127 2687 et

525 2728 957 2799 investigandum
996 2740 1191 2781 sensus
1223 2724 1533 2790 hebetetur.
1564 2733 1621 2781 et
1656 2724 2125 2793 complectentium

524 2823 882 2894 intelligentia
908 2830 1203 2877 coartatur.
1234 2818 1403 2876 [labet
1428 2830 1628 2884 tamen,
1661 2828 1719 2873 ut
1742 2819 1999 2886 diximus,
2030 2836 2127 2875 na.

528 2928 663 2973 turae
684 2933 797 2972 sua:
824 2931 1021 2971 nomen
1047 2916 1099 2971 in
1123 2923 1276 2985 patre
1299 2930 1315 2970 :
1342 2913 1436 2968 sed
1466 2922 1618 2983 pater
1642 2920 1848 2968 tantum
1877 2924 1979 2968 est.
2011 2912 2128 2969 Non

528 3012 670 3067 cnim
696 3013 931 3066 humano
956 3009 1119 3065 modo
1146 3007 1309 3063 habet
1332 3006 1552 3063 aliunde
1571 3007 1715 3078 quod
1748 3018 1900 3077 pater
1927 3016 2011 3064 est
2036 3008 2128 3080 (ι’).

627 3128 678 3195 1)
710 3126 923 3181 Excidit
947 3142 1055 3180 esse

627 3130 678 3181 li
710 3130 923 3181 Excidit
947 3142 1055 3180 esse

599 3130 684 3270 ξφ.)
713 3199 789 3252 Ms
850 3197 1067 3255 Verere;
1115 3198 1200 3253 cui
1243 3205 1476 3270 et_omn_e
1500 3193 1639 3270 quod
1669 3203 1829 3270 tottnn
1872 3206 1965 3270 est.
1997 3196 2129 3252 liee-

528 3282 633 3325 tms
666 3265 770 3340 pro
815 3280 862 3324 et
900 3271 1150 3340 suppilas
1178 3280 1270 3323 est.
1306 3265 1363 3340 In
1417 3266 1728 3340 Erastuiana
1782 3268 1859 3322 sic
1898 3268 2128 3337 legitur;

533 3338 862 3412 [amenaque
893 3338 1054 3395 totum
1079 3342 1125 3395 ei
1155 3350 1248 3401 est,
1278 3339 1360 3392 cui
1386 3338 1635 3407 reliquum
1675 3348 1781 3405 est;
1806 3355 1968 3412 neque
2006 3341 2129 3394 relic

527 3432 685 3484 quum
703 3424 800 3484 est,
824 3415 908 3468 cui
938 3428 1087 3468 omne
1111 3415 1248 3479 quod
1276 3420 1367 3477 est,
1398 3420 1559 3464 totum
1584 3418 1676 3464 est.

628 3489 682 3558 5)
709 3483 1147 3558 ζιημενερέεαὲἑξςο

628 3489 682 3558 5)
709 3488 1147 3554 ιιιιμεηριι-αωιε.

600 3488 683 3631 is)
714 3555 831 3611 Una
858 3572 973 3611 cum
1011 3554 1168 3622 Filio,
1197 3552 1453 3610 revelant:
1478 3552 1639 3610 Filio.

530 3679 641 3749 quit
670 3676 997 3748 Augustinus
1026 3688 1147 3749 ser._
1172 3688 1322 3749 uxr,
1354 3688 1501 3725 num.
1531 3670 1603 3726 26
1632 3688 1655 3749 :_
1678 3672 1750 3725 Ab
1776 3672 1871 3727 illo
1897 3673 1961 3725 sit
1987 3672 2135 3744 origo

533 3744 776 3822 operum,
793 3766 828 3822 ar
852 3764 951 3817 quo
971 3756 1047 3801 est
1066 3746 1334 3822 existentiu
1360 3744 1756 3822 cooperittttiunt
1775 3760 2131 3822 personarum.

608 3822 683 3893 (ιι)
710 3823 779 3875 Ita
804 3816 910 3874 duo
941 3835 1062 3873 mss.
1100 3818 1252 3893 Colb.
1282 3816 1616 3893 totidemque
1645 3816 2133 3893 Vaticani,_t_t_eenott

538 3897 591 3950 in
616 3888 874 3964 eicerpto
911 3892 1053 3962 quod
1094 3906 1173 3964 ex
1222 3890 1323 3943 hoc
1366 3888 1486 3964 loco
1526 3889 1601 3964 _ad
1651 3890 1851 3964 calcem
1881 3888 2029 3964 _lil_tr_i
2081 3904 2133 3941 tu

533 3958 908 4021 (Ionstauitnm
930 3958 1255 4017 translatum
1295 3967 1396 4013 e~t.
1430 3962 1495 4012 At
1525 3958 1579 4012 iu
1608 3959 1836 4028 vulgatis
1861 3959 2137 4014 desidera-

535 4051 622 4093 tur
647 4041 763 4111 ejus
786 4057 804 4090 :
827 4038 1242 4111 qu_.e_vox__sola_.
1265 4034 1509 4111 sineesse
1526 4074 1542 4094 ,
1577 4040 1751 4111 exstat
1790 4034 1840 4111 in
1872 4033 2133 4111 vetustiu—

532 4101 688 4165 rdius'
709 4101 1051 4172 tttss.'Colb.,
1085 4105 1293 4175 licmig.
1315 4144 1329 4167 ,
1356 4101 1547 4167 Cori»,
1581 4102 1768 4167 Faur.,
1803 4106 1971 4169 l’rat.,
1999 4103 2134 4158 Car-

538 4190 653 4237 nut.
684 4182 747 4236 Et
784 4182 834 4234 in
886 4180 987 4234 hoc
1032 4174 1285 4247 quidem,
1312 4190 1409 4244 pro
1453 4176 1585 4247 ejus,
1618 4178 1685 4247 ait
1724 4174 1939 4244 antiqua
1974 4190 2136 4247 manu

539 4254 774 4308 secunda
806 4246 1102 4321 repositum
1130 4259 1214 4304 est
1237 4252 1280 4303 is
1308 4266 1319 4300 :
1346 4246 1566 4321 quodet
1595 4246 1719 4321 inde
1748 4247 1799 4321 in
1824 4246 2136 4321 posteriori-

539 4328 639 4381 bus
689 4342 798 4379 lttss
868 4316 1183 4394 expressum
1227 4328 1331 4377 est.
1356 4316 1477 4372 Mox
1503 4318 1556 4372 in
1588 4319 1817 4388 vulgatis
1848 4318 2134 4385 continens,

538 4414 637 4468 pro
665 4396 914 4453 obtinens.

614 4468 690 4543 (ιι)
715 4470 966 4523 Additum
1009 4469 1097 4543 est
1128 4466 1229 4543 hic
1266 4466 1320 4521 iu
1363 4459 1593 4543 vulgatis
1634 4477 1703 4517 ex
1750 4462 2138 4543 recentioribus

541 4533 680 4598 mss.
707 4542 760 4595 in
785 4543 921 4606 loco,
952 4538 1171 4609 majoris
1206 4534 1601 4608 perspicuitatis
1643 4533 1833 4605 gratia.
1866 4533 2001 4590 Tum
2032 4550 2135 4591 ms.

541 4614 657 4669 has.
688 4614 829 4666 \‘at.;
857 4613 1071 4680 Semper
1100 4623 1243 4667 extra
1269 4621 1453 4664 meum.

615 4688 689 4756 (ε)
720 4686 879 4750 Editi,
912 4678 1070 4738 totum
1118 4684 1164 4756 ei
1209 4692 1305 4747 est,
1328 4680 1431 4735 cui.
1460 4679 1829 4749 Expunximus
1856 4678 1901 4732 ei
1927 4687 2001 4731 est
2030 4692 2141 4732 tue-

542 4755 738 4812 liormn
768 4771 896 4811 mss.
927 4755 1270 4811 auctoritate.

619 4830 695 4899 (tl)
753 4828 859 4882 Bad
914 4826 1043 4881 'Cui
1087 4837 1157 4882 est
1220 4843 1369 4882 omne
1414 4826 1551 4896 quod
1602 4833 1675 4881 est
1726 4830 1885 4874 totum
1922 4830 2017 4899 est.
2048 4817 2140 4873 Er.

546 4891 693 4970 Lips;
724 4910 779 4955 et
828 4902 972 4955 Pat'.:
996 4898 1092 4953 Cui
1140 4916 1285 4953 omne
1328 4891 1465 4967 quod
1513 4906 1587 4953 est
1624 4906 1785 4970 tomin
1816 4904 1907 4944 cst.
1938 4891 2144 4970 llecett-

544 4963 710 5027 tiores
733 4987 865 5026 mss.
893 4974 973 5026 cui
996 4982 1069 5026 est
1090 4989 1237 5026 omne
1261 4963 1394 5040 quod
1420 4982 1579 5025 totum
1606 4978 1700 5024 est.
1736 4966 1927 5021 Veram
1958 4963 2142 5018 lcetio-

548 5062 670 5099 nem
702 5043 958 5099 exhibent
983 5044 1354 5113 castigatiurcs
1388 5044 1528 5096 libri.

619 5115 689 5189 (ε)
722 5115 796 5169 lia
844 5116 1085 5189 plerique
1123 5107 1420 5189 inss._cu_ut
1452 5112 1612 5175 Bad.,
1646 5110 1735 5189 Er.
1778 5116 1835 5189 et
1880 5107 2030 5189 Lips.
2072 5110 2141 5188 ᾼι

548 5180 821 5242 Ρςιιηῖρυιιι
844 5180 1073 5241 ’άυιιιῐιιε
1103 5202 1231 5241 mss.
1259 5185 1417 5241 Colb.
1443 5196 1495 5239 et
1528 5200 1634 5239 uno
1670 5180 1901 5234 Sttl'ilull.
1934 5180 2141 5248 religio-

547 5276 660 5313 nem
697 5259 1068 5327 intelligentiw.
1095 5256 1246 5313 Alius
1270 5274 1398 5315 vero
1419 5254 1576 5312 Colb.
1606 5264 1661 5310 et
1694 5253 1809 5307 Vat.
1835 5253 1950 5308 bas.
1983 5252 2141 5304 ratio-

547 5347 663 5385 nem
692 5332 1058 5403 intelligentia.

620 5404 687 5473 (Γ)
718 5393 1063 5457 Ιίειιιῦνιιιιιιδ
1092 5402 1237 5468 hinc,
1264 5402 1354 5457 sed
1379 5408 1555 5471 potens
1585 5395 1928 5474 insemetipao
1958 5393 2146 5474 habere

547 5468 684 5544 quod
712 5485 855 5544 pater
892 5485 964 5527 est
995 5492 1013 5527 :
1044 5474 1186 5543 quod
1231 5488 1336 5528 non
1378 5468 1555 5544 exstat
1599 5468 1714 5544 nisi
1741 5468 1794 5523 in
1834 5468 2141 5544 perpaucis,

549 5537 722 5614 iisque
760 5546 955 5599 inlitum
994 5537 1171 5601 {litatis
1211 5558 1341 5600 mss.
1393 5542 1583 5608 Porro,
1614 5542 1659 5597 si
1688 5538 1840 5614 Abctte
1880 5537 2142 5614 sapimus,

551 5608 705 5673 ναίει
750 5631 981 5672 sciemus
1025 5617 1112 5672 hic
1159 5616 1479 5687 priedicatur
1527 5628 1642 5687 non
1685 5611 1884 5687 habere
1926 5608 2144 5666 aliunde

551 5704 659 5758 quo
687 5690 777 5750 sit.
800 5699 853 5743 et
881 5690 1098 5744 aliunde
1125 5683 1232 5757 quo
1261 5697 1413 5759 pater
1434 5690 1524 5749 sit,
1551 5684 1647 5741 sed
1668 5683 1883 5759 eoipso
1909 5696 2019 5759 quo
2051 5697 2145 5750 pa-

553 5752 633 5812 t'er
679 5772 762 5813 est
807 5762 857 5813 iit
908 5772 1093 5814 natura
1124 5752 1217 5814 sua
1257 5752 1541 5823 constitui;
1575 5755 1906 5826 proindeque
1951 5752 2146 5808 abesse

551 5834 619 5884 ab
649 5830 921 5885 hominum
951 5848 1122 5903 more,
1154 5833 1242 5903 qui
1272 5848 1381 5889 non
1413 5832 1544 5884 liuut
1567 5840 1744 5899 patres
1773 5825 1954 5882 statim
1983 5831 2146 5895 atque

553 5904 951 5959 Hnmitnuntur
980 5902 1249 5961 homines.

2158 3125 2206 3188 C

2166 4636 2221 4697 D

2226 1975 2579 2045 cumscriptio
2616 1972 2893 2047 opinandi,
2923 1972 3018 2028 sed
3049 1982 3258 2029 natura:
3297 1988 3479 2028 sermo
3509 1972 3831 2037 succumbit,

2227 2076 2282 2123 et
2326 2083 2441 2122 rctn
2484 2077 2538 2121 ut
2569 2078 2652 2122 est
2682 2067 2845 2122 verba
2872 2082 2980 2122 non
3010 2066 3305 2138 explicant.
3336 2064 3580 2136 Namque
3605 2066 3748 2135 quod
3780 2065 3834 2119 iu

2229 2164 2525 2226 semetipso
2568 2164 2637 2217 sit
2680 2176 2813 2241 cum.
2842 2161 3071 2226 audias,
3116 2160 3199 2235 (8)
3237 2161 3301 2232 (ι)
3341 2161 3536 2216 rationi
3584 2160 3836 2213 humana:

2230 2256 2502 2313 absolutio
2527 2270 2636 2311 non
2660 2256 2940 2321 occurrit;
2973 2254 3173 2311 habere
3199 2257 3343 2310 enim
3385 2254 3681 2323 haberique
3725 2252 3837 2308 dis-

2233 2349 2497 2417 cernitur,
2551 2360 2609 2407 et
2648 2350 2755 2406 erit
2801 2350 3032 2407 alterum
3062 2350 3206 2421 quod
3235 2358 3342 2417 est,
3372 2350 3603 2405 alterum
3642 2349 3699 2404 in
3728 2366 3837 2418 quo

2229 2455 2332 2501 est.
2360 2445 2417 2502 Si
2443 2457 2659 2502 rursum
2681 2444 2829 2517 quod
2851 2458 2882 2499 a
2896 2446 3192 2516 semetipso
3208 2443 3278 2499 sit
3304 2442 3577 2515 accipias;
3611 2442 3711 2516 (ut)
3741 2458 3835 2497 nc-

2232 2555 2324 2597 mo
2345 2540 2447 2598 sibi
2476 2544 2595 2612 ipse
2620 2551 2677 2597 et
2705 2548 3023 2597 muneratur
3048 2550 3105 2597 et
3127 2556 3323 2595 munus
3345 2548 3451 2596 est.
3476 2537 3533 2595 Si
3561 2539 3704 2611 quod
3736 2541 3834 2594 itit-

2232 2634 2477 2690 mortalis
2500 2644 2619 2700 est;
2646 2648 2778 2705 ergo
2797 2645 2880 2690 est
2900 2632 3105 2705 aliquid
3130 2648 3238 2689 non
3264 2634 3338 2689 ab
3356 2646 3446 2699 eo,
3477 2630 3557 2704 (ιι)
3580 2633 3669 2688 cui
3700 2633 3837 2689 alter

2233 2743 2346 2785 non
2370 2726 2462 2784 fiat
2485 2728 2755 2784 obnoxius
2784 2772 2791 2781 .
2819 2743 2920 2784 nec
2944 2729 3121 2783 solum
3151 2727 3202 2782 id
3232 2737 3335 2793 est,
3376 2726 3519 2799 quod
3548 2740 3643 2794 per
3665 2741 3840 2782 enun-

2232 2824 2511 2880 tiationem
2540 2824 2689 2880 verbi
2721 2825 2880 2893 hujus
2927 2823 3229 2879 vindicatur
3267 2824 3336 2877 ab
3373 2823 3570 2879 altero.
3603 2823 3660 2879 Si
3692 2823 3837 2894 quod

2233 2917 2799 2987 incomprehensibilis
2819 2926 2901 2972 est
2927 2934 2940 2969 :
2966 2932 3228 2986 nusquam
3250 2930 3384 2987 ergo
3412 2915 3537 2981 erit,
3569 2916 3717 2985 quod
3744 2932 3837 2972 nc-

2231 3022 2389 3083 gatur
2418 3011 2631 3081 attingi.
2659 3013 2717 3068 Si
2764 3010 2910 3083 quod
2959 3009 3246 3067 invisibilis
3286 3019 3405 3077 est,
3438 3017 3585 3065 caret
3615 3023 3675 3064 se
3718 3010 3837 3081 ipso

2310 3127 2392 3201 (5)
2420 3129 2511 3183 Sic
2541 3143 2645 3201 ονε
2689 3127 2857 3184 nosui
2894 3128 3098 3185 codicis
3134 3129 3484 3184 restituitnus.
3513 3125 3644 3183 Nam
3675 3138 3832 3185 antea

2235 3199 2513 3273 legebatur
2542 3219 2553 3251 :
2584 3199 2818 3273 Fugerit.

2333 3271 2387 3333 6)
2412 3270 2468 3327 In
2501 3269 2687 3329 nostro
2716 3274 2853 3329 ltliro
2878 3288 2984 3328 non
3008 3280 3189 3327 exstat
3219 3292 3225 3321 :
3254 3269 3320 3326 Itt
3346 3273 3617 3343 semetipso
3643 3282 3711 3329 et.

2334 3343 2391 3416 7)
2426 3344 2655 3401 Additur
2692 3356 2787 3400 est.
2842 3345 2961 3399 Mox
3028 3343 3221 3415 leget-is
3264 3355 3485 3400 amntis
3537 3359 3661 3402 cum
3722 3346 3844 3401 aliis

2235 3418 2391 3481 mss,
2427 3434 2533 3470 non
2560 3418 2888 3471 immortalis.

2307 3490 2386 3561 (8)
2412 3487 2567 3543 Ratio
2596 3490 2836 3543 humana
2868 3484 3209 3547 absolutionis
3230 3491 3478 3544 occurrit.

2314 3671 2394 3743 (ῃ)
2425 3668 2589 3735 Editi,
2618 3680 2675 3724 ut
2716 3679 2865 3740 pater
2905 3683 3104 3736 seniper
3131 3668 3199 3721 sit
3223 3682 3242 3720 :
3263 3666 3660 3738 refragantibus
3707 3684 3837 3724 mss.

2242 3740 2425 3796 Netiue
2453 3742 2559 3796 iam
2591 3742 2750 3796 Pater
2775 3750 2831 3796 ιιι
2856 3752 3009 3796 uatcr
3037 3748 3335 3796 spectatur.
3369 3742 3464 3795 sed
3497 3750 3553 3794 ut
3580 3751 3837 3796 asternus.

2289 3742 2425 3811 eque
2446 3742 2559 3811 jam
2591 3742 2750 3797 Pater
2775 3750 2831 3797 ut
2856 3752 3009 3810 pater
3037 3748 3335 3809 spectatur,
3369 3742 3464 3795 sed
3497 3750 3553 3794 ut
3580 3751 3843 3798 asternus.

2316 3836 2397 3907 (It)
2426 3834 2585 3900 Bad.,
2619 3833 2818 3907 Er._ac
2845 3835 3136 3907 deterioris
3180 3846 3327 3907 nunc
3385 3850 3544 3900 utsin,
3584 3851 3689 3888 una
3722 3852 3845 3907 eunt

2248 3904 2386 3962 Filio
2427 3909 2680 3961 ructante
2709 3904 2891 3971 Filio;
2917 3906 3059 3978 quod
3087 3914 3143 3961 et
3176 3906 3228 3961 in
3262 3913 3529 3974 postrema
3556 3908 3687 3962 edit.
3718 3906 3843 3963 Par.

2247 3983 2386 4033 maio.
2422 3982 2727 4033 restitutum
2756 3989 2893 4033 crat.
2935 3979 3045 4032 lloe
3088 3978 3231 4032 enim
3278 3978 3381 4031 sibi
3413 3980 3700 4034 vultznon
3737 3980 3842 4034 alia

2242 4053 2310 4180 ;le
2337 4052 2513 4134 .Patrc
2557 4052 2874 4115 sentiamus,
2900 4066 3061 4120 quam
3104 4066 3223 4121 qua:
3256 4048 3426 4105 Filius
3472 4050 3541 4106 de
3583 4064 3653 4107 eo
3682 4065 3842 4108 reve-

2266 4135 2396 4178 :t\’ll.

2284 4218 2377 4299 ‘(i)
2413 4217 2521 4272 Pro
2543 4217 2843 4272 sentientltts
2869 4226 2967 4283 est,
2994 4215 3157 4271 habet
3187 4231 3290 4271 ius.
3322 4214 3445 4271 Vat.
3482 4214 3627 4285 bas.,
3651 4219 3715 4273 de
3742 4236 3842 4291 quo

2244 4291 2435 4343 dictum
2462 4300 2555 4343 est.

2279 4302 2435 4344 ictum
2462 4300 2555 4344 est.

2246 4458 2259 4471 .
2316 4385 2391 4461 (j)
2427 4386 2629 4441 Omnes
2669 4400 2798 4441 mss.
2845 4400 2955 4440 uno
2998 4393 3228 4455 excepto
3271 4382 3525 4443 omittunt
3565 4384 3620 4440 in
3663 4397 3847 4440 scrin-t-

2240 4476 2375 4528 ipso.

2316 4541 2396 4611 (ι)
2426 4538 2484 4594 ιιι
2508 4554 2668 4603 tuss.,
2695 4547 2941 4594 ciemus.

2317 4632 2389 4701 (Ι)
2421 4632 2543 4686 Par.
2586 4646 2710 4685 cum
2736 4630 2973 4701 antiquis
2999 4627 3173 4696 libris,
3208 4629 3397 4701 retinui
3420 4626 3664 4683 Immone
3691 4628 3845 4684 abso-

2249 4698 2457 4758 lutionis
2485 4704 2726 4758 occurrit.
2767 4700 2823 4754 ln
2852 4716 2981 4763 mss.
3015 4710 3192 4756 tamen
3219 4698 3442 4755 Carnut.
3466 4708 3523 4755 ct
3553 4701 3720 4755 Curii.
3752 4717 3852 4771 pro

2248 4776 2436 4831 rationi
2482 4774 2863 4845 superscripsit
2910 4772 3147 4828 secunda
3196 4787 3422 4836 manus,
3466 4773 3601 4825 ratio
3638 4789 3655 4825 ﬁ
3684 4788 3847 4844 quam

2251 4848 2537 4901 lectionem
2584 4848 2636 4899 ιιι
2685 4845 3075 4915 posterioribus
3124 4858 3254 4898 mss.
3302 4845 3628 4914 exscriptant
3676 4846 3848 4900 secuti

2249 4927 2374 4972 sunt
2416 4917 2570 4988 liud,
2616 4918 2706 4972 Er.
2746 4930 2797 4969 et
2844 4916 2989 4988 Lips.
3040 4917 3407 4988 Emendantnr
3436 4931 3503 4988 ex
3538 4925 3849 4985 pervetustn

2246 4991 2434 5045 Codice
2462 4986 2581 5044 Val.
2612 4990 2726 5043 bas.
2774 4986 2940 5042 Porro
2974 4988 3227 5042 absolutio
3274 4986 3360 5054 hic
3404 4987 3547 5042 idem
3589 4989 3848 5059 estquod

2246 5062 2548 5117 enuntiatio
2572 5062 2721 5115 omni
2746 5061 3096 5131 ambiguitate
3124 5058 3366 5115 absoluta
3383 5101 3399 5125 ,
3425 5074 3547 5128 quin
3572 5060 3649 5115 rei
3683 5058 3845 5115 uatu-

2244 5149 2360 5190 rain
2383 5134 2530 5188 clare
2556 5147 2621 5188 ac
2645 5132 2901 5186 distincte
2926 5132 3216 5202 exprimat.

2316 5226 2413 5299 (ut)
2441 5224 2495 5299 id
2527 5233 2642 5299 est,
2668 5224 2881 5299 videtur
2906 5239 3230 5295 repugnare,
3257 5232 3317 5278 ut
3362 5222 3593 5293 idipsum
3618 5223 3721 5281 sibi
3752 5226 3847 5285 det

2243 5296 2401 5360 esse.
2419 5296 2575 5352 simul
2604 5307 2659 5352 et
2685 5296 2933 5367 accipiat.

2317 5389 2397 5458 (tt)
2428 5387 2482 5445 in
2514 5405 2614 5443 nis.
2650 5388 2762 5443 bas.
2801 5387 2917 5443 Vat.
2943 5428 2960 5454 ,
2986 5400 3106 5441 ante
3152 5404 3249 5456 pro
3281 5390 3428 5443 alter.
3463 5388 3521 5446 ln
3551 5394 3845 5449 vetustiore

2245 5463 2400 5517 Colb.
2425 5472 2476 5516 et
2507 5460 2691 5516 Germ.
2715 5477 2754 5532 ra,
2780 5470 2848 5515 te.
2882 5458 3162 5516 Nallemus
3189 5476 3221 5514 tt
3248 5479 3301 5515 se
3325 5477 3344 5515 :
3375 5463 3497 5532 quia
3523 5463 3641 5518 scil.
3678 5466 3846 5519 vet-hu

2248 5532 2552 5589 immortalis
2586 5531 2921 5603 signiﬁcatur
2956 5546 3103 5600 mors
3130 5543 3381 5597 tanquam
3398 5531 3606 5604 aliquid
3633 5540 3716 5590 cui
3751 5536 3851 5592 Pa-

2248 5614 2329 5661 ter
2352 5621 2417 5661 ex
2446 5614 2634 5677 natura
2660 5619 2755 5659 sua
2783 5621 2889 5658 non
2914 5606 2983 5658 sit
3006 5605 3278 5677 obnoxius
3298 5621 3310 5658 :
3334 5608 3664 5677 proindeque
3690 5610 3735 5662 si
3759 5624 3846 5663 so-

2249 5682 2357 5731 lum
2389 5675 2533 5731 vocis
2562 5693 2752 5731 sonum
2776 5688 3008 5745 spectas,
3033 5688 3226 5744 ptxeter
3255 5675 3467 5731 Patrem
3490 5675 3701 5733 videtur
3725 5698 3847 5736 esse

2250 5750 2361 5817 ipsa
2390 5764 2534 5801 tnms
2560 5768 2588 5798 ιι
2615 5765 2716 5817 qua
2746 5749 2835 5801 ille
2866 5748 3193 5813 vindicatur;
3225 5766 3320 5816 pro
3344 5765 3451 5817 quo
3474 5750 3637 5803 verbo
3660 5752 3714 5805 ιιι
3737 5768 3837 5807 ttts.

2249 5823 2363 5874 has.
2401 5819 2517 5873 Vat.
2550 5830 2657 5893 est,
2694 5820 2947 5893 vitientur,
2978 5832 3032 5875 et
3057 5820 3109 5873 in
3143 5822 3433 5893 vetustiore
3462 5819 3670 5893 Remig.
3703 5823 3843 5877 imi:-

2248 5904 2393 5947 t‘tttnr
2422 5896 2485 5945 de
2512 5892 2697 5946 altera.
2728 5890 3026 5947 Retinenda
3058 5891 3217 5945 lectio
3245 5894 3475 5959 vulgata.
