4048 6436
252 400 314 455 ιιι
1496 392 1581 447 DF.
1621 388 1995 450 TRINITA'I‘E
2035 388 2241 445 LIBER
2282 392 2346 448 ll.
3487 388 3554 446 (ἱῖ

256 522 525 591 erigamus
556 519 611 573 in
629 527 847 573 canora.
882 514 999 569 Ait:
1031 510 1098 567 Et
1134 511 1351 566 Verbum
1384 518 1493 565 erat
1519 510 1660 578 apud
1684 482 1849 562 Deum
1878 513 1931 574 Α
2030 508 2117 563 16.
2155 507 2265 563 Nec
2314 509 2455 564 tradit
2487 510 2738 563 unitatem
2758 504 2875 563 Dei.
2897 537 2964 548 -—-
2988 506 3093 562 Sed
3127 504 3333 575 trepido
3365 505 3415 557 in
3451 504 3557 555 die.-

258 612 451 682 (Jaan.
496 627 535 678 ι,
580 610 678 680 ι).
707 608 823 665 lam
855 608 973 662 sine
1021 605 1286 676 principio
1338 612 1423 659 est
1468 601 1610 674 apud
1661 599 1856 668 Deum,

252 704 397 775 quod
423 712 544 760 erat
595 712 719 758 ante
758 700 1102 773 principium.
1153 698 1252 755 Est
1291 712 1421 768 ergo
1463 692 1542 768 (α)
1589 694 1678 767 qui
1717 704 1857 761 erat,

254 800 394 872 apud
448 795 669 853 Deum:
711 808 766 853 et
802 798 893 868 qui
946 795 1100 851 abest
1150 809 1179 848 a
1224 789 1548 865 cognitionis
1594 797 1856 860 tempore.

255 908 363 949 non
390 892 545 949 abest
569 892 640 946 ab
668 898 907 969 auctore.
965 887 1207 946 Piscator
1252 895 1438 944 noster
1486 884 1658 941 evasit
1704 902 1716 940 :
1762 884 1858 940 scd

253 987 393 1043 forte
432 986 659 1042 haerebit
698 986 750 1041 in
779 983 1015 1041 caeteris.
1079 996 1085 1000 ·

330 1080 419 1137 l5.
470 1082 550 1137 Αιι
599 1081 667 1137 sit
721 1096 877 1137 sonus
939 1079 1079 1135 vocis
1124 1080 1281 1149 juxta
1329 1074 1632 1131 Hebionent.
1711 1070 1869 1129 Votis

255 1192 386 1232 sono
410 1192 517 1232 non
545 1178 781 1249 congruit
833 1182 969 1231 erat.
1010 1172 1228 1230 Verbum
1255 1171 1399 1228 Deus
1446 1181 1540 1227 est.
1570 1200 1642 1212 --
1672 1166 1750 1242 (l)
1781 1167 1869 1223 Di-

264 1287 360 1329 ces
407 1273 553 1328 enim
614 1290 628 1326 :
677 1271 915 1328 Verbum
957 1282 1124 1326 sonus
1152 1268 1304 1325 vocis
1346 1276 1450 1331 est,
1490 1274 1545 1322 et
1572 1264 1869 1322 enuntiatio

255 1368 634 1445 negotiorum,
682 1375 740 1422 et
788 1364 1023 1421 elocutio
1090 1361 1497 1435 cogitationum.
1554 1360 1667 1417 Hoc
1720 1357 1860 1430 apud

258 1460 428 1517 Deum
479 1467 617 1523 erat,
646 1469 702 1516 et
732 1458 789 1514 in
818 1456 1084 1530 principio
1131 1464 1248 1512 erat
1292 1472 1305 1509 :
1365 1456 1490 1525 quia
1541 1468 1723 1509 sermo
1770 1467 1862 1508 co-

254 1548 535 1627 gitationis
554 1560 789 1609 attentus
827 1559 1074 1618 est,rutn
1098 1532 1190 1621 qui
1233 1547 1434 1620 cogitat
1484 1546 1557 1603 sit
1606 1555 1864 1603 aeternus.

262 1646 343 1718 (2)
373 1643 696 1715 Responch
734 1643 831 1699 tibi
859 1643 1076 1700 interim
1100 1655 1199 1713 pro
1224 1641 1491 1714 piscatore
1518 1654 1640 1695 meo
1660 1640 1867 1709 paucis.

257 1738 386 1794 dum
415 1738 725 1795 videbimus
750 1737 1021 1808 quomodo
1055 1737 1412 1790 rusticitatem
1442 1749 1594 1790 suam
1623 1736 1741 1803 ipse
1768 1732 1862 1789 de-

260 1832 464 1889 fendat.
493 1834 690 1889 Sermo
719 1832 771 1887 in
800 1840 991 1887 natura
1016 1830 1176 1884 habet
1197 1838 1390 1885 utesse
1414 1830 1604 1900 possit,
1629 1842 1863 1898 sapiens

1964 609 2039 670 to,
2074 610 2130 657 et
2172 617 2258 659 me
2296 603 2533 659 insolens
2587 618 2769 658 sermo
2822 612 3148 657 commovet.
3216 598 3434 653 Audin:
3492 595 3558 651 lit

1966 695 2106 753 Deus
2149 707 2259 752 erat
2304 696 2546 763 Verbum,
2588 697 2667 769 (ά)
2703 698 2791 753 ειιί
2836 710 3002 749 ttnum
3060 695 3225 748 Deum
3282 692 3558 763 prophetat:

1964 791 2362 846 nuntiaverunt.
2413 791 2517 846 Sed
2576 806 2642 845 ne
2709 805 2815 860 quo
2871 789 3009 845 ultra
3082 786 3366 857 trepidatio
3432 800 3553 841 mea

1964 886 2214 958 progredi
2238 886 2427 956 possit,
2445 884 2611 941 redde
2631 884 2960 941 sacramenti
2983 884 3114 938 tanti
3139 883 3372 953 piscator
3399 895 3554 936 meus

1964 981 2446 1052 dispensationem,
2475 989 2532 1037 et
2562 979 2705 1036 refer
2725 980 2791 1035 ad
2840 995 3003 1035 unum
3034 979 3213 1033 omnia
3264 978 3380 1031 sine
3429 991 3559 1031 con-

1969 1076 2206 1141 tumelia,
2234 1074 2351 1131 sine
2378 1074 2688 1140 abolitione,
2724 1074 2839 1129 sine
2865 1083 3130 1143 tempore.
3164 1074 3249 1126 Ait
3274 1089 3288 1126 :
3311 1069 3422 1125 Hoc
3446 1081 3561 1125 erat

1965 1171 2017 1224 in
2036 1170 2289 1242 principio
2309 1168 2449 1239 apud
2472 1166 2655 1223 Deum.
2680 1166 2811 1222 Cum
2840 1168 3057 1221 ltocerat
3083 1166 3134 1219 in
3154 1164 3429 1235 principio,
3453 1179 3559 1217 non

1965 1264 2257 1319 teueturin
2288 1272 2561 1333 tempore;
2591 1277 2715 1317 cum
2742 1260 2883 1316 Dens
2926 1268 3030 1327 est,
3073 1274 3178 1314 non
3224 1256 3460 1313 refertur
3492 1257 3558 1311 ad

1967 1373 2193 1425 vocem;
2221 1373 2342 1414 cum
2375 1367 2454 1413 est
2479 1356 2619 1427 apud
2644 1354 2809 1412 Deum
2831 1357 2903 1425 (ε)
2934 1355 3068 1410 nihil
3110 1369 3208 1409 nec
3238 1352 3549 1430 nll’enditur,

1969 1470 2071 1513 nec
2094 1455 2365 1511 aufertur:
2396 1470 2520 1509 nam
2554 1468 2655 1510 nec
2697 1451 2947 1509 aboletur
2982 1452 3036 1505 in
3073 1450 3301 1505 alterum
3332 1454 3388 1503 et
3422 1447 3561 1517 apud

1971 1565 2134 1605 unum
2161 1548 2458 1621 ingenitum
2500 1548 2699 1615 Deum,
2730 1560 2797 1603 ex
2841 1561 2951 1616 quo
2978 1545 3093 1617 ipse
3137 1558 3275 1599 unus
3323 1541 3566 1613 unigeni-

1970 1653 2054 1701 tus
2104 1643 2244 1701 Deus
2272 1653 2374 1709 est,
2418 1642 2758 1714 przedicatur.
3022 1628 3029 1637 κ

2044 1740 2131 1796 l7.
2160 1737 2382 1811 Tempus
2428 1736 2492 1792 ab
2527 1750 2584 1791 eo
2613 1744 2705 1799 est,
2750 1745 2951 1804 tempus
2976 1732 3564 1803 quitl.-—Expcctatntts

1969 1834 2143 1890 adhuc
2164 1850 2193 1887 a
2218 1845 2289 1896 te.
2315 1833 2568 1903 piscator,
2588 1828 2974 1900 plenitudinem
2993 1826 3175 1882 Verbi.
3207 1826 3564 1897 Eratqnidem

256 1938 437 1981 autem
459 1926 511 1980 ei
533 1934 617 1981 est
641 1933 699 1980 ut
720 1922 883 1980 fuerit
905 1941 920 1990 ;
946 1933 1029 1980 est
1049 1933 1435 1979 vero.tantum
1471 1936 1595 1978 cuin
1620 1920 1855 1978 auditur.
1888 1915 1935 1976 Β
1965 1932 2017 1985 in
2058 1928 2342 2001 principio,
2374 1925 2467 1981 sed
2515 1925 2689 1996 potuit
2714 1938 2822 1979 non
2877 1936 2998 1978 esse
3047 1930 3169 1975 ante
3220 1919 3564 1990 principium.

260 2019 330 2076 Et
358 2018 635 2091 quomodo
672 2020 727 2075 in
753 2018 1005 2090 principio
1035 2029 1164 2084 erat,
1190 2015 1334 2087 quod
1365 2029 1541 2085 neque
1561 2024 1687 2071 ante
1722 2024 1859 2071 tetu.

258 2128 382 2184 pus,
411 2127 586 2183 neque
626 2120 748 2181 post
789 2120 1003 2180 tempus
1053 2108 1180 2165 est?
1206 2108 1273 2164 Et
1298 2107 1484 2165 nescio
1521 2124 1589 2161 an
1618 2108 1702 2163 vel
1742 2106 1859 2177 ipso

257 2220 385 2262 esse
416 2206 588 2277 possit
608 2206 662 2261 in
684 2213 972 2276 tempore:
1004 2203 1339 2274 loquentium
1369 2203 1512 2257 enim
1551 2196 1737 2259 sermo
1766 2217 1861 2254 nr:-

257 2312 369 2370 que
393 2306 477 2355 est
518 2306 648 2353 ante
692 2312 853 2370 quam
906 2297 1213 2367 loquantur,
1261 2305 1315 2351 et
1360 2310 1484 2351 cum
1512 2295 1677 2351 locuti
1701 2302 1862 2351 erunt

260 2407 369 2457 non
404 2394 545 2458 erit;
578 2393 633 2449 in
660 2405 730 2448 eo
754 2402 933 2448 autem
958 2391 1075 2462 ipso
1097 2389 1207 2462 3o
1229 2387 1373 2460 quod
1395 2388 1705 2459 loquuntur,
1732 2387 1859 2442 dum

261 2488 476 2555 finiunt,
503 2488 614 2558 jam
646 2502 753 2543 non
777 2486 885 2541 erit
914 2486 965 2541 id
1005 2484 1148 2540 unde
1175 2492 1479 2554 coeperunt.
1531 2481 1657 2538 llaec
1688 2498 1715 2536 a
1744 2496 1856 2548 me,

261 2592 319 2636 ut
365 2581 435 2635 ab
462 2596 569 2635 uno
596 2596 663 2636 ex
686 2579 920 2635 ceteris.
943 2575 1051 2636 Sed
1081 2578 1321 2649 piscator
1341 2560 1507 2630 ‘aliter
1534 2590 1631 2646 pro
1660 2591 1719 2631 se
1744 2592 1758 2630 :
1796 2584 1852 2631 ct

260 2675 567 2747 objurgabit
608 2682 661 2730 te
689 2674 855 2744 prius,
887 2662 986 2728 cur
1032 2671 1365 2742 negligenter
1409 2670 1668 2726 audieris.
1727 2668 1861 2726 Nam

257 2772 363 2829 etsi
400 2768 724 2827 sententiam
754 2767 981 2839 primam
1023 2766 1173 2821 rudis
1218 2764 1434 2821 auditor
1462 2764 1760 2821 amiseras:
1796 2763 1863 2820 In

259 2863 517 2936 principio
547 2871 656 2917 erat
713 2859 935 2915 Verbum
960 2902 974 2926 ,
1026 2858 1097 2914 de
1134 2858 1383 2930 sequenti
1424 2857 1551 2928 quid
1588 2856 1859 2927 quereris,

259 2959 330 3015 Et
368 2958 589 3015 Verbum
618 2966 725 3012 erat
753 2956 893 3028 apud
918 2954 1122 3009 Deum?
1173 2951 1444 3026 Numquid
1494 2951 1765 3016 audieras.
1802 2949 1863 3007 in

266 3052 380 3108 Deo
429 3054 508 3122 (et
549 3067 660 3106 non
705 3049 847 3120 apud
897 3046 1197 3116 Desint),ut
1222 3060 1527 3103 sermonem
1569 3045 1864 3102 recondita:

257 3146 603 3218 cogitationis
633 3144 907 3213 acciperes
944 3142 969 3195 ἲ
996 3150 1089 3195 aut
1115 3138 1383 3196 fefellerat
1421 3140 1705 3204 rusticum,
1730 3138 1860 3210 quid

256 3250 407 3298 esset
460 3237 650 3309 (3)(b)
709 3238 850 3293 inter
912 3236 1093 3293 inesse
1130 3241 1187 3290 et
1234 3234 1425 3290 adesse
1465 3233 1762 3290 momenti?
1799 3233 1855 3289 id

1964 2025 2140 2081 Etiam
2180 2022 2267 2079 hic
2300 2022 2393 2076 tibi
2422 2019 2620 2091 aliquid
2655 2034 2752 2090 pro
2804 2020 3073 2089 piscatore
3126 2030 3247 2068 meo
3294 2014 3510 2083 profero
3540 2028 3554 2066 ι

1961 2116 2114 2188 Quod
2144 2125 2282 2185 erat,
2309 2130 2415 2170 non
2444 2113 2618 2184 potuit
2672 2125 2780 2168 non
2833 2110 3046 2175 fuisse;
3097 2120 3205 2162 erat
3258 2107 3405 2161 cnim
3460 2120 3567 2160 non

1966 2209 2128 2265 habet
2153 2209 2205 2263 in
2250 2216 2494 2277 tempore
2546 2221 2651 2260 non
2698 2204 2885 2261 fuisse.
2914 2202 3023 2258 Sed
3055 2201 3183 2273 quid
3213 2214 3309 2270 pro
3340 2214 3399 2253 se
3430 2198 3522 2253 ille
3543 2200 3567 2251 Ἰ

1966 2306 2153 2362 Omnia
2184 2322 2273 2375 per
2301 2320 2415 2358 eum
2460 2304 2596 2374 {acta
2616 2311 2733 2359 sunt
2766 2298 2954 2376 (Ibid,
2982 2300 3015 2351 π
3044 2298 3083 2367 ).
3146 2298 3288 2366 l-ngo
3316 2294 3397 2367 (4)
3425 2294 3493 2366 (Γ)
3522 2294 3566 2349 si

1964 2398 2102 2455 ttihil
2127 2397 2247 2453 sine
2277 2396 2369 2452 illo
2414 2404 2538 2461 est;
2582 2410 2678 2465 per
2706 2409 2866 2464 quem
2922 2392 3173 2446 universa
3231 2388 3334 2460 37
3390 2402 3570 2457 etape-

1964 2500 2131 2560 runt',
2164 2500 2220 2550 et
2248 2491 2301 2546 in
2320 2489 2588 2545 inlinitum
2608 2497 2710 2551 est.
2740 2503 2833 2561 per
2852 2501 3013 2557 quem
3044 2482 3185 2556 quod
3213 2493 3470 2537 cslmttnc
3498 2480 3571 2546 sit

1965 2589 2185 2644 factum.
2221 2584 2299 2661 (9)
2323 2584 2559 2655 Tempus
2582 2582 2726 2637 enim
2753 2590 2835 2638 est
2860 2578 3041 2649 spatii,
3072 2592 3177 2631 non
3210 2576 3263 2631 iu
3294 2576 3446 2637 loco,
3469 2573 3564 2629 sed

1966 2682 2020 2738 in
2051 2689 2208 2737 aetate
2225 2678 2495 2734 manentis
2517 2674 2815 2748 signiﬁcata
2841 2671 3161 2729 moderatio.
3196 2671 3401 2724 Etcum
3422 2668 3488 2724 ab
3503 2684 3569 2724 eo

1965 2774 2165 2840 omnia,
2186 2786 2275 2829 res
2293 2771 2436 2827 nulla
2450 2780 2556 2825 neu
2574 2770 2642 2825 ab
2661 2783 2726 2824 eo
2751 2786 2764 2821 :
2784 2754 2837 2823 et
2856 2766 3058 2823 idcirco
3076 2776 3285 2835 tempus
3305 2763 3451 2818 abeo
3464 2771 3566 2817 est.

2039 2868 2131 2925 18.
2161 2865 2385 2922 Verbum
2412 2881 2512 2920 non
2535 2874 2608 2919 est
2632 2859 3124 2919 solitarium—Sed
3155 2859 3353 2915 dicitur
3379 2858 3472 2913 tibi
3501 2858 3571 2912 ab

1967 2961 2172 3032 aliquo.
2207 2960 2444 3031 piscator
2473 2974 2627 3015 meus
2646 2975 2662 3015 :
2684 2956 2919 3014 Nimium
2949 2956 3126 3011 facilis
3154 2966 3206 3011 et
3228 2954 3571 3027 promiscuus

1966 3055 2054 3110 bic
2079 3053 2247 3120 fuisti;
2281 3053 2455 3108 omnia
2469 3068 2557 3123 per
2572 3067 2685 3106 eum
2708 3054 2847 3123 facta
2860 3060 2982 3104 sunt
3010 3064 3115 3105 non
3146 3048 3309 3103 habet
3327 3047 3567 3103 modum.

1966 3149 2063 3206 Est
2091 3148 2381 3221 ingenitus,
2410 3146 2503 3217 qui
2556 3146 2728 3203 lactus
2768 3160 2800 3199 a
2833 3145 3050 3199 nemine
3090 3152 3174 3198 est
3200 3148 3333 3198 :.est
3374 3150 3427 3196 et
3456 3142 3572 3212 ipsc

1965 3242 2181 3316 genitus
2209 3244 2278 3299 ab
2304 3242 2508 3297 innato.
2535 3240 2665 3297 Sine
2695 3238 3016 3309 exceptione
3064 3244 3193 3291 sunt
3238 3236 3415 3289 omnia
3444 3277 3459 3302 ,
3516 3242 3571 3288 ct

258 3335 431 3398 θυίων
456 3330 599 3402 quod
650 3333 703 3387 ίη
753 3331 1017 3400 Ρτίηείρὶο
1065 3337 1203 3393 erat,
1246 3341 1356 3383 non
1384 3327 1438 3382 in
1491 3328 1665 3383 altero
1716 3342 1859 3392 esse,
1889 3322 1936 3386 C
1970 3335 2102 3391 nihil
2127 3335 2271 3407 quod
2302 3343 2453 3390 extra
2481 3332 2551 3388 sit
2580 3331 2983 3401 derelinquunt.
3015 3328 3123 3385 Sed
3152 3328 3280 3385 dum
3310 3326 3445 3382 nihil
3492 3328 3573 3380 tti-

258 3430 357 3487 sed
379 3445 506 3485 cum
548 3428 723 3483 altero
763 3425 1110 3498 praedicatur.
1143 3423 1253 3480 Sed
1283 3424 1353 3479 de
1387 3423 1757 3493 superioribus
1781 3423 1863 3476 ni-

258 3524 335 3581 hil
360 3539 544 3589 sumo,
574 3524 1049 3596 (c)ronsequentia
1087 3522 1189 3578 sibi
1222 3521 1432 3586 adsint;
1471 3528 1669 3576 statum
1701 3518 1864 3576 Verbi

258 3626 317 3673 et
364 3629 561 3672 nomen
609 3626 887 3686 exspecta.
941 3615 1079 3672 Dicit
1130 3628 1411 3685 namque:
1448 3612 1513 3667 Et
1562 3610 1702 3667 Deus
1755 3623 1866 3668 erat

266 3709 514 3763 Verbum.
571 3707 763 3763 Cessat
799 3723 967 3764 sonus
1023 3709 1209 3773 vocis,
1256 3715 1311 3763 et
1353 3706 1697 3778 cogitationis
1744 3708 1860 3762 elo-

259 3804 468 3873 quium.
507 3800 742 3857 Verbum
774 3801 876 3857 hoc
902 3817 990 3858 res
1010 3813 1119 3864 est.
1151 3816 1257 3858 non
1287 3815 1486 3868 sonus;
1518 3809 1730 3871 natura,
1754 3817 1862 3858 non

257 3884 474 3962 seimo;
509 3896 680 3961 Deus,
713 3911 819 3952 non
848 3895 1078 3953 inanitas
1098 3905 1202 3953 est.

454 4034 817 4179 ἵάῗέεηόεδο.
847 4104 1079 4179 Exinde.
1107 4106 1230 4160 dum
1248 4105 1500 4162 videmus.

338 4176 419 4247 (5)
462 4176 603 4231 Inter
630 4194 770 4243 esse,
796 4188 844 4232 et
868 4178 999 4233 inter
1026 4178 1190 4233 inesse
1214 4188 1261 4232 et
1286 4179 1463 4236 adesse
1487 4180 1743 4235 momenti.

337 4247 417 4323 (4)
457 4251 522 4308 8i
539 4266 645 4305 non
671 4257 848 4306 exstat
876 4250 931 4305 in
958 4247 1157 4307 Veron.

261 4400 310 4445 et
340 4400 505 4445 sumet
545 4388 746 4443 sibimet
780 4387 917 4457 quod
956 4387 1201 4454 liberant,
1232 4396 1340 4444 etc.
1378 4388 1597 4444 Rectius
1641 4389 1693 4445 in
1742 4390 1863 4445 aliis

261 4462 451 4524 libris.
482 4468 542 4515 ut
577 4463 628 4514 in
668 4468 836 4516 textu.
871 4460 1196 4531 Prnpouitur
1228 4461 1371 4516 enim
1411 4461 1715 4531 obiectum:
1747 4460 1803 4518 Si
1832 4478 1862 4517 a

262 4547 509 4602 tempore
535 4532 764 4586 liberum
792 4541 909 4598 est,
946 4532 1028 4587 sui
1052 4532 1188 4601 juris
1217 4540 1302 4588 est
1321 4573 1336 4598 ,
1370 4534 1421 4588 in
1450 4547 1511 4588 se
1536 4542 1621 4588 est
1654 4542 1707 4587 et
1734 4532 1861 4588 soli-

259 4606 460 4661 tarium
480 4647 493 4665 ,
527 4619 628 4677 nec
656 4604 725 4656 ab
747 4604 866 4677 alio
898 4606 1131 4670 pendet:
1161 4604 1224 4657 ad
1255 4604 1396 4674 quod
1425 4620 1547 4659 mox
1582 4607 1863 4677 responsio

258 4685 351 4733 est
366 4716 384 4743 ,
411 4692 517 4729 non
540 4674 679 4728 abest
704 4675 767 4728 ab
790 4683 1015 4738 auctore.

338 4747 565 4876 (:2er
584 4748 673 4813 qui
706 4755 839 4812 erat,
871 4748 923 4800 in
949 4747 1169 4801 vetustis
1193 4746 1469 4803 codicibus
1492 4746 1673 4812 Colb.,
1704 4746 1856 4803 lieni.

454 4833 554 4873 rm.
601 4818 794 4876 Ιιικίιιιι·
831 4834 1001 4871 erum.
1035 4817 1201 4872 Abest
1239 4819 1401 4874 etiam
1448 4820 1726 4873 relativum
1775 4824 1856 4876 aut

259 4817 554 4877 ac'Gct-m.
601 4818 794 4886 Ιιιςίιιιι·
831 4834 1001 4871 erum.
1035 4817 1201 4872 Abest
1239 4819 1401 4874 etiam
1448 4820 1726 4873 relativum
1775 4823 1861 4888 qui

259 4907 291 4945 a
338 4893 560 4944 (iamut.
595 4890 797 4962 Deinde
837 4890 977 4956 apud
1022 4888 1152 4945 ΒΜ.
1201 4901 1258 4944 ει
1295 4889 1390 4945 Er.
1421 4900 1467 4944 et
1503 4892 1627 4962 quia
1674 4894 1864 4947 abesto

258 4962 561 5018 conditione
579 4961 821 5029 temporis
843 4977 862 5013 :
885 4962 1118 5031 pessime
1135 4961 1257 5032 quia
1284 4976 1377 5030 pro
1393 4962 1500 5026 qui.
1518 4961 1680 5032 'Apttrl
1713 4964 1858 5032 Lips.

258 5044 317 5090 et
349 5034 476 5088 Par.
504 5047 603 5086 nec
634 5049 739 5087 non
768 5034 820 5087 in
844 5035 1045 5101 aliqunt
1072 5049 1202 5088 mss.
1229 5045 1274 5085 et
1297 5037 1381 5104 qui
1403 5033 1541 5087 abest
1560 5052 1592 5086 a
1617 5045 1859 5104 tempore.

262 5108 322 5162 lu
349 5104 576 5160 Carttttt.
625 5120 726 5157 tus.
760 5122 791 5156 tl
834 5105 1121 5172 cognitione
1150 5106 1427 5173 .tentporis.
1465 5105 1712 5173 Legimus
1740 5124 1861 5163 cunt

260 5178 477 5233 duobus
517 5176 671 5230 Colit.
694 5218 708 5241 ,
744 5176 927 5231 Germ.
961 5190 1023 5234 ac
1054 5176 1283 5231 Snrbon.
1317 5194 1349 5230 a
1397 5179 1701 5247 cognitionis
1739 5190 1863 5231 tem-

261 5266 425 5318 pore,
472 5248 576 5303 hoc
614 5257 726 5315 est,
766 5263 793 5300 a
829 5248 1070 5320 quolibet
1108 5258 1351 5313 tempore
1389 5248 1531 5318 quod
1571 5252 1863 5320 excogitari

260 5322 441 5377 valeat
466 5338 477 5370 :
507 5320 630 5389 quia
658 5328 741 5374 est
763 5328 882 5373 ante
912 5318 1053 5389 quod
1078 5320 1225 5374 voles
1259 5330 1344 5373 tua
1372 5321 1626 5389 opinione
1659 5318 1858 5389 ponere

261 5392 611 5476 principium.
664 5390 965 5476 Aliquando
1011 5392 1171 5445 etiam
1240 5392 1507 5476 placuerat
1558 5409 1590 5447 a
1637 5402 1859 5476 tempore

264 5462 607 5529 conditionis,
660 5463 811 5534 quasi
850 5477 881 5518 a
931 5471 1175 5533 tempore
1227 5463 1370 5533 quod
1415 5464 1576 5521 rebus
1630 5462 1860 5523 conditis

261 5538 537 5598 congruit.

335 5606 413 5683 (ὁ)
452 5606 510 5664 Ιιι
552 5604 987 5683 νιιιςε-ιίεηίιιιεν
1020 5622 1128 5683 esse
1165 5616 1214 5662 et
1258 5608 1394 5664 inter
1432 5606 1608 5683 inesse
1644 5617 1691 5664 et
1735 5609 1865 5665 inter

262 5678 446 5737 adisse
471 5680 761 5751 momenti:
790 5678 1026 5735 abundat
1068 5681 1336 5745 interesse,
1379 5694 1481 5751 nec
1524 5678 1719 5736 habent
1768 5696 1862 5751 po-

266 5756 435 5808 tiores
464 5767 595 5808 ntes.
632 5750 861 5806 llilarius
889 5760 1069 5806 autem
1094 5751 1348 5808 observat
1376 5750 1610 5808 Verbum
1639 5769 1755 5807 non
1773 5750 1861 5807 so-

263 5824 374 5881 lum
396 5824 575 5880 inesse
601 5824 654 5878 in
688 5824 868 5891 Patre,
894 5823 1047 5898 velut
1064 5823 1115 5879 in
1140 5824 1431 5898 principio;
1450 5822 1546 5881 aed
1567 5834 1620 5881 et
1644 5824 1858 5895 adesse,

263 5898 405 5969 apud
436 5909 845 5969 quemisctnper‘
880 5896 998 5951 fuit.

340 5967 413 6043 (ε)
452 5964 571 6026 Vat.
604 5968 724 6025 bas.
748 5964 942 6040 codex,
972 5983 1086 6025 cum
1106 5969 1383 6041 aequatio,
1410 5966 1627 6029 duobus
1655 5969 1852 6030 verbis.

1970 3442 2048 3484 tra
2076 3428 2261 3485 dicere
2287 3428 2569 3493 audemus,
2600 3435 2694 3482 aut
2736 3424 2875 3481 forte
2906 3424 3033 3480 dum
3068 3424 3250 3479 dicere
3296 3423 3568 3486 molimur,

1969 3522 2048 3596 (5)
2078 3522 2160 3593 (lt)
2204 3537 2431 3579 occurre
2458 3540 2471 3576 :
2500 3518 2563 3575 Et
2594 3523 2705 3576 sine
2732 3537 2794 3576 ea
2822 3524 3014 3591 factum
3053 3527 3126 3573 est
3174 3519 3322 3571 nihil.
3375 3516 3571 3572 Reddi—

1967 3618 2092 3674 disti
2164 3629 2483 3697 auctorem,
2548 3632 2671 3671 cum
2726 3614 2933 3671 socium
2972 3610 3253 3685 professus
3305 3626 3385 3666 es.
3436 3608 3569 3664 Cum

1968 3716 2111 3768 enim
2171 3711 2303 3765 nihil
2352 3710 2460 3765 sine
2516 3726 2611 3776 eo,
2672 3708 2915 3779 intelligo
2986 3720 3094 3762 non
3170 3706 3377 3769 solum;
3448 3706 3569 3776 quia

1966 3806 2103 3860 alius
2129 3815 2213 3860 est
2264 3820 2361 3876 per
2406 3819 2568 3876 quem
2589 3846 2603 3868 ,
2636 3802 2775 3859 alius
2795 3800 2881 3874 (ti)
2906 3810 2986 3855 est
3015 3800 3135 3855 sine
3162 3814 3270 3868 quo
3302 3818 3314 3852 :
3345 3810 3572 3870 utroque

1965 3897 2289 3955 discernitur
2334 3898 2653 3972 signillcatio
2700 3906 2757 3953 et
2806 3895 3216 3952 intervenientis
3240 3902 3297 3949 et
3338 3892 3566 3963 agentis.

2043 4036 2123 4110 (5)
2156 4035 2434 4092 Librarius
2457 4044 2642 4093 noster
2671 4035 2819 4106 prius
2843 4036 3137 4104 scripserat
3162 4044 3394 4110 occurret
3416 4075 3430 4101 ,
3458 4051 3569 4089 nta-

1966 4107 2062 4180 gis‘
2092 4107 2217 4181 apte
2245 4116 2301 4181 et
2336 4123 2580 4181 conuexe
2619 4123 2781 4178 quam
2822 4123 3032 4162 occurre
3070 4124 3098 4181 ξ⁸
3132 4107 3442 4163 emendavit
3484 4123 3568 4165 se-

1968 4178 2143 4235 cttttda
2157 4180 2268 4252 _sed
2298 4179 2515 4248 antiqua
2546 4194 2756 4249 manus,
2784 4181 3006 4233 occurrit
3040 4178 3213 4252 plane.

2038 4252 2121 4326 (6)
2152 4249 2244 4306 Est
2265 4254 2549 4308 omittitur.

1965 4390 2102 4447 Aliis
2137 4390 2281 4447 favet
2318 4390 2447 4448 illud
2478 4389 2573 4446 lib.
2607 4406 2709 4456 vn,
2742 4406 2800 4445 n.
2838 4390 2949 4445 εὶς
2983 4388 3129 4444 Adsit
3173 4388 3269 4442 sibi
3294 4391 3480 4444 diuina!
3509 4391 3572 4444 de

1968 4480 2021 4517 se
2046 4463 2313 4518 sententite
2337 4463 2704 4518 testimonium.

2041 4534 2121 4607 (ά)
2164 4533 2304 4607 Editi
2322 4578 2336 4601 ,
2361 4551 2545 4589 eum...
2573 4532 2937 4589 tttmtitwerittt.
2958 4532 3269 4604 Elegantius
3297 4548 3428 4589 mss.
3451 4536 3536 4589 esti
3553 4578 3567 4599 ,

1964 4616 2100 4673 εις..
2131 4606 2273 4677 quod
2301 4608 2368 4661 de
2393 4623 2451 4661 se
2478 4609 2605 4661 dicit
2638 4608 2887 4661 Hilarius.

2038 4678 2227 4751 (e)din
2252 4680 2478 4749 vulgatis
2501 4722 2514 4736 .
2544 4677 2674 4732 nihil
2713 4694 2803 4733 nec
2843 4679 3177 4749 confunditur
3196 4718 3210 4743 ,
3230 4693 3336 4751 (nec
3366 4680 3568 4745 conler-

1966 4748 2725 4823 tur}Verbum,confunditur,
2755 4748 2953 4823 exsto!
2979 4758 3182 4823 tantum
3226 4750 3275 4803 in
3315 4766 3423 4823 uno
3462 4766 3564 4803 tus.

1966 4822 2117 4877 Colb.
2146 4825 2215 4877 At
2242 4824 2292 4876 in
2322 4820 2533 4877 eadem
2554 4863 2569 4887 ,
2600 4822 2729 4876 nihil
2749 4838 2840 4875 nec
2864 4820 3163 4887 offenditur.
3190 4839 3280 4873 ηειτ
3302 4822 3533 4890 aufertur
3550 4838 3569 4875 .'

1967 4909 2088 4961 qua:
2121 4894 2228 4947 duo
2258 4894 2417 4948 verba
2447 4896 2511 4947 ad
2543 4896 2647 4947 alia
2677 4893 2783 4947 duo
2822 4894 3128 4962 superiora,
3163 4895 3269 4946 sine
3309 4903 3569 4946 contume-

1968 4966 2057 5027 lia,
2088 4968 2200 5019 sine
2226 4967 2499 5019 abolitione
2533 4966 2776 5034 apposite
2806 4964 3131 5019 referuntur.
3168 4963 3336 5018 l’orro
3375 4967 3425 5017 ιιι
3465 4980 3565 5018 vn-

1967 5036 2118 5091 cibus
2160 5038 2290 5091 nihil
2330 5055 2451 5100 nec.
2499 5053 2605 5091 ttntt
2652 5036 2852 5105 duplex
2895 5038 3107 5103 negatio
3136 5046 3249 5101 est,
3296 5036 3387 5089 sed
3423 5036 3567 5105 plen-

1968 5123 2186 5163 nasnins
2222 5106 2426 5164 Cra-cis
2459 5107 2664 5179 ipsique
2700 5106 2903 5163 Hilario
2938 5106 3235 5162 familiaris.
3284 5106 3431 5161 Ilum:
3472 5124 3565 5160 ca-

1969 5195 2094 5235 vere
2120 5195 2251 5234 mss.
2283 5180 2491 5249 lientig.
2513 5188 2567 5235 et
2596 5179 2800 5236 'l‘lteod.
2823 5180 2916 5249 qui
2946 5197 3043 5248 pro
3085 5180 3219 5233 nihil
3254 5196 3341 5233 nec
3366 5223 3377 5244 ,
3407 5180 3557 5233 calu-

1967 5250 2096 5307 bent
2127 5251 2259 5307 nihil
2298 5253 2351 5307 iit
2382 5269 2459 5306 eo.
2492 5253 2545 5305 Si
2579 5252 2702 5323 quis
2742 5251 2889 5306 malit
2929 5251 3059 5305 nihil
3104 5268 3196 5305 nec
3237 5254 3568 5323 confunditur

1968 5340 2060 5378 nec
2079 5327 2343 5392 aufertur,
2375 5322 2752 5395 propterillud
2785 5324 2879 5377 lib.
2909 5338 2981 5377 vlt
3006 5363 3021 5391 ,
3055 5341 3108 5376 ιι.
3146 5323 3206 5378 :ll
3240 5340 3251 5376 :
3284 5322 3401 5377 Non
3445 5340 3566 5377 con-

1966 5396 2201 5465 funditur
2228 5396 2398 5467 itaque
2425 5404 2511 5451 aut
2539 5395 2770 5451 aboletur
2797 5404 3012 5461 natura;
3043 5410 3136 5464 per
3159 5410 3257 5451 nos
3283 5395 3457 5451 lieeat.

2059 5491 2489 5564 (nfarticulatn
2537 5492 2583 5547 si
2625 5490 2873 5547 addimus
2923 5492 3241 5549 auctoritate
3297 5493 3563 5564 potiorum

1966 5562 2097 5620 mss.
2132 5562 2255 5620 Mox
2283 5565 2470 5619 vocula
2502 5573 2548 5621 et
2577 5579 2675 5637 pro
2700 5566 2852 5619 etiam
2881 5566 3116 5635 ponitur.

2040 5656 2117 5733 (g)
2137 5656 2297 5733 Solus
2324 5658 2454 5733 rVat.
2488 5658 2601 5714 bas.
2633 5658 2827 5726 codex,
2859 5656 3080 5733 Tempus
3117 5660 3248 5733 enim
3266 5662 3431 5733 spatii
3464 5678 3562 5715 nmt

1967 5730 2021 5783 in
2046 5730 2157 5786 loco
2176 5732 2369 5803 «diu
2409 5740 2558 5786 a'tale
2600 5739 2766 5803 manet
2802 5730 3065 5786 moderata
3106 5732 3429 5803 significatio.
3466 5734 3563 5789 Cui

1966 5804 2235 5859 consentit
2262 5801 2484 5859 Carnut.
2517 5802 2568 5860 in
2592 5802 2805 5858 duobus
2837 5806 3122 5874 postremis
3152 5801 3347 5859 verbis.

2026 5895 2118 6023 (It)
2141 5894 2306 5960 Editi.
2336 5895 2581 5963 occurrit,
2610 5898 2825 5951 occurrit
2849 5898 3032 5965 plane;
3066 5907 3118 5953 et
3146 5914 3287 5969 mox,
3320 5896 3556 5955 Piscator

2062 5967 2240 6023 didisti
2266 5985 2279 6023 :
2302 5967 2701 6023 remeantibus
2727 5970 3001 6023 veteribus
3025 5970 3193 6023 libris.

1966 5967 2240 6027 reddidisti
2266 5985 2279 6025 :
2302 5967 2701 6039 refragantibus
2727 5970 3001 6028 veteribus
3025 5970 3193 6028 libris.
