4048 6482
477 369 552 431 ιῖ5
1683 375 1934 436 SANC'I‘I
1972 375 2234 436 lllLARll
2273 377 2580 436 EPISCOPI

551 487 641 544 l9.
675 489 796 546 Non
824 499 1022 546 tantum
1043 491 1210 564 adfuit
1237 491 1446 566 facienti
1465 493 1661 562 omnia,
1685 497 1774 550 sed
1792 505 1840 550 et
1867 495 2082 568 fecin—
2107 496 2160 558 Α

476 579 586 638 Sed
613 582 694 658 (l)
718 582 795 660 (ει)
818 586 1055 644 sollicito
1093 587 1163 644 de
1205 599 1450 657 auctore,
1481 589 1572 662 qui
1621 603 1762 646 unus
1809 589 2081 661 ingenitus

477 693 587 752 est,
617 694 686 736 ne
717 680 770 734 in
797 695 866 736 eo
889 679 1036 751 quod
1065 681 1240 736 omnia
1265 681 1497 748 diceres,
1529 681 1662 738 nihil
1699 691 1847 738 esset
1885 697 2083 754 excep-

478 785 616 844 tum,
642 774 852 831 solvisti
881 784 1086 830 metum
1130 773 1398 833 dicendo:
1432 775 1502 831 Et
1539 777 1650 832 sine
1684 791 1745 834 eo
1783 775 1980 847 factum
2006 785 2082 832 est

482 868 628 924 nihil.
664 867 865 924 Verum
887 865 1193 924 confundor
1217 879 1273 925 ct
1301 866 1490 924 turbor
1515 867 1571 925 in
1600 884 1688 938 eo,
1725 869 1869 944 quod
1888 869 2004 925 sine
2023 885 2082 924 eo

481 966 681 1034 factum
709 971 784 1018 est
813 961 965 1017 nihil.
989 963 1086 1018 Est
1107 977 1239 1032 ergo
1257 962 1460 1033 aliquid
1483 978 1578 1032 per
1598 963 1828 1022 alterum
1855 963 2080 1032 factum,

481 1054 626 1128 quod
651 1063 830 1110 tamen
862 1069 969 1109 non
997 1053 1070 1109 sit
1089 1054 1207 1110 sine
1236 1069 1304 1110 eo
1325 1054 1524 1112 factum
1550 1071 1566 1114 :
1595 1064 1654 1110 et
1680 1055 1730 1112 si
1752 1056 1954 1128 aliquid
1987 1073 2084 1127 per

476 1149 732 1214 alterum,
758 1144 836 1218 (Ξ)
871 1145 1000 1202 licet
1027 1162 1135 1202 non
1162 1147 1279 1202 sine
1297 1161 1403 1214 eo;
1427 1145 1541 1218 jam
1569 1161 1674 1202 non
1702 1162 1802 1218 per
1825 1163 1950 1203 eum
1967 1163 2084 1204 om-

481 1241 604 1306 nia;
651 1241 774 1311 quia
806 1239 952 1294 aliud
976 1247 1060 1294 est
1089 1238 1302 1304 fecisse,
1333 1239 1480 1294 aliud
1507 1249 1592 1296 est
1619 1239 1976 1298 intervenisse
1997 1239 2084 1297 l'a-

481 1333 667 1390 cieuti.
697 1332 815 1389 Non
847 1332 1020 1388 habeo
1051 1331 1162 1399 hie,
1192 1330 1428 1402 piscator
1451 1347 1628 1400 meus,
1663 1341 1726 1388 ut
1753 1334 1806 1390 in
1829 1335 2043 1390 cteteris
2064 1373 2084 1402 ,

482 1428 714 1500 quodex
753 1444 876 1485 meo
905 1427 1174 1498 proferam
1201 1444 1216 1493 ;
1251 1443 1281 1483 a
1308 1438 1402 1482 tuo
1434 1428 1617 1483 statim
1647 1427 2084 1500 respondendum

485 1532 593 1589 est,
639 1521 829 1577 Omnia
874 1537 967 1592 per
1003 1537 1118 1576 eum
1155 1521 1294 1590 facta
1341 1529 1476 1576 sunt.
1537 1518 1744 1576 Sentio.
1794 1521 2088 1592 Apostolus

485 1621 629 1676 enim
652 1619 733 1691 (5)
748 1619 931 1674 docuit
958 1635 973 1672 :
1001 1617 1238 1674 Visibilia
1257 1625 1306 1672 et
1319 1615 1620 1685 inuisibilia,
1639 1615 1743 1672 sive
1754 1615 2090 1680 Tln'oni,siuc

485 1712 897 1778 Dominationes,
925 1713 1030 1768 sive
1052 1709 1387 1782 Principatus
1403 1751 1420 1778 ,
1445 1711 1552 1766 sive
1583 1709 1891 1777 Potestates,
1917 1711 2088 1765 omnia

482 1824 577 1881 per
595 1809 786 1878 ipsum,
818 1807 940 1862 etin
967 1807 1078 1877 ipso
1109 1803 1336 1879 (Coloss.
1361 1821 1402 1866 ι.
1435 1803 1546 1876 l6).

3688 446 3694 454 _
3720 381 3804 440 Μ.

2189 493 2370 569 (Joan.
2392 513 2448 562 ν.
2469 495 2590 569 26).
2621 495 2781 564 llinc,
2807 497 2976 554 Nemo
2999 498 3136 554 nouit
3155 497 3348 556 Filium
3367 499 3470 556 nisi
3497 497 3679 570 Pater,
3701 520 3794 559 ne-

2183 605 2284 661 que
2331 589 2550 647 Patrem
2579 589 2660 662 (ὃ)
2681 591 2782 648 nisi
2810 590 2982 648 Filius
3007 592 3224 664 (Matth.
3258 610 3312 650 ll
3333 636 3350 662 ,
3385 592 3506 664 27).
3537 594 3698 665 Hinc,
3725 596 3795 657 In

2180 685 2296 752 ipso
2336 685 2590 742 inhabitat
2634 685 2805 742 omnis
2843 687 3110 759 plenitudo
3137 689 3428 746 divinitatis
3453 695 3796 764 corporaliter

2185 776 2411 852 (Colon.
2441 795 2506 847 ιι.
2525 778 2610 851 9).

2253 871 2316 929 2i
2329 911 2345 927 .
2389 871 2537 928 Verbi
2555 873 2818 944 generatio
2837 873 3066 930 humana
3091 875 3294 933 ratione
3311 893 3416 934 non
3435 880 3684 949 capitur;
3713 889 3791 938 te-

2186 963 2356 1039 nenda
2376 964 2534 1039 igitur
2555 966 2680 1036 ﬁde.
2707 995 2784 1009 —
2809 965 2936 1023 llaec
2957 967 3064 1022 vita
3094 968 3192 1024 lux
3221 968 3502 1028 hominum
3527 981 3632 1034 est,
3665 971 3784 1028 hnc

2185 1036 2282 1112 lux
2307 1036 2562 1114 tenebras
2585 1057 2916 1114 illuminans.
2941 1059 3012 1116 Et
3031 1068 3090 1116 ut
3116 1061 3604 1134 impossibilitatem
3622 1079 3796 1135 gene-

2185 1149 2414 1204 rationis
2447 1149 2568 1220 ejus
2591 1151 2910 1210 enarranda;
2946 1152 3246 1210 secundum
3269 1154 3590 1226 prophetam
3613 1158 3800 1228 pisca-

2187 1251 2272 1297 tor
2290 1243 2666 1300 ciuisolarctur
2689 1245 2841 1316 (lt‘sn.
2864 1260 2978 1312 ιιιι.
3005 1247 3086 1318 8);
3101 1227 3320 1319 adjecit,
3352 1247 3422 1304 Et
3449 1227 3669 1307 tenebris
3681 1269 3800 1308 οσιιι

2189 1353 2290 1392 non
2318 1340 2816 1410 comprehenderunt
2845 1342 3025 1414 (Joan.
3055 1360 3096 1409 ι,
3119 1345 3198 1414 4).
3221 1343 3400 1402 Cessit
3434 1362 3618 1406 sermo
3639 1359 3796 1406 natu-

2188 1447 2288 1498 rae,
2325 1441 2380 1487 et
2405 1447 2512 1488 non
2547 1433 2708 1489 habet
2745 1451 2852 1504 quo
2878 1447 3161 1504 excurrat;
3191 1449 3252 1495 et
3278 1449 3456 1496 tatneu
3487 1441 3594 1498 hoc
3620 1444 3800 1514 piscao

2191 1530 2276 1578 tor
2304 1524 2408 1580 iste
2434 1525 2705 1582 recubans
2735 1527 2789 1582 in
2820 1528 3032 1586 Domini
3070 1539 3258 1602 pectus
3294 1533 3523 1606 accepit.
3568 1537 3688 1590 Non
3713 1546 3800 1592 est

2190 1615 2294 1672 iste
2314 1617 2498 1672 saeculi
2522 1633 2723 1682 sermo;
2755 1621 2882 1691 quia
2905 1622 2974 1678 de
3003 1637 3106 1693 qua
3129 1624 3329 1694 agitur,
3361 1641 3470 1682 non
3493 1627 3680 1684 saeculi
3707 1641 3798 1684 res

2191 1717 2296 1764 est.
2325 1709 2528 1764 Edatur
2556 1710 2784 1794 aliquid,
2819 1714 2864 1767 si
2897 1714 2949 1768 in
2979 1715 3376 1786 signiﬁcatione
3397 1717 3684 1774 verborum
3713 1734 3798 1775 re-

2193 1803 2360 1873 periri
2393 1813 2574 1875 potest
2613 1805 2750 1860 ultra
2781 1822 2944 1876 quam
2989 1807 3193 1866 dictum
3225 1810 3294 1866 sit
3327 1829 3339 1864 :
3371 1819 3424 1866 et
3451 1813 3496 1866 si
3527 1827 3632 1884 qua
3671 1822 3801 1869 sunt

555 1900 648 1956 20.
683 1901 785 1967 Qui
814 1901 988 1956 omnia
1013 1901 1066 1954 in
1093 1899 1262 1956 Verbo
1277 1907 1450 1953 creata
1510 1899 1731 1955 Verbum
1756 1917 1859 1954 non
1886 1916 2089 1956 succcs-
2117 1889 2166 1952 Β
2189 1897 2293 1951 alia
2317 1899 2581 1969 exposita:
2607 1913 2636 1954 a
2687 1899 2848 1956 nobis
2891 1909 3100 1957 natura:
3127 1907 3346 1960 nomina
3371 1946 3386 1970 ,
3428 1903 3794 1974 proferantur.

483 1995 606 2064 sive,
631 1995 722 2048 sed
747 1993 1002 2050 nascendo
1023 1998 1302 2065 perfectum
1323 1993 1729 2048 existit—Cum
1758 2008 1890 2064 ergo
1913 1995 2086 2048 omnia

487 2071 581 2160 per
627 2088 834 2160 ipsum,
877 2086 1102 2142 subveni
1157 2095 1214 2142 et
1265 2101 1490 2154 enarra,
1523 2085 1650 2157 quid
1691 2101 1799 2142 non
1851 2087 1969 2142 sine
2018 2101 2086 2142 eo

493 2183 588 2255 (ι)
617 2181 814 2236 factum
841 2182 929 2236 sit.
964 2179 1038 2254 (ὁ)
1073 2180 1222 2247 Quod
1261 2181 1449 2252 [licium
1479 2189 1553 2236 est
1589 2183 1642 2235 in
1664 2196 1743 2249 eo,
1784 2181 1887 2235 vita
1915 2181 1984 2252 (ο)
2015 2190 2087 2236 est

499 2273 682 2350 (Joan.
715 2291 752 2338 ι.
791 2273 871 2347 4).
909 2273 1020 2329 lloc
1050 2275 1212 2345 igitur
1237 2290 1344 2331 non
1367 2275 1486 2331 sine
1513 2289 1602 2340 eo,
1632 2275 1776 2344 quod
1807 2275 1858 2329 in
1881 2289 1947 2330 eo
1971 2274 2086 2330 lac-

491 2379 602 2422 tum
624 2379 708 2424 est
739 2387 751 2421 :
782 2383 904 2423 nam
933 2369 984 2424 id
1003 2369 1144 2440 quod
1169 2367 1219 2423 iu
1237 2384 1304 2423 eo
1319 2367 1517 2424 factum
1535 2375 1640 2434 est,
1665 2367 1826 2423 etiam
1846 2382 1939 2438 per
1960 2383 2084 2422 eum

480 2463 684 2518 factum
701 2471 802 2517 est.
821 2461 1015 2516 Omnia
1033 2461 1176 2517 enim
1194 2477 1289 2531 per
1303 2463 1474 2530 ipsum
1489 2471 1545 2516 et
1567 2463 1618 2516 in
1635 2461 1749 2532 ipso
1769 2469 1945 2516 creata
1960 2471 2088 2516 sunt

489 2550 715 2622 (Colon.
743 2569 780 2617 ι,
822 2551 934 2625 ιιι).
963 2551 1019 2606 In
1050 2553 1168 2622 ipso
1185 2564 1363 2609 autem
1406 2562 1586 2608 creata
1607 2597 1621 2620 ,
1649 2551 1794 2625 ‘quia
1829 2554 2088 2608 nasceba—

497 2658 808 2702 turcreator
828 2645 1103 2704 Deus.Sed
1117 2647 1278 2702 etiam
1310 2661 1377 2702 ex
1409 2645 1726 2703 ltoesiueeo
1741 2645 1871 2702 nihil
1889 2645 2084 2701 lactant

489 2757 590 2806 est.
614 2745 752 2811 quod
771 2747 821 2801 iu
844 2761 909 2801 eo
929 2744 1122 2800 factum
1146 2755 1250 2812 est,
1269 2747 1390 2815 quia
1416 2759 1644 2800 nascens
1668 2731 1806 2798 Deus
1821 2743 1926 2800 vita
1939 2751 2085 2798 erat:

488 2847 544 2893 et
580 2837 661 2910 (ll)
687 2839 776 2906 qui
809 2839 914 2895 vita
945 2847 1082 2903 erat,
1107 2853 1212 2892 non
1244 2847 1425 2906 postea
1465 2845 1732 2906 quaniest
1761 2845 1937 2900 natus,
1979 2835 2090 2908 38

493 2929 722 2986 cﬂ'eetus
746 2943 831 2986 est
852 2931 990 2996 vita;
1021 2945 1125 2986 non
1181 2931 1324 2984 enim
1354 2931 1406 2984 in
1451 2945 1517 2984 co
1546 2929 1690 2982 aliud
1732 2937 1818 2983 est
1845 2925 1918 2998 (ε)
1947 2929 2088 2996 quod

489 3033 671 3077 natum
729 3031 832 3088 est,
864 3032 916 3077 et
969 3021 1114 3077 aliud
1143 3031 1226 3078 est
1249 3021 1386 3092 quod
1419 3031 1575 3075 natus
1601 3021 1827 3089 accepit.
1853 3018 1970 3076 Non
1996 3017 2090 3073 lia—

493 3116 620 3170 bent
672 3117 812 3170 inter
851 3131 911 3170 se
941 3124 1152 3186 tempus
1191 3126 1242 3170 et
1271 3115 1524 3169 tiativitus
1554 3123 1608 3167 ct
1638 3111 1932 3183 prolectus.
1979 3109 2086 3168 Sed

490 3210 621 3264 nihil
684 3209 765 3282 (ὕ)
796 3209 912 3264 sine
969 3225 1027 3264 se
1054 3208 1216 3264 ﬁebat
1241 3225 1307 3263 ex
1359 3208 1421 3262 iis
1467 3223 1587 3278 qua:
1635 3207 1688 3262 in
1741 3222 1808 3262 eo
1859 3205 2082 3274 liebaut,

2188 1989 2321 2058 Quae
2344 1992 2389 2044 si
2419 2005 2526 2046 non
2543 1999 2692 2058 sunt,
2718 1991 2884 2047 immo
2909 1993 3032 2064 quia
3061 2009 3168 2050 non
3191 2007 3340 2062 sunt;
3367 1996 3631 2054 miremur
3653 1997 3797 2056 hanc

2189 2084 2244 2139 in
2275 2085 2542 2152 piscatore
2579 2082 2905 2152 doctrinam,
2945 2096 3002 2142 et
3029 2087 3084 2144 in
3111 2103 3178 2144 eo
3205 2091 3284 2162 (ῃ)
3307 2089 3521 2162 eloquia
3549 2091 3640 2147 Dei
3669 2106 3796 2148 sen-

2189 2181 2386 2234 tiamus
2418 2195 2432 2232 :
2463 2177 2973 2252 caulessionemque
3013 2182 3188 2238 Patris
3213 2191 3268 2240 et
3299 2183 3418 2240 Filii
3440 2227 3455 2249 ,
3487 2185 3713 2256 ingeniti
3739 2196 3798 2242 et

2190 2270 2450 2342 uuigeniti
2480 2271 2932 2340 inenarrabiles»,
2964 2281 3020 2329 et
3055 2274 3410 2332 excedean
3445 2277 3794 2348 complexum

2189 2379 2406 2421 onmem
2441 2375 2496 2420 et
2525 2365 2796 2428 sermonis
2823 2377 2880 2422 et
2904 2381 3128 2434 sensus,
3161 2379 3440 2426 teneamus
3463 2378 3627 2443 autne
3655 2372 3793 2428 ado-

2191 2473 2373 2514 remus
2411 2477 2424 2512 :
2479 2467 2536 2514 et
2581 2457 2637 2513 in
2681 2451 2909 2514 Domino
2951 2459 3116 2528 Jesu,
3165 2462 3420 2534 enemplo
3455 2462 3702 2530 Joannis,
3733 2473 3796 2520 ut

2190 2549 2307 2606 haec
2347 2551 2618 2624 possimus
2643 2551 2848 2610 sentire
2872 2563 2926 2610 et
2955 2553 3216 2626 colloqui,
3247 2557 3580 2614 accubemus
3603 2557 3790 2633 (Joan.

2189 2659 2308 2710 xm.
2340 2645 2458 2718 25).

2259 2739 2352 2794 22.
2385 2739 2761 2796 llcreticorum
2797 2750 2936 2798 artes
2979 2753 3162 2798 contra
3209 2743 3366 2814 ﬁdem
3411 2761 3576 2801 vana.
3630 2745 3794 2806 Fides

2191 2849 2295 2888 una
2323 2835 2478 2889 uincit
2499 2851 2672 2890 omnes
2701 2834 2942 2890 luereses.
2972 2865 3046 2876 -
3071 2835 3430 2892 Commendat
3453 2848 3636 2896 autem
3661 2839 3790 2896 lidei

2192 2925 2353 2998 hujus
2373 2929 2754 3000 integritatem,
2780 2939 2834 2983 et
2847 2930 3154 3000 evangeliea
3171 2931 3488 2998 auctoritas,
3505 2942 3562 2988 et
3573 2944 3766 3004 aposto
3779 2965 3796 2978 -

2189 3019 2288 3076 lica
2313 3021 2424 3094 39
2449 3021 2717 3086 docti-ina.
2747 3031 2805 3078 et
2825 3021 3386 3092 circumstrepentium
3419 3026 3656 3098 nudique
3681 3029 3795 3084 bte-

2191 3113 2482 3168 reticorum
2515 3108 2606 3186 (7)
2629 3113 2710 3186 (li)
2739 3114 2912 3170 otiosa
2951 3113 3327 3172 lraudulentia.
3358 3119 3478 3174 Stat
3513 3122 3658 3176 enim
3689 3121 3796 3180 hoc

2191 3207 2598 3264 fundamentum
2649 3208 2886 3264 validum
2947 3219 3003 3264 et
3045 3209 3323 3266 immotum
3371 3213 3635 3272 adversus
3675 3231 3794 3274 om~

484 3304 608 3374 quia
661 3306 764 3359 vita
808 3313 892 3360 est
960 3302 1170 3376 (supple
1223 3305 1292 3374 is)
1341 3303 1393 3358 iu
1442 3317 1549 3375 quo
1595 3302 1814 3368 liebaut,
1843 3313 1896 3357 et
1948 3303 2088 3358 Deus
2114 3293 2160 3358 Ο
2193 3315 2290 3356 nes
2317 3311 2529 3369 ventos,
2564 3301 2812 3370 pluvias,
2867 3311 3176 3372 torrentes,
3203 3319 3310 3360 non
3340 3305 3556 3364 ﬂatibus
3587 3310 3796 3382 pellen-

489 3399 580 3469 qtti
636 3415 663 3450 a
721 3398 833 3454 Deo
878 3406 1034 3453 natus
1091 3407 1218 3461 est,
1299 3411 1408 3451 non
1468 3405 1650 3466 pustea
1719 3411 1878 3466 quam
1933 3403 2091 3450 natus

490 3499 572 3546 est
597 3534 613 3556 ,
659 3489 730 3564 (Ῑ)
785 3493 878 3547 sed
913 3490 1184 3546 nascendo
1227 3491 1370 3546 Deus
1408 3489 1632 3546 exstitit.
1665 3488 1905 3544 Nasceris
1940 3489 2086 3544 enim

491 3599 520 3640 a
555 3586 769 3642 vivente
819 3587 1013 3650 rivus.
1064 3603 1095 3641 a
1123 3601 1250 3641 vero
1277 3599 1462 3652 verus,
1511 3599 1542 3638 a
1583 3583 1827 3655 perlecta
1879 3583 2088 3656 νει-Γρη-

491 3688 608 3744 tus,
648 3695 756 3734 non
807 3679 928 3734 sine
970 3687 1240 3750 potestate
1290 3677 1585 3734 nativitatis
1635 3693 1750 3734 sua:
1799 3687 1955 3732 natus
1979 3687 2085 3743 est,

488 3773 822 3827 nativitatem
858 3773 1104 3829 videlicet
1132 3787 1286 3828 suam
1316 3789 1422 3828 non
1461 3782 1648 3844 postea
1683 3771 1956 3838 sentiens,
1991 3772 2086 3826 sed

488 3879 550 3920 se
583 3865 748 3920 Deum
801 3866 854 3920 in
895 3882 964 3920 eo
1004 3867 1123 3936 ipso
1149 3865 1294 3937 quod
1323 3867 1462 3922 Deus
1503 3881 1570 3921 ex
1631 3866 1740 3922 Deo
1767 3863 2090 3922 anscultator

487 3958 810 4029 intelligens.
847 3959 1287 4029 lluctmigcnitus
1314 3959 1384 4014 ab
1406 3960 1681 4029 ingenito:
1717 3957 1853 4022 hoc,
1907 3957 2020 4028 Ego
2043 3967 2090 4012 et

495 4051 653 4106 Pater
679 4069 836 4106 nnmn
860 4069 1037 4107 sumus
1060 4053 1240 4121 (Jaon.
1273 4069 1327 4119 x,
1353 4053 1446 4122 50)
1482 4069 1496 4107 :
1529 4052 1632 4108 hoc
1663 4051 1720 4107 in
1745 4049 2092 4107 confessione

494 4145 670 4200 Patris
694 4153 751 4201 et
789 4145 908 4200 Filii
939 4149 1079 4200 Deus
1107 4163 1245 4200 unus
1278 4163 1290 4198 :
1323 4147 1424 4200 hoc
1455 4145 1611 4200 Pater
1641 4144 1696 4201 in
1723 4143 1883 4210 Filio,
1911 4153 1969 4200 et
1996 4142 2090 4198 Fi-

495 4239 595 4294 lius
628 4239 680 4294 in
713 4239 892 4295 l'atre.
923 4239 1094 4304 llinc,
1143 4239 1248 4307 Qui
1286 4257 1366 4294 me
1403 4239 1564 4306 uidit,
1609 4239 1734 4294 uidit
1778 4249 1826 4292 et
1883 4237 2088 4294 Patrem

488 4331 670 4405 (Jonn.
704 4350 824 4400 xw,
869 4333 946 4402 9).
981 4333 1136 4402 lliuc,
1173 4333 1360 4389 Omnia
1385 4351 1498 4396 mue
1539 4333 1690 4388 habet
1729 4332 1919 4397 Pater,
1947 4334 2088 4389 dedit

494 4424 636 4481 Filio
657 4425 842 4499 (Joan.
871 4443 983 4492 XVI,
1015 4427 1123 4496 lli).
1157 4427 1308 4492 Hinc,
1333 4427 1479 4481 Sicut
1505 4425 1654 4481 liabet
1685 4425 1842 4482 Pater
1865 4428 2019 4482 vitam
2037 4429 2090 4482 in

488 4521 791 4593 semetipso,
832 4521 906 4574 ita
935 4520 1074 4576 dedit
1125 4519 1268 4575 Filio
1298 4521 1450 4576 vitam
1505 4521 1692 4576 [rabere
1726 4521 1780 4574 in
1822 4523 2092 4594 semetipso

560 4648 639 4718 (ll)
671 4649 916 4713 Solliciti,
947 4665 1104 4719 :cqtte
1129 4648 1288 4704 liene.

559 4719 642 4790 (2)
674 4721 802 4804 lltsie
853 4723 1212 4802 interponitur
1243 4724 1460 4793 factum.
1504 4719 1699 4779 Postea
1737 4721 2090 4794 supprimitur

491 4805 562 4847 ι-ιΙ
592 4807 718 4847 ante
744 4805 1092 4848 interuenisse.

564 4865 644 4930 (5)
673 4865 902 4921 Additur
933 4863 1156 4926 Paulus.

561 4937 644 5010 (4)
677 4937 896 4991 Factum
924 4945 1016 4991 est.

561 5010 642 5080 (5)
675 5011 801 5064 Sine
820 5027 897 5063 eo.

561 5083 642 5156 (b‘)
667 5081 721 5136 lu
747 5083 936 5138 codice
958 5087 1144 5136 nostro
1163 5080 1475 5154 adiungitur
1507 5101 1520 5138 :
1548 5083 1662 5155 quis
1687 5081 1847 5152 nouit,
1877 5083 1974 5140 sed
2003 5097 2091 5138 se—

563 5201 640 5276 (u)
668 5201 1043 5276 [ineleganter
1063 5206 1281 5276 optima.-
1300 5213 1442 5258 uota!
1461 5215 1592 5258 mss.
1615 5204 1775 5276 tacita
1791 5215 1924 5256 voce
1949 5199 2097 5262 mihi,

494 5273 610 5326 scil.
638 5274 834 5327 soluisti
854 5287 1062 5331 metum.
1096 5273 1166 5332 At
1191 5277 1245 5332 in
1275 5277 1507 5346 vulgatis
1531 5275 1806 5330 sollicitor.

567 5363 646 5432 (ὁ)
679 5364 824 5434 Lips.
869 5373 924 5420 ιιι
953 5366 1072 5420 l‘ar.
1107 5379 1224 5436 post
1249 5369 1340 5423 l-Ir.
1381 5367 1466 5420 hic
1493 5366 1713 5430 addunt,
1739 5364 1874 5436 quod
1903 5365 2096 5430 ﬁrmum

494 5437 576 5500 :EI,
622 5447 813 5502 pta-ter
841 5441 994 5492 tidem
1022 5449 1261 5495 rt-terum
1293 5440 1574 5494 liln'orum.

565 5531 636 5598 (τ)
669 5529 900 5586 “ursum
931 5533 1017 5588 hic
1051 5535 1180 5588 editi
1213 5531 1576 5601 prwl'erebaut
1599 5532 1704 5585 vim
1749 5541 1856 5586 erat
1884 5547 1902 5584 :
1931 5545 2090 5600 repu-

493 5602 778 5668 gnantibus
807 5621 937 5659 mss.
985 5619 1038 5658 ut
1067 5618 1124 5660 et
1147 5605 1239 5660 lib.
1273 5621 1310 5670 t,
1345 5622 1399 5658 ιι.
1427 5605 1512 5658 Ιθ.
1536 5603 1872 5674 Quamquam
1902 5619 1964 5658 ex
2000 5617 2088 5656 se-

494 5675 786 5744 quentibus
812 5677 1074 5744 suspicari
1119 5678 1240 5732 licet
1270 5677 1406 5730 huic
1431 5677 1718 5729 lectionem
1749 5675 1948 5730 llilario
1981 5690 2088 5730 non

494 5743 660 5800 finisse
689 5743 1004 5802 inauditam.
1042 5750 1360 5804 Ambrosius
1385 5764 1599 5819 quoque
1631 5748 1724 5801 lib.
1753 5763 1812 5801 ιιι
1841 5747 1911 5800 de
1959 5745 2092 5802 Fide

493 5831 539 5869 ιε.
573 5819 624 5880 ti,
657 5819 802 5887 legit,
835 5829 932 5874 ritu
963 5831 1052 5874 cst.

565 5907 644 5972 id)
674 5909 742 5962 llzt
777 5911 1030 5986 meliores
1063 5930 1190 5966 ιηδς.
1228 5915 1292 5966 Μ
1326 5912 1475 5968 editi.
1506 5920 1552 5965 et
1576 5910 1697 5973 quia
1723 5918 1826 5964 vita
1851 5917 1978 5964 erat.

2195 3393 2348 3460 dum,
2379 3411 2484 3452 non
2516 3395 2810 3451 stillicidiis
2837 3396 3254 3468 penetrandum,
3287 3414 3392 3454 non
3423 3402 3792 3458 inundationi-

2195 3489 2294 3545 bus
2323 3491 2385 3562 (i)
2407 3491 2765 3545 subluendum
2797 3489 2989 3564 (Matii.
3015 3505 3088 3546 vn
3111 3533 3128 3558 ,
3148 3492 3282 3562 25):
3310 3501 3368 3548 ct
3395 3495 3658 3565 optimum
3683 3504 3788 3563 est,

2193 3583 2454 3656 quidquid
2483 3597 2512 3634 a
2553 3585 2797 3654 plurimis
2828 3586 3158 3641 incursatum
3179 3627 3196 3652 ,
3230 3601 3262 3642 ει
3293 3588 3441 3642 nullo
3467 3599 3647 3645 tamen
3693 3605 3794 3660 po-

2195 3679 2322 3736 terit
2360 3679 2587 3750 impelli.
2637 3677 2706 3735 Ut
2749 3687 2930 3734 autem
2969 3677 3219 3750 qua-dam
3269 3681 3794 3740 medicamentorum

2193 3787 2392 3842 genera
2434 3781 2564 3828 sunt
2593 3773 2662 3826 ita
2693 3779 3040 3842 comparata,
3089 3780 3148 3826 ιιι
3185 3787 3293 3828 non
3335 3774 3562 3844 singulis
3586 3785 3794 3830 tantum

2193 3864 2602 3935 a‘gritudinibus
2632 3865 2779 3919 utilia
2823 3867 2964 3934 sint,
3013 3863 3110 3921 sed
3135 3867 3386 3923 omnibus
3423 3867 3480 3922 in
3503 3883 3796 3926 commune

2195 3959 2510 4015 medeantur
2538 4001 2552 4025 ,
2609 3959 2946 4028 habeantque
2993 3959 3046 4013 in
3105 3975 3166 4014 se
3215 3960 3468 4016 virtutem
3522 3963 3794 4031 generafis

2193 4052 2384 4107 auxilii
2415 4069 2429 4107 :
2465 4051 2534 4106 ita
2563 4060 2618 4106 et
2640 4052 2774 4106 lides
2799 4050 3064 4108 catholica
3095 4065 3203 4108 non
3227 4051 3514 4107 adversum
3555 4054 3794 4126 singulas

2197 4159 2397 4222 pestes,
2431 4149 2525 4206 sed
2542 4159 2730 4204 contra
2758 4161 2948 4204 oumes
2967 4147 3190 4204 morbos
3207 4163 3366 4220 opem
3387 4149 3612 4204 medela:
3641 4163 3795 4206 com-

2199 4245 2376 4300 munis
2419 4245 2702 4314 iiupertit,
2759 4259 2864 4298 non
2919 4241 3241 4316 inﬁrmanda
3276 4257 3499 4312 genere,
3529 4259 3638 4300 non
3678 4245 3796 4300 vin-

2197 4338 2370 4393 cenda
2393 4353 2639 4404 innuero,
2665 4353 2772 4393 non
2799 4335 3114 4392 diversitate
3143 4334 3377 4391 fallenda
3402 4351 3418 4402 ;
3446 4335 3540 4392 sed
3569 4353 3676 4392 una
3706 4349 3794 4393 at-

2197 4446 2305 4504 que
2349 4432 2540 4488 eadem
2589 4430 2877 4492 adversum
2926 4429 3137 4502 singula
3179 4429 3472 4502 omniaque
3519 4430 3794 4488 consistit.

2199 4523 2448 4596 Magnum
2491 4531 2578 4578 est
2603 4523 2782 4586 enim;
2814 4521 2896 4596 (8)
2926 4531 3006 4577 tot
3031 4521 3088 4578 in
3113 4538 3177 4576 ea
3211 4537 3316 4576 una
3357 4520 3598 4577 remedia
3635 4536 3794 4590 esse,

2118 4653 2370 4728 Deunda
2410 4655 2748 4711 recensione.
2779 4653 3086 4710 Coucordat
3125 4653 3352 4724 Vulgata
3402 4663 3586 4711 nostra
3631 4666 3798 4728 atque

2195 4725 2420 4783 Graecus
2447 4737 2645 4782 textus.

2266 4799 2344 4868 (7)
2387 4797 2464 4854 Ita
2507 4799 2733 4870 legimus
2761 4797 3027 4856 iuuostro
3055 4797 3225 4862 libro;
3251 4797 3506 4854 secundis
3529 4798 3791 4870 curisap-

2195 4870 2429 4941 positnm
2452 4879 2560 4938 est,
2587 4871 2787 4925 odiosa.

2191 4939 2247 5066 ᾇ.
2271 4939 2350 5012 (δ)
2381 4941 2436 4995 lu
2458 4941 2820 4998 auterioribus
2843 4941 3196 5009 editionibus,
3225 4949 3297 4996 tot
3331 4942 3518 5000 iu.una
3543 4957 3606 4998 ca
3631 4958 3796 4998 reme-

2229 5029 2282 5066 ιιι
2306 5029 2434 5066 esse.

2229 5029 2282 5067 ra
2306 5029 2434 5070 τοδε.

2273 5195 2348 5268 (e)
2377 5195 2540 5268 Editi,
2563 5197 2702 5268 quod
2722 5204 2870 5252 natus
2897 5207 2971 5268 est
3001 5215 3013 5250 :
3046 5195 3428 5252 dissidentibus
3455 5213 3588 5253 mss.

2237 5271 2342 5394 Ι(Γ)
2371 5267 2423 5322 lu
2451 5283 2554 5323 ms.
2585 5267 2712 5325 Vat.
2745 5269 2858 5324 bas.
2885 5267 2971 5324 hic
2988 5269 3259 5339 adjicitur,
3281 5271 3494 5341 effectus
3507 5279 3582 5325 est
3619 5269 3794 5328 Deus:

2255 5355 2488 5394 osscma.

2199 5355 2488 5410 glossema.

2273 5410 2352 5486 (g)
2385 5411 2501 5466 Vat.
2531 5413 2650 5486 bas.
2689 5413 2860 5468 codex
2889 5428 3009 5468 cum
3041 5413 3209 5469 altero
3235 5413 3406 5469 Vatic.
3440 5423 3496 5470 et
3539 5415 3790 5484 Carnut.,

2199 5483 2538 5548 eloquentiam
2569 5483 2684 5540 Dei.

2269 5554 2352 5628 (Ιι)
2397 5556 2452 5610 lu
2475 5557 2704 5627 vulgatis
2735 5558 2934 5611 odiosa.
2981 5556 3169 5626 Aptius
3221 5559 3269 5610 iu
3303 5574 3442 5614 mss.
3478 5559 3657 5613 otiosa.
3690 5561 3796 5628 Qui

2196 5637 2378 5682 autem
2407 5628 2580 5683 otiosa
2611 5638 2663 5683 et
2687 5631 2860 5684 inanis
2888 5631 2979 5688 sit.
3008 5632 3262 5684 continuo
3287 5631 3618 5685 declaratur.

2264 5698 2332 5769 (i)
2357 5699 2597 5767 Quatuor
2629 5716 2761 5755 mss.
2807 5701 3123 5756 solre-mlum.
3167 5699 3358 5764 Coi-IL,
3397 5702 3562 5762 l’rat..
3601 5702 3744 5760 Faur
3777 5747 3793 5768 ,

2193 5771 2564 5826 subruendum.
2597 5772 2955 5828 Retineudum
2984 5785 3066 5828 est
3105 5773 3466 5839 subluendum,
3495 5783 3554 5829 ut
3581 5786 3796 5831 milslut

2195 5859 2258 5896 ex
2287 5857 2412 5928 cap.
2441 5843 2478 5899 6
2503 5845 2558 5900 in
2582 5843 2772 5901 Matth.
2797 5861 2852 5901 ιι.
2879 5847 2933 5910 6,
2967 5855 3021 5900 et
3049 5861 3111 5900 ex
3140 5857 3295 5902 tract.
3339 5849 3392 5902 in
3425 5846 3560 5914 psal.
3607 5861 3792 5912 uno,

2199 5931 2250 5967 ll.
2289 5936 2340 5966 ι).
