4048 6502
243 363 316 418 65
1491 359 1580 419 DE
1616 355 1994 416 TRINITATE
2034 358 2234 416 LIBER
2263 360 2330 418 ll.
3493 363 3565 419 66

241 489 370 549 quat
398 475 575 532 morbi
601 484 770 543 sunt;
803 481 858 530 et
888 474 1112 532 totidem
1140 472 1383 531 veritatis
1401 489 1525 531 esse
1547 473 1847 542 doctrinas,
1875 470 1930 532 Δ
1953 473 2096 544 quod
2123 472 2371 532 Christus
2398 476 2676 546 proprium
2708 476 2810 532 sibi
2837 487 3043 545 patrem
3079 477 3244 532 Deum
3267 478 3559 543 confitens,

243 569 522 641 quatidem
584 577 747 627 erunt
800 567 978 623 studia
1025 565 1296 624 falsitatis.
1347 565 1750 624 Contrahantur
1793 567 1845 622 in

244 679 412 721 unum
436 663 661 720 nomina
687 661 1100 731 hereticorum,
1127 669 1186 718 et
1231 675 1425 718 omnes
1475 662 1677 718 schola:
1721 675 1849 733 pro-

243 759 405 816 deant
433 775 450 814 :
481 756 706 815 audiant
743 772 908 814 unum
937 756 1236 828 ingenitum
1270 754 1438 812 Dettm
1484 763 1695 828 patrem
1725 794 1744 821 ,
1794 761 1851 810 et

245 867 412 909 unum
429 851 764 925 unigenitum
785 848 878 905 Dei
902 847 1070 904 lilium
1099 845 1318 918 perfecti
1340 845 1510 918 patris
1538 845 1848 918 progeniem

248 945 576 1018 perfectam;
619 961 728 1001 non
756 958 853 1017 per
879 941 1293 999 diminutionem
1317 941 1594 1012 genitum,
1633 955 1742 996 nou
1783 955 1852 996 ex

245 1038 420 1097 solido
437 1038 774 1110 partealiqua
800 1036 1068 1102 decisum,
1094 1035 1189 1091 sed
1217 1034 1399 1092 omnia
1431 1032 1742 1099 habentem,
1766 1047 1855 1105 ge-

245 1132 432 1190 nuisse
452 1130 531 1206 (a)
541 1131 724 1189 omnia
738 1137 1224 1196 consecutuinmon
1236 1142 1304 1184 ex
1319 1125 1660 1182 derivatione
1679 1124 1854 1182 ﬂuxu-

245 1239 314 1282 ve
329 1223 644 1287 deductum.
657 1221 753 1279 sed
771 1237 840 1278 ex
864 1220 1116 1277 onmibus
1139 1230 1304 1290 atque
1327 1219 1380 1276 in
1395 1217 1646 1276 omnibus
1666 1228 1853 1275 natum

243 1317 318 1374 ab
340 1333 432 1388 eo,
451 1320 545 1392 qui
570 1315 628 1374 in
643 1316 893 1374 omnibus
916 1315 970 1372 in
989 1315 1186 1388 quibus
1213 1324 1300 1370 est
1323 1329 1448 1370 esse
1477 1330 1584 1371 non
1607 1313 1854 1380 desinat;

247 1415 482 1471 liberum
527 1428 560 1469 a
598 1423 875 1484 tempore,
904 1411 1140 1468 solutum
1188 1425 1220 1464 a
1258 1409 1502 1476 steculis,
1559 1425 1657 1482 per
1694 1424 1854 1480 quem

244 1509 431 1566 omnia
450 1507 590 1565 facta
610 1507 692 1582 (l)
719 1515 879 1564 sunt:
902 1522 1078 1577 neque
1096 1505 1240 1561 enim
1267 1519 1391 1562 esse
1415 1505 1470 1561 in
1495 1504 1580 1561 his
1594 1503 1858 1579 (saeculis)

248 1601 586 1675 potit,qu-.e
605 1601 676 1657 ab
701 1600 821 1671 ipso
841 1608 969 1656 sunt
1001 1600 1263 1656 instituta.
1294 1596 1422 1655 llaec
1455 1596 1525 1655 de
1553 1596 1858 1670 Evangeliis

245 1693 512 1752 catholica
537 1702 598 1749 et
629 1691 928 1764 apostolica
957 1689 1228 1748 confessio
1253 1697 1358 1746 est.

318 1787 414 1844 θ’».
447 1783 763 1849 Testimonia
785 1797 968 1840 contra
1005 1781 1315 1848 Sabellium,
1344 1789 1522 1836 contra
1551 1778 1855 1846 Hebionem,

1950 568 2214 639 aequalem
2237 585 2298 626 se
2330 570 2438 625 Dco
2470 568 2658 626 fecerit
2691 587 2704 624 ε
2734 580 2788 625 et
2818 587 2922 625 una
2948 586 3070 624 cuiu
3105 573 3168 624 iis
3191 571 3432 636 audiant,
3467 570 3564 626 Vel

1949 663 2188 736 operibus
2209 666 2336 719 meis
2367 663 2581 730 credite,
2615 665 2736 736 quia
2765 663 2923 719 Pater
2953 665 3004 718 in
3037 681 3136 730 me,
3166 675 3214 720 ct
3237 681 3328 739 ego
3362 666 3416 720 in
3451 664 3560 718 Pu.

1951 765 2026 811 tre
2053 755 2237 827 (Joatt.
2264 772 2356 815 XIV
2377 797 2398 826 ,
2439 757 2557 828 εδ).
2589 756 2764 814 Unum
2790 764 2792 767 ’
2818 759 2980 829 igitur
3012 759 3113 815 hoc
3154 768 3239 814 cst
3285 757 3563 814 immobile

1955 848 2368 908 fundamentum
2394 893 2412 920 ,
2459 869 2563 907 una
2613 852 2730 909 haec
2773 851 2898 908 felix
2931 853 3051 908 liti-ei
3104 868 3255 925 petra
3286 853 3430 910 Petri
3469 869 3566 909 ore

1951 945 2222 1013 confessa,
2252 943 2332 1001 Tu
2359 961 2412 1002 es
2433 943 2604 1001 Filius
2633 944 2728 1001 Dei
2748 946 2843 1016 ritfi
2869 945 3082 1013 (Matth.
3131 962 3244 1012 κη,
3277 947 3384 1018 17),
3419 956 3566 999 tanta

1954 1036 2009 1093 in
2036 1052 2097 1104 se
2125 1038 2402 1094 sustinens
2428 1047 2745 1110 argumenta
2779 1033 3054 1105 veritatis,
3090 1047 3304 1106 quantae
3347 1053 3565 1108 perter-

1953 1129 2174 1186 sitatum
2219 1129 2551 1202 quastioncs
2588 1139 2646 1187 ct
2690 1129 3032 1186 inﬁdelitatis
3061 1131 3348 1185 calumnitu
3380 1147 3552 1186 move-

1955 1223 2177 1280 buntur.

2024 1319 2120 1376 24.
2149 1319 2280 1388 Qua
2297 1329 2485 1376 nostra:
2504 1322 2687 1378 salutis
2712 1338 2870 1377 causa
2897 1321 3132 1377 Christus
3159 1325 3458 1390 susccpt‘rit.
3494 1355 3528 1362 ος
3545 1354 3560 1362 -

1954 1413 2076 1471 iam
2117 1414 2171 1468 in
2208 1416 2424 1471 caeteris
2471 1414 2802 1486 dispensatio
2839 1416 3129 1470 volunt-:tis
3177 1427 3413 1483 μείω-ιω)
3455 1426 3559 1469 Μ,

1955 1505 2145 1579 Virgo.
2177 1514 2236 1564 et
2257 1515 2465 1579 partus,
2495 1518 2553 1564 et
2577 1522 2802 1578 corpus;
2837 1520 3062 1577 [)Ostqitt:
3083 1523 3211 1561 crux
3240 1549 3254 1573 ,
3287 1524 3450 1568 mora,
3483 1508 3564 1561 iu-

1957 1597 2438 1667 fcri,salosnostra
2455 1608 2556 1656 est.
2577 1599 2804 1655 llumaui
2821 1599 2974 1674 ("rec
2990 1604 3110 1655 citat
3132 1599 3246 1656 cod.
3274 1618 3390 1653 cun.
3415 1599 3560 1654 Eccl.

1957 1693 2115 1750 Rom.
2143 1710 2194 1748 c.
2225 1693 2297 1754 ιι
2323 1693 2345 1767 )
2388 1695 2533 1751 enim
2580 1697 2799 1766 generis
2835 1711 2993 1750 causa
3028 1695 3119 1751 Dei
3149 1697 3289 1749 lilius
3319 1709 3474 1750 natus
3495 1711 3562 1751 ex

1961 1787 2172 1860 virgine
2197 1798 2283 1844 est
2304 1796 2361 1844 et
2382 1788 2454 1862 (e)
2480 1788 2685 1860 Spiritu
2713 1798 2924 1855 sancto,
2956 1790 3072 1859 ipso
3093 1789 3194 1846 sibi
3226 1791 3276 1844 iu
3312 1789 3410 1843 hac
3435 1806 3559 1860 ope-

247 1893 431 1940 eantra
455 1880 696 1937 Arianae.
729 1878 887 1935 Petra
913 1877 1056 1934 Petri
1083 1875 1659 1950 eonfessio.-—Patrem
1685 1884 1742 1932 ct
1763 1873 1853 1930 Fi-

1973 1884 2166 1940 'atione
2196 1881 2526 1948 famulante;
2556 1891 2614 1938 ct
2641 1899 2739 1938 sua
2765 1925 2779 1949 ,
2813 1883 2906 1940 Dei
2939 1881 3191 1938 videlicet
3221 1883 3563 1939 inumbrantc

250 1979 404 2047 lium,
431 1975 480 2032 si
508 1974 707 2044 audet,
727 1973 994 2030 Sabellius
1019 1969 1271 2030 eumdem
1301 1971 1653 2044 prmdiect,ct
1671 1969 1746 2042 (ὁ)
1771 1970 1851 2042 ip-

249 2093 372 2134 sum
417 2075 570 2132 illum
625 2087 750 2132 esse
797 2072 888 2145 qui
945 2081 1232 2142 utrumque
1268 2071 1341 2127 sit
1377 2080 1754 2142 nuncupatos;
1794 2079 1853 2126 ut

249 2181 376 2222 cum
399 2181 470 2222 eo
493 2179 636 2222 unus
657 2165 731 2221 sit
752 2165 938 2225 ambo.
966 2179 1075 2220 non
1105 2175 1292 2219 unum.
1321 2157 1523 2216 Audiet
1559 2159 1742 2215 statim
1782 2157 1854 2216 de

253 2258 565 2330 Evangeltis
591 2274 700 2313 uou
725 2257 894 2314 semel
927 2271 1106 2328 neque
1135 2255 1356 2320 iterum,
1384 2251 1481 2308 sed
1516 2252 1854 2324 frequenter,

261 2350 362 2406 llic
399 2361 476 2408 est
513 2352 658 2422 ﬁlius
701 2369 846 2408 meus
888 2350 1108 2408 dilectus
1128 2391 1143 2418 ,
1192 2350 1248 2405 in
1278 2365 1381 2419 quo
1412 2347 1538 2403 bene
1567 2345 1856 2416 cornptacui

255 2443 416 2518 (lat.
446 2460 577 2512 xvu,
603 2445 683 2518 5).
707 2446 924 2512 Audiet,
944 2441 1104 2499 Pater
1127 2447 1296 2518 major
1321 2459 1401 2498 me
1423 2452 1502 2498 est
1525 2437 1707 2514 (han.
1740 2452 1856 2505 xiv,

253 2541 372 2612 εδ).
405 2541 646 2607 Audiet,
697 2538 812 2612 Ego
854 2539 986 2595 vado
1013 2537 1083 2594 ad
1112 2536 1322 2593 Patrem
1345 2535 1598 2608 (Ibidem,
1626 2531 1752 2606 li);
1780 2541 1857 2599 et,

255 2632 417 2689 Pater
442 2635 638 2707 gratias
667 2634 760 2689 tibi
783 2651 884 2708 ago
911 2630 1090 2704 (locu.
1121 2646 1204 2698 χι,
1233 2632 1330 2701 bl)
1355 2645 1372 2696 ;
1401 2636 1476 2696 et,
1508 2627 1590 2702 (2)
1619 2626 1864 2696 Clariﬁca

256 2742 358 2794 ure,
391 2726 552 2782 Pater
565 2724 743 2797 (Joan.
769 2742 906 2792 xvu,
931 2728 988 2798 5)
1010 2723 1248 2798 ςωει,
1271 2721 1351 2778 Tu
1378 2739 1432 2778 es
1455 2718 1627 2777 Filius
1645 2717 1744 2774 Dei
1769 2719 1866 2774 rivi

259 2817 476 2892 (lauit.
519 2834 630 2887 xvr,
659 2821 775 2891 l7).
802 2819 1074 2890 Subrepat
1101 2818 1310 2898 llebion
1331 2856 1349 2884 ,
1395 2813 1469 2889 (c)
1514 2813 1725 2869 initiutn
1752 2811 1866 2867 lilio

263 2914 358 2971 Dei
384 2930 454 2971 cx
482 2913 650 2970 Iaria
671 2913 1001 2978 concedens,
1031 2924 1089 2967 et
1119 2908 1354 2967 Verbum
1389 2924 1420 2962 a
1464 2905 1658 2962 diebus
1685 2903 1867 2959 carnis

259 3007 586 3082 intelligens.
620 3009 703 3082 (ὅ)
734 3009 978 3081 Relegat,
1011 3005 1204 3074 Pater,
1233 3004 1466 3074 rtariﬁca
1501 3017 1583 3056 tne
1611 2998 1754 3072 apud
1789 3008 1867 3054 te-

261 3105 535 3175 metipsum
559 3121 624 3160 ea
651 3103 907 3171 claritate,
945 3117 1100 3172 quam
1129 3100 1284 3154 habui
1313 3097 1455 3168 apud
1477 3107 1525 3151 te
1556 3094 1698 3166 prius
1713 3107 1870 3164 quant

263 3199 484 3254 mundus
503 3209 634 3254 esset
653 3197 984 3272 (Joan.xvu,
1013 3196 1108 3268 5);
1137 3205 1216 3263 et,
1243 3193 1310 3248 In
1339 3190 1594 3266 principio
1607 3199 1716 3244 erat
1748 3187 1871 3242 Ver-

1953 1977 2171 2042 virtute,
2203 1977 2450 2047 corporis
2489 1975 2592 2032 sibi
2621 1976 2774 2032 initia
2797 1979 3080 2044 consevit,
3109 1984 3165 2032 et
3192 1976 3418 2033 exordia
3443 1993 3564 2032 car-

1955 2069 2040 2124 nis
2058 2068 2326 2135 instituit;
2350 2080 2408 2126 ut
2432 2067 2596 2125 homo
2617 2069 2792 2126 lactus
2818 2084 2884 2125 ex
2921 2067 3128 2141 virgine
3149 2079 3394 2125 naturam
3419 2069 3473 2124 in
3503 2085 3564 2125 sc

1954 2160 2136 2217 carnis
2157 2163 2449 2232 acciperet,
2477 2175 2678 2232 perque
2697 2159 2857 2230 hujus
2877 2160 3225 2217 admixtionis
3249 2162 3564 2218 societatem

1956 2257 2349 2312 sanctiﬁcatum
2390 2255 2444 2311 itt
2473 2269 2541 2312 eo
2571 2255 2806 2310 universi
2836 2255 3052 2326 generis
3083 2256 3300 2310 humani
3327 2254 3398 2326 (ί)
3445 2271 3568 2310 cor-

1961 2364 2061 2422 pus
2081 2349 2374 2405 exsisteret
2405 2366 2418 2402 :
2452 2358 2510 2403 ut
2532 2347 2986 2419 quemadmodum
3011 2365 3202 2404 omnes
3223 2349 3276 2404 in
3303 2365 3363 2404 se
3389 2366 3484 2420 per
3515 2348 3568 2404 id

1959 2441 2103 2515 quod
2132 2459 2454 2514 corporeum
2482 2457 2542 2499 se
2566 2456 2688 2498 esse
2713 2441 2882 2498 voluit
2914 2443 3283 2500 conderentur
3307 2485 3322 2509 ,
3353 2443 3425 2498 ita
3453 2460 3571 2498 rur-

1963 2550 2083 2592 sum
2105 2537 2158 2592 in
2189 2550 2382 2591 oumes
2422 2536 2537 2606 ipse
2564 2550 2659 2604 per
2680 2534 2732 2590 id
2765 2534 2907 2606 quod
2940 2535 3057 2602 ejus
3081 2546 3163 2590 est
3191 2535 3460 2592 invisibile
3485 2552 3569 2590 re-

1963 2629 2216 2685 ferretur.
2247 2628 2342 2684 Dei
2369 2628 2530 2697 igitur
2551 2628 2729 2697 iuiago
2753 2626 3035 2683 invisibilis
3052 2627 3314 2699 pudorem
3340 2628 3561 2683 humani

1965 2722 2176 2780 exordii
2217 2739 2326 2780 non
2353 2723 2642 2786 recusavit,
2670 2731 2725 2776 ct
2752 2737 2848 2792 per
2867 2725 3302 2794 conceptionem,
3333 2733 3568 2792 partum,

1966 2817 2228 2886 vagitum,
2257 2831 2445 2883 cunas,
2493 2831 2684 2873 omnes
2713 2825 2920 2870 natura:
2969 2822 3171 2872 nostrae
3217 2815 3572 2872 contumelias

1971 2911 2381 2966 transcucurrit.

2043 3001 2148 3075 41
2177 3002 2268 3058 25.
2306 3002 2458 3070 Quod
2479 3001 2608 3056 nihil
2627 3002 2839 3073 dignum
2876 2999 3155 3074 rependere
3190 3002 3470 3060 valeamus.
3504 3033 3576 3045 ——

1971 3095 2110 3162 Quid
2143 3095 2362 3150 tandem
2387 3095 2611 3166 dignum
2633 3111 2662 3148 a
2696 3097 3040 3152 nobislanlm
3062 3095 3392 3167 dignationis
3415 3096 3580 3153 allec-

1975 3190 2050 3246 tui
2093 3189 2463 3261 rependelur?
2503 3187 2884 3260 lueuarrabilis
2918 3204 2950 3243 a
2998 3191 3112 3245 Deo
3151 3190 3378 3260 originis
3443 3206 3581 3246 unus

263 3291 406 3357 bunt,
435 3300 484 3347 et
525 3260 739 3346 Verbum
777 3300 885 3347 erat
911 3260 1250 3363 ttptttibtttitt
1273 3328 1290 3354 ,
1338 3260 1386 3342 et
1413 3260 1558 3340 Deus
1591 3291 1702 3338 erat
1739 3281 1864 3337 νει·-
1891 3260 1940 3327 CI
1973 3260 2280 3354 unigenitus
2311 3282 2484 3349 Deus,
2513 3282 2568 3336 in
2589 3281 2896 3353 corpusculi
2916 3279 3136 3336 humani
3165 3284 3390 3338 formam
3416 3300 3576 3340 sanc-

263 3385 382 3441 bnat
407 3381 592 3457 (Joan.
617 3401 656 3452 t,
688 3387 775 3456 l);
805 3395 882 3451 ct,
912 3384 1099 3440 Omnia
1131 3400 1222 3454 per
1246 3398 1363 3437 eum
1389 3385 1530 3452 facta
1550 3388 1671 3433 sunt
1699 3375 1862 3448 (Ibid.

261 3480 356 3554 3);
385 3490 463 3550 et,
487 3478 555 3536 In
586 3482 793 3567 πεμπάς
800 3490 930 3546 erat,
955 3491 1000 3535 et
1014 3479 1238 3534 mundus
1259 3494 1354 3548 per
1382 3477 1548 3544 ipsum
1581 3474 1748 3544 factus
1771 3481 1868 3538 est,

263 3585 312 3631 et
325 3576 550 3631 mundus
565 3591 680 3631 eum
699 3564 801 3629 non
813 3575 1048 3646 cognorit
1061 3579 1076 3642 ί
1089 3571 1110 3626 l
1119 3571 1226 3627 bid.
1237 3613 1252 3637 ,
1277 3569 1367 3642 10)
1378 3612 1392 3626 .
1412 3569 1656 3624 Existunt
1677 3564 1756 3638 (tl)
1774 3581 1872 3620 uo-

263 3672 389 3728 velli
422 3672 778 3742 apostolatus,
830 3670 927 3727 sed
982 3669 1052 3724 ab
1097 3667 1438 3733 amictu-isto,
1468 3662 1870 3734 prxdicatorcs,

263 3765 415 3822 omni
437 3765 764 3822 contumelia
792 3765 882 3820 Dei
909 3765 1078 3818 tilium
1103 3761 1392 3817 illudentes
1415 3775 1429 3810 ;
1453 3765 1508 3813 et
1525 3755 1605 3827 (ι)
1631 3755 1874 3820 audiant,

266 3859 382 3934 Ego
418 3861 483 3915 de
511 3856 670 3914 Patre
697 3860 829 3914 exiri
859 3856 1042 3921 (lauit.
1081 3870 1196 3924 ενι,
1221 3854 1349 3926 28);
1378 3862 1454 3918 et,
1493 3848 1663 3904 Filius
1685 3849 1738 3902 in
1767 3845 1879 3900 Pa-

273 3955 370 4009 tris
398 3955 516 4009 sitttt
536 3950 715 4025 (Joan.
743 3969 780 4021 I,
814 3950 938 4024 l8);
981 3959 1070 4015 et,
1104 3949 1214 4021 Ego
1246 3957 1292 4002 et
1325 3946 1480 4002 Pater
1516 3960 1677 3999 unum
1705 3959 1882 3997 sumus

265 4045 449 4121 (locu.
485 4063 540 4112 x.
571 4046 705 4118 50);
737 4056 812 4112 et,
846 4043 960 4118 Ego
989 4044 1043 4098 in
1069 4042 1246 4108 Patre,
1261 4051 1307 4096 et
1331 4039 1491 4095 Pater
1515 4039 1570 4093 in
1589 4055 1668 4094 me
1699 4034 1880 4110 (1mm.

263 4155 376 4206 xiv,
423 4141 535 4210 ll).
570 4139 638 4195 Et
685 4146 961 4209 postremo
1000 4151 1106 4192 una
1149 4149 1276 4191 cum
1304 4131 1505 4189 iudmis
1541 4131 1883 4196 irascantur,

337 4255 419 4330 ll)
452 4254 594 4330 Sit"-

337 4317 423 4399 (Ξ)
468 4327 737 4408 (litori/ica.
787 4325 864 4382 Ita
901 4334 957 4381 et
997 4325 1050 4380 in
1099 4321 1291 4380 Graeco
1343 4329 1492 4378 textu
1519 4337 1534 4377 :
1563 4317 1778 4386 δόξασὸν
1804 4341 1864 4389 με

267 4397 447 4475 (tm.
469 4415 600 4467 xvu,
628 4397 704 4470 5).

337 4520 418 4592 (ο)
444 4521 572 4577 Post
597 4519 832 4593 genuisse
858 4518 1075 4593 additur
1101 4517 1154 4573 in
1186 4531 1302 4593 uno
1316 4513 1590 4593 ms.Colb.
1623 4512 1873 4593 genitum.

1975 3387 2043 3434 tae
2066 3377 2299 3449 Virginis
2325 3383 2483 3432 utero
2511 3375 2751 3431 insertus
2779 3375 3068 3430 accrescit.
3101 3375 3206 3443 Qui
3245 3380 3426 3430 omnia
3450 3393 3583 3433 con-

1974 3475 2138 3535 tinet,
2169 3481 2227 3528 et
2250 3473 2388 3526 intra
2417 3484 2578 3538 quem
2610 3476 2666 3524 et
2697 3484 2792 3539 per
2837 3485 2996 3539 quem
3041 3479 3232 3524 cuncta
3270 3479 3394 3525 sunt
3419 3512 3436 3537 ,
3472 3471 3576 3526 hu-

1977 3566 2118 3620 mani
2171 3575 2355 3635 partus
2385 3563 2501 3634 lege
2533 3561 2836 3631 profertur,
2880 3571 2936 3618 et
2963 3563 3029 3616 ad
3059 3561 3213 3634 cujus
3259 3579 3444 3619 vocem
3477 3567 3581 3620 Ar-

1979 3655 2226 3728 changcli
2268 3666 2431 3727 atque
2467 3654 2656 3725 Angeli
2689 3663 2964 3719 tremunt,
3017 3655 3214 3711 malum
3263 3663 3320 3712 et
3359 3670 3503 3713 terra
3529 3667 3586 3714 ct

1984 3752 2168 3804 omnia
2215 3747 2398 3802 mundi
2432 3745 2594 3818 hujus
2640 3746 2721 3818 (ὅ)
2773 3748 2851 3818 (g)
2888 3748 3232 3803 resolvuntur
3282 3749 3584 3819 elementa,

1983 3841 2163 3912 vagitu
2214 3840 2454 3895 infantia:
2484 3838 2722 3895 auditur.
2782 3839 2887 3907 Qui
2934 3841 3219 3897 invisibilis
3267 3852 3323 3898 et
3378 3843 3585 3899 incom-

1987 3936 2369 4009 prehensibilis
2407 3945 2520 3998 est,
2557 3951 2664 3990 non
2698 3934 2845 4000 visu,
2873 3951 3036 3990 sensu
3057 3975 3074 4000 ,
3122 3945 3371 4006 tactuque
3401 3937 3576 3992 mode-

1989 4032 2226 4097 raudus,
2259 4029 2414 4086 cunis
2457 4039 2541 4085 est
2570 4027 2879 4085 obvolutus.
2930 4028 3053 4084 llaec
3103 4030 3147 4084 si
3193 4031 3312 4102 quis
3369 4031 3586 4104 indigna

1993 4126 2103 4182 Deo
2135 4123 2370 4191 recolet,
2424 4131 2572 4177 tanto
2629 4137 2690 4178 se
2736 4122 2957 4189 majoris
2994 4122 3242 4180 beneﬁcii
3291 4123 3583 4180 obnoxium

2058 4243 2136 4316 (Ti)
2165 4241 2378 4316 llelegut
2411 4255 2628 4294 mecum.

2076 4313 2132 4386 4)
2166 4313 2411 4386 ᾼοσάὶεηι.

2080 4383 2134 4457 5)
2162 4385 2518 4452 Resolventur,
2542 4393 2728 4440 noster
2753 4397 2876 4439 cum
2909 4383 3032 4441 aliis
3055 4400 3192 4442 mss.

1986 4507 2130 4562 tione
2160 4505 2467 4562 universam
2499 4503 2551 4558 iu
2575 4519 2638 4557 ea
2659 4505 2918 4560 tenuisse.
2941 4504 3091 4559 llaud
3118 4504 3349 4561 absimili
3378 4510 3588 4569 ratione

451 4574 572 4647 vii.
597 4574 740 4647 alias.
774 4590 944 4647 codex
971 4632 987 4657 ,
1018 4591 1189 4660 ipsum
1235 4587 1333 4644 sibi
1361 4603 1468 4642 esse
1493 4603 1510 4640 :
1537 4574 1648 4642 ηοιῖ
1676 4587 1871 4655 placet.
1903 4583 1957 4643 D
1981 4579 2092 4660 Leo
2121 4576 2500 4660 papa‘Sermg
2615 4574 2912 4658 Epiphania
2944 4580 3022 4630 ait
3042 4575 3312 4660 Christum
3340 4590 3584 4660 naturam

345 4593 399 4666 (b
451 4593 572 4647 Vat.
625 4593 740 4647 bas.
774 4593 944 4647 codex
971 4632 987 4657 ,
1018 4593 1189 4660 ipsum
1235 4593 1333 4644 sibi
1361 4603 1510 4642 esse:
1537 4602 1644 4642 non
1676 4593 1870 4655 placet.

345 4598 422 4737 (ei
443 4665 498 4720 lu
519 4664 650 4720 edit.
678 4679 824 4718 omne
841 4663 1063 4718 initium.
1096 4659 1264 4717 Abest
1288 4675 1436 4714 onme
1463 4673 1494 4714 a
1524 4673 1653 4713 mss.
1679 4669 1870 4728 quam-

274 4739 356 4794 \is
377 4746 553 4793 exstet
575 4752 726 4791 num.
757 4737 811 4791 4.

347 4828 680 4904 (ιιλεξωυδὶ,
707 4825 920 4904 sedauit
949 4825 1270 4904 antichristo.
1293 4821 1515 4904 Carnut.
1540 4820 1718 4904 code}
1754 4833 1876 4904 eum

275 4891 384 4957 uno
406 4891 606 4968 'Colb.,
657 4891 840 4954 novelli
878 4898 1100 4972 apostoli
1145 4898 1240 4972 sub
1277 4895 1621 4972 ant_irltristo._
1659 4891 1880 4948 Rectius

274 4976 389 5040 alii,
416 4963 604 5028 norelti
634 4963 977 5042 apostolatus,
1005 4968 1096 5022 sed
1107 4966 1539 5042 (abantichristo.
1572 4963 1624 5019 iil
1648 4974 1753 5042 est,
1778 4977 1883 5042 no-

277 5035 477 5102 vellum
507 5035 867 5115 ap-istolatnm
895 5035 1001 5115 non
1025 5056 1052 5093 a
1077 5037 1437 5115 Cliristo_.__scd
1463 5038 1532 5091 ab
1558 5035 1880 5115 antichristi!

273 5104 605 5173 obtinentes.
632 5114 787 5183 Quod
810 5113 1160 5170 conﬁrmatur
1182 5111 1270 5185 bis
1292 5110 1387 5164 lib.
1420 5125 1491 5185 vi,
1525 5124 1578 5185 ῃ.
1604 5108 1672 5162 ‘57
1696 5125 1716 5185 ς
1748 5104 1880 5185 Mihi

276 5200 328 5242 tu
352 5189 526 5255 hodie,
556 5179 677 5242 nari
695 5187 1012 5252 apostolatus
1041 5183 1262 5237 mendax
1288 5180 1650 5246 sacerdotium,
1690 5179 1880 5248 ingeris

278 5260 539 5316 Christum
560 5277 623 5314 tu:
643 5258 808 5312 nihilo
833 5271 1138 5311 creaturam.

348 5356 426 5424 (ι)
455 5354 716 5421 Spiritum
759 5362 1006 5424 sanctum
1049 5348 1136 5404 hic
1167 5347 1402 5424 Verbum
1429 5345 1608 5424 ipsum
1654 5338 1880 5424 intelligi

281 5412 624 5479 inanilestum
656 5435 740 5478 est
784 5439 849 5478 ex
909 5419 1382 5488 subsequentibus.
1429 5412 1560 5470 Illuc
1607 5430 1724 5476 cap.
1760 5412 1795 5465 9.
1826 5412 1880 5466 in

283 5497 468 5552 Matth.
500 5513 554 5550 n.
575 5495 631 5560 ὅ,
656 5497 856 5548 diserte
881 5493 1073 5561 legitur
1092 5487 1341 5546 Christus
1381 5506 1443 5543 ea:
1473 5487 1685 5541 muliere
1706 5495 1877 5550 nutus,

285 5587 373 5639 prr
411 5568 629 5622 Verbum
658 5583 778 5620 cura
808 5568 995 5636 factus.

354 5664 426 5734 (f)
453 5661 555 5716 llic
576 5669 634 5736 et
671 5659 798 5715 alibi
845 5660 1047 5736 sentire
1095 5656 1304 5711 videtur
1350 5653 1583 5736 lii'larius
1607 5648 1879 5736 Christum

287 5725 391 5792 noii
407 5725 764 5804 singularem,
789 5731 882 5786 sed
907 5729 1221 5804 universam
1238 5726 1453 5804 generis
1485 5725 1699 5804 humani
1727 5731 1878 5776 uatu-

286 5822 396 5861 I’Jltl
426 5794 801 5873 a<§itmpsisse.
832 5808 920 5866 At,
963 5812 1020 5854 ut
1047 5817 1112 5854 ex
1141 5794 1399 5873 suliiiexis
1421 5796 1609 5873 liquet,
1651 5794 1752 5848 hoc
1787 5808 1881 5861 po-

288 5879 392 5936 tius
436 5867 629 5946 sensit,
662 5892 786 5930 eum
824 5885 1028 5928 naturze
1065 5871 1221 5928 unius
1246 5887 1308 5927 ac
1330 5867 1616 5939 singularis
1655 5881 1871 5935 suscep-

1982 4647 2233 4705 tmirérsttt
2255 4647 2587 4719 humanitatis
2627 4648 2991 4719 as‘sntnpsjsse
3017 4666 3031 4702 :
3063 4657 3120 4702 et
3157 4649 3401 4719 vulgatus
3431 4651 3585 4710 Titus

1985 4722 2291 4778 Bostrensis
2314 4724 2369 4775 in
2391 4717 2520 4774 Luc.
2549 4733 2670 4788 cap.
2699 4716 2777 4794 )2
2812 4737 2823 4770 ;
2858 4717 2962 4773 Per
2988 4737 3168 4794 rnasstv
3188 4716 3379 4794 nostra:
3407 4725 3587 4794 primi-

1987 4799 2087 4848 tias
2113 4794 2400 4847 universam
2423 4800 2659 4845 naturam
2689 4789 2969 4844 humanum
2990 4791 3238 4848 induisse.
3271 4789 3417 4850 llinc'
3447 4795 3586 4852 Grc-

1983 4869 2168 4936 gorius
2194 4864 2354 4936 Nyss.
2383 4863 2478 4920 0r.
2514 4861 2723 4936 t-ateclt.
2754 4877 2804 4916 c.
2837 4861 2928 4926 52,
2948 4878 2982 4936 _a
3017 4863 3359 4919 'l'heodoreto
3381 4869 3586 4925 relatus

1985 4934 2116 4992 dial.
2150 4934 2436 4999 tu.'docet
2485 4935 2604 4987 ideo
2645 4948 2745 4987 nos
2770 4948 2893 4987 cum
2921 4934 3138 4990 Christo
3181 4939 3542 4993 resurrexisse
3567 4983 3582 5000 .

1985 5010 2108 5080 quia
2134 5025 2238 5080 non
2270 5005 2497 5062 aliunde.
2529 5021 2684 5074 quam
2715 5021 2776 5058 cx.
2805 5021 2974 5058 massa
3007 5017 3182 5060 nostra
3208 5049 3222 5073 ,
3271 5018 3378 5062 erat
3431 5011 3584 5066 homo

1981 5082 2069 5151 qui
2114 5079 2280 5151 Deum
2328 5080 2725 5151 suscepit.__qtt_i
2773 5092 2862 5146 per
2889 5081 3308 5151 resonet-tierunt
3332 5083 3586 5137 multatus

1985 5146 2080 5206 est.
2119 5150 2362 5212 Pri-inite,
2397 5147 2572 5219 inquit
2600 5146 2757 5210 ibid.,
2786 5165 2845 5201 uc
2872 5148 2917 5201 si
2954 5151 3190 5204 universa
3219 5159 3404 5205 natura
3427 5170 3586 5208 unum

1982 5222 2243 5292 qttoddum
2285 5229 2413 5276 esset
2441 5219 2654 5283 animal,
2685 5220 2838 5292 unius
2869 5221 3029 5288 partis
3059 5225 3361 5276 resurrectio
3409 5227 3462 5278 in
3507 5238 3580 5279 lo-

1984 5291 2090 5350 tum
2124 5303 2372 5363 penetrat.
2403 5291 2851 5363 ItarAmbrosius,
2877 5294 2970 5345 tib.
3003 5307 3053 5347 tv
3073 5297 3141 5345 de
3171 5293 3320 5360 Fide,
3347 5313 3460 5363 θην.
3496 5302 3580 5362 to,

1987 5382 2086 5422 nos
2116 5362 2168 5420 in
2197 5366 2416 5420 Christo
2442 5362 2508 5417 ad
2527 5363 2804 5418 dexteram
2829 5364 3002 5416 l’atris
3031 5371 3222 5418 seuere
3251 5362 3468 5421 enarrat
3495 5385 3587 5434 per

1984 5438 2214 5510 corporis
2255 5437 2520 5510 inritatam.
2553 5433 2687 5488 llinc
2719 5435 3014 5510 illustratur
3049 5446 3313 5502 quatenus
3349 5433 3585 5494 “ll-ll‘llls

1987 5507 2110 5565 cuin
2141 5509 2388 5564 Patribus
2417 5507 2536 5561 aliis
2562 5518 2764 5560 asserat
2796 5508 3070 5559 Christum
3113 5519 3316 5562 natura:
3339 5550 3352 5571 ,
3383 5511 3585 5564 Sancti-

1990 5584 2132 5643 tatis,
2161 5578 2574 5652 resurrectionis
2602 5594 2665 5652 ac
2687 5578 3010 5652 gloriazsua:
3042 5593 3140 5632 nos
3159 5580 3268 5652 jam
3295 5581 3583 5652 participes

1986 5654 2231 5709 etl'ecisse
2293 5649 2423 5706 Vide
2449 5648 2502 5705 in
2533 5648 2729 5705 Adnot.
2766 5648 2834 5703 ad
2876 5650 3086 5703 Cotum.
3134 5653 3184 5704 in
3213 5650 3399 5706 Matth.
3431 5648 3501 5707 'c.'
3526 5653 3582 5721 2,

1987 5742 2114 5782 num
2131 5771 2134 5773 λ
2165 5725 2198 5782 ὅ

2059 5820 2136 5893 (g)
2168 5819 2224 5876 lu
2266 5815 2509 5889 pluribus
2529 5827 2661 5872 mss.
2693 5814 3029 5869 resolvuntur.
