4048 6486
503 367 566 421 7|
1744 366 1990 425 SANC‘I'I
2031 365 2286 424 IIILARII
2325 367 2628 427 EPISCOPI
3737 373 3808 424 ἠ

504 484 577 536 lio
614 483 922 554 frequenter
965 481 1208 554 intelligi.
1261 482 1319 539 lu
1341 497 1448 553 quo
1506 482 1638 539 nihil
1693 485 1926 554 scrupuli
1974 493 2096 540 est:
2127 484 2388 557 Amabat
2427 501 2444 540 :
2497 484 2642 557 quod
2693 485 2936 545 Samaria
2983 483 3054 540 ad
3115 483 3450 542 adorandum
3485 486 3656 542 Deum
3709 501 3806 554 per

512 575 627 630 sive
657 579 800 630 enim
829 575 1009 643 l'ate‘r,
1042 576 1155 632 sive
1187 576 1374 644 Fiiins,
1414 575 1495 650 (l)
1543 576 1622 648 (a)
1671 585 1725 632 et
1769 577 2004 648 Spiritus
2051 587 2108 634 et

509 680 730 724 δωιοιιιε
757 678 836 726 851
849 714 859 722 .
953 677 956 681 ’

581 761 692 835 45
741 765 830 820 5|.
881 764 996 832 Qua
1025 765 1220 820 ratione
1238 765 1430 819 dictum
1455 765 1542 829 sit,
1583 762 1726 817 Deus
1755 763 1986 834 Spiritus
2011 774 2104 820 est.

511 856 676 912 Error
694 859 1042 915 Samaritana!
1063 859 1229 916 Deum
1243 859 1433 928 tentplo
1453 858 1532 914 vel
1553 865 1719 912 monte
1731 858 2111 912 claudentis.—

507 951 614 1008 Scd
644 951 698 1007 id
726 953 870 1024 quod
899 953 950 1006 in
982 951 1288 1023 Evangeliis
1323 952 1548 1024 legitur,
1575 951 1710 1020 Quia
1742 949 1879 1006 Deus
1897 951 2110 1022 spiritus

505 1043 772 1118 est(Joan.
797 1063 874 1116 iv,
901 1047 1020 1116 24),
1044 1047 1329 1117 diligenter
1353 1057 1436 1102 est
1457 1045 1818 1102 contuendum
1839 1043 2112 1117 quomodo

509 1149 564 1197 et
595 1155 699 1211 qua
737 1141 951 1197 ratione
997 1141 1070 1196 sit
1119 1141 1348 1197 dictum.
1403 1139 1578 1196 Omne
1629 1139 1774 1196 enim
1823 1139 2024 1194 dictum
2053 1148 2112 1196 ut

503 1233 716 1290 dic-.tur
764 1249 836 1290 ex
863 1249 1024 1290 causa
1055 1243 1173 1302 est,
1225 1243 1283 1290 et
1317 1233 1450 1290 dieti
1482 1233 1622 1288 ratio
1666 1249 1734 1288 ex
1791 1247 1954 1288 sensu
2003 1233 2111 1288 erit

507 1326 859 1398 intelligenda
888 1327 970 1397 (ὁ)
1000 1323 1211 1382 dicendi
1235 1342 1248 1392 ;
1275 1343 1342 1381 ne
1365 1327 1489 1396 quia
1518 1340 1840 1396 responsum
1867 1341 1898 1380 a
1925 1324 2110 1381 Domi-

509 1435 578 1474 no
607 1430 710 1484 est,
759 1421 987 1492 Spiritus
1019 1419 1157 1475 Deus
1182 1429 1286 1484 est.
1317 1419 1520 1476 ideirco
1547 1433 1670 1474 cum
1726 1419 1900 1474 sancti
1933 1415 2104 1490 Spiri-

505 1521 593 1568 tus
621 1513 840 1568 nomine
861 1521 916 1569 et
941 1527 1072 1572 usus
1105 1523 1330 1586 negetur
1350 1520 1406 1570 et
1433 1513 1656 1568 donum.
1688 1509 1826 1568 Cum
1869 1509 2110 1568 Samari-

507 1618 630 1662 tana
687 1608 914 1663 Domino
966 1615 1086 1664 erat
1113 1622 1294 1664 sermo
1333 1624 1348 1661 :
1385 1615 1608 1664 venerat
1631 1605 1774 1662 enim
1806 1605 2109 1675 redemptio

513 1701 916 1757 universorum.
963 1701 1060 1756 Cui
1105 1711 1225 1771 post
1255 1700 1482 1756 multum
1521 1714 1826 1770 sermonem
1852 1699 1926 1770 (ε)
1953 1713 2108 1766 aqua:

513 1793 674 1860 vivae,
721 1803 776 1849 et
816 1795 1054 1864 quinque
1091 1796 1367 1860 virorum,
1420 1802 1475 1848 et
1505 1807 1648 1849 nunc
1700 1795 1822 1864 ejus
1848 1795 2110 1864 quiesset

2212 579 2696 650 transgressionem
2729 579 2864 648 legis
2887 579 3064 636 locum
3091 581 3294 636 montis
3319 579 3564 652 elegerat
3581 620 3598 644 ,
3625 575 3808 636 Judaei

2209 688 2340 728 vero
2369 675 2624 746 templum
2649 689 2682 729 a
2713 673 3008 730 Salomone
3023 671 3300 730 conditum
3323 673 3600 744 religionis
3621 671 3808 728 sedem

2209 765 2620 822 existimabant
2653 781 2887 838 quorum
2913 762 3268 838 utrorumque
3295 766 3648 838 prtesumptio
3671 805 3690 832 ,
3717 774 3812 820 aut

2209 857 2368 914 (tollis
2407 857 2577 928 edito,
2605 867 2700 914 aut
2737 869 3036 916 exstructa:
3080 859 3277 916 domus
3326 873 3605 923 concavo,
3637 857 3810 914 Deum

2209 949 2348 1008 intra
2379 967 2541 1023 quem
2595 953 2774 1008 omnia
2830 960 2887 1008 ct
2931 961 3081 1009 extra
3115 967 3276 1024 quem
3307 951 3446 1009 nihil
3489 953 3608 1023 ejus
3635 966 3808 1023 capax

2209 1053 2326 1109 est,
2363 1043 2693 1100 continebat.
2739 1043 2883 1115 Ergo
2907 1044 3030 1114 quia
3065 1043 3205 1100 Deus
3251 1043 3564 1111 invisibilis,
3599 1042 3810 1098 incom-

2211 1135 2611 1208 prehensibilis,
2631 1136 2700 1193 im
2709 1153 2928 1194 mensus
2945 1134 3058 1211 ω
3073 1145 3178 1203 est;
3208 1138 3284 1192 ait
3301 1135 3562 1192 Dominus
3591 1137 3810 1192 venisse

2211 1235 2521 1302 tetnpus,.ut
2547 1247 2654 1286 non
2686 1231 2740 1286 in
2771 1239 2957 1288 monte
2975 1233 3056 1288 vel
3079 1231 3282 1303 templo
3311 1231 3450 1287 Deus
3471 1231 3544 1288 sit
3569 1229 3810 1286 adoran-

2209 1322 2346 1381 dus:
2379 1324 2502 1396 quia
2523 1325 2736 1396 spiritus
2765 1323 2906 1380 Deus
2942 1335 3054 1391 est,
3103 1335 3158 1378 et
3179 1324 3400 1395 spiritus
3437 1337 3539 1378 nec
3571 1323 3811 1378 circum-

2209 1418 2488 1484 scribitur,
2519 1433 2620 1474 nec
2642 1425 2886 1484 tenetur,
2915 1417 2996 1490 (τι)
3020 1420 3111 1490 qui
3141 1431 3240 1488 per
3265 1423 3472 1472 initura:
3493 1431 3608 1471 suae
3637 1417 3812 1472 virtu-

2210 1518 2320 1568 tem
2347 1511 2546 1584 ubique
2587 1521 2704 1580 est,
2751 1527 2930 1584 neque
2959 1527 3186 1582 usquam
3231 1509 3419 1576 abest,
3451 1510 3506 1566 in
3553 1509 3812 1587 omnibus

2209 1607 2390 1664 omnis
2431 1607 2776 1664 exuberans:
2821 1608 2920 1662 hos
2945 1606 3107 1678 igitur
3135 1620 3295 1662 veros
3316 1620 3440 1662 esse
3465 1604 3808 1670 adoratum,

2208 1703 2302 1773 qui
2332 1702 2386 1756 in
2429 1702 2632 1774 Spiritu
2653 1713 2710 1758 et
2736 1700 2964 1758 veritate
2991 1703 3108 1758 sint
3141 1699 3442 1756 adoraturi.
3485 1697 3812 1756 Adoraturis

2210 1805 2389 1854 autem
2421 1796 2478 1854 in
2509 1797 2716 1869 Spiritu
2743 1798 2916 1854 Deum
2937 1797 3200 1867 Spiritum
3223 1837 3239 1862 ,
3263 1795 3337 1870 (ε)
3361 1795 3499 1850 alter
3525 1794 3577 1850 in
3602 1793 3808 1860 bllieio,

510 1887 1043 1960 alienus(lbid.,20),
1067 1887 1260 1943 mulier
1279 1887 1584 1958 respondit:
1609 1885 2104 1954 Dominr,auimad-
2135 1908 2186 1972 Β
2211 1891 2349 1946 alter
2375 1890 2430 1947 in
2459 1889 2666 1947 honore
2693 1902 2813 1956 est;
2841 1888 2968 1962 quia
3010 1887 3304 1946 discretum
3329 1897 3418 1944 est
3437 1887 3492 1942 in
3527 1903 3636 1959 quo
3659 1886 3816 1958 quis-

512 1991 651 2036 rerto
679 1982 816 2054 quod
861 1981 1114 2054 propheta
1157 1997 1230 2036 es.
1259 1979 1440 2036 Patres
1494 1983 1659 2035 nostri
1701 1980 1758 2032 in
1807 1987 1976 2032 monte
2013 1980 2110 2032 hoc

509 2075 890 2139 adoraverunt;
917 2083 963 2128 et
993 2089 1080 2127 nos
1108 2073 1278 2127 dicitis
1300 2071 1545 2143 quoniam
1584 2073 1637 2126 in
1667 2069 2008 2142 Jerosolgmis
2033 2077 2111 2124 est

512 2168 654 2222 locus
676 2167 760 2220 ubi
787 2165 1008 2222 adorare
1037 2174 1257 2237 oportet.
1295 2164 1556 2220 Dominus
1597 2162 1878 2234 respondit
1905 2181 1920 2220 :
1945 2160 2112 2218 Crede

517 2259 667 2327 mihi,
689 2259 896 2325 mulier,
921 2262 1165 2331 quoniam
1192 2260 1324 2316 venit
1347 2259 1498 2327 liora,
1528 2260 1736 2328 quando
1761 2273 1922 2328 neque
1939 2256 1994 2312 iu
2011 2257 2112 2312 ista

514 2364 706 2420 monte,
734 2369 896 2424 neque
918 2353 972 2407 in
997 2350 1340 2423 Jerosolymis
1385 2347 1668 2405 adorabitis
1724 2348 1950 2404 Patrem.
2003 2348 2110 2404 Vos

510 2446 740 2501 adoratis
784 2445 922 2516 quod
974 2446 1201 2510 nescitis,
1258 2463 1350 2502 nos
1389 2445 1668 2498 adoramus
1715 2442 1856 2515 quod
1879 2443 2071 2498 scimus
2091 2483 2107 2510 ,

511 2542 754 2613 quoniam
783 2541 928 2596 salus
965 2557 1030 2596 ea:
1065 2537 1271 2594 Iudicis
1307 2548 1404 2594 est.
1435 2539 1542 2595 Sed
1567 2539 1700 2592 venit
1721 2537 1870 2604 liora,
1900 2547 1948 2591 et
1975 2551 2112 2591 nunc

506 2647 610 2702 est,
637 2653 754 2690 cum
782 2637 884 2690 veri
921 2637 1226 2690 adoratores
1278 2632 1568 2690 adorabunt
1597 2632 1808 2687 Patrem
1829 2633 1883 2686 in
1907 2629 2114 2700 Spiritu

509 2739 560 2782 et
587 2729 796 2783 veritate
819 2745 836 2784 :
863 2730 1046 2784 etenim
1085 2728 1239 2783 Pater
1267 2729 1394 2782 tales
1419 2728 1600 2798 quierit
1626 2743 1716 2798 qut
1731 2727 1949 2782 adorent
1974 2741 2110 2780 cuni.

517 2821 746 2892 Spiritus
791 2822 925 2876 enim
951 2819 1092 2876 Deus
1115 2831 1192 2876 est
1217 2862 1233 2889 ,
1262 2831 1310 2876 et
1333 2821 1610 2876 adorantes
1639 2837 1755 2877 eum
1774 2863 1792 2888 ,
1821 2821 1878 2875 in
1907 2819 2111 2890 Spiritu

513 2925 560 2969 et
581 2917 789 2970 ueritate
805 2923 1004 2987 oportet
1019 2913 1237 2970 adorare
1254 2957 1269 2981 ,
1292 2916 1414 2987 quia
1431 2913 1571 2970 Deus
1591 2917 1798 2986 spiritus
1821 2925 1896 2971 est
1917 2913 1970 2988 (Ι
1977 2915 2111 2982 bid.,

515 3008 582 3064 21
616 3019 662 3064 et
691 3009 882 3083 seqq.).
915 3010 1104 3066 Ilulier
1133 3010 1294 3081 igitur
1339 3011 1684 3067 traditionem
1710 3027 1919 3068 memor
1937 3019 2115 3082 pater-

518 3119 746 3168 narum,
799 3105 884 3160 vel
936 3115 1207 3175 tamquam
1238 3105 1478 3162 Samaria
1531 3105 1585 3161 in
1613 3116 1826 3171 monte,
1859 3107 1946 3162 vel
1979 3115 2116 3161 tam-

517 3213 680 3269 quam
711 3197 1014 3256 Jerusalem
1042 3199 1094 3255 in
1121 3199 1318 3271 templo
1357 3197 1690 3261 adorandum
1721 3201 1888 3257 Deum
1931 3201 2115 3258 eximi-

591 3337 673 3412 (Ι)
705 3335 772 3392 Et
798 3335 1030 3408 Spiritus
1058 3347 1260 3392 sanctus
1287 3345 1379 3392 est.

2208 2001 2314 2059 quo
2339 1989 2412 2042 sit
2427 1985 2756 2042 adorandus.
2787 1984 2905 2042 Non
2933 1985 3078 2042 enim
3109 1982 3254 2040 tollit
3279 1984 3450 2039 sancti
3474 1981 3710 2054 Spiritus
3753 1987 3816 2038 et

2213 2095 2414 2139 nomen
2443 2090 2497 2136 et
2518 2079 2718 2138 donum
2735 2121 2748 2148 ,
2776 2082 2902 2153 quia
2925 2081 3128 2137 dictum
3151 2089 3238 2136 est
3257 2119 3272 2144 ,
3299 2077 3438 2134 Deus
3464 2077 3696 2150 Spiritus
3713 2085 3810 2134 est.

2213 2174 2552 2252 Responsum
2577 2183 2756 2232 autem
2779 2184 2863 2230 est
2885 2174 3098 2229 mulieri
3127 2173 3292 2230 Deum
3321 2171 3527 2242 templo
3546 2179 3602 2226 et
3625 2179 3814 2228 monte

2210 2270 2504 2340 claudenti,
2530 2285 2654 2327 esse
2681 2269 2862 2326 omnia
2885 2269 2940 2325 in
2965 2269 3073 2325 Deo
3092 2309 3108 2335 ,
3137 2267 3303 2324 Deum
3329 2268 3384 2322 in
3403 2265 3728 2334 semetipso,
3757 2271 3820 2320 et

2217 2363 2540 2420 invisibilem
2593 2371 2755 2433 atque
2804 2358 3404 2430 incomprehensibilem
3461 2359 3514 2414 in
3571 2358 3638 2413 iis
3689 2372 3818 2428 qua:

2218 2455 2506 2514 invisibilia
2549 2465 2604 2512 et
2653 2453 3222 2525 incomprehensibilia
3270 2459 3407 2509 sunt
3455 2450 3816 2526 adoramlum.

2218 2551 2394 2619 Atque
2417 2550 2488 2604 ita
2518 2557 2706 2603 natura
2735 2553 2790 2603 et
2815 2547 3054 2602 muneris
3079 2557 3138 2602 et
3164 2544 3388 2600 honoris
3417 2544 3488 2615 (Γ)
3518 2542 3820 2614 signiﬁcata

2218 2651 2332 2708 est,
2361 2659 2483 2700 cum
2515 2643 2568 2698 in
2607 2641 2812 2713 Spiritu
2869 2639 3036 2696 Deum
3083 2637 3347 2710 Spiritum
3372 2635 3557 2694 docuit
3579 2635 3816 2692 adoran-

2220 2733 2382 2802 dunt,
2413 2745 2468 2791 et
2497 2735 2800 2792 libertatein
2823 2749 2888 2790 ac
2907 2735 3190 2791 seieutiam
3213 2731 3575 2796 adorantium,
3597 2743 3653 2788 et
3683 2733 3820 2788 ado-

2215 2830 2369 2886 randi
2401 2827 2482 2903 (g)
2529 2830 2873 2897 indiuitatem,
2909 2827 3038 2883 dum
3086 2826 3140 2882 in
3170 2825 3376 2899 Spiritu
3411 2825 3552 2882 Deus
3581 2826 3823 2896 Spiritus

2213 2925 2470 2982 adorator
2487 2969 2506 2996 ,
2537 2927 2622 2997 (It)
2650 2921 2962 2982 ostendens.

2288 3020 2378 3076 32.
2396 3019 2582 3076 Simile
2605 3020 2728 3076 huic
2747 3017 2908 3077 etiam
2934 3017 3062 3076 illud
3079 3017 3322 3090 Apostoli
3341 3027 3425 3074 est
3445 3037 3458 3074 :
3482 3015 3617 3087 Quia
3637 3013 3822 3071 Domi-

2219 3129 2318 3169 nus
2345 3114 2574 3184 Spiritus
2599 3125 2696 3180 est,
2724 3114 2808 3170 ubi
2851 3125 3024 3170 autent
3075 3113 3302 3186 Spiritus
3347 3111 3556 3168 Domini
3609 3121 3708 3180 est,
3747 3111 3822 3166 ibi

2220 3205 2426 3262 libertos
2447 3215 2522 3264 est
2548 3205 2616 3282 (ll
2645 3205 2764 3264 Cor.
2793 3222 2874 3275 ut,
2907 3205 3022 3278 l7).
3057 3204 3330 3264 Discrevit
3351 3207 3418 3263 ad
3447 3205 3822 3278 intelligentia:

593 3453 686 3536 (al
704 3451 890 3536 Plures
935 3467 1069 3507 mss.
1116 3465 1238 3506 Cum
1265 3453 1492 3536 vulgatis
1510 3497 1525 3518 ,
1554 3463 1616 3536 e_t_
1655 3453 1884 3536 Spiritus
1897 3463 2114 3536 fat-toti“
2139 3458 2186 3522 C
2216 3460 2350 3536 ineo
2378 3463 2583 3536 quidem
2628 3465 2851 3520 minime
2870 3535 2875 3536 γ
2894 3480 2996 3536 una
3026 3457 3355 3536 comparat-nr
3391 3479 3486 3518 nec
3524 3473 3824 3536 umquam:

520 3524 614 3581 est.
648 3525 992 3591 Pneferiiuus
1036 3539 1311 3596 cum_uno
1339 3525 1526 3579 codice
1579 3524 1771 3584 Vane...
1821 3539 1865 3580 et
1891 3527 2117 3596 Spiritus

519 3607 568 3651 et
589 3611 796 3651 sanctus
817 3607 889 3649 est
909 3639 923 3660 ,
956 3595 1057 3648 nisi
1090 3593 1244 3648 malis
1265 3609 1385 3650 cum
1415 3607 1600 3652 vetere
1627 3597 1780 3652 Colb.
1807 3613 1870 3652 ac
1898 3593 2114 3654 (ξεῖ-ιηά

519 3669 625 3723 sine
655 3667 824 3722 Filius
849 3675 924 3720 est
951 3675 1159 3720 sanctus
1188 3665 1437 3734 Spiritus.

589 3739 665 3812 (b)
713 3740 872 3802 liditi,
905 3738 1142 3792 dicentis.
1177 3736 1484 3812 Legendum
1515 3753 1636 3812 csse
1674 3739 1877 3794 dicendi
1905 3742 2116 3810 passive

525 3809 633 3866 tum
659 3813 926 3881 p0tiorum
957 3824 1090 3881 mss.
1120 3809 1432 3875 anetoritas,
1473 3821 1582 3864 tum
1615 3810 1730 3866 inec
1757 3809 1984 3866 similent
2017 3812 2110 3866 lib.

525 3899 600 3948 Iv,
635 3879 690 3937 ti.
732 3883 830 3936 M:
876 3879 1226 3950 Intelligeutia
1270 3881 1406 3934 enim
1453 3881 1708 3936 dictorum
1757 3899 1822 3937 ea:
1849 3886 2018 3938 causis
2044 3894 2118 3938 est

520 3953 828 4009 assumenda
855 3951 1058 4006 dicendi
1081 3966 1100 4004 :
1128 3953 1248 4022 quia
1277 3968 1380 4005 non
1407 3955 1626 4007 sermoni
1667 3971 1766 4022 res,
1798 3956 1888 4008 sed
1925 3956 1997 4009 rei
2040 3966 2118 4010 est

518 4043 684 4098 sermo
709 4027 984 4098 subjectus.

595 4095 668 4168 (ι’)
715 4095 770 4148 In
794 4093 808 4098 ⁷
827 4110 960 4152 mss.
991 4093 1210 4164 Optima:
1250 4100 1416 4160 nota),
1444 4111 1593 4164 aqua:
1616 4095 1754 4163 vim,
1781 4105 1836 4152 et
1874 4095 2002 4152 me:
2028 4103 2119 4168 qui

521 4167 654 4225 esset
674 4167 848 4222 alieni.

598 4239 679 4312 (ιι)
719 4237 982 4312 biennulli
998 4252 1132 4292 mss.
1161 4249 1284 4312 cum
1313 4237 1493 4312 editis,
1522 4237 1662 4312 quia.
1706 4237 1998 4307 Sequimur
2021 4255 2118 4310 po-

521 4307 709 4366 tiores.
740 4309 940 4364 Deinde
969 4309 1023 4381 in
1052 4324 1156 4381 ms.
1187 4307 1306 4381 Vat.
1335 4308 1458 4381 bas.
1474 4307 1543 4364 et
1556 4307 1697 4365 Vict.
1730 4326 1905 4365 omnes
1927 4307 2118 4377 exupe-

518 4399 661 4436 rans.
697 4381 908 4436 Habent
933 4379 1094 4436 etiam
1109 4379 1350 4448 plerique
1376 4378 1462 4432 alii
1487 4396 1682 4446 omnes,
1717 4395 1855 4435 unus
1880 4383 2112 4438 Sorbon.

519 4469 687 4516 autne,
721 4453 810 4506 alii
843 4462 954 4507 tres
981 4451 1174 4505 omnia.
1206 4449 1346 4504 Nihil
1377 4452 1689 4506 mutandum
1721 4451 1953 4506 videtur.
1985 4452 2118 4509 Ver-

521 4525 646 4578 hum
669 4525 915 4589 erubero,
967 4523 1056 4578 ubi
1087 4521 1156 4577 de
1185 4521 1386 4589 Spiritu
1433 4537 1616 4578 sermo
1663 4533 1766 4588 est,
1803 4524 2006 4580 llilario
2035 4537 2118 4581 est

520 4595 805 4650 familiare.
843 4597 918 4650 De
945 4595 1038 4648 illo
1066 4593 1230 4648 habet
1263 4608 1386 4663 cap.
1415 4594 1484 4649 ω
1513 4593 1565 4648 in
1607 4592 1820 4660 Mattln,
1851 4611 2002 4650 num.
2033 4597 2070 4649 2
2097 4613 2112 4652 :

523 4667 1290 4736 Quantnmtibet‘assuntuturu
1332 4665 1549 4730 cunctis,
1599 4665 1667 4720 ad
1698 4665 2024 4736 largiendum
2065 4685 2120 4722 sc

519 4749 689 4792 tamen
727 4753 926 4811 semper
955 4735 1318 4811 «ταφαῖσι-ξι
1355 4749 1478 4811 cap.
1527 4737 1617 4802 l5,
1656 4753 1711 4811 u.
1750 4735 1854 4795 τοι
1887 4739 2116 4811 Spiritus

517 4811 667 4879 capia
691 4805 1086 4879 indicittur,__cui
1107 4805 1245 4876 quod
1268 4806 1522 4874 largiatur
1546 4809 1802 4863 exuberet.

595 4881 667 4949 (ε)
709 4879 768 4933 In
833 4863 937 4934 ms.
959 4863 1092 4952 'Yat.
1121 4863 1278 4945 'ltas.,
1319 4863 1450 4952 aiter
1479 4880 1534 4932 in
1575 4880 1829 4950 obsequio,
1879 4881 2020 4952 quod
2046 4881 2114 4938 de
2142 4863 2196 4923 Ῑ)

517 4952 722 5020 Spiritu
751 4961 938 5004 saneto
958 4949 1182 5014 dictum,
1207 4958 1264 5023 ut
1284 4950 1351 5023 ab
1379 4967 1444 5004 eo
1466 4952 1668 5023 Spiritu
1694 4949 1782 5023 qui
1806 4949 2114 5009 adorandus

517 5019 600 5078 est
625 5024 789 5077 alium
815 5037 938 5077 eum
969 5035 1093 5076 esse
1119 5019 1458 5086 conﬁciatur,
1491 5021 1659 5078 videri
1693 5019 1874 5090 posset
1895 5023 2114 5080 Arianis

516 5095 720 5156 favere,
749 5093 1011 5158 Spiritum
1063 5103 1309 5147 saucium
1363 5092 1536 5148 Patris
1563 5105 1615 5148 et
1654 5093 1778 5148 Filii
1808 5097 2112 5151 ministrum

515 5164 902 5221 cilntientibus.
957 5167 1026 5218 At
1072 5165 1163 5218 illo
1207 5164 1461 5234 loquendi
1507 5167 1667 5220 modo
1715 5175 1920 5222 tantum
1955 5168 2115 5222 habet

518 5236 752 5292 llilnrius
792 5235 1055 5291 rationem
1098 5235 1480 5305 processionis,
1509 5252 1606 5292 seu
1648 5237 2112 5295 subordinationis

515 5325 618 5381 qua
665 5309 900 5381 Spiritus
925 5316 1147 5381 sanctus
1178 5308 1459 5376 subjicitur
1505 5310 1769 5378 principio
1793 5325 1823 5364 a
1850 5327 1958 5380 quo
1988 5327 2111 5381 pro-

514 5377 677 5452 cedit.
712 5379 802 5434 Sic
828 5377 896 5432 de
923 5379 1081 5452 Filio,
1118 5385 1349 5452 testante
1378 5395 1436 5433 se
1460 5377 1567 5435 neu
1593 5377 1750 5448 posse
1769 5377 2058 5452 quidquam
2082 5401 2109 5435 ει

517 5466 578 5505 se
621 5451 800 5506 facere
844 5450 949 5504 nisi
995 5451 1188 5504 viderit
1239 5449 1448 5505 Patrem
1501 5449 1818 5514 iacientem,
1868 5449 1929 5507 iu'
1969 5453 2110 5508 Psal.

514 5537 774 5582 cxxxvut,
808 5537 956 5576 mnu.
985 5521 1077 5584 28,
1107 5521 1374 5592 loquitur:
1407 5520 1760 5578 Conlestatam
1784 5525 1846 5578 de
1867 5541 1921 5580 se
1946 5535 2110 5592 potes-

515 5604 668 5647 tatem
709 5609 802 5664 per
830 5593 1120 5648 reverentur
1143 5591 1386 5646 honorem
1415 5596 1460 5646 ei
1500 5595 1582 5648 cui
1610 5597 1782 5651 omnia
1813 5591 2108 5650 meminerat

514 5665 802 5735 conﬁtenda
820 5665 1057 5738 subjecit,
1092 5680 1195 5718 non
1219 5665 1315 5720 sibi
1337 5666 1566 5720 adiutans
1589 5668 1726 5736 quod
1748 5667 1937 5722 similia
1959 5667 2107 5723 Ραιέὶ

515 5746 705 5807 posset,
735 5737 826 5790 sed
852 5737 965 5789 eum
987 5753 1076 5807 per
1095 5753 1244 5804 quem
1271 5737 1460 5791 similia
1481 5748 1649 5805 posset
1675 5738 1960 5793 ostendens.
1991 5739 2102 5806 Sic,

511 5805 604 5861 lib.
637 5809 704 5863 de
741 5805 1066 5879 Synodn‘u.
1115 5807 1206 5870 51,
1239 5808 1480 5864 diversas
1518 5823 1800 5864 ctuunerat
1843 5805 2100 5875 rationes,

511 5880 702 5948 quibus
735 5877 921 5947 Filius,
949 5882 1112 5938 etiam
1137 5895 1240 5953 qua
1275 5880 1437 5950 Deus,
1467 5880 1752 5950 subjicitur
1782 5881 1925 5938 Patri
1953 5900 1965 5934 :
2005 5882 2103 5938 νει

2225 3530 2274 3586 F
2275 3530 2398 3588 ilius
2425 3534 2592 3600 Patri,
2627 3535 2751 3590 dum
2795 3535 3030 3604 subditus
3059 3530 3150 3604 per
3174 3533 3478 3590 obedientiie
3501 3531 3824 3603 obsequen-nt

2219 3615 2316 3666 est,
2347 3606 2469 3660 dum
2497 3607 2566 3662 ad
2593 3606 2852 3662 dexteram
2901 3603 3000 3660 Dei
3039 3603 3148 3660 tum
3172 3607 3424 3672 consedit,
3473 3621 3592 3660 cum
3635 3607 3735 3660 sibi
3765 3616 3823 3662 ut

2221 3679 2505 3733 consideret
2532 3678 2726 3732 dictant
2765 3680 2852 3744 sit,
2885 3677 3009 3732 dum
3036 3679 3270 3734 mittitur.
3301 3677 3426 3732 dum
3459 3677 3666 3746 accipit,
3697 3679 3822 3732 dum

2219 3746 2276 3823 in
2297 3748 2536 3823 omnibus
2553 3749 2809 3823 t-oluntati
2843 3753 2956 3823 ejus
2996 3748 3082 3818 qui
3108 3766 3161 3804 se
3183 3751 3326 3823 misit
3347 3749 3660 3823 obsequitur.
3711 3749 3823 3823 8rd

2222 3817 2426 3888 pietatis
2449 3821 2692 3886 subiectio
2721 3837 2822 3874 non
2863 3815 2938 3875 est
2969 3815 3202 3874 eisentiw
3231 3815 3523 3884 diminutio,
3567 3836 3660 3874 nec
3698 3819 3823 3875 reli-

2219 3889 2386 3962 gionis
2406 3891 2626 3961 offirium
2647 3891 2940 3960 degenerem
2957 3891 3103 3962 efﬁcit
3122 3902 3379 3946 naturam.
3403 3891 3468 3946 Et
3489 3901 3822 3962 postipauca,

2225 3957 2658 4035 liabensnomen,
2691 3957 2780 4018 sed
2819 3965 2930 4034 ejus
2945 3957 3200 4035 ,ἐξείπω-ει
3227 3957 3573 4035 ﬁtius_est.'ﬁt
3599 3957 3752 4017 Patri
3776 3957 3823 4018 et

2221 4033 2742 4104 obsequiosubjectus
2785 4033 3084 4088 et’nomiue.
3117 4033 3342 4090 Domum
3375 4033 3470 4086 lib.
3503 4048 3578 4098 tv,
3625 4035 3826 4104 solem:

2223 4103 2307 4174 nis
2333 4101 2416 4159 est
2443 4101 2719 4160 distinctio
2767 4105 2858 4160 Dei
2903 4105 3130 4159 dicentis
3181 4121 3277 4160 seu
3321 4105 3596 4174 iubentis,
3627 4115 3685 4161 et
3729 4101 3825 4162 Dei

2221 4173 2532 4247 elticieutis,
2557 4191 2785 4246 quorum
2815 4185 2995 4230 tamen
3019 4192 3123 4230 una
3153 4173 3341 4232 natura
3372 4175 3712 4247 pnedtcatur.
3747 4177 3826 4234 Ita

2220 4245 2383 4300 etiam
2413 4247 2500 4302 hic
2529 4245 2616 4302 ubi
2657 4248 2916 4318 Spiritum
2942 4257 3187 4302 sanetum
3215 4262 3246 4301 a
3274 4245 3406 4313 Deo,
3450 4246 3503 4303 id
3531 4259 3639 4316 est,
3660 4266 3690 4304 a
3717 4249 3824 4304 Pa.

2223 4323 2327 4382 tre,
2347 4327 2404 4373 et
2425 4335 2452 4370 a
2477 4318 2727 4384 Domino,
2757 4318 2858 4374 hoc
2881 4328 2988 4384 est,
3017 4335 3046 4373 a
3076 4318 3236 4386 Filio,
3257 4319 3588 4376 subsistendi
3615 4321 3826 4377 ratione

2220 4388 2384 4443 alium
2405 4405 2525 4444 esse
2548 4400 2830 4446 ostensum
2855 4400 2962 4456 est,
2983 4401 3172 4444 natura
3197 4407 3302 4446 non
3330 4389 3474 4446 aliud
3495 4406 3616 4446 esse
3641 4393 3827 4450 multis

2221 4459 2644 4517 demonstratur.
2677 4462 2816 4530 Quid
2847 4462 2991 4518 enim
3019 4462 3166 4517 aliud
3195 4463 3298 4518 sibi
3327 4463 3462 4528 vult,
3499 4464 3668 4518 Deum
3697 4464 3822 4519 inii-

2222 4533 2416 4600 nitum,
2449 4531 2794 4599 invisibilem,
2827 4533 3450 4604 incomprehensibilem,
3475 4535 3822 4604 inmensum,

2222 4619 2344 4678 etin}
2365 4604 2418 4658 in
2441 4604 2642 4678 Spiritu
2666 4612 2940 4678 aduratur,
2963 4603 3075 4675 jam
3101 4605 3310 4660 inlihila
3333 4605 3567 4678 ratione,
3599 4603 3822 4678 ubique,

2224 4676 2276 4730 in
2303 4675 2368 4729 iis
2394 4691 2514 4746 qua:
2543 4675 2827 4734 invisibilia
2855 4687 2910 4732 ct
2951 4677 3515 4742 inemuprehensibilia
3547 4688 3694 4736 sunt.
3714 4675 3824 4732 im-

2225 4761 2315 4820 mo
2345 4749 2398 4802 in
2427 4751 2719 4820 semetipso
2775 4748 3020 4820 adorari;
3069 4749 3220 4820 quid,
3273 4749 3512 4816 inquam,
3564 4747 3670 4804 hoc
3715 4749 3822 4804 sibi

2225 4818 2356 4892 vult,
2389 4817 2490 4874 nisi
2522 4817 2840 4892 honerantis
2863 4830 2918 4874 et
2945 4817 3246 4892 honorandi
3291 4820 3524 4892 Spiritus
3553 4819 3822 4876 mouimu-

2221 4889 2341 5014 ιίὲηέ
2385 4905 2506 5014 cisse
2533 4891 2952 5002 vproportionetn
2980 4935 2996 4959 ,
3045 4889 3407 4964 aequalitatem
3452 4901 3507 4946 et
3555 4895 3819 4948 unitatem

2221 4977 2252 5014 l‘i
2289 4978 2314 5014 Ι·
2336 4978 2396 5014 CC
2425 4979 2508 5014 illll
2538 5005 2550 5014 .

2220 4965 2508 5029 perfectam
2533 4965 2550 5017 Ἰ

2290 5056 2362 5128 ({l
2384 5055 2460 5130 ita
2485 5055 2748 5130 mss._nisi
2775 5059 2918 5130 quod
2949 5059 3003 5113 in
3031 5058 3281 5122 Carnut.,
3315 5059 3634 5130 amplissium
3659 5059 3822 5130 signi-

2216 5127 2428 5198 ﬁcantia
2469 5140 2575 5204 est_
2615 5127 2684 5185 At
2727 5127 3091 5204 iu’vulgatis,
3137 5127 3532 5204 expresserat.
3583 5127 3822 5204 Spiritus

2216 5211 2458 5265 sanctus,
2489 5201 2580 5272 qui
2627 5216 2814 5271 supra,
2859 5219 2912 5255 n.
2960 5201 3017 5266 Et,
3060 5201 3238 5258 dictus
3264 5210 3352 5258 est
3393 5219 3588 5257 uulnus
3614 5203 3758 5272 quod
3790 5219 3821 5257 a

2219 5272 2330 5344 Deo
2357 5275 2674 5342 accipimus,
2716 5289 2858 5330 nunc
2884 5273 3097 5329 videtur
3139 5274 3242 5330 dici
3271 5291 3466 5330 munus
3515 5275 3656 5344 quod
3711 5275 3822 5330 Deo

2219 5343 2532 5415 deferimus.
2587 5345 2782 5415 Reipsa
2806 5359 2964 5414 quem
2997 5361 3026 5398 a
3071 5348 3183 5401 Deo
3225 5343 3540 5414 accepimus
3559 5345 3821 5414 Spiritum

2220 5413 2271 5470 ei
2298 5415 2592 5476 reddimus.
2624 5413 2744 5470 cum
2779 5413 2886 5471 non
2933 5426 3142 5484 nostro,
3174 5418 3272 5473 sed
3321 5413 3466 5472 illius
3509 5413 3822 5487 Spit-ituri

2218 5497 2406 5542 ventes
2433 5489 2479 5543 ei
2509 5487 2850 5543 [.ailtulamur.

2291 5577 2368 5652 (υ)
2412 5579 2536 5634 llum
2579 5579 2838 5636 adorandi
2886 5579 3120 5637 inﬁnitas
3149 5597 3272 5637 cum
3320 5589 3598 5651 repetatur
3638 5597 3704 5637 ex
3757 5597 3825 5636 eo

2215 5651 2404 5778 in'quo
2449 5652 2746 5720 aduratur,
2798 5653 3062 5724 Spiritum
3113 5656 3384 5709 inﬁnitum
3425 5669 3547 5710 esse
3595 5667 3824 5710 necesse

2215 5737 2274 5778 es
2305 5763 2318 5776 .

2215 5737 2318 5778 OSI.

2286 5811 2366 5891 (Ii)
2405 5812 2472 5891 In
2508 5813 2706 5891 editis,_
2734 5817 2972 5891 ostendit.
3007 5820 3078 5876 At
3124 5819 3180 5875 in
3223 5817 3474 5891 scriptis,
3527 5819 3818 5884 ostendens.

2209 5887 2352 5957 quod
2385 5885 2617 5943 refertur
2639 5887 2709 5945 ad
2737 5889 2934 5946 docuit.
