  <div class='ocr_page' id='page_1' title='image "/cluster/home/n/w/nwhite01/storage/ocr_20150623/10/umn.319510024773048/044.png"; bbox 0 0 4048 6488; ppageno 0'>
   <div class='ocr_carea' id='block_1_1' title="bbox 222 284 3518 363">
    <p class='ocr_par' dir='ltr' id='par_1_1' title="bbox 222 284 3518 363">
     <span class='ocr_line' id='line_1_1' title="bbox 222 284 3518 363; baseline 0.004 -26"><span class='ocrx_word' id='word_1_1' title='bbox 222 284 287 337; x_wconf 77' lang='lat' dir='ltr'><strong>T5</strong></span> <span class='ocrx_word' id='word_1_2' title='bbox 1449 287 1536 343; x_wconf 82' lang='lat' dir='ltr'><strong>DE</strong></span> <span class='ocrx_word' id='word_1_3' title='bbox 1575 287 1943 345; x_wconf 77' lang='lat' dir='ltr'><strong>TRINITATE</strong></span> <span class='ocrx_word' id='word_1_4' title='bbox 1981 290 2185 348; x_wconf 76' lang='lat' dir='ltr'><strong>LIBER</strong></span> <span class='ocrx_word' id='word_1_5' title='bbox 2220 294 2301 350; x_wconf 88' lang='lat' dir='ltr'><strong>Ill.</strong></span> <span class='ocrx_word' id='word_1_6' title='bbox 3451 310 3518 363; x_wconf 72' lang='grc'><strong>74</strong></span> 
     </span>
    </p>
   </div>
   <div class='ocr_carea' id='block_1_2' title="bbox 222 378 3522 467">
    <p class='ocr_par' dir='ltr' id='par_1_2' title="bbox 222 378 3522 467">
     <span class='ocr_line' id='line_1_2' title="bbox 222 378 3522 467; baseline 0.006 -35"><span class='ocrx_word' id='word_1_7' title='bbox 222 378 669 449; x_wconf 81' lang='lat' dir='ltr'><strong>signiﬁcationem</strong></span> <span class='ocrx_word' id='word_1_8' title='bbox 694 381 771 453; x_wconf 87' lang='grc' dir='ltr'><strong>(α)</strong></span> <span class='ocrx_word' id='word_1_9' title='bbox 793 396 916 437; x_wconf 86' lang='lat' dir='ltr'><strong>eum</strong></span> <span class='ocrx_word' id='word_1_10' title='bbox 945 383 1033 451; x_wconf 82' lang='lat' dir='ltr'><strong>qui</strong></span> <span class='ocrx_word' id='word_1_11' title='bbox 1059 391 1141 436; x_wconf 77' lang='lat' dir='ltr'><strong>cst</strong></span> <span class='ocrx_word' id='word_1_12' title='bbox 1164 424 1177 448; x_wconf 91' lang='lat'><strong>,</strong></span> <span class='ocrx_word' id='word_1_13' title='bbox 1202 383 1271 438; x_wconf 85' lang='lat' dir='ltr'><strong>ab</strong></span> <span class='ocrx_word' id='word_1_14' title='bbox 1288 396 1353 440; x_wconf 78' lang='lat' dir='ltr'><strong>ea</strong></span> <span class='ocrx_word' id='word_1_15' title='bbox 1376 382 1530 454; x_wconf 88' lang='lat' dir='ltr'><strong>cujus</strong></span> <span class='ocrx_word' id='word_1_16' title='bbox 1561 398 1664 441; x_wconf 86' lang='lat' dir='ltr'><strong>est.</strong></span> <span class='ocrx_word' id='word_1_17' title='bbox 1697 384 1815 440; x_wconf 80' lang='lat' dir='ltr'><strong>Non</strong></span> <span class='ocrx_word' id='word_1_18' title='bbox 1841 389 1892 449; x_wconf 75' lang='grc' dir='ltr'><strong>Α</strong></span> <span class='ocrx_word' id='word_1_19' title='bbox 1922 398 2027 455; x_wconf 87' lang='lat' dir='ltr'><strong>tur,</strong></span> <span class='ocrx_word' id='word_1_20' title='bbox 2050 388 2102 441; x_wconf 84' lang='lat' dir='ltr'><strong>In</strong></span> <span class='ocrx_word' id='word_1_21' title='bbox 2126 389 2221 455; x_wconf 77' lang='lat' dir='ltr'><strong>lilii</strong></span> <span class='ocrx_word' id='word_1_22' title='bbox 2245 399 2359 443; x_wconf 86' lang='lat' dir='ltr'><strong>sunt</strong></span> <span class='ocrx_word' id='word_1_23' title='bbox 2392 388 2508 444; x_wconf 84' lang='lat' dir='ltr'><strong>Dei.</strong></span> <span class='ocrx_word' id='word_1_24' title='bbox 2546 388 2665 444; x_wconf 83' lang='lat' dir='ltr'><strong>Non</strong></span> <span class='ocrx_word' id='word_1_25' title='bbox 2687 391 2822 446; x_wconf 86' lang='lat' dir='ltr'><strong>enim</strong></span> <span class='ocrx_word' id='word_1_26' title='bbox 2850 394 3119 458; x_wconf 79' lang='lat' dir='ltr'><strong>accepistis</strong></span> <span class='ocrx_word' id='word_1_27' title='bbox 3147 398 3382 467; x_wconf 77' lang='lat' dir='ltr'><strong>spiritum</strong></span> <span class='ocrx_word' id='word_1_28' title='bbox 3414 419 3522 454; x_wconf 79' lang='lat' dir='ltr'><strong>scr-</strong></span> 
     </span>
    </p>
   </div>
   <div class='ocr_carea' id='block_1_3' title="bbox 223 470 1825 546">
    <p class='ocr_par' dir='ltr' id='par_1_3' title="bbox 223 470 1825 546">
     <span class='ocr_line' id='line_1_3' title="bbox 223 470 1825 546; baseline 0.004 -23"><span class='ocrx_word' id='word_1_29' title='bbox 223 470 361 524; x_wconf 77' lang='lat' dir='ltr'><strong>enim</strong></span> <span class='ocrx_word' id='word_1_30' title='bbox 396 470 594 527; x_wconf 84' lang='lat' dir='ltr'><strong>habere</strong></span> <span class='ocrx_word' id='word_1_31' title='bbox 620 472 914 543; x_wconf 75' lang='lat' dir='ltr'><strong>haberique</strong></span> <span class='ocrx_word' id='word_1_32' title='bbox 929 491 1090 527; x_wconf 80' lang='lat' dir='ltr'><strong>unum</strong></span> <span class='ocrx_word' id='word_1_33' title='bbox 1118 483 1221 540; x_wconf 80' lang='lat' dir='ltr'><strong>est,</strong></span> <span class='ocrx_word' id='word_1_34' title='bbox 1247 490 1421 546; x_wconf 80' lang='lat' dir='ltr'><strong>neque</strong></span> <span class='ocrx_word' id='word_1_35' title='bbox 1443 476 1630 531; x_wconf 84' lang='lat' dir='ltr'><strong>eadem</strong></span> <span class='ocrx_word' id='word_1_36' title='bbox 1660 478 1825 546; x_wconf 75' lang='lat' dir='ltr'><strong>signi-</strong></span> 
     </span>
    </p>
   </div>
   <div class='ocr_carea' id='block_1_4' title="bbox 225 564 1827 641">
    <p class='ocr_par' dir='ltr' id='par_1_4' title="bbox 225 564 1827 641">
     <span class='ocr_line' id='line_1_4' title="bbox 225 564 1827 641; baseline 0.004 -25"><span class='ocrx_word' id='word_1_37' title='bbox 225 564 399 620; x_wconf 88' lang='lat' dir='ltr'><strong>tieatio</strong></span> <span class='ocrx_word' id='word_1_38' title='bbox 414 568 655 621; x_wconf 87' lang='lat' dir='ltr'><strong>continet</strong></span> <span class='ocrx_word' id='word_1_39' title='bbox 676 580 800 622; x_wconf 88' lang='lat' dir='ltr'><strong>eum</strong></span> <span class='ocrx_word' id='word_1_40' title='bbox 815 575 978 635; x_wconf 88' lang='lat' dir='ltr'><strong>atque</strong></span> <span class='ocrx_word' id='word_1_41' title='bbox 1006 566 1313 641; x_wconf 87' lang='lat' dir='ltr'><strong>ejus.(l)lta</strong></span> <span class='ocrx_word' id='word_1_42' title='bbox 1333 584 1453 625; x_wconf 89' lang='lat' dir='ltr'><strong>cum</strong></span> <span class='ocrx_word' id='word_1_43' title='bbox 1474 569 1623 636; x_wconf 90' lang='lat' dir='ltr'><strong>dicit,</strong></span> <span class='ocrx_word' id='word_1_44' title='bbox 1649 568 1827 624; x_wconf 84' lang='lat' dir='ltr'><strong>Domi-</strong></span> 
     </span>
    </p>
   </div>
   <div class='ocr_carea' id='block_1_5' title="bbox 225 665 1825 739">
    <p class='ocr_par' dir='ltr' id='par_1_5' title="bbox 225 665 1825 739">
     <span class='ocr_line' id='line_1_5' title="bbox 225 665 1825 739; baseline 0.003 -20"><span class='ocrx_word' id='word_1_45' title='bbox 225 682 321 721; x_wconf 78' lang='lat' dir='ltr'><strong>nus</strong></span> <span class='ocrx_word' id='word_1_46' title='bbox 365 665 596 737; x_wconf 79' lang='lat' dir='ltr'><strong>Spiritus</strong></span> <span class='ocrx_word' id='word_1_47' title='bbox 634 674 743 733; x_wconf 89' lang='lat' dir='ltr'><strong>est,</strong></span> <span class='ocrx_word' id='word_1_48' title='bbox 802 676 1047 722; x_wconf 88' lang='lat' dir='ltr'><strong>naturam</strong></span> <span class='ocrx_word' id='word_1_49' title='bbox 1089 666 1370 723; x_wconf 86' lang='lat' dir='ltr'><strong>inﬁnitatis</strong></span> <span class='ocrx_word' id='word_1_50' title='bbox 1396 669 1517 739; x_wconf 97' lang='lat' dir='ltr'><strong>ejus</strong></span> <span class='ocrx_word' id='word_1_51' title='bbox 1555 668 1825 733; x_wconf 86' lang='lat' dir='ltr'><strong>ostendit;</strong></span> 
     </span>
    </p>
   </div>
   <div class='ocr_carea' id='block_1_6' title="bbox 224 757 1830 834">
    <p class='ocr_par' dir='ltr' id='par_1_6' title="bbox 224 757 1830 834">
     <span class='ocr_line' id='line_1_6' title="bbox 224 757 1830 834; baseline 0.002 -20"><span class='ocrx_word' id='word_1_52' title='bbox 224 773 344 814; x_wconf 90' lang='lat' dir='ltr'><strong>cum</strong></span> <span class='ocrx_word' id='word_1_53' title='bbox 370 773 502 815; x_wconf 85' lang='lat' dir='ltr'><strong>vero</strong></span> <span class='ocrx_word' id='word_1_54' title='bbox 528 758 748 831; x_wconf 80' lang='lat' dir='ltr'><strong>adjecit.</strong></span> <span class='ocrx_word' id='word_1_55' title='bbox 785 757 883 815; x_wconf 85' lang='lat' dir='ltr'><strong>Ubi</strong></span> <span class='ocrx_word' id='word_1_56' title='bbox 929 760 1156 828; x_wconf 76' lang='lat' dir='ltr'><strong>Spiritus</strong></span> <span class='ocrx_word' id='word_1_57' title='bbox 1186 759 1395 817; x_wconf 79' lang='lat' dir='ltr'><strong>Domini</strong></span> <span class='ocrx_word' id='word_1_58' title='bbox 1427 760 1502 834; x_wconf 72' lang='grc' dir='ltr'><strong>(ιο)</strong></span> <span class='ocrx_word' id='word_1_59' title='bbox 1526 762 1595 816; x_wconf 89' lang='lat' dir='ltr'><strong>ibi</strong></span> <span class='ocrx_word' id='word_1_60' title='bbox 1622 763 1830 817; x_wconf 86' lang='lat' dir='ltr'><strong>libertas</strong></span> 
     </span>
    </p>
   </div>
   <div class='ocr_carea' id='block_1_7' title="bbox 226 851 1829 926">
    <p class='ocr_par' dir='ltr' id='par_1_7' title="bbox 226 851 1829 926">
     <span class='ocr_line' id='line_1_7' title="bbox 226 851 1829 926; baseline 0.001 -19"><span class='ocrx_word' id='word_1_61' title='bbox 226 862 332 917; x_wconf 85' lang='lat' dir='ltr'><strong>est,</strong></span> <span class='ocrx_word' id='word_1_62' title='bbox 361 866 487 908; x_wconf 88' lang='lat' dir='ltr'><strong>eum</strong></span> <span class='ocrx_word' id='word_1_63' title='bbox 514 852 606 922; x_wconf 85' lang='lat' dir='ltr'><strong>qui</strong></span> <span class='ocrx_word' id='word_1_64' title='bbox 658 851 781 924; x_wconf 87' lang='lat' dir='ltr'><strong>ejus</strong></span> <span class='ocrx_word' id='word_1_65' title='bbox 834 864 918 908; x_wconf 89' lang='lat' dir='ltr'><strong>est</strong></span> <span class='ocrx_word' id='word_1_66' title='bbox 967 853 1264 924; x_wconf 88' lang='lat' dir='ltr'><strong>signiﬁcat;</strong></span> <span class='ocrx_word' id='word_1_67' title='bbox 1318 856 1441 926; x_wconf 88' lang='lat' dir='ltr'><strong>quia</strong></span> <span class='ocrx_word' id='word_1_68' title='bbox 1492 865 1548 910; x_wconf 89' lang='lat' dir='ltr'><strong>ct</strong></span> <span class='ocrx_word' id='word_1_69' title='bbox 1593 854 1829 924; x_wconf 72' lang='lat' dir='ltr'><strong>Spiritus</strong></span> 
     </span>
    </p>
   </div>
   <div class='ocr_carea' id='block_1_8' title="bbox 229 943 1816 1017">
    <p class='ocr_par' dir='ltr' id='par_1_8' title="bbox 229 943 1816 1017">
     <span class='ocr_line' id='line_1_8' title="bbox 229 943 1816 1017; baseline 0.002 -17"><span class='ocrx_word' id='word_1_70' title='bbox 229 943 489 1001; x_wconf 86' lang='lat' dir='ltr'><strong>Dominus</strong></span> <span class='ocrx_word' id='word_1_71' title='bbox 512 952 636 1013; x_wconf 88' lang='lat' dir='ltr'><strong>est,</strong></span> <span class='ocrx_word' id='word_1_72' title='bbox 666 954 721 1000; x_wconf 87' lang='lat' dir='ltr'><strong>et</strong></span> <span class='ocrx_word' id='word_1_73' title='bbox 749 943 838 999; x_wconf 89' lang='lat' dir='ltr'><strong>nhi</strong></span> <span class='ocrx_word' id='word_1_74' title='bbox 868 944 1102 1017; x_wconf 85' lang='lat' dir='ltr'><strong>Spiritus</strong></span> <span class='ocrx_word' id='word_1_75' title='bbox 1119 955 1204 1002; x_wconf 89' lang='lat' dir='ltr'><strong>est</strong></span> <span class='ocrx_word' id='word_1_76' title='bbox 1225 946 1458 1013; x_wconf 77' lang='lat' dir='ltr'><strong>Domini,</strong></span> <span class='ocrx_word' id='word_1_77' title='bbox 1492 947 1562 1003; x_wconf 92' lang='lat' dir='ltr'><strong>ibi</strong></span> <span class='ocrx_word' id='word_1_78' title='bbox 1589 948 1816 1003; x_wconf 77' lang='lat' dir='ltr'><strong>libertas</strong></span> 
     </span>
    </p>
   </div>
   <div class='ocr_carea' id='block_1_9' title="bbox 227 1035 1830 1108">
    <p class='ocr_par' dir='ltr' id='par_1_9' title="bbox 227 1035 1830 1108">
     <span class='ocr_line' id='line_1_9' title="bbox 227 1035 1830 1108; baseline 0 -16"><span class='ocrx_word' id='word_1_79' title='bbox 227 1045 327 1092; x_wconf 81' lang='lat' dir='ltr'><strong>est.</strong></span> <span class='ocrx_word' id='word_1_80' title='bbox 379 1035 506 1093; x_wconf 75' lang='lat' dir='ltr'><strong>lia-c</strong></span> <span class='ocrx_word' id='word_1_81' title='bbox 530 1051 636 1092; x_wconf 91' lang='lat' dir='ltr'><strong>non</strong></span> <span class='ocrx_word' id='word_1_82' title='bbox 666 1035 809 1108; x_wconf 83' lang='lat' dir='ltr'><strong>quod</strong></span> <span class='ocrx_word' id='word_1_83' title='bbox 836 1050 997 1093; x_wconf 61' lang='lat' dir='ltr'><strong>causa</strong></span> <span class='ocrx_word' id='word_1_84' title='bbox 1031 1040 1265 1107; x_wconf 80' lang='lat' dir='ltr'><strong>postulet</strong></span> <span class='ocrx_word' id='word_1_85' title='bbox 1291 1038 1434 1094; x_wconf 87' lang='lat' dir='ltr'><strong>dicta</strong></span> <span class='ocrx_word' id='word_1_86' title='bbox 1462 1048 1607 1106; x_wconf 89' lang='lat' dir='ltr'><strong>sunt,</strong></span> <span class='ocrx_word' id='word_1_87' title='bbox 1641 1038 1737 1093; x_wconf 87' lang='lat' dir='ltr'><strong>sed</strong></span> <span class='ocrx_word' id='word_1_88' title='bbox 1762 1053 1830 1093; x_wconf 88' lang='lat' dir='ltr'><strong>ne</strong></span> 
     </span>
    </p>
   </div>
   <div class='ocr_carea' id='block_1_10' title="bbox 232 1126 1828 1204">
    <p class='ocr_par' dir='ltr' id='par_1_10' title="bbox 232 1126 1828 1204">
     <span class='ocr_line' id='line_1_10' title="bbox 232 1126 1828 1204; baseline 0 -20"><span class='ocrx_word' id='word_1_89' title='bbox 232 1126 360 1199; x_wconf 83' lang='lat' dir='ltr'><strong>quid</strong></span> <span class='ocrx_word' id='word_1_90' title='bbox 417 1127 472 1184; x_wconf 89' lang='lat' dir='ltr'><strong>in</strong></span> <span class='ocrx_word' id='word_1_91' title='bbox 519 1128 604 1184; x_wconf 85' lang='lat' dir='ltr'><strong>bis</strong></span> <span class='ocrx_word' id='word_1_92' title='bbox 641 1128 984 1187; x_wconf 79' lang='lat' dir='ltr'><strong>obscuritatis</strong></span> <span class='ocrx_word' id='word_1_93' title='bbox 1031 1128 1103 1202; x_wconf 78' lang='grc' dir='ltr'><strong>(ε)</strong></span> <span class='ocrx_word' id='word_1_94' title='bbox 1131 1129 1381 1187; x_wconf 64' lang='lat' dir='ltr'><strong>haereret.</strong></span> <span class='ocrx_word' id='word_1_95' title='bbox 1412 1129 1509 1186; x_wconf 85' lang='lat' dir='ltr'><strong>Est</strong></span> <span class='ocrx_word' id='word_1_96' title='bbox 1532 1129 1676 1186; x_wconf 83' lang='lat' dir='ltr'><strong>enim</strong></span> <span class='ocrx_word' id='word_1_97' title='bbox 1720 1128 1828 1204; x_wconf 62' lang='grc'><strong>47</strong></span> 
     </span>
    </p>
   </div>
   <div class='ocr_carea' id='block_1_11' title="bbox 232 1222 1828 1295">
    <p class='ocr_par' dir='ltr' id='par_1_11' title="bbox 232 1222 1828 1295">
     <span class='ocr_line' id='line_1_11' title="bbox 232 1222 1828 1295; baseline 0 -16"><span class='ocrx_word' id='word_1_98' title='bbox 232 1222 464 1292; x_wconf 75' lang='lat' dir='ltr'><strong>Spiritus</strong></span> <span class='ocrx_word' id='word_1_99' title='bbox 505 1232 724 1279; x_wconf 85' lang='lat' dir='ltr'><strong>sanctus</strong></span> <span class='ocrx_word' id='word_1_100' title='bbox 780 1238 920 1280; x_wconf 85' lang='lat' dir='ltr'><strong>unus</strong></span> <span class='ocrx_word' id='word_1_101' title='bbox 950 1225 1177 1295; x_wconf 86' lang='lat' dir='ltr'><strong>ubique,</strong></span> <span class='ocrx_word' id='word_1_102' title='bbox 1230 1240 1420 1281; x_wconf 65' lang='lat' dir='ltr'><strong>onlnes</strong></span> <span class='ocrx_word' id='word_1_103' title='bbox 1476 1224 1828 1292; x_wconf 77' lang='lat' dir='ltr'><strong>patriarchas,</strong></span> 
     </span>
    </p>
   </div>
   <div class='ocr_carea' id='block_1_12' title="bbox 234 1317 1831 1390">
    <p class='ocr_par' dir='ltr' id='par_1_12' title="bbox 234 1317 1831 1390">
     <span class='ocr_line' id='line_1_12' title="bbox 234 1317 1831 1390; baseline -0.001 -17"><span class='ocrx_word' id='word_1_104' title='bbox 234 1318 546 1390; x_wconf 83' lang='lat' dir='ltr'><strong>prophetas,</strong></span> <span class='ocrx_word' id='word_1_105' title='bbox 564 1329 847 1375; x_wconf 87' lang='lat' dir='ltr'><strong>etomncm</strong></span> <span class='ocrx_word' id='word_1_106' title='bbox 863 1320 1085 1375; x_wconf 82' lang='lat' dir='ltr'><strong>chorum</strong></span> <span class='ocrx_word' id='word_1_107' title='bbox 1134 1319 1267 1390; x_wconf 82' lang='lat' dir='ltr'><strong>legis</strong></span> <span class='ocrx_word' id='word_1_108' title='bbox 1299 1320 1633 1385; x_wconf 88' lang='lat' dir='ltr'><strong>illuminans,</strong></span> <span class='ocrx_word' id='word_1_109' title='bbox 1669 1317 1831 1374; x_wconf 72' lang='lat' dir='ltr'><strong>lann-</strong></span> 
     </span>
    </p>
   </div>
   <div class='ocr_carea' id='block_1_13' title="bbox 242 1413 1831 1484">
    <p class='ocr_par' dir='ltr' id='par_1_13' title="bbox 242 1413 1831 1484">
     <span class='ocr_line' id='line_1_13' title="bbox 242 1413 1831 1484; baseline 0.001 -16"><span class='ocrx_word' id='word_1_110' title='bbox 242 1429 367 1468; x_wconf 89' lang='lat' dir='ltr'><strong>nem</strong></span> <span class='ocrx_word' id='word_1_111' title='bbox 394 1413 556 1469; x_wconf 89' lang='lat' dir='ltr'><strong>etiam</strong></span> <span class='ocrx_word' id='word_1_112' title='bbox 601 1414 653 1468; x_wconf 87' lang='lat' dir='ltr'><strong>in</strong></span> <span class='ocrx_word' id='word_1_113' title='bbox 682 1421 838 1469; x_wconf 87' lang='lat' dir='ltr'><strong>utero</strong></span> <span class='ocrx_word' id='word_1_114' title='bbox 881 1417 1068 1469; x_wconf 81' lang='lat' dir='ltr'><strong>matris</strong></span> <span class='ocrx_word' id='word_1_115' title='bbox 1116 1414 1414 1484; x_wconf 88' lang='lat' dir='ltr'><strong>inspirans:</strong></span> <span class='ocrx_word' id='word_1_116' title='bbox 1447 1413 1607 1469; x_wconf 90' lang='lat' dir='ltr'><strong>datus</strong></span> <span class='ocrx_word' id='word_1_117' title='bbox 1633 1413 1831 1470; x_wconf 86' lang='lat' dir='ltr'><strong>deinde</strong></span> 
     </span>
    </p>
   </div>
   <div class='ocr_carea' id='block_1_14' title="bbox 232 1504 1823 1580">
    <p class='ocr_par' dir='ltr' id='par_1_14' title="bbox 232 1504 1823 1580">
     <span class='ocr_line' id='line_1_14' title="bbox 232 1504 1823 1580; baseline 0 -18"><span class='ocrx_word' id='word_1_118' title='bbox 232 1507 495 1578; x_wconf 82' lang='lat' dir='ltr'><strong>apostolis</strong></span> <span class='ocrx_word' id='word_1_119' title='bbox 521 1506 838 1577; x_wconf 65' lang='lat' dir='ltr'><strong>ceterisque</strong></span> <span class='ocrx_word' id='word_1_120' title='bbox 868 1505 1215 1563; x_wconf 83' lang='lat' dir='ltr'><strong>credentibus</strong></span> <span class='ocrx_word' id='word_1_121' title='bbox 1237 1549 1250 1572; x_wconf 91' lang='lat'><strong>,</strong></span> <span class='ocrx_word' id='word_1_122' title='bbox 1282 1506 1351 1563; x_wconf 89' lang='lat' dir='ltr'><strong>ad</strong></span> <span class='ocrx_word' id='word_1_123' title='bbox 1382 1504 1463 1580; x_wconf 76' lang='grc'><strong>(2)</strong></span> <span class='ocrx_word' id='word_1_124' title='bbox 1494 1508 1823 1579; x_wconf 78' lang='lat' dir='ltr'><strong>agnitionem</strong></span> 
     </span>
    </p>
   </div>
   <div class='ocr_carea' id='block_1_15' title="bbox 234 1597 1131 1670">
    <p class='ocr_par' dir='ltr' id='par_1_15' title="bbox 234 1597 1131 1670">
     <span class='ocr_line' id='line_1_15' title="bbox 234 1597 1131 1670; baseline 0 -15"><span class='ocrx_word' id='word_1_125' title='bbox 234 1602 356 1670; x_wconf 81' lang='lat' dir='ltr'><strong>ejus</strong></span> <span class='ocrx_word' id='word_1_126' title='bbox 383 1614 506 1670; x_wconf 66' lang='lat' dir='ltr'><strong>qua:</strong></span> <span class='ocrx_word' id='word_1_127' title='bbox 536 1597 742 1654; x_wconf 84' lang='lat' dir='ltr'><strong>indulta</strong></span> <span class='ocrx_word' id='word_1_128' title='bbox 768 1608 852 1654; x_wconf 91' lang='lat' dir='ltr'><strong>est</strong></span> <span class='ocrx_word' id='word_1_129' title='bbox 870 1597 1131 1655; x_wconf 81' lang='lat' dir='ltr'><strong>veritatis.</strong></span> 
     </span>
    </p>
   </div>
   <div class='ocr_carea' id='block_1_16' title="bbox 298 1692 1829 1769">
    <p class='ocr_par' dir='ltr' id='par_1_16' title="bbox 298 1692 1829 1769">
     <span class='ocr_line' id='line_1_16' title="bbox 298 1692 1829 1769; baseline 0.002 -20"><span class='ocrx_word' id='word_1_130' title='bbox 298 1693 395 1749; x_wconf 73' lang='lat'><strong>33.</strong></span> <span class='ocrx_word' id='word_1_131' title='bbox 424 1692 652 1764; x_wconf 82' lang='lat' dir='ltr'><strong>Spiritus</strong></span> <span class='ocrx_word' id='word_1_132' title='bbox 677 1694 842 1750; x_wconf 82' lang='lat' dir='ltr'><strong>sancti</strong></span> <span class='ocrx_word' id='word_1_133' title='bbox 866 1694 1007 1767; x_wconf 82' lang='lat' dir='ltr'><strong>quod</strong></span> <span class='ocrx_word' id='word_1_134' title='bbox 1044 1694 1277 1769; x_wconf 76' lang='lat' dir='ltr'><strong>ofﬁcium</strong></span> <span class='ocrx_word' id='word_1_135' title='bbox 1302 1700 1354 1751; x_wconf 83' lang='lat' dir='ltr'><strong>in</strong></span> <span class='ocrx_word' id='word_1_136' title='bbox 1400 1695 1566 1752; x_wconf 88' lang='lat' dir='ltr'><strong>nobis.</strong></span> <span class='ocrx_word' id='word_1_137' title='bbox 1584 1726 1653 1737; x_wconf 89' lang='lat'>-</span> <span class='ocrx_word' id='word_1_138' title='bbox 1676 1695 1829 1763; x_wconf 79' lang='lat' dir='ltr'><strong>Quod</strong></span> 
     </span>
    </p>
   </div>
   <div class='ocr_carea' id='block_1_17' title="bbox 1931 483 3522 561">
    <p class='ocr_par' dir='ltr' id='par_1_17' title="bbox 1931 483 3522 561">
     <span class='ocr_line' id='line_1_17' title="bbox 1931 483 3522 561; baseline 0.009 -29"><span class='ocrx_word' id='word_1_139' title='bbox 1931 484 2102 535; x_wconf 78' lang='lat' dir='ltr'><strong>vitulis</strong></span> <span class='ocrx_word' id='word_1_140' title='bbox 2143 483 2324 536; x_wconf 78' lang='lat' dir='ltr'><strong>iterum</strong></span> <span class='ocrx_word' id='word_1_141' title='bbox 2366 484 2433 556; x_wconf 67' lang='grc'><strong>(1⁷)</strong></span> <span class='ocrx_word' id='word_1_142' title='bbox 2483 488 2536 537; x_wconf 89' lang='lat' dir='ltr'><strong>in</strong></span> <span class='ocrx_word' id='word_1_143' title='bbox 2576 487 2829 549; x_wconf 89' lang='lat' dir='ltr'><strong>timorem,</strong></span> <span class='ocrx_word' id='word_1_144' title='bbox 2861 491 2949 541; x_wconf 76' lang='lat' dir='ltr'><strong>sed</strong></span> <span class='ocrx_word' id='word_1_145' title='bbox 2968 492 3236 561; x_wconf 75' lang='lat' dir='ltr'><strong>accepistis</strong></span> <span class='ocrx_word' id='word_1_146' title='bbox 3264 493 3522 558; x_wconf 82' lang='lat' dir='ltr'><strong>Spiritum</strong></span> 
     </span>
    </p>
   </div>
   <div class='ocr_carea' id='block_1_18' title="bbox 1927 573 3523 656">
    <p class='ocr_par' dir='ltr' id='par_1_18' title="bbox 1927 573 3523 656">
     <span class='ocr_line' id='line_1_18' title="bbox 1927 573 3523 656; baseline 0.008 -29"><span class='ocrx_word' id='word_1_147' title='bbox 1927 573 2217 638; x_wconf 81' lang='lat' dir='ltr'><strong>adoptionis</strong></span> <span class='ocrx_word' id='word_1_148' title='bbox 2244 616 2257 638; x_wconf 92' lang='lat'><strong>,</strong></span> <span class='ocrx_word' id='word_1_149' title='bbox 2282 575 2335 627; x_wconf 88' lang='lat' dir='ltr'><strong>in</strong></span> <span class='ocrx_word' id='word_1_150' title='bbox 2362 592 2462 645; x_wconf 76' lang='lat' dir='ltr'><strong>quo</strong></span> <span class='ocrx_word' id='word_1_151' title='bbox 2491 577 2772 631; x_wconf 87' lang='lat' dir='ltr'><strong>clamantus</strong></span> <span class='ocrx_word' id='word_1_152' title='bbox 2804 596 2815 629; x_wconf 69' lang='grc' dir='ltr'><strong>ς</strong></span> <span class='ocrx_word' id='word_1_153' title='bbox 2845 579 2987 632; x_wconf 76' lang='lat' dir='ltr'><strong>Abba</strong></span> <span class='ocrx_word' id='word_1_154' title='bbox 3027 592 3169 649; x_wconf 80' lang='lat' dir='ltr'><strong>pater</strong></span> <span class='ocrx_word' id='word_1_155' title='bbox 3200 583 3374 656; x_wconf 80' lang='lat' dir='ltr'><strong>(Rom.</strong></span> <span class='ocrx_word' id='word_1_156' title='bbox 3410 603 3523 651; x_wconf 72' lang='lat' dir='ltr'><strong>rm,</strong></span> 
     </span>
    </p>
   </div>
   <div class='ocr_carea' id='block_1_19' title="bbox 1932 666 3527 747">
    <p class='ocr_par' dir='ltr' id='par_1_19' title="bbox 1932 666 3527 747">
     <span class='ocr_line' id='line_1_19' title="bbox 1932 666 3527 747; baseline 0.008 -27"><span class='ocrx_word' id='word_1_157' title='bbox 1932 666 2041 735; x_wconf 76' lang='grc' dir='ltr'>ιι).</span> <span class='ocrx_word' id='word_1_158' title='bbox 2074 668 2150 739; x_wconf 83' lang='lat' dir='ltr'><strong>(g)</strong></span> <span class='ocrx_word' id='word_1_159' title='bbox 2180 669 2246 722; x_wconf 82' lang='lat' dir='ltr'><strong>Et</strong></span> <span class='ocrx_word' id='word_1_160' title='bbox 2267 683 2511 723; x_wconf 82' lang='lat' dir='ltr'><strong>rursum:</strong></span> <span class='ocrx_word' id='word_1_161' title='bbox 2543 668 2678 735; x_wconf 82' lang='lat' dir='ltr'><strong>Quia</strong></span> <span class='ocrx_word' id='word_1_162' title='bbox 2699 686 2846 726; x_wconf 88' lang='lat' dir='ltr'><strong>nemo</strong></span> <span class='ocrx_word' id='word_1_163' title='bbox 2871 672 2925 725; x_wconf 87' lang='lat' dir='ltr'><strong>in</strong></span> <span class='ocrx_word' id='word_1_164' title='bbox 2957 672 3159 743; x_wconf 82' lang='lat' dir='ltr'><strong>Spiritu</strong></span> <span class='ocrx_word' id='word_1_165' title='bbox 3180 676 3258 747; x_wconf 86' lang='lat' dir='ltr'><strong>(It)</strong></span> <span class='ocrx_word' id='word_1_166' title='bbox 3284 675 3377 731; x_wconf 82' lang='lat' dir='ltr'><strong>Dei</strong></span> <span class='ocrx_word' id='word_1_167' title='bbox 3401 679 3527 732; x_wconf 74' lang='lat' dir='ltr'><strong>dirit</strong></span> 
     </span>
    </p>
   </div>
   <div class='ocr_carea' id='block_1_20' title="bbox 1926 757 3521 837">
    <p class='ocr_par' dir='ltr' id='par_1_20' title="bbox 1926 757 3521 837">
     <span class='ocr_line' id='line_1_20' title="bbox 1926 757 3521 837; baseline 0.006 -26"><span class='ocrx_word' id='word_1_168' title='bbox 1926 757 2281 832; x_wconf 66' lang='lat' dir='ltr'><strong>anathematS)</strong></span> <span class='ocrx_word' id='word_1_169' title='bbox 2294 759 2493 826; x_wconf 80' lang='lat' dir='ltr'><strong>lesu,et</strong></span> <span class='ocrx_word' id='word_1_170' title='bbox 2507 778 2652 816; x_wconf 86' lang='lat' dir='ltr'><strong>nemo</strong></span> <span class='ocrx_word' id='word_1_171' title='bbox 2663 772 2827 834; x_wconf 85' lang='lat' dir='ltr'><strong>potest</strong></span> <span class='ocrx_word' id='word_1_172' title='bbox 2844 765 3012 819; x_wconf 79' lang='lat' dir='ltr'><strong>dicere</strong></span> <span class='ocrx_word' id='word_1_173' title='bbox 3027 764 3307 822; x_wconf 84' lang='lat' dir='ltr'><strong>Dominum</strong></span> <span class='ocrx_word' id='word_1_174' title='bbox 3324 769 3521 837; x_wconf 75' lang='lat' dir='ltr'><strong>Iesum,</strong></span> 
     </span>
    </p>
   </div>
   <div class='ocr_carea' id='block_1_21' title="bbox 1929 848 3529 927">
    <p class='ocr_par' dir='ltr' id='par_1_21' title="bbox 1929 848 3529 927">
     <span class='ocr_line' id='line_1_21' title="bbox 1929 848 3529 927; baseline 0.007 -23"><span class='ocrx_word' id='word_1_175' title='bbox 1929 849 2029 904; x_wconf 82' lang='lat' dir='ltr'><strong>nisi</strong></span> <span class='ocrx_word' id='word_1_176' title='bbox 2047 850 2103 903; x_wconf 89' lang='lat' dir='ltr'><strong>in</strong></span> <span class='ocrx_word' id='word_1_177' title='bbox 2122 848 2325 919; x_wconf 81' lang='lat' dir='ltr'><strong>Spiritu</strong></span> <span class='ocrx_word' id='word_1_178' title='bbox 2348 861 2521 907; x_wconf 85' lang='lat' dir='ltr'><strong>sancto</strong></span> <span class='ocrx_word' id='word_1_179' title='bbox 2547 851 2591 917; x_wconf 73' lang='lat' dir='ltr'><strong>ll</strong></span> <span class='ocrx_word' id='word_1_180' title='bbox 2617 851 2739 908; x_wconf 84' lang='lat' dir='ltr'><strong>Cor.</strong></span> <span class='ocrx_word' id='word_1_181' title='bbox 2772 869 2870 919; x_wconf 80' lang='lat' dir='ltr'><strong>xu,</strong></span> <span class='ocrx_word' id='word_1_182' title='bbox 2895 854 2972 927; x_wconf 77' lang='grc'><strong>5).</strong></span> <span class='ocrx_word' id='word_1_183' title='bbox 3000 856 3067 911; x_wconf 81' lang='lat' dir='ltr'><strong>Et</strong></span> <span class='ocrx_word' id='word_1_184' title='bbox 3086 873 3300 914; x_wconf 85' lang='lat' dir='ltr'><strong>rursum</strong></span> <span class='ocrx_word' id='word_1_185' title='bbox 3328 878 3339 913; x_wconf 60' lang='grc' dir='ltr'><strong><em>ς</em></strong></span> <span class='ocrx_word' id='word_1_186' title='bbox 3379 860 3529 915; x_wconf 76' lang='lat' dir='ltr'><strong>Divi—</strong></span> 
     </span>
    </p>
   </div>
   <div class='ocr_carea' id='block_1_22' title="bbox 1928 943 3529 1026">
    <p class='ocr_par' dir='ltr' id='par_1_22' title="bbox 1928 943 3529 1026">
     <span class='ocr_line' id='line_1_22' title="bbox 1928 943 3529 1026; baseline 0.009 -30"><span class='ocrx_word' id='word_1_187' title='bbox 1928 943 2096 999; x_wconf 81' lang='lat' dir='ltr'><strong>siones</strong></span> <span class='ocrx_word' id='word_1_188' title='bbox 2119 953 2288 999; x_wconf 88' lang='lat' dir='ltr'><strong>autem</strong></span> <span class='ocrx_word' id='word_1_189' title='bbox 2304 944 2383 1017; x_wconf 86' lang='lat'><strong>(6)</strong></span> <span class='ocrx_word' id='word_1_190' title='bbox 2408 946 2660 1000; x_wconf 84' lang='lat' dir='ltr'><strong>donorum</strong></span> <span class='ocrx_word' id='word_1_191' title='bbox 2688 957 2828 1013; x_wconf 89' lang='lat' dir='ltr'><strong>sunt,</strong></span> <span class='ocrx_word' id='word_1_192' title='bbox 2852 948 2987 1003; x_wconf 83' lang='lat' dir='ltr'><strong>idem</strong></span> <span class='ocrx_word' id='word_1_193' title='bbox 3005 960 3174 1007; x_wconf 79' lang='lat' dir='ltr'><strong>autem</strong></span> <span class='ocrx_word' id='word_1_194' title='bbox 3197 952 3461 1026; x_wconf 73' lang='lat' dir='ltr'><strong>Spiritus;</strong></span> <span class='ocrx_word' id='word_1_195' title='bbox 3484 968 3529 1010; x_wconf 85' lang='lat' dir='ltr'><strong>et</strong></span> 
     </span>
    </p>
   </div>
   <div class='ocr_carea' id='block_1_23' title="bbox 1929 1035 3526 1115">
    <p class='ocr_par' dir='ltr' id='par_1_23' title="bbox 1929 1035 3526 1115">
     <span class='ocr_line' id='line_1_23' title="bbox 1929 1035 3526 1115; baseline 0.01 -27"><span class='ocrx_word' id='word_1_196' title='bbox 1929 1035 2203 1091; x_wconf 78' lang='lat' dir='ltr'><strong>divisiones</strong></span> <span class='ocrx_word' id='word_1_197' title='bbox 2230 1038 2625 1093; x_wconf 80' lang='lat' dir='ltr'><strong>ministeriorum</strong></span> <span class='ocrx_word' id='word_1_198' title='bbox 2651 1052 2791 1103; x_wconf 87' lang='lat' dir='ltr'><strong>sunt,</strong></span> <span class='ocrx_word' id='word_1_199' title='bbox 2818 1041 2882 1113; x_wconf 89' lang='lat' dir='ltr'><strong>(i)</strong></span> <span class='ocrx_word' id='word_1_200' title='bbox 2906 1043 3040 1097; x_wconf 83' lang='lat' dir='ltr'><strong>idem</strong></span> <span class='ocrx_word' id='word_1_201' title='bbox 3056 1054 3226 1099; x_wconf 88' lang='lat' dir='ltr'><strong>autent</strong></span> <span class='ocrx_word' id='word_1_202' title='bbox 3252 1047 3526 1115; x_wconf 80' lang='lat' dir='ltr'><strong>Dominus;</strong></span> 
     </span>
    </p>
   </div>
   <div class='ocr_carea' id='block_1_24' title="bbox 1930 1131 3529 1211">
    <p class='ocr_par' dir='ltr' id='par_1_24' title="bbox 1930 1131 3529 1211">
     <span class='ocr_line' id='line_1_24' title="bbox 1930 1131 3529 1211; baseline 0.007 -26"><span class='ocrx_word' id='word_1_203' title='bbox 1930 1139 1979 1185; x_wconf 87' lang='lat' dir='ltr'><strong>et</strong></span> <span class='ocrx_word' id='word_1_204' title='bbox 2015 1131 2290 1187; x_wconf 81' lang='lat' dir='ltr'><strong>divisiones</strong></span> <span class='ocrx_word' id='word_1_205' title='bbox 2330 1134 2683 1204; x_wconf 88' lang='lat' dir='ltr'><strong>operationum</strong></span> <span class='ocrx_word' id='word_1_206' title='bbox 2726 1147 2863 1200; x_wconf 88' lang='lat' dir='ltr'><strong>sunt,</strong></span> <span class='ocrx_word' id='word_1_207' title='bbox 2917 1140 3005 1191; x_wconf 85' lang='lat' dir='ltr'><strong>sed</strong></span> <span class='ocrx_word' id='word_1_208' title='bbox 3062 1138 3196 1192; x_wconf 88' lang='lat' dir='ltr'><strong>idem</strong></span> <span class='ocrx_word' id='word_1_209' title='bbox 3236 1140 3395 1205; x_wconf 87' lang='lat' dir='ltr'><strong>Deus,</strong></span> <span class='ocrx_word' id='word_1_210' title='bbox 3443 1144 3529 1211; x_wconf 86' lang='lat' dir='ltr'><strong>qui</strong></span> 
     </span>
    </p>
   </div>
   <div class='ocr_carea' id='block_1_25' title="bbox 1929 1226 3534 1297">
    <p class='ocr_par' dir='ltr' id='par_1_25' title="bbox 1929 1226 3534 1297">
     <span class='ocr_line' id='line_1_25' title="bbox 1929 1226 3534 1297; baseline 0.008 -21"><span class='ocrx_word' id='word_1_211' title='bbox 1929 1232 2170 1295; x_wconf 83' lang='lat' dir='ltr'><strong>operatur</strong></span> <span class='ocrx_word' id='word_1_212' title='bbox 2199 1226 2371 1279; x_wconf 85' lang='lat' dir='ltr'><strong>omnia</strong></span> <span class='ocrx_word' id='word_1_213' title='bbox 2410 1226 2463 1279; x_wconf 88' lang='lat' dir='ltr'><strong>in</strong></span> <span class='ocrx_word' id='word_1_214' title='bbox 2509 1228 2761 1283; x_wconf 87' lang='lat' dir='ltr'><strong>omnibus.</strong></span> <span class='ocrx_word' id='word_1_215' title='bbox 2794 1226 3083 1297; x_wconf 81' lang='lat' dir='ltr'><strong>Unicuique</strong></span> <span class='ocrx_word' id='word_1_216' title='bbox 3109 1243 3280 1286; x_wconf 83' lang='lat' dir='ltr'><strong>autem</strong></span> <span class='ocrx_word' id='word_1_217' title='bbox 3311 1237 3534 1289; x_wconf 77' lang='lat' dir='ltr'><strong>donatur</strong></span> 
     </span>
    </p>
   </div>
   <div class='ocr_carea' id='block_1_26' title="bbox 1928 1315 3539 1390">
    <p class='ocr_par' dir='ltr' id='par_1_26' title="bbox 1928 1315 3539 1390">
     <span class='ocr_line' id='line_1_26' title="bbox 1928 1315 3539 1390; baseline 0.009 -21"><span class='ocrx_word' id='word_1_218' title='bbox 1928 1316 2240 1370; x_wconf 86' lang='lat' dir='ltr'><strong>illuminatio</strong></span> <span class='ocrx_word' id='word_1_219' title='bbox 2283 1315 2397 1389; x_wconf 60' lang='grc' dir='ltr'><strong>ω</strong></span> <span class='ocrx_word' id='word_1_220' title='bbox 2424 1318 2651 1390; x_wconf 80' lang='lat' dir='ltr'><strong>Spiritus</strong></span> <span class='ocrx_word' id='word_1_221' title='bbox 2679 1321 2748 1374; x_wconf 87' lang='lat' dir='ltr'><strong>ad</strong></span> <span class='ocrx_word' id='word_1_222' title='bbox 2788 1322 3075 1377; x_wconf 81' lang='lat' dir='ltr'><strong>utilitatem.</strong></span> <span class='ocrx_word' id='word_1_223' title='bbox 3110 1326 3213 1379; x_wconf 82' lang='lat' dir='ltr'><strong>Alii</strong></span> <span class='ocrx_word' id='word_1_224' title='bbox 3238 1338 3403 1381; x_wconf 86' lang='lat' dir='ltr'><strong>autem</strong></span> <span class='ocrx_word' id='word_1_225' title='bbox 3439 1331 3539 1383; x_wconf 82' lang='lat' dir='ltr'><strong>du-</strong></span> 
     </span>
    </p>
   </div>
   <div class='ocr_carea' id='block_1_27' title="bbox 1931 1408 3536 1484">
    <p class='ocr_par' dir='ltr' id='par_1_27' title="bbox 1931 1408 3536 1484">
     <span class='ocr_line' id='line_1_27' title="bbox 1931 1408 3536 1484; baseline 0.009 -22"><span class='ocrx_word' id='word_1_226' title='bbox 1931 1418 2016 1462; x_wconf 89' lang='lat' dir='ltr'><strong>tur</strong></span> <span class='ocrx_word' id='word_1_227' title='bbox 2032 1408 2110 1481; x_wconf 84' lang='lat'><strong>(7)</strong></span> <span class='ocrx_word' id='word_1_228' title='bbox 2130 1426 2218 1479; x_wconf 88' lang='lat' dir='ltr'><strong>per</strong></span> <span class='ocrx_word' id='word_1_229' title='bbox 2232 1408 2488 1481; x_wconf 85' lang='lat' dir='ltr'><strong>Spiritum</strong></span> <span class='ocrx_word' id='word_1_230' title='bbox 2512 1428 2679 1467; x_wconf 81' lang='lat' dir='ltr'><strong>sermo</strong></span> <span class='ocrx_word' id='word_1_231' title='bbox 2707 1415 2987 1484; x_wconf 69' lang='lat' dir='ltr'><strong>sapientiae,</strong></span> <span class='ocrx_word' id='word_1_232' title='bbox 3011 1417 3102 1471; x_wconf 86' lang='lat' dir='ltr'><strong>alii</strong></span> <span class='ocrx_word' id='word_1_233' title='bbox 3121 1434 3286 1472; x_wconf 78' lang='lat' dir='ltr'><strong>sermo</strong></span> <span class='ocrx_word' id='word_1_234' title='bbox 3310 1422 3536 1476; x_wconf 77' lang='lat' dir='ltr'><strong>scientia:</strong></span> 
     </span>
    </p>
   </div>
   <div class='ocr_carea' id='block_1_28' title="bbox 1930 1503 3535 1581">
    <p class='ocr_par' dir='ltr' id='par_1_28' title="bbox 1930 1503 3535 1581">
     <span class='ocr_line' id='line_1_28' title="bbox 1930 1503 3535 1581; baseline 0.006 -26"><span class='ocrx_word' id='word_1_235' title='bbox 1930 1503 2211 1555; x_wconf 81' lang='lat' dir='ltr'><strong>secundant</strong></span> <span class='ocrx_word' id='word_1_236' title='bbox 2228 1504 2458 1557; x_wconf 86' lang='lat' dir='ltr'><strong>eumdem</strong></span> <span class='ocrx_word' id='word_1_237' title='bbox 2475 1503 2750 1573; x_wconf 79' lang='lat' dir='ltr'><strong>Spiritum,</strong></span> <span class='ocrx_word' id='word_1_238' title='bbox 2772 1507 2864 1560; x_wconf 81' lang='lat' dir='ltr'><strong>alii</strong></span> <span class='ocrx_word' id='word_1_239' title='bbox 2878 1507 3006 1577; x_wconf 73' lang='lat' dir='ltr'><strong>fides</strong></span> <span class='ocrx_word' id='word_1_240' title='bbox 3032 1509 3086 1562; x_wconf 90' lang='lat' dir='ltr'><strong>in</strong></span> <span class='ocrx_word' id='word_1_241' title='bbox 3107 1513 3284 1565; x_wconf 86' lang='lat' dir='ltr'><strong>eodem</strong></span> <span class='ocrx_word' id='word_1_242' title='bbox 3308 1511 3535 1581; x_wconf 79' lang='lat' dir='ltr'><strong>Spiritu,</strong></span> 
     </span>
    </p>
   </div>
   <div class='ocr_carea' id='block_1_29' title="bbox 1929 1594 3535 1673">
    <p class='ocr_par' dir='ltr' id='par_1_29' title="bbox 1929 1594 3535 1673">
     <span class='ocr_line' id='line_1_29' title="bbox 1929 1594 3535 1673; baseline 0.009 -25"><span class='ocrx_word' id='word_1_243' title='bbox 1929 1594 2023 1648; x_wconf 88' lang='lat' dir='ltr'><strong>alii</strong></span> <span class='ocrx_word' id='word_1_244' title='bbox 2053 1596 2190 1649; x_wconf 88' lang='lat' dir='ltr'><strong>dona</strong></span> <span class='ocrx_word' id='word_1_245' title='bbox 2227 1596 2506 1650; x_wconf 87' lang='lat' dir='ltr'><strong>sanitatum</strong></span> <span class='ocrx_word' id='word_1_246' title='bbox 2546 1598 2600 1651; x_wconf 85' lang='lat' dir='ltr'><strong>in</strong></span> <span class='ocrx_word' id='word_1_247' title='bbox 2627 1614 2728 1651; x_wconf 87' lang='lat' dir='ltr'><strong>uno</strong></span> <span class='ocrx_word' id='word_1_248' title='bbox 2757 1598 2979 1669; x_wconf 81' lang='lat' dir='ltr'><strong>Spiritu,</strong></span> <span class='ocrx_word' id='word_1_249' title='bbox 3001 1604 3092 1655; x_wconf 85' lang='lat' dir='ltr'><strong>alii</strong></span> <span class='ocrx_word' id='word_1_250' title='bbox 3114 1607 3342 1673; x_wconf 83' lang='lat' dir='ltr'><strong>operatio</strong></span> <span class='ocrx_word' id='word_1_251' title='bbox 3372 1610 3535 1662; x_wconf 76' lang='lat' dir='ltr'><strong>uirtu-</strong></span> 
     </span>
    </p>
   </div>
   <div class='ocr_carea' id='block_1_30' title="bbox 1932 1689 3538 1765">
    <p class='ocr_par' dir='ltr' id='par_1_30' title="bbox 1932 1689 3538 1765">
     <span class='ocr_line' id='line_1_30' title="bbox 1932 1689 3538 1765; baseline 0.007 -24"><span class='ocrx_word' id='word_1_252' title='bbox 1932 1697 2060 1753; x_wconf 87' lang='lat' dir='ltr'><strong>tum,</strong></span> <span class='ocrx_word' id='word_1_253' title='bbox 2085 1689 2176 1742; x_wconf 82' lang='lat' dir='ltr'><strong>alii</strong></span> <span class='ocrx_word' id='word_1_254' title='bbox 2222 1690 2488 1757; x_wconf 85' lang='lat' dir='ltr'><strong>prapltetia</strong></span> <span class='ocrx_word' id='word_1_255' title='bbox 2512 1732 2529 1755; x_wconf 95' lang='lat'><strong>,</strong></span> <span class='ocrx_word' id='word_1_256' title='bbox 2580 1692 2668 1744; x_wconf 85' lang='lat' dir='ltr'><strong>alii</strong></span> <span class='ocrx_word' id='word_1_257' title='bbox 2700 1693 2773 1765; x_wconf 83' lang='lat' dir='ltr'><strong>(j)</strong></span> <span class='ocrx_word' id='word_1_258' title='bbox 2803 1694 3056 1764; x_wconf 78' lang='lat' dir='ltr'><strong>separatio</strong></span> <span class='ocrx_word' id='word_1_259' title='bbox 3081 1697 3397 1764; x_wconf 82' lang='lat' dir='ltr'><strong>spirituum:</strong></span> <span class='ocrx_word' id='word_1_260' title='bbox 3447 1701 3538 1755; x_wconf 86' lang='lat' dir='ltr'><strong>alii</strong></span> 
     </span>
    </p>
   </div>
   <div class='ocr_carea' id='block_1_31' title="bbox 234 1782 3533 1861">
    <p class='ocr_par' dir='ltr' id='par_1_31' title="bbox 234 1782 3533 1861">
     <span class='ocr_line' id='line_1_31' title="bbox 234 1782 3533 1861; baseline 0.003 -22"><span class='ocrx_word' id='word_1_261' title='bbox 234 1794 413 1841; x_wconf 87' lang='lat' dir='ltr'><strong>autem</strong></span> <span class='ocrx_word' id='word_1_262' title='bbox 440 1786 514 1841; x_wconf 85' lang='lat' dir='ltr'><strong>sit</strong></span> <span class='ocrx_word' id='word_1_263' title='bbox 533 1785 770 1841; x_wconf 77' lang='lat' dir='ltr'><strong>ofﬁcium</strong></span> <span class='ocrx_word' id='word_1_264' title='bbox 800 1785 919 1856; x_wconf 79' lang='lat' dir='ltr'><strong>ejus</strong></span> <span class='ocrx_word' id='word_1_265' title='bbox 936 1788 986 1841; x_wconf 91' lang='lat' dir='ltr'><strong>in</strong></span> <span class='ocrx_word' id='word_1_266' title='bbox 1020 1787 1197 1853; x_wconf 82' lang='lat' dir='ltr'><strong>nobis,</strong></span> <span class='ocrx_word' id='word_1_267' title='bbox 1220 1787 1402 1843; x_wconf 83' lang='lat' dir='ltr'><strong>verbis</strong></span> <span class='ocrx_word' id='word_1_268' title='bbox 1428 1788 1597 1859; x_wconf 86' lang='lat' dir='ltr'><strong>ipsius</strong></span> <span class='ocrx_word' id='word_1_269' title='bbox 1618 1790 1830 1845; x_wconf 87' lang='lat' dir='ltr'><strong>Domini</strong></span> <span class='ocrx_word' id='word_1_270' title='bbox 1860 1785 1910 1846; x_wconf 91' lang='lat' dir='ltr'><strong>B</strong></span> <span class='ocrx_word' id='word_1_271' title='bbox 1934 1799 2120 1855; x_wconf 72' lang='lat' dir='ltr'><strong>genera</strong></span> <span class='ocrx_word' id='word_1_272' title='bbox 2149 1782 2227 1856; x_wconf 79' lang='grc'><strong>(8)</strong></span> <span class='ocrx_word' id='word_1_273' title='bbox 2251 1784 2565 1855; x_wconf 59' lang='lat' dir='ltr'><strong>linguarum.</strong></span> <span class='ocrx_word' id='word_1_274' title='bbox 2589 1786 2682 1838; x_wconf 73' lang='lat' dir='ltr'><strong>alii</strong></span> <span class='ocrx_word' id='word_1_275' title='bbox 2710 1786 2787 1853; x_wconf 77' lang='lat' dir='ltr'><strong>(It)</strong></span> <span class='ocrx_word' id='word_1_276' title='bbox 2835 1788 3186 1857; x_wconf 72' lang='lat' dir='ltr'><strong>interpretatio</strong></span> <span class='ocrx_word' id='word_1_277' title='bbox 3214 1791 3533 1861; x_wconf 79' lang='lat' dir='ltr'><strong>linguarum.</strong></span> 
     </span>
    </p>
   </div>
   <div class='ocr_carea' id='block_1_32' title="bbox 238 1877 1840 1954">
    <p class='ocr_par' dir='ltr' id='par_1_32' title="bbox 238 1877 1840 1954">
     <span class='ocr_line' id='line_1_32' title="bbox 238 1877 1840 1954; baseline 0.004 -23"><span class='ocrx_word' id='word_1_278' title='bbox 238 1878 543 1934; x_wconf 82' lang='lat' dir='ltr'><strong>audiamus.</strong></span> <span class='ocrx_word' id='word_1_279' title='bbox 586 1878 678 1933; x_wconf 80' lang='lat' dir='ltr'><strong>Ait</strong></span> <span class='ocrx_word' id='word_1_280' title='bbox 703 1877 878 1933; x_wconf 90' lang='lat' dir='ltr'><strong>enim:</strong></span> <span class='ocrx_word' id='word_1_281' title='bbox 913 1879 1094 1934; x_wconf 74' lang='lat' dir='ltr'><strong>Adhuc</strong></span> <span class='ocrx_word' id='word_1_282' title='bbox 1120 1881 1286 1935; x_wconf 84' lang='lat' dir='ltr'><strong>multa</strong></span> <span class='ocrx_word' id='word_1_283' title='bbox 1310 1880 1472 1936; x_wconf 66' lang='lat' dir='ltr'><strong>habeo</strong></span> <span class='ocrx_word' id='word_1_284' title='bbox 1512 1899 1629 1954; x_wconf 82' lang='lat' dir='ltr'><strong>qua:</strong></span> <span class='ocrx_word' id='word_1_285' title='bbox 1669 1882 1840 1938; x_wconf 89' lang='lat' dir='ltr'><strong>dicam</strong></span> 
     </span>
    </p>
   </div>
   <div class='ocr_carea' id='block_1_33' title="bbox 234 1970 1833 2048">
    <p class='ocr_par' dir='ltr' id='par_1_33' title="bbox 234 1970 1833 2048">
     <span class='ocr_line' id='line_1_33' title="bbox 234 1970 1833 2048; baseline 0.004 -22"><span class='ocrx_word' id='word_1_286' title='bbox 234 1970 397 2038; x_wconf 74' lang='lat' dir='ltr'><strong>vobis,</strong></span> <span class='ocrx_word' id='word_1_287' title='bbox 413 1970 504 2028; x_wconf 86' lang='lat' dir='ltr'><strong>sed</strong></span> <span class='ocrx_word' id='word_1_288' title='bbox 530 1988 632 2026; x_wconf 88' lang='lat' dir='ltr'><strong>non</strong></span> <span class='ocrx_word' id='word_1_289' title='bbox 651 1972 861 2043; x_wconf 85' lang='lat' dir='ltr'><strong>potestis</strong></span> <span class='ocrx_word' id='word_1_290' title='bbox 879 1972 973 2027; x_wconf 79' lang='lat' dir='ltr'><strong>illa</strong></span> <span class='ocrx_word' id='word_1_291' title='bbox 992 1973 1145 2028; x_wconf 79' lang='lat' dir='ltr'><strong>modo</strong></span> <span class='ocrx_word' id='word_1_292' title='bbox 1170 1984 1377 2044; x_wconf 83' lang='lat' dir='ltr'><strong>portare</strong></span> <span class='ocrx_word' id='word_1_293' title='bbox 1408 1974 1588 2047; x_wconf 83' lang='lat' dir='ltr'><strong>(Joan.</strong></span> <span class='ocrx_word' id='word_1_294' title='bbox 1607 1975 1833 2048; x_wconf 62' lang='lat' dir='ltr'><strong>xrtJQ).</strong></span> 
     </span>
    </p>
   </div>
   <div class='ocr_carea' id='block_1_34' title="bbox 248 2063 1839 2137">
    <p class='ocr_par' dir='ltr' id='par_1_34' title="bbox 248 2063 1839 2137">
     <span class='ocr_line' id='line_1_34' title="bbox 248 2063 1839 2137; baseline 0.003 -17"><span class='ocrx_word' id='word_1_295' title='bbox 248 2063 475 2136; x_wconf 75' lang='lat' dir='ltr'><strong>Expedit</strong></span> <span class='ocrx_word' id='word_1_296' title='bbox 503 2064 649 2120; x_wconf 86' lang='lat' dir='ltr'><strong>enim</strong></span> <span class='ocrx_word' id='word_1_297' title='bbox 682 2064 836 2120; x_wconf 79' lang='lat' dir='ltr'><strong>vobis</strong></span> <span class='ocrx_word' id='word_1_298' title='bbox 862 2073 920 2121; x_wconf 92' lang='lat' dir='ltr'><strong>ut</strong></span> <span class='ocrx_word' id='word_1_299' title='bbox 944 2079 1045 2137; x_wconf 86' lang='lat' dir='ltr'><strong>ego</strong></span> <span class='ocrx_word' id='word_1_300' title='bbox 1065 2080 1221 2132; x_wconf 89' lang='lat' dir='ltr'><strong>eam;</strong></span> <span class='ocrx_word' id='word_1_301' title='bbox 1249 2069 1292 2124; x_wconf 88' lang='lat' dir='ltr'><strong>si</strong></span> <span class='ocrx_word' id='word_1_302' title='bbox 1342 2068 1477 2136; x_wconf 76' lang='lat' dir='ltr'><strong>iero,</strong></span> <span class='ocrx_word' id='word_1_303' title='bbox 1508 2070 1715 2125; x_wconf 78' lang='lat' dir='ltr'><strong>mittam</strong></span> <span class='ocrx_word' id='word_1_304' title='bbox 1745 2085 1839 2125; x_wconf 85' lang='lat' dir='ltr'><strong>vo-</strong></span> 
     </span>
    </p>
   </div>
   <div class='ocr_carea' id='block_1_35' title="bbox 240 2154 1839 2236">
    <p class='ocr_par' dir='ltr' id='par_1_35' title="bbox 240 2154 1839 2236">
     <span class='ocr_line' id='line_1_35' title="bbox 240 2154 1839 2236; baseline 0.003 -24"><span class='ocrx_word' id='word_1_305' title='bbox 240 2157 325 2212; x_wconf 88' lang='lat' dir='ltr'><strong>bis</strong></span> <span class='ocrx_word' id='word_1_306' title='bbox 357 2154 437 2227; x_wconf 76' lang='lat'><strong>(3)</strong></span> <span class='ocrx_word' id='word_1_307' title='bbox 465 2156 799 2214; x_wconf 80' lang='lat' dir='ltr'><strong>Advocatum</strong></span> <span class='ocrx_word' id='word_1_308' title='bbox 827 2157 993 2231; x_wconf 87' lang='lat' dir='ltr'><strong>(Ibid.</strong></span> <span class='ocrx_word' id='word_1_309' title='bbox 1027 2158 1103 2218; x_wconf 84' lang='lat'><strong>7).</strong></span> <span class='ocrx_word' id='word_1_310' title='bbox 1142 2159 1205 2215; x_wconf 86' lang='lat' dir='ltr'><strong>Et</strong></span> <span class='ocrx_word' id='word_1_311' title='bbox 1232 2176 1444 2216; x_wconf 88' lang='lat' dir='ltr'><strong>rursum</strong></span> <span class='ocrx_word' id='word_1_312' title='bbox 1466 2177 1485 2216; x_wconf 88' lang='lat'><strong><em>:</em></strong></span> <span class='ocrx_word' id='word_1_313' title='bbox 1510 2160 1624 2235; x_wconf 83' lang='lat' dir='ltr'><strong>Ego</strong></span> <span class='ocrx_word' id='word_1_314' title='bbox 1648 2163 1839 2236; x_wconf 81' lang='lat' dir='ltr'><strong>rogabo</strong></span> 
     </span>
    </p>
   </div>
   <div class='ocr_carea' id='block_1_36' title="bbox 236 2250 1827 2329">
    <p class='ocr_par' dir='ltr' id='par_1_36' title="bbox 236 2250 1827 2329">
     <span class='ocr_line' id='line_1_36' title="bbox 236 2250 1827 2329; baseline 0.004 -23"><span class='ocrx_word' id='word_1_315' title='bbox 236 2250 470 2318; x_wconf 81' lang='lat' dir='ltr'><strong>Patrem,</strong></span> <span class='ocrx_word' id='word_1_316' title='bbox 504 2263 552 2308; x_wconf 91' lang='lat' dir='ltr'><strong>et</strong></span> <span class='ocrx_word' id='word_1_317' title='bbox 574 2253 735 2308; x_wconf 87' lang='lat' dir='ltr'><strong>alium</strong></span> <span class='ocrx_word' id='word_1_318' title='bbox 763 2253 1077 2309; x_wconf 73' lang='lat' dir='ltr'><strong>Advocatum</strong></span> <span class='ocrx_word' id='word_1_319' title='bbox 1114 2254 1276 2310; x_wconf 85' lang='lat' dir='ltr'><strong>mittet</strong></span> <span class='ocrx_word' id='word_1_320' title='bbox 1297 2256 1437 2311; x_wconf 80' lang='lat' dir='ltr'><strong>vobis</strong></span> <span class='ocrx_word' id='word_1_321' title='bbox 1462 2255 1544 2329; x_wconf 87' lang='lat' dir='ltr'><strong>(tl)</strong></span> <span class='ocrx_word' id='word_1_322' title='bbox 1574 2267 1632 2313; x_wconf 85' lang='lat' dir='ltr'><strong>ut</strong></span> <span class='ocrx_word' id='word_1_323' title='bbox 1674 2258 1827 2313; x_wconf 77' lang='lat' dir='ltr'><strong>vobis-</strong></span> 
     </span>
    </p>
   </div>
   <div class='ocr_carea' id='block_1_37' title="bbox 233 2344 1840 2418">
    <p class='ocr_par' dir='ltr' id='par_1_37' title="bbox 233 2344 1840 2418">
     <span class='ocr_line' id='line_1_37' title="bbox 233 2344 1840 2418; baseline 0.002 -17"><span class='ocrx_word' id='word_1_324' title='bbox 233 2361 350 2401; x_wconf 77' lang='lat' dir='ltr'><strong>cum</strong></span> <span class='ocrx_word' id='word_1_325' title='bbox 379 2347 445 2401; x_wconf 90' lang='lat' dir='ltr'><strong>sit</strong></span> <span class='ocrx_word' id='word_1_326' title='bbox 468 2346 522 2401; x_wconf 88' lang='lat' dir='ltr'><strong>in</strong></span> <span class='ocrx_word' id='word_1_327' title='bbox 541 2353 810 2409; x_wconf 78' lang='lat' dir='ltr'><strong>wternum.</strong></span> <span class='ocrx_word' id='word_1_328' title='bbox 827 2344 1086 2416; x_wconf 79' lang='lat' dir='ltr'><strong>Spiritum</strong></span> <span class='ocrx_word' id='word_1_329' title='bbox 1102 2349 1331 2403; x_wconf 74' lang='lat' dir='ltr'><strong>veritatis</strong></span> <span class='ocrx_word' id='word_1_330' title='bbox 1354 2348 1535 2418; x_wconf 81' lang='lat' dir='ltr'><strong>(Joan.</strong></span> <span class='ocrx_word' id='word_1_331' title='bbox 1557 2365 1674 2417; x_wconf 76' lang='lat' dir='ltr'><strong>xlv,</strong></span> <span class='ocrx_word' id='word_1_332' title='bbox 1699 2351 1767 2408; x_wconf 76' lang='grc'><strong>16</strong></span> <span class='ocrx_word' id='word_1_333' title='bbox 1792 2358 1840 2407; x_wconf 89' lang='lat' dir='ltr'><strong>et</strong></span> 
     </span>
    </p>
   </div>
   <div class='ocr_carea' id='block_1_38' title="bbox 235 2439 1838 2514">
    <p class='ocr_par' dir='ltr' id='par_1_38' title="bbox 235 2439 1838 2514">
     <span class='ocr_line' id='line_1_38' title="bbox 235 2439 1838 2514; baseline 0.002 -19"><span class='ocrx_word' id='word_1_334' title='bbox 235 2439 344 2512; x_wconf 78' lang='grc'><strong>17).</strong></span> <span class='ocrx_word' id='word_1_335' title='bbox 372 2439 475 2496; x_wconf 86' lang='lat' dir='ltr'><strong>Ille</strong></span> <span class='ocrx_word' id='word_1_336' title='bbox 515 2456 603 2496; x_wconf 73' lang='lat' dir='ltr'><strong>eos</strong></span> <span class='ocrx_word' id='word_1_337' title='bbox 652 2441 836 2514; x_wconf 83' lang='lat' dir='ltr'><strong>diriget</strong></span> <span class='ocrx_word' id='word_1_338' title='bbox 882 2442 939 2497; x_wconf 90' lang='lat' dir='ltr'><strong>in</strong></span> <span class='ocrx_word' id='word_1_339' title='bbox 989 2456 1191 2497; x_wconf 82' lang='lat' dir='ltr'><strong>omnem</strong></span> <span class='ocrx_word' id='word_1_340' title='bbox 1234 2443 1533 2501; x_wconf 79' lang='lat' dir='ltr'><strong>veritatem:</strong></span> <span class='ocrx_word' id='word_1_341' title='bbox 1563 2460 1667 2501; x_wconf 90' lang='lat' dir='ltr'><strong>non</strong></span> <span class='ocrx_word' id='word_1_342' title='bbox 1698 2444 1838 2501; x_wconf 87' lang='lat' dir='ltr'><strong>enim</strong></span> 
     </span>
    </p>
   </div>
   <div class='ocr_carea' id='block_1_39' title="bbox 233 2533 1841 2607">
    <p class='ocr_par' dir='ltr' id='par_1_39' title="bbox 233 2533 1841 2607">
     <span class='ocr_line' id='line_1_39' title="bbox 233 2533 1841 2607; baseline 0.006 -20"><span class='ocrx_word' id='word_1_343' title='bbox 233 2535 468 2603; x_wconf 77' lang='lat' dir='ltr'><strong>loquetur</strong></span> <span class='ocrx_word' id='word_1_344' title='bbox 511 2550 546 2589; x_wconf 85' lang='lat' dir='ltr'><strong>a</strong></span> <span class='ocrx_word' id='word_1_345' title='bbox 581 2550 656 2599; x_wconf 88' lang='lat' dir='ltr'><strong>se,</strong></span> <span class='ocrx_word' id='word_1_346' title='bbox 706 2533 798 2590; x_wconf 89' lang='lat' dir='ltr'><strong>sed</strong></span> <span class='ocrx_word' id='word_1_347' title='bbox 846 2550 1175 2605; x_wconf 76' lang='lat' dir='ltr'><strong>qutecumque</strong></span> <span class='ocrx_word' id='word_1_348' title='bbox 1226 2537 1468 2603; x_wconf 84' lang='lat' dir='ltr'><strong>audierit,</strong></span> <span class='ocrx_word' id='word_1_349' title='bbox 1502 2539 1759 2607; x_wconf 77' lang='lat' dir='ltr'><strong>loquetur,</strong></span> <span class='ocrx_word' id='word_1_350' title='bbox 1790 2552 1841 2596; x_wconf 85' lang='lat' dir='ltr'><strong>et</strong></span> 
     </span>
    </p>
   </div>
   <div class='ocr_carea' id='block_1_40' title="bbox 233 2624 1872 2703">
    <p class='ocr_par' dir='ltr' id='par_1_40' title="bbox 233 2624 1872 2703">
     <span class='ocr_line' id='line_1_40' title="bbox 233 2624 1872 2703; baseline 0.004 -23"><span class='ocrx_word' id='word_1_351' title='bbox 233 2635 446 2681; x_wconf 78' lang='lat' dir='ltr'><strong>ventura</strong></span> <span class='ocrx_word' id='word_1_352' title='bbox 462 2626 786 2682; x_wconf 82' lang='lat' dir='ltr'><strong>annuntiabit</strong></span> <span class='ocrx_word' id='word_1_353' title='bbox 808 2626 967 2683; x_wconf 70' lang='lat' dir='ltr'><strong>vobis.</strong></span> <span class='ocrx_word' id='word_1_354' title='bbox 993 2624 1095 2684; x_wconf 82' lang='lat' dir='ltr'><strong>Ille</strong></span> <span class='ocrx_word' id='word_1_355' title='bbox 1107 2645 1188 2683; x_wconf 86' lang='lat' dir='ltr'><strong>me</strong></span> <span class='ocrx_word' id='word_1_356' title='bbox 1207 2629 1587 2701; x_wconf 80' lang='lat' dir='ltr'><strong>Itonoriﬁcabit,</strong></span> <span class='ocrx_word' id='word_1_357' title='bbox 1622 2632 1742 2703; x_wconf 85' lang='lat' dir='ltr'><strong>quia</strong></span> <span class='ocrx_word' id='word_1_358' title='bbox 1775 2633 1841 2687; x_wconf 88' lang='lat' dir='ltr'><strong>de</strong></span> <span class='ocrx_word' id='word_1_359' title='bbox 1868 2666 1872 2670; x_wconf 83' lang='lat'><strong><em>~</em></strong></span> 
     </span>
    </p>
   </div>
   <div class='ocr_carea' id='block_1_41' title="bbox 243 2720 1840 2799">
    <p class='ocr_par' dir='ltr' id='par_1_41' title="bbox 243 2720 1840 2799">
     <span class='ocr_line' id='line_1_41' title="bbox 243 2720 1840 2799; baseline 0.004 -20"><span class='ocrx_word' id='word_1_360' title='bbox 243 2722 322 2795; x_wconf 71' lang='grc'><strong>(4)</strong></span> <span class='ocrx_word' id='word_1_361' title='bbox 348 2740 463 2779; x_wconf 85' lang='lat' dir='ltr'><strong>meo</strong></span> <span class='ocrx_word' id='word_1_362' title='bbox 490 2733 651 2779; x_wconf 77' lang='lat' dir='ltr'><strong>sumet</strong></span> <span class='ocrx_word' id='word_1_363' title='bbox 674 2720 851 2795; x_wconf 81' lang='lat' dir='ltr'><strong>(Joan.</strong></span> <span class='ocrx_word' id='word_1_364' title='bbox 885 2739 1002 2789; x_wconf 75' lang='grc' dir='ltr'>ιιι.</span> <span class='ocrx_word' id='word_1_365' title='bbox 1028 2726 1097 2781; x_wconf 71' lang='grc'><strong>15</strong></span> <span class='ocrx_word' id='word_1_366' title='bbox 1124 2734 1171 2780; x_wconf 88' lang='lat' dir='ltr'><strong>et</strong></span> <span class='ocrx_word' id='word_1_367' title='bbox 1196 2723 1309 2798; x_wconf 78' lang='lat' dir='ltr'><strong>M).</strong></span> <span class='ocrx_word' id='word_1_368' title='bbox 1340 2725 1466 2785; x_wconf 65' lang='lat' dir='ltr'><strong>Haec</strong></span> <span class='ocrx_word' id='word_1_369' title='bbox 1491 2726 1561 2784; x_wconf 90' lang='lat' dir='ltr'><strong>de</strong></span> <span class='ocrx_word' id='word_1_370' title='bbox 1591 2728 1840 2799; x_wconf 85' lang='lat' dir='ltr'><strong>pluribus</strong></span> 
     </span>
    </p>
   </div>
   <div class='ocr_carea' id='block_1_42' title="bbox 236 2813 1835 2889">
    <p class='ocr_par' dir='ltr' id='par_1_42' title="bbox 236 2813 1835 2889">
     <span class='ocr_line' id='line_1_42' title="bbox 236 2813 1835 2889; baseline 0.006 -21"><span class='ocrx_word' id='word_1_371' title='bbox 236 2813 301 2871; x_wconf 87' lang='lat' dir='ltr'><strong>ad</strong></span> <span class='ocrx_word' id='word_1_372' title='bbox 327 2814 703 2887; x_wconf 76' lang='lat' dir='ltr'><strong>intelligentia:</strong></span> <span class='ocrx_word' id='word_1_373' title='bbox 730 2816 873 2871; x_wconf 83' lang='lat' dir='ltr'><strong>viam</strong></span> <span class='ocrx_word' id='word_1_374' title='bbox 902 2814 1046 2872; x_wconf 90' lang='lat' dir='ltr'><strong>dicta</strong></span> <span class='ocrx_word' id='word_1_375' title='bbox 1072 2826 1220 2883; x_wconf 86' lang='lat' dir='ltr'><strong>sunt,</strong></span> <span class='ocrx_word' id='word_1_376' title='bbox 1252 2818 1448 2889; x_wconf 87' lang='lat' dir='ltr'><strong>quibus</strong></span> <span class='ocrx_word' id='word_1_377' title='bbox 1492 2828 1550 2876; x_wconf 88' lang='lat' dir='ltr'><strong>et</strong></span> <span class='ocrx_word' id='word_1_378' title='bbox 1580 2820 1835 2879; x_wconf 77' lang='lat' dir='ltr'><strong>voluntas</strong></span> 
     </span>
    </p>
   </div>
   <div class='ocr_carea' id='block_1_43' title="bbox 235 2906 1838 2980">
    <p class='ocr_par' dir='ltr' id='par_1_43' title="bbox 235 2906 1838 2980">
     <span class='ocr_line' id='line_1_43' title="bbox 235 2906 1838 2980; baseline 0.006 -18"><span class='ocrx_word' id='word_1_379' title='bbox 235 2906 309 2980; x_wconf 89' lang='lat' dir='ltr'><strong>(e)</strong></span> <span class='ocrx_word' id='word_1_380' title='bbox 355 2909 716 2972; x_wconf 87' lang='lat' dir='ltr'><strong>munerantis,</strong></span> <span class='ocrx_word' id='word_1_381' title='bbox 743 2916 799 2965; x_wconf 88' lang='lat' dir='ltr'><strong>et</strong></span> <span class='ocrx_word' id='word_1_382' title='bbox 824 2909 963 2964; x_wconf 88' lang='lat' dir='ltr'><strong>ratio</strong></span> <span class='ocrx_word' id='word_1_383' title='bbox 976 2918 1033 2965; x_wconf 89' lang='lat' dir='ltr'><strong>et</strong></span> <span class='ocrx_word' id='word_1_384' title='bbox 1050 2910 1289 2967; x_wconf 90' lang='lat' dir='ltr'><strong>conditio</strong></span> <span class='ocrx_word' id='word_1_385' title='bbox 1320 2912 1563 2969; x_wconf 88' lang='lat' dir='ltr'><strong>muneris</strong></span> <span class='ocrx_word' id='word_1_386' title='bbox 1589 2915 1838 2972; x_wconf 86' lang='lat' dir='ltr'><strong>contine-</strong></span> 
     </span>
    </p>
   </div>
   <div class='ocr_carea' id='block_1_44' title="bbox 239 2998 1839 3079">
    <p class='ocr_par' dir='ltr' id='par_1_44' title="bbox 239 2998 1839 3079">
     <span class='ocr_line' id='line_1_44' title="bbox 239 2998 1839 3079; baseline 0.008 -27"><span class='ocrx_word' id='word_1_387' title='bbox 239 3004 347 3055; x_wconf 88' lang='lat' dir='ltr'><strong>tnr.</strong></span> <span class='ocrx_word' id='word_1_388' title='bbox 404 3008 467 3056; x_wconf 89' lang='lat' dir='ltr'><strong>ut</strong></span> <span class='ocrx_word' id='word_1_389' title='bbox 512 2998 635 3071; x_wconf 86' lang='lat' dir='ltr'><strong>quia</strong></span> <span class='ocrx_word' id='word_1_390' title='bbox 687 2998 969 3056; x_wconf 87' lang='lat' dir='ltr'><strong>inﬁrmitas</strong></span> <span class='ocrx_word' id='word_1_391' title='bbox 1006 3010 1189 3059; x_wconf 86' lang='lat' dir='ltr'><strong>nostra</strong></span> <span class='ocrx_word' id='word_1_392' title='bbox 1235 3018 1410 3076; x_wconf 87' lang='lat' dir='ltr'><strong>neque</strong></span> <span class='ocrx_word' id='word_1_393' title='bbox 1459 3004 1635 3062; x_wconf 82' lang='lat' dir='ltr'><strong>Patris</strong></span> <span class='ocrx_word' id='word_1_394' title='bbox 1662 3022 1839 3079; x_wconf 87' lang='lat' dir='ltr'><strong>neque</strong></span> 
     </span>
    </p>
   </div>
   <div class='ocr_carea' id='block_1_45' title="bbox 231 3091 1833 3165">
    <p class='ocr_par' dir='ltr' id='par_1_45' title="bbox 231 3091 1833 3165">
     <span class='ocr_line' id='line_1_45' title="bbox 231 3091 1833 3165; baseline 0.006 -17"><span class='ocrx_word' id='word_1_395' title='bbox 231 3092 349 3148; x_wconf 79' lang='lat' dir='ltr'><strong>Filii</strong></span> <span class='ocrx_word' id='word_1_396' title='bbox 379 3107 552 3165; x_wconf 82' lang='lat' dir='ltr'><strong>capax</strong></span> <span class='ocrx_word' id='word_1_397' title='bbox 574 3100 737 3162; x_wconf 84' lang='lat' dir='ltr'><strong>esset,</strong></span> <span class='ocrx_word' id='word_1_398' title='bbox 770 3091 932 3150; x_wconf 83' lang='lat' dir='ltr'><strong>ﬁdem</strong></span> <span class='ocrx_word' id='word_1_399' title='bbox 961 3104 1199 3151; x_wconf 82' lang='lat' dir='ltr'><strong>nostram</strong></span> <span class='ocrx_word' id='word_1_400' title='bbox 1229 3095 1300 3153; x_wconf 85' lang='lat' dir='ltr'><strong>de</strong></span> <span class='ocrx_word' id='word_1_401' title='bbox 1330 3094 1427 3153; x_wconf 86' lang='lat' dir='ltr'><strong>Dei</strong></span> <span class='ocrx_word' id='word_1_402' title='bbox 1456 3097 1833 3157; x_wconf 87' lang='lat' dir='ltr'><strong>incarnatione</strong></span> 
     </span>
    </p>
   </div>
   <div class='ocr_carea' id='block_1_46' title="bbox 1944 1872 3539 1954">
    <p class='ocr_par' dir='ltr' id='par_1_46' title="bbox 1944 1872 3539 1954">
     <span class='ocr_line' id='line_1_46' title="bbox 1944 1872 3539 1954; baseline 0.005 -25"><span class='ocrx_word' id='word_1_403' title='bbox 1944 1872 2134 1929; x_wconf 87' lang='lat' dir='ltr'><strong>Omnia</strong></span> <span class='ocrx_word' id='word_1_404' title='bbox 2156 1884 2323 1929; x_wconf 87' lang='lat' dir='ltr'><strong>autem</strong></span> <span class='ocrx_word' id='word_1_405' title='bbox 2351 1878 2463 1930; x_wconf 69' lang='lat' dir='ltr'><strong>tum:</strong></span> <span class='ocrx_word' id='word_1_406' title='bbox 2491 1886 2734 1947; x_wconf 83' lang='lat' dir='ltr'><strong>aperatur</strong></span> <span class='ocrx_word' id='word_1_407' title='bbox 2764 1895 2897 1933; x_wconf 86' lang='lat' dir='ltr'><strong>unus</strong></span> <span class='ocrx_word' id='word_1_408' title='bbox 2924 1887 3076 1950; x_wconf 86' lang='lat' dir='ltr'><strong>atque</strong></span> <span class='ocrx_word' id='word_1_409' title='bbox 3125 1882 3258 1936; x_wconf 87' lang='lat' dir='ltr'><strong>idem</strong></span> <span class='ocrx_word' id='word_1_410' title='bbox 3310 1883 3539 1954; x_wconf 80' lang='lat' dir='ltr'><strong>Spiritus</strong></span> 
     </span>
    </p>
   </div>
   <div class='ocr_carea' id='block_1_47' title="bbox 1943 1965 3534 2044">
    <p class='ocr_par' dir='ltr' id='par_1_47' title="bbox 1943 1965 3534 2044">
     <span class='ocr_line' id='line_1_47' title="bbox 1943 1965 3534 2044; baseline 0.008 -24"><span class='ocrx_word' id='word_1_411' title='bbox 1943 1965 2106 2040; x_wconf 83' lang='lat' dir='ltr'><strong>(Ibid.</strong></span> <span class='ocrx_word' id='word_1_412' title='bbox 2130 1968 2167 2023; x_wconf 79' lang='grc'><strong>4</strong></span> <span class='ocrx_word' id='word_1_413' title='bbox 2192 1977 2241 2023; x_wconf 86' lang='lat' dir='ltr'><strong>et</strong></span> <span class='ocrx_word' id='word_1_414' title='bbox 2261 1968 2447 2042; x_wconf 58' lang='lat' dir='ltr'><strong>seqq).</strong></span> <span class='ocrx_word' id='word_1_415' title='bbox 2478 1969 2749 2026; x_wconf 84' lang='lat' dir='ltr'><strong>Habemus</strong></span> <span class='ocrx_word' id='word_1_416' title='bbox 2774 1970 2935 2041; x_wconf 79' lang='lat' dir='ltr'><strong>igitur</strong></span> <span class='ocrx_word' id='word_1_417' title='bbox 2958 1973 3086 2028; x_wconf 78' lang='lat' dir='ltr'><strong>doni</strong></span> <span class='ocrx_word' id='word_1_418' title='bbox 3115 1975 3269 2031; x_wconf 80' lang='lat' dir='ltr'><strong>istius</strong></span> <span class='ocrx_word' id='word_1_419' title='bbox 3294 1992 3534 2044; x_wconf 79' lang='lat' dir='ltr'><strong>cauSam,</strong></span> 
     </span>
    </p>
   </div>
   <div class='ocr_carea' id='block_1_48' title="bbox 1941 2059 3541 2140">
    <p class='ocr_par' dir='ltr' id='par_1_48' title="bbox 1941 2059 3541 2140">
     <span class='ocr_line' id='line_1_48' title="bbox 1941 2059 3541 2140; baseline 0.007 -23"><span class='ocrx_word' id='word_1_420' title='bbox 1941 2059 2204 2118; x_wconf 83' lang='lat' dir='ltr'><strong>habemus</strong></span> <span class='ocrx_word' id='word_1_421' title='bbox 2235 2062 2478 2131; x_wconf 78' lang='lat' dir='ltr'><strong>ellectus,</strong></span> <span class='ocrx_word' id='word_1_422' title='bbox 2533 2075 2588 2119; x_wconf 91' lang='lat' dir='ltr'><strong>et</strong></span> <span class='ocrx_word' id='word_1_423' title='bbox 2617 2066 2799 2121; x_wconf 87' lang='lat' dir='ltr'><strong>nescio</strong></span> <span class='ocrx_word' id='word_1_424' title='bbox 2824 2068 2954 2137; x_wconf 84' lang='lat' dir='ltr'><strong>quid</strong></span> <span class='ocrx_word' id='word_1_425' title='bbox 2986 2067 3054 2124; x_wconf 89' lang='lat' dir='ltr'><strong>de</strong></span> <span class='ocrx_word' id='word_1_426' title='bbox 3077 2084 3146 2125; x_wconf 88' lang='lat' dir='ltr'><strong>eo</strong></span> <span class='ocrx_word' id='word_1_427' title='bbox 3174 2072 3541 2140; x_wconf 77' lang='lat' dir='ltr'><strong>ambiguitatis</strong></span> 
     </span>
    </p>
   </div>
   <div class='ocr_carea' id='block_1_49' title="bbox 1939 2157 3539 2234">
    <p class='ocr_par' dir='ltr' id='par_1_49' title="bbox 1939 2157 3539 2234">
     <span class='ocr_line' id='line_1_49' title="bbox 1939 2157 3539 2234; baseline 0.006 -23"><span class='ocrx_word' id='word_1_428' title='bbox 1939 2158 2030 2222; x_wconf 87' lang='lat' dir='ltr'><strong>sit,</strong></span> <span class='ocrx_word' id='word_1_429' title='bbox 2060 2157 2214 2228; x_wconf 83' lang='lat' dir='ltr'><strong>cujus</strong></span> <span class='ocrx_word' id='word_1_430' title='bbox 2237 2157 2289 2212; x_wconf 92' lang='lat' dir='ltr'><strong>in</strong></span> <span class='ocrx_word' id='word_1_431' title='bbox 2316 2157 2567 2213; x_wconf 86' lang='lat' dir='ltr'><strong>absoluto</strong></span> <span class='ocrx_word' id='word_1_432' title='bbox 2596 2158 2736 2213; x_wconf 89' lang='lat' dir='ltr'><strong>sitet</strong></span> <span class='ocrx_word' id='word_1_433' title='bbox 2761 2174 2942 2226; x_wconf 78' lang='lat' dir='ltr'><strong>causa,</strong></span> <span class='ocrx_word' id='word_1_434' title='bbox 2960 2172 3014 2216; x_wconf 90' lang='lat' dir='ltr'><strong>et</strong></span> <span class='ocrx_word' id='word_1_435' title='bbox 3032 2162 3261 2225; x_wconf 87' lang='lat' dir='ltr'><strong>ratio,et</strong></span> <span class='ocrx_word' id='word_1_436' title='bbox 3282 2173 3539 2234; x_wconf 84' lang='lat' dir='ltr'><strong>potestas.</strong></span> 
     </span>
    </p>
   </div>
   <div class='ocr_carea' id='block_1_50' title="bbox 2010 2249 3535 2322">
    <p class='ocr_par' dir='ltr' id='par_1_50' title="bbox 2010 2249 3535 2322">
     <span class='ocr_line' id='line_1_50' title="bbox 2010 2249 3535 2322; baseline 0.005 -18"><span class='ocrx_word' id='word_1_437' title='bbox 2010 2250 2103 2305; x_wconf 74' lang='lat'><strong>55.</strong></span> <span class='ocrx_word' id='word_1_438' title='bbox 2147 2249 2375 2322; x_wconf 85' lang='lat' dir='ltr'><strong>Spiritus</strong></span> <span class='ocrx_word' id='word_1_439' title='bbox 2427 2252 2593 2305; x_wconf 87' lang='lat' dir='ltr'><strong>sancti</strong></span> <span class='ocrx_word' id='word_1_440' title='bbox 2663 2251 2855 2306; x_wconf 86' lang='lat' dir='ltr'><strong>donum</strong></span> <span class='ocrx_word' id='word_1_441' title='bbox 2901 2254 3123 2309; x_wconf 69' lang='lat' dir='ltr'><strong>maxime</strong></span> <span class='ocrx_word' id='word_1_442' title='bbox 3173 2259 3535 2313; x_wconf 85' lang='lat' dir='ltr'><strong>necessarium.</strong></span> 
     </span>
    </p>
   </div>
   <div class='ocr_carea' id='block_1_51' title="bbox 1940 2341 3536 2419">
    <p class='ocr_par' dir='ltr' id='par_1_51' title="bbox 1940 2341 3536 2419">
     <span class='ocr_line' id='line_1_51' title="bbox 1940 2341 3536 2419; baseline 0.006 -22"><span class='ocrx_word' id='word_1_443' title='bbox 1940 2341 2142 2412; x_wconf 74' lang='lat' dir='ltr'><strong>Absque</strong></span> <span class='ocrx_word' id='word_1_444' title='bbox 2159 2358 2218 2397; x_wconf 91' lang='lat' dir='ltr'><strong>eo</strong></span> <span class='ocrx_word' id='word_1_445' title='bbox 2242 2341 2456 2397; x_wconf 83' lang='lat' dir='ltr'><strong>habetur</strong></span> <span class='ocrx_word' id='word_1_446' title='bbox 2474 2352 2658 2398; x_wconf 86' lang='lat' dir='ltr'><strong>natura</strong></span> <span class='ocrx_word' id='word_1_447' title='bbox 2690 2343 2853 2399; x_wconf 83' lang='lat' dir='ltr'><strong>Deum</strong></span> <span class='ocrx_word' id='word_1_448' title='bbox 2882 2347 3219 2419; x_wconf 82' lang='lat' dir='ltr'><strong>intelligendi,</strong></span> <span class='ocrx_word' id='word_1_449' title='bbox 3266 2367 3368 2405; x_wconf 87' lang='lat' dir='ltr'><strong>non</strong></span> <span class='ocrx_word' id='word_1_450' title='bbox 3397 2368 3536 2406; x_wconf 86' lang='lat' dir='ltr'><strong>usus.</strong></span> 
     </span>
    </p>
   </div>
   <div class='ocr_carea' id='block_1_52' title="bbox 1938 2436 3539 2509">
    <p class='ocr_par' dir='ltr' id='par_1_52' title="bbox 1938 2436 3539 2509">
     <span class='ocr_line' id='line_1_52' title="bbox 1938 2436 3539 2509; baseline 0.003 -14"><span class='ocrx_word' id='word_1_451' title='bbox 1938 2465 2011 2478; x_wconf 83' lang='lat'><strong>—-</strong></span> <span class='ocrx_word' id='word_1_452' title='bbox 2026 2436 2253 2495; x_wconf 86' lang='lat' dir='ltr'><strong>Utamur</strong></span> <span class='ocrx_word' id='word_1_453' title='bbox 2267 2453 2397 2509; x_wconf 87' lang='lat' dir='ltr'><strong>ergo</strong></span> <span class='ocrx_word' id='word_1_454' title='bbox 2420 2448 2528 2493; x_wconf 90' lang='lat' dir='ltr'><strong>tam</strong></span> <span class='ocrx_word' id='word_1_455' title='bbox 2548 2438 2861 2495; x_wconf 87' lang='lat' dir='ltr'><strong>liberalibus</strong></span> <span class='ocrx_word' id='word_1_456' title='bbox 2876 2440 3033 2495; x_wconf 89' lang='lat' dir='ltr'><strong>donis</strong></span> <span class='ocrx_word' id='word_1_457' title='bbox 3046 2450 3101 2496; x_wconf 87' lang='lat' dir='ltr'><strong>et</strong></span> <span class='ocrx_word' id='word_1_458' title='bbox 3123 2458 3276 2500; x_wconf 88' lang='lat' dir='ltr'><strong>usum</strong></span> <span class='ocrx_word' id='word_1_459' title='bbox 3302 2450 3539 2500; x_wconf 78' lang='lat' dir='ltr'><strong>maxime</strong></span> 
     </span>
    </p>
   </div>
   <div class='ocr_carea' id='block_1_53' title="bbox 1942 2531 3540 2607">
    <p class='ocr_par' dir='ltr' id='par_1_53' title="bbox 1942 2531 3540 2607">
     <span class='ocr_line' id='line_1_53' title="bbox 1942 2531 3540 2607; baseline 0.003 -21"><span class='ocrx_word' id='word_1_460' title='bbox 1942 2531 2231 2587; x_wconf 82' lang='lat' dir='ltr'><strong>necessarii</strong></span> <span class='ocrx_word' id='word_1_461' title='bbox 2260 2531 2498 2588; x_wconf 86' lang='lat' dir='ltr'><strong>muneris</strong></span> <span class='ocrx_word' id='word_1_462' title='bbox 2531 2540 2875 2601; x_wconf 76' lang='lat' dir='ltr'><strong>expetamus.</strong></span> <span class='ocrx_word' id='word_1_463' title='bbox 2908 2532 3003 2588; x_wconf 85' lang='lat' dir='ltr'><strong>Ait</strong></span> <span class='ocrx_word' id='word_1_464' title='bbox 3031 2535 3200 2602; x_wconf 87' lang='lat' dir='ltr'><strong>enim,</strong></span> <span class='ocrx_word' id='word_1_465' title='bbox 3233 2546 3291 2591; x_wconf 92' lang='lat' dir='ltr'><strong>ut</strong></span> <span class='ocrx_word' id='word_1_466' title='bbox 3309 2537 3421 2607; x_wconf 90' lang='lat' dir='ltr'><strong>jam</strong></span> <span class='ocrx_word' id='word_1_467' title='bbox 3449 2554 3540 2593; x_wconf 83' lang='lat' dir='ltr'><strong>su-</strong></span> 
     </span>
    </p>
   </div>
   <div class='ocr_carea' id='block_1_54' title="bbox 1941 2623 3537 2704">
    <p class='ocr_par' dir='ltr' id='par_1_54' title="bbox 1941 2623 3537 2704">
     <span class='ocr_line' id='line_1_54' title="bbox 1941 2623 3537 2704; baseline 0.004 -24"><span class='ocrx_word' id='word_1_468' title='bbox 1941 2624 2122 2693; x_wconf 89' lang='lat' dir='ltr'><strong>perius</strong></span> <span class='ocrx_word' id='word_1_469' title='bbox 2152 2623 2508 2689; x_wconf 88' lang='lat' dir='ltr'><strong>ostendimus,</strong></span> <span class='ocrx_word' id='word_1_470' title='bbox 2535 2625 2865 2695; x_wconf 82' lang='lat' dir='ltr'><strong>Apostolus:</strong></span> <span class='ocrx_word' id='word_1_471' title='bbox 2900 2624 3014 2683; x_wconf 84' lang='lat' dir='ltr'><strong>Nos</strong></span> <span class='ocrx_word' id='word_1_472' title='bbox 3047 2639 3218 2684; x_wconf 87' lang='lat' dir='ltr'><strong>autem</strong></span> <span class='ocrx_word' id='word_1_473' title='bbox 3239 2648 3341 2685; x_wconf 90' lang='lat' dir='ltr'><strong>non</strong></span> <span class='ocrx_word' id='word_1_474' title='bbox 3382 2634 3537 2704; x_wconf 84' lang='lat' dir='ltr'><strong>spiri-</strong></span> 
     </span>
    </p>
   </div>
   <div class='ocr_carea' id='block_1_55' title="bbox 1940 2719 3540 2794">
    <p class='ocr_par' dir='ltr' id='par_1_55' title="bbox 1940 2719 3540 2794">
     <span class='ocr_line' id='line_1_55' title="bbox 1940 2719 3540 2794; baseline 0.006 -21"><span class='ocrx_word' id='word_1_475' title='bbox 1940 2727 2048 2773; x_wconf 89' lang='lat' dir='ltr'><strong>tum</strong></span> <span class='ocrx_word' id='word_1_476' title='bbox 2074 2719 2231 2794; x_wconf 78' lang='lat' dir='ltr'><strong>Itujus</strong></span> <span class='ocrx_word' id='word_1_477' title='bbox 2260 2720 2441 2774; x_wconf 85' lang='lat' dir='ltr'><strong>mundi</strong></span> <span class='ocrx_word' id='word_1_478' title='bbox 2460 2720 2773 2788; x_wconf 81' lang='lat' dir='ltr'><strong>accepimus,</strong></span> <span class='ocrx_word' id='word_1_479' title='bbox 2816 2722 2906 2775; x_wconf 88' lang='lat' dir='ltr'><strong>sed</strong></span> <span class='ocrx_word' id='word_1_480' title='bbox 2928 2722 3171 2794; x_wconf 86' lang='lat' dir='ltr'><strong>spiritum</strong></span> <span class='ocrx_word' id='word_1_481' title='bbox 3205 2727 3291 2794; x_wconf 87' lang='lat' dir='ltr'><strong>qui</strong></span> <span class='ocrx_word' id='word_1_482' title='bbox 3339 2742 3401 2782; x_wconf 84' lang='lat' dir='ltr'><strong>ea:</strong></span> <span class='ocrx_word' id='word_1_483' title='bbox 3429 2725 3540 2783; x_wconf 86' lang='lat' dir='ltr'><strong>Deo</strong></span> 
     </span>
    </p>
   </div>
   <div class='ocr_carea' id='block_1_56' title="bbox 1937 2812 3536 2891">
    <p class='ocr_par' dir='ltr' id='par_1_56' title="bbox 1937 2812 3536 2891">
     <span class='ocr_line' id='line_1_56' title="bbox 1937 2812 3536 2891; baseline 0.007 -25"><span class='ocrx_word' id='word_1_484' title='bbox 1937 2824 2035 2879; x_wconf 86' lang='lat' dir='ltr'><strong>est,</strong></span> <span class='ocrx_word' id='word_1_485' title='bbox 2064 2822 2120 2868; x_wconf 87' lang='lat' dir='ltr'><strong>ut</strong></span> <span class='ocrx_word' id='word_1_486' title='bbox 2140 2815 2360 2869; x_wconf 86' lang='lat' dir='ltr'><strong>sciamus</strong></span> <span class='ocrx_word' id='word_1_487' title='bbox 2382 2830 2497 2885; x_wconf 78' lang='lat' dir='ltr'><strong>qua:</strong></span> <span class='ocrx_word' id='word_1_488' title='bbox 2520 2832 2554 2869; x_wconf 86' lang='grc' dir='ltr'><em>α</em></span> <span class='ocrx_word' id='word_1_489' title='bbox 2577 2812 2685 2871; x_wconf 88' lang='lat' dir='ltr'><strong>Deo</strong></span> <span class='ocrx_word' id='word_1_490' title='bbox 2712 2816 2904 2870; x_wconf 89' lang='lat' dir='ltr'><strong>donata</strong></span> <span class='ocrx_word' id='word_1_491' title='bbox 2924 2828 3044 2872; x_wconf 88' lang='lat' dir='ltr'><strong>sunt</strong></span> <span class='ocrx_word' id='word_1_492' title='bbox 3080 2819 3224 2873; x_wconf 87' lang='lat' dir='ltr'><strong>nobis</strong></span> <span class='ocrx_word' id='word_1_493' title='bbox 3247 2820 3291 2891; x_wconf 85' lang='lat' dir='ltr'><strong>(l</strong></span> <span class='ocrx_word' id='word_1_494' title='bbox 3322 2818 3442 2875; x_wconf 86' lang='lat' dir='ltr'><strong>Cor.</strong></span> <span class='ocrx_word' id='word_1_495' title='bbox 3479 2840 3536 2891; x_wconf 89' lang='grc' dir='ltr'>ιι,</span> 
     </span>
    </p>
   </div>
   <div class='ocr_carea' id='block_1_57' title="bbox 1943 2903 3541 2980">
    <p class='ocr_par' dir='ltr' id='par_1_57' title="bbox 1943 2903 3541 2980">
     <span class='ocr_line' id='line_1_57' title="bbox 1943 2903 3541 2980; baseline 0.005 -20"><span class='ocrx_word' id='word_1_496' title='bbox 1943 2903 2055 2978; x_wconf 74' lang='grc'><strong>12).</strong></span> <span class='ocrx_word' id='word_1_497' title='bbox 2084 2904 2361 2976; x_wconf 74' lang='lat' dir='ltr'><strong>Accipiter</strong></span> <span class='ocrx_word' id='word_1_498' title='bbox 2383 2923 2513 2980; x_wconf 86' lang='lat' dir='ltr'><strong>ergo</strong></span> <span class='ocrx_word' id='word_1_499' title='bbox 2532 2906 2603 2962; x_wconf 87' lang='lat' dir='ltr'><strong>ob</strong></span> <span class='ocrx_word' id='word_1_500' title='bbox 2632 2907 2934 2963; x_wconf 82' lang='lat' dir='ltr'><strong>scientiam.</strong></span> <span class='ocrx_word' id='word_1_501' title='bbox 2962 2909 3029 2966; x_wconf 85' lang='lat' dir='ltr'><strong>Ut</strong></span> <span class='ocrx_word' id='word_1_502' title='bbox 3050 2912 3192 2966; x_wconf 89' lang='lat' dir='ltr'><strong>enim</strong></span> <span class='ocrx_word' id='word_1_503' title='bbox 3221 2922 3412 2968; x_wconf 86' lang='lat' dir='ltr'><strong>natura</strong></span> <span class='ocrx_word' id='word_1_504' title='bbox 3442 2916 3541 2968; x_wconf 85' lang='grc' dir='ltr'>Ιιιι-</span> 
     </span>
    </p>
   </div>
   <div class='ocr_carea' id='block_1_58' title="bbox 1940 2996 3536 3071">
    <p class='ocr_par' dir='ltr' id='par_1_58' title="bbox 1940 2996 3536 3071">
     <span class='ocr_line' id='line_1_58' title="bbox 1940 2996 3536 3071; baseline 0.004 -20"><span class='ocrx_word' id='word_1_505' title='bbox 1940 2996 2084 3052; x_wconf 90' lang='lat' dir='ltr'><strong>mani</strong></span> <span class='ocrx_word' id='word_1_506' title='bbox 2115 2998 2362 3067; x_wconf 88' lang='lat' dir='ltr'><strong>corporis</strong></span> <span class='ocrx_word' id='word_1_507' title='bbox 2387 2998 2726 3054; x_wconf 81' lang='lat' dir='ltr'><strong>cessantibus</strong></span> <span class='ocrx_word' id='word_1_508' title='bbox 2738 2997 2901 3055; x_wconf 76' lang='lat' dir='ltr'><strong>ofﬁcii</strong></span> <span class='ocrx_word' id='word_1_509' title='bbox 2921 3000 3003 3055; x_wconf 87' lang='lat' dir='ltr'><strong>sui</strong></span> <span class='ocrx_word' id='word_1_510' title='bbox 3024 3001 3203 3057; x_wconf 89' lang='lat' dir='ltr'><strong>causis</strong></span> <span class='ocrx_word' id='word_1_511' title='bbox 3218 3002 3323 3058; x_wconf 90' lang='lat' dir='ltr'><strong>erit</strong></span> <span class='ocrx_word' id='word_1_512' title='bbox 3342 3004 3536 3071; x_wconf 81' lang='lat' dir='ltr'><strong>otiosa;</strong></span> 
     </span>
    </p>
   </div>
   <div class='ocr_carea' id='block_1_59' title="bbox 1938 3088 3540 3162">
    <p class='ocr_par' dir='ltr' id='par_1_59' title="bbox 1938 3088 3540 3162">
     <span class='ocr_line' id='line_1_59' title="bbox 1938 3088 3540 3162; baseline 0.006 -20"><span class='ocrx_word' id='word_1_513' title='bbox 1938 3103 2062 3145; x_wconf 88' lang='lat' dir='ltr'><strong>nam</strong></span> <span class='ocrx_word' id='word_1_514' title='bbox 2086 3089 2284 3156; x_wconf 89' lang='lat' dir='ltr'><strong>oculis,</strong></span> <span class='ocrx_word' id='word_1_515' title='bbox 2314 3088 2394 3162; x_wconf 92' lang='lat'><strong>(9)</strong></span> <span class='ocrx_word' id='word_1_516' title='bbox 2427 3089 2494 3162; x_wconf 84' lang='grc' dir='ltr'><strong>(ι)</strong></span> <span class='ocrx_word' id='word_1_517' title='bbox 2527 3091 2626 3145; x_wconf 88' lang='lat' dir='ltr'><strong>nisi</strong></span> <span class='ocrx_word' id='word_1_518' title='bbox 2660 3091 2840 3147; x_wconf 85' lang='lat' dir='ltr'><strong>lumen</strong></span> <span class='ocrx_word' id='word_1_519' title='bbox 2872 3091 3100 3149; x_wconf 87' lang='lat' dir='ltr'><strong>autdies</strong></span> <span class='ocrx_word' id='word_1_520' title='bbox 3125 3094 3217 3161; x_wconf 90' lang='lat' dir='ltr'><strong>sit,</strong></span> <span class='ocrx_word' id='word_1_521' title='bbox 3239 3096 3417 3151; x_wconf 88' lang='lat' dir='ltr'><strong>nullus</strong></span> <span class='ocrx_word' id='word_1_522' title='bbox 3442 3100 3540 3152; x_wconf 89' lang='lat' dir='ltr'><strong>mi-</strong></span> 
     </span>
    </p>
   </div>
   <div class='ocr_carea' id='block_1_60' title="bbox 228 3175 3529 3260">
    <p class='ocr_par' dir='ltr' id='par_1_60' title="bbox 228 3175 3529 3260">
     <span class='ocr_line' id='line_1_60' title="bbox 228 3175 3529 3260; baseline 0 -19"><span class='ocrx_word' id='word_1_523' title='bbox 228 3184 505 3243; x_wconf 81' lang='lat' dir='ltr'><strong>difﬁcilem</strong></span> <span class='ocrx_word' id='word_1_524' title='bbox 522 3229 538 3251; x_wconf 94' lang='lat'><strong>,</strong></span> <span class='ocrx_word' id='word_1_525' title='bbox 581 3185 754 3242; x_wconf 80' lang='lat' dir='ltr'><strong>sancti</strong></span> <span class='ocrx_word' id='word_1_526' title='bbox 800 3184 1039 3257; x_wconf 86' lang='lat' dir='ltr'><strong>Spiritus</strong></span> <span class='ocrx_word' id='word_1_527' title='bbox 1062 3186 1266 3244; x_wconf 89' lang='lat' dir='ltr'><strong>donum</strong></span> <span class='ocrx_word' id='word_1_528' title='bbox 1291 3188 1524 3260; x_wconf 79' lang='lat' dir='ltr'><strong>quodam</strong></span> <span class='ocrx_word' id='word_1_529' title='bbox 1566 3191 1829 3248; x_wconf 80' lang='lat' dir='ltr'><strong>interces-</strong></span> <span class='ocrx_word' id='word_1_530' title='bbox 1851 3175 1898 3239; x_wconf 88' lang='lat' dir='ltr'>C</span> <span class='ocrx_word' id='word_1_531' title='bbox 1931 3182 2139 3239; x_wconf 85' lang='lat' dir='ltr'><strong>nistcrii</strong></span> <span class='ocrx_word' id='word_1_532' title='bbox 2161 3181 2267 3239; x_wconf 81' lang='lat' dir='ltr'><strong>erit</strong></span> <span class='ocrx_word' id='word_1_533' title='bbox 2291 3196 2450 3249; x_wconf 83' lang='lat' dir='ltr'><strong>usus,</strong></span> <span class='ocrx_word' id='word_1_534' title='bbox 2475 3192 2534 3237; x_wconf 93' lang='lat' dir='ltr'><strong>ut</strong></span> <span class='ocrx_word' id='word_1_535' title='bbox 2554 3197 2735 3250; x_wconf 89' lang='lat' dir='ltr'><strong>aures,</strong></span> <span class='ocrx_word' id='word_1_536' title='bbox 2756 3183 2857 3237; x_wconf 89' lang='lat' dir='ltr'><strong>nisi</strong></span> <span class='ocrx_word' id='word_1_537' title='bbox 2874 3198 2978 3240; x_wconf 82' lang='lat' dir='ltr'><strong>vox</strong></span> <span class='ocrx_word' id='word_1_538' title='bbox 2996 3199 3231 3242; x_wconf 79' lang='lat' dir='ltr'><strong>sonusve</strong></span> <span class='ocrx_word' id='word_1_539' title='bbox 3254 3188 3529 3255; x_wconf 85' lang='lat' dir='ltr'><strong>reddatur,</strong></span> 
     </span>
    </p>
   </div>
   <div class='ocr_carea' id='block_1_61' title="bbox 234 3278 1121 3339">
    <p class='ocr_par' dir='ltr' id='par_1_61' title="bbox 234 3278 1121 3339">
     <span class='ocr_line' id='line_1_61' title="bbox 234 3278 1121 3339; baseline 0.003 -3"><span class='ocrx_word' id='word_1_540' title='bbox 234 3280 406 3337; x_wconf 86' lang='lat' dir='ltr'><strong>sionis</strong></span> <span class='ocrx_word' id='word_1_541' title='bbox 434 3296 550 3337; x_wconf 74' lang='lat' dir='ltr'><strong>sua:</strong></span> <span class='ocrx_word' id='word_1_542' title='bbox 586 3278 790 3337; x_wconf 63' lang='lat' dir='ltr'><strong>foedere</strong></span> <span class='ocrx_word' id='word_1_543' title='bbox 813 3279 1121 3339; x_wconf 89' lang='lat' dir='ltr'><strong>luminaret.</strong></span> 
     </span>
    </p>
   </div>
   <div class='ocr_carea' id='block_1_62' title="bbox 296 3376 1824 3453">
    <p class='ocr_par' dir='ltr' id='par_1_62' title="bbox 296 3376 1824 3453">
     <span class='ocr_line' id='line_1_62' title="bbox 296 3376 1824 3453; baseline 0.004 -22"><span class='ocrx_word' id='word_1_544' title='bbox 296 3376 390 3432; x_wconf 74' lang='grc'><strong>54.</strong></span> <span class='ocrx_word' id='word_1_545' title='bbox 435 3376 533 3432; x_wconf 83' lang='lat' dir='ltr'><strong>Est</strong></span> <span class='ocrx_word' id='word_1_546' title='bbox 559 3384 739 3432; x_wconf 84' lang='lat' dir='ltr'><strong>autem</strong></span> <span class='ocrx_word' id='word_1_547' title='bbox 770 3391 914 3433; x_wconf 90' lang='lat' dir='ltr'><strong>nunc</strong></span> <span class='ocrx_word' id='word_1_548' title='bbox 937 3392 1301 3449; x_wconf 88' lang='lat' dir='ltr'><strong>consequens,</strong></span> <span class='ocrx_word' id='word_1_549' title='bbox 1328 3387 1387 3437; x_wconf 87' lang='lat' dir='ltr'><strong>ut</strong></span> <span class='ocrx_word' id='word_1_550' title='bbox 1429 3387 1485 3436; x_wconf 85' lang='lat' dir='ltr'><strong>et</strong></span> <span class='ocrx_word' id='word_1_551' title='bbox 1520 3382 1824 3453; x_wconf 85' lang='lat' dir='ltr'><strong>apostolum</strong></span> 
     </span>
    </p>
   </div>
   <div class='ocr_carea' id='block_1_63' title="bbox 225 3467 1828 3544">
    <p class='ocr_par' dir='ltr' id='par_1_63' title="bbox 225 3467 1828 3544">
     <span class='ocr_line' id='line_1_63' title="bbox 225 3467 1828 3544; baseline 0.002 -18"><span class='ocrx_word' id='word_1_552' title='bbox 225 3468 592 3539; x_wconf 73' lang='lat' dir='ltr'><strong>explicantem</strong></span> <span class='ocrx_word' id='word_1_553' title='bbox 663 3467 791 3526; x_wconf 90' lang='lat' dir='ltr'><strong>doni</strong></span> <span class='ocrx_word' id='word_1_554' title='bbox 845 3469 1003 3540; x_wconf 83' lang='lat' dir='ltr'><strong>hujus</strong></span> <span class='ocrx_word' id='word_1_555' title='bbox 1058 3472 1310 3529; x_wconf 87' lang='lat' dir='ltr'><strong>virtutem</strong></span> <span class='ocrx_word' id='word_1_556' title='bbox 1364 3482 1527 3544; x_wconf 89' lang='lat' dir='ltr'><strong>atque</strong></span> <span class='ocrx_word' id='word_1_557' title='bbox 1588 3473 1828 3531; x_wconf 80' lang='lat' dir='ltr'><strong>ofﬁcium</strong></span> 
     </span>
    </p>
   </div>
   <div class='ocr_carea' id='block_1_64' title="bbox 227 3562 1832 3641">
    <p class='ocr_par' dir='ltr' id='par_1_64' title="bbox 227 3562 1832 3641">
     <span class='ocr_line' id='line_1_64' title="bbox 227 3562 1832 3641; baseline 0.002 -20"><span class='ocrx_word' id='word_1_558' title='bbox 227 3562 547 3629; x_wconf 84' lang='lat' dir='ltr'><strong>audiamus;</strong></span> <span class='ocrx_word' id='word_1_559' title='bbox 566 3562 643 3618; x_wconf 85' lang='lat' dir='ltr'><strong>ait</strong></span> <span class='ocrx_word' id='word_1_560' title='bbox 666 3562 840 3619; x_wconf 83' lang='lat' dir='ltr'><strong>enim.</strong></span> <span class='ocrx_word' id='word_1_561' title='bbox 876 3562 1136 3637; x_wconf 78' lang='lat' dir='ltr'><strong>Quotquot</strong></span> <span class='ocrx_word' id='word_1_562' title='bbox 1160 3566 1293 3621; x_wconf 76' lang='lat' dir='ltr'><strong>enim</strong></span> <span class='ocrx_word' id='word_1_563' title='bbox 1322 3565 1526 3637; x_wconf 85' lang='lat' dir='ltr'><strong>Spiritu</strong></span> <span class='ocrx_word' id='word_1_564' title='bbox 1551 3566 1649 3623; x_wconf 86' lang='lat' dir='ltr'><strong>Dei</strong></span> <span class='ocrx_word' id='word_1_565' title='bbox 1665 3585 1832 3641; x_wconf 83' lang='lat' dir='ltr'><strong>agun-</strong></span> 
     </span>
    </p>
   </div>
   <div class='ocr_carea' id='block_1_65' title="bbox 296 3716 1109 3792">
    <p class='ocr_par' dir='ltr' id='par_1_65' title="bbox 296 3716 1109 3792">
     <span class='ocr_line' id='line_1_65' title="bbox 296 3716 1109 3792; baseline 0.002 -20"><span class='ocrx_word' id='word_1_566' title='bbox 296 3718 377 3792; x_wconf 75' lang='lat' dir='ltr'><strong>(i)</strong></span> <span class='ocrx_word' id='word_1_567' title='bbox 413 3718 505 3792; x_wconf 80' lang='lat' dir='ltr'><strong>I_ta</strong></span> <span class='ocrx_word' id='word_1_568' title='bbox 531 3734 649 3774; x_wconf 75' lang='lat' dir='ltr'><strong>eum</strong></span> <span class='ocrx_word' id='word_1_569' title='bbox 673 3718 777 3785; x_wconf 83' lang='lat' dir='ltr'><strong>ait,</strong></span> <span class='ocrx_word' id='word_1_570' title='bbox 800 3716 975 3787; x_wconf 87' lang='lat' dir='ltr'><strong>Deus,</strong></span> <span class='ocrx_word' id='word_1_571' title='bbox 1004 3729 1109 3777; x_wconf 88' lang='lat' dir='ltr'><strong>etc.</strong></span> 
     </span>
    </p>
   </div>
   <div class='ocr_carea' id='block_1_66' title="bbox 299 3788 798 3863">
    <p class='ocr_par' dir='ltr' id='par_1_66' title="bbox 299 3788 798 3863">
     <span class='ocr_line' id='line_1_66' title="bbox 299 3788 798 3863; baseline 0 -18"><span class='ocrx_word' id='word_1_572' title='bbox 299 3788 380 3859; x_wconf 71' lang='grc'><strong>(2)</strong></span> <span class='ocrx_word' id='word_1_573' title='bbox 421 3788 798 3863; x_wconf 78' lang='lat' dir='ltr'><strong>Cognitionern.</strong></span> 
     </span>
    </p>
   </div>
   <div class='ocr_carea' id='block_1_67' title="bbox 300 3861 1826 3936">
    <p class='ocr_par' dir='ltr' id='par_1_67' title="bbox 300 3861 1826 3936">
     <span class='ocr_line' id='line_1_67' title="bbox 300 3861 1826 3936; baseline 0.003 -18"><span class='ocrx_word' id='word_1_574' title='bbox 300 3864 383 3931; x_wconf 71' lang='grc' dir='ltr'><strong>(ὅ)</strong></span> <span class='ocrx_word' id='word_1_575' title='bbox 422 3861 607 3919; x_wconf 78' lang='lat' dir='ltr'><strong>Codex</strong></span> <span class='ocrx_word' id='word_1_576' title='bbox 640 3861 967 3936; x_wconf 80' lang='lat' dir='ltr'><strong>Veronensis</strong></span> <span class='ocrx_word' id='word_1_577' title='bbox 1011 3862 1305 3936; x_wconf 81' lang='lat' dir='ltr'><strong>interserit.</strong></span> <span class='ocrx_word' id='word_1_578' title='bbox 1364 3863 1622 3936; x_wconf 83' lang='lat' dir='ltr'><strong>Spiritum</strong></span> <span class='ocrx_word' id='word_1_579' title='bbox 1663 3865 1826 3922; x_wconf 85' lang='lat' dir='ltr'><strong>Para-</strong></span> 
     </span>
    </p>
   </div>
   <div class='ocr_carea' id='block_1_68' title="bbox 225 3934 1829 4011">
    <p class='ocr_par' dir='ltr' id='par_1_68' title="bbox 225 3934 1829 4011">
     <span class='ocr_line' id='line_1_68' title="bbox 225 3934 1829 4011; baseline 0.005 -25"><span class='ocrx_word' id='word_1_580' title='bbox 225 3935 459 4011; x_wconf 40' lang='grc' dir='ltr'><strong>τρίταις-ς</strong></span> <span class='ocrx_word' id='word_1_581' title='bbox 499 3937 610 4007; x_wconf 86' lang='lat' dir='ltr'><strong>ipse</strong></span> <span class='ocrx_word' id='word_1_582' title='bbox 651 3950 733 3989; x_wconf 83' lang='lat' dir='ltr'><strong>me</strong></span> <span class='ocrx_word' id='word_1_583' title='bbox 777 3935 1100 4011; x_wconf 79' lang='lat' dir='ltr'><strong>clariﬁcabit.</strong></span> <span class='ocrx_word' id='word_1_584' title='bbox 1227 3934 1451 4001; x_wconf 81' lang='lat' dir='ltr'><strong>rursum.</strong></span> <span class='ocrx_word' id='word_1_585' title='bbox 1482 3938 1711 4011; x_wconf 79' lang='lat' dir='ltr'><strong>Rogabo,</strong></span> <span class='ocrx_word' id='word_1_586' title='bbox 1748 3940 1829 3993; x_wconf 87' lang='lat' dir='ltr'><strong>in-</strong></span> 
     </span>
    </p>
   </div>
   <div class='ocr_carea' id='block_1_69' title="bbox 226 4003 1783 4076">
    <p class='ocr_par' dir='ltr' id='par_1_69' title="bbox 226 4003 1783 4076">
     <span class='ocr_line' id='line_1_69' title="bbox 226 4003 1783 4076; baseline 0.005 -17"><span class='ocrx_word' id='word_1_587' title='bbox 226 4003 354 4076; x_wconf 76' lang='lat' dir='ltr'><strong>quit,</strong></span> <span class='ocrx_word' id='word_1_588' title='bbox 389 4003 606 4061; x_wconf 78' lang='lat' dir='ltr'><strong>Patrem</strong></span> <span class='ocrx_word' id='word_1_589' title='bbox 630 4022 820 4073; x_wconf 81' lang='lat' dir='ltr'><strong>meum,</strong></span> <span class='ocrx_word' id='word_1_590' title='bbox 850 4016 896 4060; x_wconf 78' lang='lat' dir='ltr'><strong>et</strong></span> <span class='ocrx_word' id='word_1_591' title='bbox 922 4007 1088 4061; x_wconf 90' lang='lat' dir='ltr'><strong>alium</strong></span> <span class='ocrx_word' id='word_1_592' title='bbox 1113 4008 1419 4064; x_wconf 76' lang='lat' dir='ltr'><strong>advocatum</strong></span> <span class='ocrx_word' id='word_1_593' title='bbox 1439 4003 1603 4066; x_wconf 59' lang='lat' dir='ltr'><strong>mitte&#39;t</strong></span> <span class='ocrx_word' id='word_1_594' title='bbox 1623 4011 1783 4067; x_wconf 79' lang='lat' dir='ltr'><strong>vobis.</strong></span> 
     </span>
    </p>
   </div>
   <div class='ocr_carea' id='block_1_70' title="bbox 296 4077 905 4150">
    <p class='ocr_par' dir='ltr' id='par_1_70' title="bbox 296 4077 905 4150">
     <span class='ocr_line' id='line_1_70' title="bbox 296 4077 905 4150; baseline -0.002 -16"><span class='ocrx_word' id='word_1_595' title='bbox 296 4077 382 4149; x_wconf 75' lang='grc'><strong>(4)</strong></span> <span class='ocrx_word' id='word_1_596' title='bbox 425 4078 509 4134; x_wconf 87' lang='lat' dir='ltr'><strong>De</strong></span> <span class='ocrx_word' id='word_1_597' title='bbox 533 4092 645 4133; x_wconf 85' lang='lat' dir='ltr'><strong>meo</strong></span> <span class='ocrx_word' id='word_1_598' title='bbox 669 4079 905 4150; x_wconf 72' lang='lat' dir='ltr'><strong>accipiet,</strong></span> 
     </span>
    </p>
   </div>
   <div class='ocr_carea' id='block_1_71' title="bbox 292 4236 1814 4309">
    <p class='ocr_par' dir='ltr' id='par_1_71' title="bbox 292 4236 1814 4309">
     <span class='ocr_line' id='line_1_71' title="bbox 292 4236 1814 4309; baseline -0.001 -16"><span class='ocrx_word' id='word_1_599' title='bbox 292 4242 369 4309; x_wconf 90' lang='lat' dir='ltr'><strong>(a)</strong></span> <span class='ocrx_word' id='word_1_600' title='bbox 410 4238 586 4309; x_wconf 78' lang='lat' dir='ltr'><strong>Huius</strong></span> <span class='ocrx_word' id='word_1_601' title='bbox 606 4236 966 4293; x_wconf 84' lang='lat' dir='ltr'><strong>distinctionis</strong></span> <span class='ocrx_word' id='word_1_602' title='bbox 984 4253 1111 4294; x_wconf 88' lang='lat' dir='ltr'><strong>usus</strong></span> <span class='ocrx_word' id='word_1_603' title='bbox 1133 4252 1345 4309; x_wconf 84' lang='lat' dir='ltr'><strong>rursum</strong></span> <span class='ocrx_word' id='word_1_604' title='bbox 1368 4240 1597 4293; x_wconf 89' lang='lat' dir='ltr'><strong>recurrit</strong></span> <span class='ocrx_word' id='word_1_605' title='bbox 1617 4240 1711 4294; x_wconf 88' lang='lat' dir='ltr'><strong>lib.</strong></span> <span class='ocrx_word' id='word_1_606' title='bbox 1736 4252 1814 4303; x_wconf 83' lang='lat' dir='ltr'><strong>tv,</strong></span> 
     </span>
    </p>
   </div>
   <div class='ocr_carea' id='block_1_72' title="bbox 222 4308 1814 4382">
    <p class='ocr_par' dir='ltr' id='par_1_72' title="bbox 222 4308 1814 4382">
     <span class='ocr_line' id='line_1_72' title="bbox 222 4308 1814 4382; baseline -0.002 -16"><span class='ocrx_word' id='word_1_607' title='bbox 222 4330 278 4366; x_wconf 87' lang='grc' dir='ltr'>ιι.</span> <span class='ocrx_word' id='word_1_608' title='bbox 304 4308 367 4367; x_wconf 73' lang='grc'><strong>21</strong></span> <span class='ocrx_word' id='word_1_609' title='bbox 404 4327 419 4365; x_wconf 90' lang='lat'><strong>:</strong></span> <span class='ocrx_word' id='word_1_610' title='bbox 453 4308 668 4379; x_wconf 81' lang='lat' dir='ltr'><strong>Duplex</strong></span> <span class='ocrx_word' id='word_1_611' title='bbox 707 4321 872 4364; x_wconf 86' lang='lat' dir='ltr'><strong>autem</strong></span> <span class='ocrx_word' id='word_1_612' title='bbox 910 4311 967 4364; x_wconf 88' lang='lat' dir='ltr'><strong>in</strong></span> <span class='ocrx_word' id='word_1_613' title='bbox 1006 4312 1189 4382; x_wconf 65' lang='lat' dir='ltr'><strong>angelo</strong></span> <span class='ocrx_word' id='word_1_614' title='bbox 1233 4308 1330 4364; x_wconf 90' lang='lat' dir='ltr'><strong>Dei</strong></span> <span class='ocrx_word' id='word_1_615' title='bbox 1358 4311 1667 4382; x_wconf 71' lang='lat' dir='ltr'><strong>significatio</strong></span> <span class='ocrx_word' id='word_1_616' title='bbox 1696 4322 1767 4364; x_wconf 85' lang='lat' dir='ltr'><strong>est</strong></span> <span class='ocrx_word' id='word_1_617' title='bbox 1798 4328 1814 4359; x_wconf 65' lang='grc' dir='ltr'><em>ί</em></span> 
     </span>
    </p>
   </div>
   <div class='ocr_carea' id='block_1_73' title="bbox 219 4380 1816 4453">
    <p class='ocr_par' dir='ltr' id='par_1_73' title="bbox 219 4380 1816 4453">
     <span class='ocr_line' id='line_1_73' title="bbox 219 4380 1816 4453; baseline -0.001 -15"><span class='ocrx_word' id='word_1_618' title='bbox 219 4384 332 4453; x_wconf 83' lang='lat' dir='ltr'><strong>ipse</strong></span> <span class='ocrx_word' id='word_1_619' title='bbox 360 4384 451 4451; x_wconf 87' lang='lat' dir='ltr'><strong>qui</strong></span> <span class='ocrx_word' id='word_1_620' title='bbox 484 4393 580 4449; x_wconf 89' lang='lat' dir='ltr'><strong>est,</strong></span> <span class='ocrx_word' id='word_1_621' title='bbox 604 4393 654 4437; x_wconf 88' lang='lat' dir='ltr'><strong>et</strong></span> <span class='ocrx_word' id='word_1_622' title='bbox 680 4382 768 4436; x_wconf 89' lang='lat' dir='ltr'><strong>ille</strong></span> <span class='ocrx_word' id='word_1_623' title='bbox 805 4384 957 4453; x_wconf 83' lang='lat' dir='ltr'><strong>cujus</strong></span> <span class='ocrx_word' id='word_1_624' title='bbox 996 4380 1092 4436; x_wconf 77' lang='lat' dir='ltr'><strong>est.</strong></span> <span class='ocrx_word' id='word_1_625' title='bbox 1128 4380 1383 4451; x_wconf 87' lang='lat' dir='ltr'><strong>Ejusdem</strong></span> <span class='ocrx_word' id='word_1_626' title='bbox 1408 4380 1694 4452; x_wconf 62' lang='lat' dir='ltr'><strong>&#39;restigium</strong></span> <span class='ocrx_word' id='word_1_627' title='bbox 1721 4384 1816 4437; x_wconf 82' lang='lat' dir='ltr'><strong>de-</strong></span> 
     </span>
    </p>
   </div>
   <div class='ocr_carea' id='block_1_74' title="bbox 219 4452 1812 4527">
    <p class='ocr_par' dir='ltr' id='par_1_74' title="bbox 219 4452 1812 4527">
     <span class='ocr_line' id='line_1_74' title="bbox 219 4452 1812 4527; baseline -0.001 -18"><span class='ocrx_word' id='word_1_628' title='bbox 219 4452 615 4527; x_wconf 78' lang='lat' dir='ltr'><strong>prehendimus</strong></span> <span class='ocrx_word' id='word_1_629' title='bbox 655 4452 1223 4527; x_wconf 11' lang='lat' dir='ltr'><strong>apudﬂ’l‘ertulliannm</strong></span> <span class='ocrx_word' id='word_1_630' title='bbox 1273 4462 1458 4508; x_wconf 86' lang='lat' dir='ltr'><strong>contra</strong></span> <span class='ocrx_word' id='word_1_631' title='bbox 1508 4453 1812 4517; x_wconf 82' lang='lat' dir='ltr'><strong>Praxcam,</strong></span> 
     </span>
    </p>
   </div>
   <div class='ocr_carea' id='block_1_75' title="bbox 220 4523 1810 4599">
    <p class='ocr_par' dir='ltr' id='par_1_75' title="bbox 220 4523 1810 4599">
     <span class='ocr_line' id='line_1_75' title="bbox 220 4523 1810 4599; baseline -0.001 -20"><span class='ocrx_word' id='word_1_632' title='bbox 220 4523 273 4599; x_wconf 75' lang='grc' dir='ltr'>ιι.</span> <span class='ocrx_word' id='word_1_633' title='bbox 303 4526 401 4592; x_wconf 75' lang='lat'><strong>‘26,</strong></span> <span class='ocrx_word' id='word_1_634' title='bbox 437 4526 529 4582; x_wconf 87' lang='lat' dir='ltr'><strong>ubi</strong></span> <span class='ocrx_word' id='word_1_635' title='bbox 561 4526 672 4579; x_wconf 88' lang='lat' dir='ltr'><strong>ait:</strong></span> <span class='ocrx_word' id='word_1_636' title='bbox 702 4523 869 4599; x_wconf 83' lang='lat' dir='ltr'><strong>Nulla</strong></span> <span class='ocrx_word' id='word_1_637' title='bbox 897 4542 992 4599; x_wconf 62' lang='lat' dir='ltr'><strong>res</strong></span> <span class='ocrx_word' id='word_1_638' title='bbox 1012 4525 1397 4599; x_wconf 3' lang='lat' dir='ltr'><strong>alieujus.jipsa</strong></span> <span class='ocrx_word' id='word_1_639' title='bbox 1434 4535 1509 4599; x_wconf 84' lang='lat' dir='ltr'><strong>est</strong></span> <span class='ocrx_word' id='word_1_640' title='bbox 1546 4528 1694 4599; x_wconf 88' lang='lat' dir='ltr'><strong>cujus</strong></span> <span class='ocrx_word' id='word_1_641' title='bbox 1718 4538 1810 4579; x_wconf 84' lang='lat' dir='ltr'><strong>est.</strong></span> 
     </span>
    </p>
   </div>
   <div class='ocr_carea' id='block_1_76' title="bbox 216 4595 1814 4663">
    <p class='ocr_par' dir='ltr' id='par_1_76' title="bbox 216 4595 1814 4663">
     <span class='ocr_line' id='line_1_76' title="bbox 216 4595 1814 4663; baseline -0.001 -9"><span class='ocrx_word' id='word_1_642' title='bbox 216 4598 437 4654; x_wconf 83' lang='lat' dir='ltr'><strong>Clarius</strong></span> <span class='ocrx_word' id='word_1_643' title='bbox 459 4613 583 4651; x_wconf 77' lang='lat' dir='ltr'><strong>mox</strong></span> <span class='ocrx_word' id='word_1_644' title='bbox 612 4598 919 4651; x_wconf 78' lang='lat' dir='ltr'><strong>enuntiatur</strong></span> <span class='ocrx_word' id='word_1_645' title='bbox 943 4595 1299 4651; x_wconf 75' lang='lat' dir='ltr'><strong>tlistinciionis</strong></span> <span class='ocrx_word' id='word_1_646' title='bbox 1331 4595 1661 4663; x_wconf 79' lang='lat' dir='ltr'><strong>membrum,</strong></span> <span class='ocrx_word' id='word_1_647' title='bbox 1690 4612 1814 4653; x_wconf 88' lang='lat' dir='ltr'><strong>cum</strong></span> 
     </span>
    </p>
   </div>
   <div class='ocr_carea' id='block_1_77' title="bbox 217 4669 1203 4741">
    <p class='ocr_par' dir='ltr' id='par_1_77' title="bbox 217 4669 1203 4741">
     <span class='ocr_line' id='line_1_77' title="bbox 217 4669 1203 4741; baseline -0.002 -17"><span class='ocrx_word' id='word_1_648' title='bbox 217 4686 315 4740; x_wconf 89' lang='lat' dir='ltr'><strong>pro</strong></span> <span class='ocrx_word' id='word_1_649' title='bbox 339 4672 497 4741; x_wconf 80' lang='lat' dir='ltr'><strong>cujus</strong></span> <span class='ocrx_word' id='word_1_650' title='bbox 521 4678 619 4734; x_wconf 90' lang='lat' dir='ltr'><strong>est,</strong></span> <span class='ocrx_word' id='word_1_651' title='bbox 644 4670 840 4741; x_wconf 65' lang='lat' dir='ltr'><strong>legitur</strong></span> <span class='ocrx_word' id='word_1_652' title='bbox 862 4669 949 4738; x_wconf 85' lang='lat' dir='ltr'><strong>qui</strong></span> <span class='ocrx_word' id='word_1_653' title='bbox 971 4671 1080 4741; x_wconf 83' lang='lat' dir='ltr'><strong>ejus</strong></span> <span class='ocrx_word' id='word_1_654' title='bbox 1107 4677 1203 4722; x_wconf 87' lang='lat' dir='ltr'><strong>est.</strong></span> 
     </span>
    </p>
   </div>
   <div class='ocr_carea' id='block_1_78' title="bbox 288 4739 1823 4813">
    <p class='ocr_par' dir='ltr' id='par_1_78' title="bbox 288 4739 1823 4813">
     <span class='ocr_line' id='line_1_78' title="bbox 288 4739 1823 4813; baseline 0 -19"><span class='ocrx_word' id='word_1_655' title='bbox 288 4742 365 4813; x_wconf 74' lang='grc' dir='ltr'><strong>(ὁ)</strong></span> <span class='ocrx_word' id='word_1_656' title='bbox 413 4740 556 4813; x_wconf 81' lang='lat' dir='ltr'><strong>Editi</strong></span> <span class='ocrx_word' id='word_1_657' title='bbox 575 4781 589 4802; x_wconf 94' lang='lat'><strong>,</strong></span> <span class='ocrx_word' id='word_1_658' title='bbox 636 4740 706 4794; x_wconf 86' lang='lat' dir='ltr'><strong>ibi</strong></span> <span class='ocrx_word' id='word_1_659' title='bbox 732 4739 941 4794; x_wconf 87' lang='lat' dir='ltr'><strong>libertas</strong></span> <span class='ocrx_word' id='word_1_660' title='bbox 965 4739 1059 4806; x_wconf 51' lang='lat' dir='ltr'><strong>{et</strong></span> <span class='ocrx_word' id='word_1_661' title='bbox 1088 4755 1202 4793; x_wconf 82' lang='lat' dir='ltr'><strong>eum</strong></span> <span class='ocrx_word' id='word_1_662' title='bbox 1243 4742 1391 4813; x_wconf 77' lang='lat' dir='ltr'><strong>cujus</strong></span> <span class='ocrx_word' id='word_1_663' title='bbox 1418 4749 1492 4794; x_wconf 91' lang='lat' dir='ltr'><strong>est</strong></span> <span class='ocrx_word' id='word_1_664' title='bbox 1520 4740 1780 4813; x_wconf 73' lang='lat' dir='ltr'><strong>signiﬁcat</strong></span> <span class='ocrx_word' id='word_1_665' title='bbox 1804 4756 1823 4794; x_wconf 71' lang='grc' dir='ltr'><strong>ε’</strong></span> 
     </span>
    </p>
   </div>
   <div class='ocr_carea' id='block_1_79' title="bbox 215 4812 774 4884">
    <p class='ocr_par' dir='ltr' id='par_1_79' title="bbox 215 4812 774 4884">
     <span class='ocr_line' id='line_1_79' title="bbox 215 4812 774 4884; baseline -0.009 -15"><span class='ocrx_word' id='word_1_666' title='bbox 215 4812 620 4884; x_wconf 57' lang='lat' dir='ltr'><strong>refragantibus</strong></span> <span class='ocrx_word' id='word_1_667' title='bbox 646 4827 774 4865; x_wconf 80' lang='lat' dir='ltr'><strong>tnss.</strong></span> 
     </span>
    </p>
   </div>
   <div class='ocr_carea' id='block_1_80' title="bbox 288 4879 1819 4955">
    <p class='ocr_par' dir='ltr' id='par_1_80' title="bbox 288 4879 1819 4955">
     <span class='ocr_line' id='line_1_80' title="bbox 288 4879 1819 4955; baseline 0.001 -20"><span class='ocrx_word' id='word_1_668' title='bbox 288 4879 465 4955; x_wconf 62' lang='grc' dir='ltr'>(εγιιι</span> <span class='ocrx_word' id='word_1_669' title='bbox 498 4898 625 4936; x_wconf 87' lang='lat' dir='ltr'><strong>mss.</strong></span> <span class='ocrx_word' id='word_1_670' title='bbox 661 4884 841 4951; x_wconf 71' lang='lat' dir='ltr'><strong>probro</strong></span> <span class='ocrx_word' id='word_1_671' title='bbox 869 4893 1009 4937; x_wconf 77' lang='lat' dir='ltr'><strong>nota:</strong></span> <span class='ocrx_word' id='word_1_672' title='bbox 1048 4879 1236 4955; x_wconf 76' lang='lat' dir='ltr'><strong>Colb.,</strong></span> <span class='ocrx_word' id='word_1_673' title='bbox 1280 4881 1515 4955; x_wconf 79' lang='lat' dir='ltr'><strong>Remig.,</strong></span> <span class='ocrx_word' id='word_1_674' title='bbox 1548 4883 1734 4939; x_wconf 87' lang='lat' dir='ltr'><strong>Germ.</strong></span> <span class='ocrx_word' id='word_1_675' title='bbox 1764 4892 1819 4938; x_wconf 87' lang='lat' dir='ltr'><strong>ct</strong></span> 
     </span>
    </p>
   </div>
   <div class='ocr_carea' id='block_1_81' title="bbox 214 4953 1817 5024">
    <p class='ocr_par' dir='ltr' id='par_1_81' title="bbox 214 4953 1817 5024">
     <span class='ocr_line' id='line_1_81' title="bbox 214 4953 1817 5024; baseline 0.001 -15"><span class='ocrx_word' id='word_1_676' title='bbox 214 4956 265 5011; x_wconf 87' lang='lat' dir='ltr'><strong>al</strong></span> <span class='ocrx_word' id='word_1_677' title='bbox 288 4974 321 5008; x_wconf 84' lang='lat' dir='ltr'><strong>o</strong></span> <span class='ocrx_word' id='word_1_678' title='bbox 351 4954 547 5017; x_wconf 81' lang='lat' dir='ltr'><strong>Colb.,</strong></span> <span class='ocrx_word' id='word_1_679' title='bbox 600 4956 845 5009; x_wconf 83' lang='lat' dir='ltr'><strong>haberet:</strong></span> <span class='ocrx_word' id='word_1_680' title='bbox 872 4954 1012 5024; x_wconf 83' lang='lat' dir='ltr'><strong>quod</strong></span> <span class='ocrx_word' id='word_1_681' title='bbox 1046 4953 1171 5008; x_wconf 87' lang='lat' dir='ltr'><strong>licet</strong></span> <span class='ocrx_word' id='word_1_682' title='bbox 1198 4953 1453 5023; x_wconf 67' lang='lat' dir='ltr'><strong>prIB‘t&#39;l‘t‘é</strong></span> <span class='ocrx_word' id='word_1_683' title='bbox 1484 4958 1641 5010; x_wconf 86' lang='lat' dir='ltr'><strong>tacita</strong></span> <span class='ocrx_word' id='word_1_684' title='bbox 1688 4970 1817 5011; x_wconf 67' lang='lat' dir='ltr'><strong>socc</strong></span> 
     </span>
    </p>
   </div>
   <div class='ocr_carea' id='block_1_82' title="bbox 214 5024 1818 5097">
    <p class='ocr_par' dir='ltr' id='par_1_82' title="bbox 214 5024 1818 5097">
     <span class='ocr_line' id='line_1_82' title="bbox 214 5024 1818 5097; baseline 0.001 -18"><span class='ocrx_word' id='word_1_685' title='bbox 214 5044 394 5081; x_wconf 77' lang='lat' dir='ltr'><strong>causa.</strong></span> <span class='ocrx_word' id='word_1_686' title='bbox 430 5024 493 5081; x_wconf 81' lang='grc' dir='ltr'><strong>ιιι</strong></span> <span class='ocrx_word' id='word_1_687' title='bbox 528 5025 687 5088; x_wconf 78' lang='lat' dir='ltr'><strong>Vict,</strong></span> <span class='ocrx_word' id='word_1_688' title='bbox 739 5026 934 5081; x_wconf 88' lang='lat' dir='ltr'><strong>lateret.</strong></span> <span class='ocrx_word' id='word_1_689' title='bbox 986 5025 1293 5094; x_wconf 81' lang='lat' dir='ltr'><strong>Legendntn</strong></span> <span class='ocrx_word' id='word_1_690' title='bbox 1320 5024 1449 5079; x_wconf 83' lang='lat' dir='ltr'><strong>olim</strong></span> <span class='ocrx_word' id='word_1_691' title='bbox 1498 5028 1818 5097; x_wconf 75' lang='lat' dir='ltr'><strong>cunjcctavit</strong></span> 
     </span>
    </p>
   </div>
   <div class='ocr_carea' id='block_1_83' title="bbox 214 5096 1577 5167">
    <p class='ocr_par' dir='ltr' id='par_1_83' title="bbox 214 5096 1577 5167">
     <span class='ocr_line' id='line_1_83' title="bbox 214 5096 1577 5167; baseline -0.002 -14"><span class='ocrx_word' id='word_1_692' title='bbox 214 5097 507 5157; x_wconf 77' lang='lat' dir='ltr'><strong>Erasmus,</strong></span> <span class='ocrx_word' id='word_1_693' title='bbox 541 5113 601 5167; x_wconf 85' lang='lat' dir='ltr'><strong>ne</strong></span> <span class='ocrx_word' id='word_1_694' title='bbox 620 5096 735 5166; x_wconf 84' lang='lat' dir='ltr'><strong>quis</strong></span> <span class='ocrx_word' id='word_1_695' title='bbox 758 5100 808 5151; x_wconf 87' lang='lat' dir='ltr'><strong>in</strong></span> <span class='ocrx_word' id='word_1_696' title='bbox 834 5098 913 5153; x_wconf 83' lang='lat' dir='ltr'><strong>his</strong></span> <span class='ocrx_word' id='word_1_697' title='bbox 939 5096 1316 5167; x_wconf 60' lang='lat' dir='ltr'><strong>diﬁeultatibus</strong></span> <span class='ocrx_word' id='word_1_698' title='bbox 1347 5099 1577 5152; x_wconf 67' lang='lat' dir='ltr'><strong>Ita&#39;reret.</strong></span> 
     </span>
    </p>
   </div>
   <div class='ocr_carea' id='block_1_84' title="bbox 286 5166 1810 5242">
    <p class='ocr_par' dir='ltr' id='par_1_84' title="bbox 286 5166 1810 5242">
     <span class='ocr_line' id='line_1_84' title="bbox 286 5166 1810 5242; baseline -0.001 -20"><span class='ocrx_word' id='word_1_699' title='bbox 286 5169 370 5242; x_wconf 87' lang='lat' dir='ltr'><strong>(d)</strong></span> <span class='ocrx_word' id='word_1_700' title='bbox 411 5166 757 5242; x_wconf 76' lang='lat' dir='ltr'><strong>thjungunt</strong></span> <span class='ocrx_word' id='word_1_701' title='bbox 809 5168 896 5225; x_wconf 87' lang='lat' dir='ltr'><strong>hic</strong></span> <span class='ocrx_word' id='word_1_702' title='bbox 936 5166 1348 5242; x_wconf 62' lang='lat' dir='ltr'><strong>pleriquemss.</strong></span> <span class='ocrx_word' id='word_1_703' title='bbox 1398 5185 1519 5223; x_wconf 82' lang='lat' dir='ltr'><strong>cum</strong></span> <span class='ocrx_word' id='word_1_704' title='bbox 1561 5170 1771 5225; x_wconf 75' lang='lat' dir='ltr'><strong>excusis</strong></span> <span class='ocrx_word' id='word_1_705' title='bbox 1796 5210 1810 5233; x_wconf 79' lang='lat'><strong>,</strong></span> 
     </span>
    </p>
   </div>
   <div class='ocr_carea' id='block_1_85' title="bbox 216 5238 1815 5310">
    <p class='ocr_par' dir='ltr' id='par_1_85' title="bbox 216 5238 1815 5310">
     <span class='ocr_line' id='line_1_85' title="bbox 216 5238 1815 5310; baseline 0 -15"><span class='ocrx_word' id='word_1_706' title='bbox 216 5238 483 5307; x_wconf 79' lang='lat' dir='ltr'><strong>Spiritum</strong></span> <span class='ocrx_word' id='word_1_707' title='bbox 515 5238 864 5310; x_wconf 76' lang='lat' dir='ltr'><strong>paracletunt;</strong></span> <span class='ocrx_word' id='word_1_708' title='bbox 896 5242 1003 5310; x_wconf 89' lang='lat' dir='ltr'><strong>ipse</strong></span> <span class='ocrx_word' id='word_1_709' title='bbox 1033 5256 1110 5293; x_wconf 92' lang='lat' dir='ltr'><strong>me</strong></span> <span class='ocrx_word' id='word_1_710' title='bbox 1147 5238 1447 5309; x_wconf 78' lang='lat' dir='ltr'><strong>clariﬁcubit</strong></span> <span class='ocrx_word' id='word_1_711' title='bbox 1476 5260 1489 5289; x_wconf 88' lang='grc'><strong>.·</strong></span> <span class='ocrx_word' id='word_1_712' title='bbox 1512 5253 1557 5296; x_wconf 80' lang='lat' dir='ltr'><strong>et</strong></span> <span class='ocrx_word' id='word_1_713' title='bbox 1587 5258 1815 5307; x_wconf 80' lang='lat' dir='ltr'><strong>rursum,</strong></span> 
     </span>
    </p>
   </div>
   <div class='ocr_carea' id='block_1_86' title="bbox 218 5312 1817 5383">
    <p class='ocr_par' dir='ltr' id='par_1_86' title="bbox 218 5312 1817 5383">
     <span class='ocr_line' id='line_1_86' title="bbox 218 5312 1817 5383; baseline 0 -17"><span class='ocrx_word' id='word_1_714' title='bbox 218 5312 461 5383; x_wconf 76' lang='lat' dir='ltr'><strong>Rogabo,</strong></span> <span class='ocrx_word' id='word_1_715' title='bbox 522 5313 702 5381; x_wconf 82' lang='lat' dir='ltr'><strong>inquit,</strong></span> <span class='ocrx_word' id='word_1_716' title='bbox 754 5321 949 5383; x_wconf 85' lang='lat' dir='ltr'><strong>patrem</strong></span> <span class='ocrx_word' id='word_1_717' title='bbox 995 5328 1181 5372; x_wconf 77' lang='lat' dir='ltr'><strong>meum,</strong></span> <span class='ocrx_word' id='word_1_718' title='bbox 1227 5324 1271 5367; x_wconf 84' lang='lat' dir='ltr'><strong>et</strong></span> <span class='ocrx_word' id='word_1_719' title='bbox 1316 5313 1477 5366; x_wconf 80' lang='lat' dir='ltr'><strong>alium</strong></span> <span class='ocrx_word' id='word_1_720' title='bbox 1518 5314 1817 5366; x_wconf 74' lang='lat' dir='ltr'><strong>advocatum</strong></span> 
     </span>
    </p>
   </div>
   <div class='ocr_carea' id='block_1_87' title="bbox 214 5383 1821 5452">
    <p class='ocr_par' dir='ltr' id='par_1_87' title="bbox 214 5383 1821 5452">
     <span class='ocr_line' id='line_1_87' title="bbox 214 5383 1821 5452; baseline 0.001 -16"><span class='ocrx_word' id='word_1_721' title='bbox 214 5385 376 5437; x_wconf 82' lang='lat' dir='ltr'><strong>mittet</strong></span> <span class='ocrx_word' id='word_1_722' title='bbox 405 5383 574 5437; x_wconf 68' lang='lat' dir='ltr'><strong>vobis.</strong></span> <span class='ocrx_word' id='word_1_723' title='bbox 606 5383 735 5449; x_wconf 75' lang='lat' dir='ltr'><strong>Qua:</strong></span> <span class='ocrx_word' id='word_1_724' title='bbox 778 5385 937 5437; x_wconf 87' lang='lat' dir='ltr'><strong>verba</strong></span> <span class='ocrx_word' id='word_1_725' title='bbox 972 5394 1027 5435; x_wconf 90' lang='lat' dir='ltr'><strong>ut</strong></span> <span class='ocrx_word' id='word_1_726' title='bbox 1067 5397 1346 5452; x_wconf 70' lang='lat' dir='ltr'><strong>perperam</strong></span> <span class='ocrx_word' id='word_1_727' title='bbox 1391 5394 1445 5438; x_wconf 80' lang='lat' dir='ltr'><strong>et</strong></span> <span class='ocrx_word' id='word_1_728' title='bbox 1488 5384 1708 5439; x_wconf 73' lang='lat' dir='ltr'><strong>confuse</strong></span> <span class='ocrx_word' id='word_1_729' title='bbox 1736 5402 1821 5438; x_wconf 79' lang='lat' dir='ltr'><strong>rc-</strong></span> 
     </span>
    </p>
   </div>
   <div class='ocr_carea' id='block_1_88' title="bbox 216 5454 1820 5579">
    <p class='ocr_par' dir='ltr' id='par_1_88' title="bbox 216 5454 1820 5579">
     <span class='ocr_line' id='line_1_88' title="bbox 216 5454 1820 5579; baseline 0.003 -72"><span class='ocrx_word' id='word_1_730' title='bbox 216 5457 383 5525; x_wconf 74' lang='lat' dir='ltr'><strong>pctita</strong></span> <span class='ocrx_word' id='word_1_731' title='bbox 417 5457 750 5579; x_wconf 39' lang='lat' dir='ltr'><strong>reret-erimus</strong></span> <span class='ocrx_word' id='word_1_732' title='bbox 776 5456 1093 5511; x_wconf 84' lang='lat' dir='ltr'><strong>auctoritate</strong></span> <span class='ocrx_word' id='word_1_733' title='bbox 1118 5454 1409 5510; x_wconf 79' lang='lat' dir='ltr'><strong>cod.Culb.</strong></span> <span class='ocrx_word' id='word_1_734' title='bbox 1430 5470 1529 5510; x_wconf 86' lang='lat' dir='ltr'><strong>nec</strong></span> <span class='ocrx_word' id='word_1_735' title='bbox 1558 5474 1664 5512; x_wconf 87' lang='lat' dir='ltr'><strong>non</strong></span> <span class='ocrx_word' id='word_1_736' title='bbox 1686 5456 1820 5513; x_wconf 81' lang='lat' dir='ltr'><strong>Ger-</strong></span> 
     </span>
     <span class='ocr_line' id='line_1_89' title="bbox 216 5535 625 5579; baseline 0 0"><span class='ocrx_word' id='word_1_737' title='bbox 216 5541 361 5579; x_wconf 71' lang='lat' dir='ltr'><strong>man.</strong></span> <span class='ocrx_word' id='word_1_738' title='bbox 394 5535 455 5579; x_wconf 81' lang='lat' dir='ltr'><strong>cl.</strong></span> <span class='ocrx_word' id='word_1_739' title='bbox 535 5535 625 5579; x_wconf 83' lang='lat' dir='ltr'><strong>Icl.</strong></span> 
     </span>
    </p>
   </div>
   <div class='ocr_carea' id='block_1_89' title="bbox 214 5535 625 5581">
    <p class='ocr_par' dir='ltr' id='par_1_89' title="bbox 214 5535 625 5581">
     <span class='ocr_line' id='line_1_90' title="bbox 214 5535 625 5581; baseline -0.005 0"><span class='ocrx_word' id='word_1_740' title='bbox 214 5541 361 5581; x_wconf 73' lang='lat' dir='ltr'><strong>man.</strong></span> <span class='ocrx_word' id='word_1_741' title='bbox 394 5535 455 5581; x_wconf 83' lang='lat' dir='ltr'><strong>et.</strong></span> <span class='ocrx_word' id='word_1_742' title='bbox 487 5535 518 5579; x_wconf 70' lang='grc' dir='ltr'><strong>ν</strong></span> <span class='ocrx_word' id='word_1_743' title='bbox 535 5535 625 5580; x_wconf 90' lang='lat' dir='ltr'><strong>Ict.</strong></span> 
     </span>
    </p>
   </div>
   <div class='ocr_carea' id='block_1_90' title="bbox 288 5596 1819 5681">
    <p class='ocr_par' dir='ltr' id='par_1_90' title="bbox 288 5596 1819 5681">
     <span class='ocr_line' id='line_1_91' title="bbox 288 5596 1819 5681; baseline 0.001 -29"><span class='ocrx_word' id='word_1_744' title='bbox 288 5596 605 5681; x_wconf 50' lang='lat' dir='ltr'><strong>(quantum</strong></span> <span class='ocrx_word' id='word_1_745' title='bbox 634 5605 717 5677; x_wconf 83' lang='lat' dir='ltr'><strong>est</strong></span> <span class='ocrx_word' id='word_1_746' title='bbox 744 5598 990 5679; x_wconf 31' lang='lat' dir='ltr'><strong>Spiritus.</strong></span> <span class='ocrx_word' id='word_1_747' title='bbox 1006 5609 1223 5680; x_wconf 80' lang='lat' dir='ltr'><strong>sanctus</strong></span> <span class='ocrx_word' id='word_1_748' title='bbox 1241 5613 1586 5681; x_wconf 72' lang='lat' dir='ltr'><strong>;_mun_erans</strong></span> <span class='ocrx_word' id='word_1_749' title='bbox 1615 5608 1819 5680; x_wconf 77' lang='lat' dir='ltr'><strong>autem,</strong></span> 
     </span>
    </p>
   </div>
   <div class='ocr_carea' id='block_1_91' title="bbox 217 5668 1822 5739">
    <p class='ocr_par' dir='ltr' id='par_1_91' title="bbox 217 5668 1822 5739">
     <span class='ocr_line' id='line_1_92' title="bbox 217 5668 1822 5739; baseline 0.003 -19"><span class='ocrx_word' id='word_1_750' title='bbox 217 5668 308 5738; x_wconf 86' lang='lat' dir='ltr'><strong>qui</strong></span> <span class='ocrx_word' id='word_1_751' title='bbox 344 5668 510 5723; x_wconf 79' lang='lat' dir='ltr'><strong>illum</strong></span> <span class='ocrx_word' id='word_1_752' title='bbox 548 5668 881 5739; x_wconf 37' lang='lat' dir='ltr'><strong>largitur&#39;ac</strong></span> <span class='ocrx_word' id='word_1_753' title='bbox 925 5671 1109 5733; x_wconf 86' lang='lat' dir='ltr'><strong>mittit,</strong></span> <span class='ocrx_word' id='word_1_754' title='bbox 1141 5671 1282 5739; x_wconf 70' lang='lat' dir='ltr'><strong>quod</strong></span> <span class='ocrx_word' id='word_1_755' title='bbox 1332 5669 1385 5725; x_wconf 89' lang='lat' dir='ltr'><strong>in</strong></span> <span class='ocrx_word' id='word_1_756' title='bbox 1419 5670 1551 5724; x_wconf 80' lang='lat' dir='ltr'><strong>locis</strong></span> <span class='ocrx_word' id='word_1_757' title='bbox 1580 5672 1822 5739; x_wconf 81' lang='lat' dir='ltr'><strong>proxime</strong></span> 
     </span>
    </p>
   </div>
   <div class='ocr_carea' id='block_1_92' title="bbox 220 5739 1633 5812">
    <p class='ocr_par' dir='ltr' id='par_1_92' title="bbox 220 5739 1633 5812">
     <span class='ocr_line' id='line_1_93' title="bbox 220 5739 1633 5812; baseline -0.001 -17"><span class='ocrx_word' id='word_1_758' title='bbox 220 5739 573 5812; x_wconf 62' lang='lat' dir='ltr'><strong>allatisj‘ilio</strong></span> <span class='ocrx_word' id='word_1_759' title='bbox 603 5758 710 5796; x_wconf 90' lang='lat' dir='ltr'><strong>non</strong></span> <span class='ocrx_word' id='word_1_760' title='bbox 742 5742 917 5795; x_wconf 90' lang='lat' dir='ltr'><strong>minus</strong></span> <span class='ocrx_word' id='word_1_761' title='bbox 946 5742 1251 5796; x_wconf 85' lang='lat' dir='ltr'><strong>attribuitur</strong></span> <span class='ocrx_word' id='word_1_762' title='bbox 1277 5758 1435 5812; x_wconf 82' lang='lat' dir='ltr'><strong>quam</strong></span> <span class='ocrx_word' id='word_1_763' title='bbox 1468 5741 1633 5797; x_wconf 83' lang='lat' dir='ltr'><strong>Patri.</strong></span> 
     </span>
    </p>
   </div>
   <div class='ocr_carea' id='block_1_93' title="bbox 290 5810 1816 5882">
    <p class='ocr_par' dir='ltr' id='par_1_93' title="bbox 290 5810 1816 5882">
     <span class='ocr_line' id='line_1_94' title="bbox 290 5810 1816 5882; baseline -0.001 -14"><span class='ocrx_word' id='word_1_764' title='bbox 290 5814 361 5882; x_wconf 75' lang='lat' dir='ltr'><strong>(i)</strong></span> <span class='ocrx_word' id='word_1_765' title='bbox 404 5810 579 5879; x_wconf 83' lang='lat' dir='ltr'><strong>Editi,</strong></span> <span class='ocrx_word' id='word_1_766' title='bbox 633 5812 688 5866; x_wconf 87' lang='lat' dir='ltr'><strong>in</strong></span> <span class='ocrx_word' id='word_1_767' title='bbox 725 5813 925 5866; x_wconf 83' lang='lat' dir='ltr'><strong>timore.</strong></span> <span class='ocrx_word' id='word_1_768' title='bbox 960 5812 1218 5870; x_wconf 80' lang='lat' dir='ltr'><strong>Malumus</strong></span> <span class='ocrx_word' id='word_1_769' title='bbox 1249 5810 1371 5870; x_wconf 81' lang='lat' dir='ltr'><strong>cum</strong></span> <span class='ocrx_word' id='word_1_770' title='bbox 1398 5830 1503 5870; x_wconf 89' lang='lat' dir='ltr'><strong>uno</strong></span> <span class='ocrx_word' id='word_1_771' title='bbox 1533 5828 1635 5870; x_wconf 88' lang='lat' dir='ltr'><strong>ms.</strong></span> <span class='ocrx_word' id='word_1_772' title='bbox 1668 5812 1816 5871; x_wconf 88' lang='lat' dir='ltr'><strong>Colb.</strong></span> 
     </span>
    </p>
   </div>
   <div class='ocr_carea' id='block_1_94' title="bbox 720 5905 1146 5967">
    <p class='ocr_par' dir='ltr' id='par_1_94' title="bbox 720 5905 1146 5967">
     <span class='ocr_line' id='line_1_95' title="bbox 720 5905 1146 5967; baseline -0.005 -2"><span class='ocrx_word' id='word_1_773' title='bbox 720 5905 996 5965; x_wconf 75' lang='grc' dir='ltr'><strong>ΡΑτιιοι..</strong></span> <span class='ocrx_word' id='word_1_774' title='bbox 1062 5905 1146 5967; x_wconf 82' lang='grc' dir='ltr'><strong>Χ.</strong></span> 
     </span>
    </p>
   </div>
   <div class='ocr_carea' id='block_1_95' title="bbox 1942 3281 3535 3346">
    <p class='ocr_par' dir='ltr' id='par_1_95' title="bbox 1942 3281 3535 3346">
     <span class='ocr_line' id='line_1_96' title="bbox 1942 3281 3535 3346; baseline 0.004 -14"><span class='ocrx_word' id='word_1_775' title='bbox 1942 3292 2137 3333; x_wconf 89' lang='lat' dir='ltr'><strong>munus</strong></span> <span class='ocrx_word' id='word_1_776' title='bbox 2163 3292 2317 3332; x_wconf 90' lang='lat' dir='ltr'><strong>suum</strong></span> <span class='ocrx_word' id='word_1_777' title='bbox 2351 3291 2459 3331; x_wconf 89' lang='lat' dir='ltr'><strong>non</strong></span> <span class='ocrx_word' id='word_1_778' title='bbox 2492 3285 2912 3346; x_wconf 84' lang='lat' dir='ltr'><strong>recognoscent;</strong></span> <span class='ocrx_word' id='word_1_779' title='bbox 2968 3287 3025 3332; x_wconf 92' lang='lat' dir='ltr'><strong>ut</strong></span> <span class='ocrx_word' id='word_1_780' title='bbox 3060 3294 3238 3343; x_wconf 87' lang='lat' dir='ltr'><strong>nares,</strong></span> <span class='ocrx_word' id='word_1_781' title='bbox 3268 3281 3367 3336; x_wconf 87' lang='lat' dir='ltr'><strong>nisi</strong></span> <span class='ocrx_word' id='word_1_782' title='bbox 3400 3282 3535 3339; x_wconf 88' lang='lat' dir='ltr'><strong>odor</strong></span> 
     </span>
    </p>
   </div>
   <div class='ocr_carea' id='block_1_96' title="bbox 1927 3368 3532 3448">
    <p class='ocr_par' dir='ltr' id='par_1_96' title="bbox 1927 3368 3532 3448">
     <span class='ocr_line' id='line_1_97' title="bbox 1927 3368 3532 3448; baseline 0.006 -23"><span class='ocrx_word' id='word_1_783' title='bbox 1927 3370 2285 3442; x_wconf 83' lang='lat' dir='ltr'><strong>Iragraverit,</strong></span> <span class='ocrx_word' id='word_1_784' title='bbox 2316 3370 2368 3425; x_wconf 93' lang='lat' dir='ltr'><strong>in</strong></span> <span class='ocrx_word' id='word_1_785' title='bbox 2405 3385 2511 3440; x_wconf 85' lang='lat' dir='ltr'><strong>quo</strong></span> <span class='ocrx_word' id='word_1_786' title='bbox 2538 3368 2720 3425; x_wconf 87' lang='lat' dir='ltr'><strong>olﬁcio</strong></span> <span class='ocrx_word' id='word_1_787' title='bbox 2748 3380 2911 3426; x_wconf 89' lang='lat' dir='ltr'><strong>erunt</strong></span> <span class='ocrx_word' id='word_1_788' title='bbox 2954 3374 3231 3441; x_wconf 87' lang='lat' dir='ltr'><strong>nescient;</strong></span> <span class='ocrx_word' id='word_1_789' title='bbox 3261 3391 3367 3430; x_wconf 89' lang='lat' dir='ltr'><strong>non</strong></span> <span class='ocrx_word' id='word_1_790' title='bbox 3391 3378 3532 3448; x_wconf 80' lang='lat' dir='ltr'><strong>quod</strong></span> 
     </span>
    </p>
   </div>
   <div class='ocr_carea' id='block_1_97' title="bbox 1933 3464 3532 3534">
    <p class='ocr_par' dir='ltr' id='par_1_97' title="bbox 1933 3464 3532 3534">
     <span class='ocr_line' id='line_1_98' title="bbox 1933 3464 3532 3534; baseline 0.008 -17"><span class='ocrx_word' id='word_1_791' title='bbox 1933 3464 2018 3521; x_wconf 88' lang='lat' dir='ltr'><strong>his</strong></span> <span class='ocrx_word' id='word_1_792' title='bbox 2040 3464 2259 3520; x_wconf 78' lang='lat' dir='ltr'><strong>deﬁciet</strong></span> <span class='ocrx_word' id='word_1_793' title='bbox 2303 3472 2492 3519; x_wconf 89' lang='lat' dir='ltr'><strong>natura</strong></span> <span class='ocrx_word' id='word_1_794' title='bbox 2540 3479 2635 3534; x_wconf 81' lang='lat' dir='ltr'><strong>per</strong></span> <span class='ocrx_word' id='word_1_795' title='bbox 2661 3480 2905 3533; x_wconf 85' lang='lat' dir='ltr'><strong>causam,</strong></span> <span class='ocrx_word' id='word_1_796' title='bbox 2937 3466 3031 3523; x_wconf 86' lang='lat' dir='ltr'><strong>sed</strong></span> <span class='ocrx_word' id='word_1_797' title='bbox 3062 3482 3190 3524; x_wconf 89' lang='lat' dir='ltr'><strong>usus</strong></span> <span class='ocrx_word' id='word_1_798' title='bbox 3214 3468 3440 3527; x_wconf 83' lang='lat' dir='ltr'><strong>habetur</strong></span> <span class='ocrx_word' id='word_1_799' title='bbox 3464 3488 3532 3529; x_wconf 78' lang='lat' dir='ltr'><strong>cx</strong></span> 
     </span>
    </p>
   </div>
   <div class='ocr_carea' id='block_1_98' title="bbox 1930 3557 3527 3622">
    <p class='ocr_par' dir='ltr' id='par_1_98' title="bbox 1930 3557 3527 3622">
     <span class='ocr_line' id='line_1_99' title="bbox 1930 3557 3527 3622; baseline 0.004 -7"><span class='ocrx_word' id='word_1_800' title='bbox 1930 3572 2126 3615; x_wconf 85' lang='lat' dir='ltr'><strong>causa:</strong></span> <span class='ocrx_word' id='word_1_801' title='bbox 2158 3562 2228 3613; x_wconf 84' lang='lat' dir='ltr'><strong>ita</strong></span> <span class='ocrx_word' id='word_1_802' title='bbox 2257 3567 2312 3613; x_wconf 91' lang='lat' dir='ltr'><strong>et</strong></span> <span class='ocrx_word' id='word_1_803' title='bbox 2340 3557 2553 3613; x_wconf 91' lang='lat' dir='ltr'><strong>animus</strong></span> <span class='ocrx_word' id='word_1_804' title='bbox 2594 3558 2858 3614; x_wconf 88' lang='lat' dir='ltr'><strong>humanus</strong></span> <span class='ocrx_word' id='word_1_805' title='bbox 2887 3561 2988 3616; x_wconf 90' lang='lat' dir='ltr'><strong>nisi</strong></span> <span class='ocrx_word' id='word_1_806' title='bbox 3015 3575 3110 3614; x_wconf 79' lang='lat' dir='ltr'><strong>ner</strong></span> <span class='ocrx_word' id='word_1_807' title='bbox 3142 3562 3297 3620; x_wconf 82' lang='lat' dir='ltr'><strong>tidem</strong></span> <span class='ocrx_word' id='word_1_808' title='bbox 3326 3565 3527 3622; x_wconf 82' lang='lat' dir='ltr'><strong>donum</strong></span> 
     </span>
    </p>
   </div>
   <div class='ocr_carea' id='block_1_99' title="bbox 2007 3716 2811 3798">
    <p class='ocr_par' dir='ltr' id='par_1_99' title="bbox 2007 3716 2811 3798">
     <span class='ocr_line' id='line_1_100' title="bbox 2007 3716 2811 3798; baseline -0.01 -20"><span class='ocrx_word' id='word_1_809' title='bbox 2007 3722 2091 3798; x_wconf 63' lang='grc' dir='ltr'><strong>(ξ)</strong></span> <span class='ocrx_word' id='word_1_810' title='bbox 2125 3721 2188 3798; x_wconf 92' lang='lat' dir='ltr'><strong>_|n</strong></span> <span class='ocrx_word' id='word_1_811' title='bbox 2211 3716 2589 3798; x_wconf 50' lang='lat' dir='ltr'><strong>amarioribus.</strong></span> <span class='ocrx_word' id='word_1_812' title='bbox 2613 3716 2811 3798; x_wconf 63' lang='lat' dir='ltr'><strong>Iesum.</strong></span> 
     </span>
    </p>
   </div>
   <div class='ocr_carea' id='block_1_100' title="bbox 2003 3789 3522 3863">
    <p class='ocr_par' dir='ltr' id='par_1_100' title="bbox 2003 3789 3522 3863">
     <span class='ocr_line' id='line_1_101' title="bbox 2003 3789 3522 3863; baseline 0.003 -14"><span class='ocrx_word' id='word_1_813' title='bbox 2003 3789 2084 3863; x_wconf 77' lang='grc'><strong>(6)</strong></span> <span class='ocrx_word' id='word_1_814' title='bbox 2125 3793 2277 3847; x_wconf 75' lang='grc' dir='ltr'>Ιιηοιι</span> <span class='ocrx_word' id='word_1_815' title='bbox 2307 3791 2665 3846; x_wconf 81' lang='lat' dir='ltr'><strong>libronostro.</strong></span> <span class='ocrx_word' id='word_1_816' title='bbox 2692 3789 2748 3845; x_wconf 89' lang='lat' dir='ltr'><strong>In</strong></span> <span class='ocrx_word' id='word_1_817' title='bbox 2791 3790 3151 3861; x_wconf 70' lang='lat' dir='ltr'><strong>prazccdcutc,</strong></span> <span class='ocrx_word' id='word_1_818' title='bbox 3175 3793 3522 3854; x_wconf 85' lang='lat' dir='ltr'><strong>donatiottum.</strong></span> 
     </span>
    </p>
   </div>
   <div class='ocr_carea' id='block_1_101' title="bbox 2005 3864 2389 4004">
    <p class='ocr_par' dir='ltr' id='par_1_101' title="bbox 2005 3864 2389 4004">
     <span class='ocr_line' id='line_1_102' title="bbox 2005 3864 2389 4004; baseline -0.013 -85"><span class='ocrx_word' id='word_1_819' title='bbox 2005 3864 2087 4004; x_wconf 51' lang='lat'><strong>(7;</strong></span> <span class='ocrx_word' id='word_1_820' title='bbox 2134 3864 2389 3918; x_wconf 87' lang='lat' dir='ltr'><strong>Donatur.</strong></span> 
     </span>
     <span class='ocr_line' id='line_1_103' title="bbox 2005 3935 2389 4004; baseline -0.008 -13"><span class='ocrx_word' id='word_1_821' title='bbox 2005 3939 2059 4004; x_wconf 86' lang='lat'><strong>(8</strong></span> <span class='ocrx_word' id='word_1_822' title='bbox 2121 3935 2319 3991; x_wconf 74' lang='lat' dir='ltr'><strong>Genera</strong></span> <span class='ocrx_word' id='word_1_823' title='bbox 2345 3952 2389 3988; x_wconf 78' lang='lat' dir='ltr'><strong>se</strong></span> 
     </span>
    </p>
   </div>
   <div class='ocr_carea' id='block_1_102' title="bbox 2001 3935 2654 4009">
    <p class='ocr_par' dir='ltr' id='par_1_102' title="bbox 2001 3935 2654 4009">
     <span class='ocr_line' id='line_1_104' title="bbox 2001 3935 2654 4009; baseline -0.015 -14"><span class='ocrx_word' id='word_1_824' title='bbox 2001 3935 2083 4009; x_wconf 55' lang='grc'><strong>(⁷8)</strong></span> <span class='ocrx_word' id='word_1_825' title='bbox 2121 3935 2319 4009; x_wconf 62' lang='lat' dir='ltr'><strong>Genera</strong></span> <span class='ocrx_word' id='word_1_826' title='bbox 2345 3950 2654 4009; x_wconf 77' lang='lat' dir='ltr'><strong>sermonum.</strong></span> 
     </span>
    </p>
   </div>
   <div class='ocr_carea' id='block_1_103' title="bbox 2002 4006 2772 4082">
    <p class='ocr_par' dir='ltr' id='par_1_103' title="bbox 2002 4006 2772 4082">
     <span class='ocr_line' id='line_1_105' title="bbox 2002 4006 2772 4082; baseline -0.008 -16"><span class='ocrx_word' id='word_1_827' title='bbox 2002 4006 2081 4082; x_wconf 83' lang='grc'><strong>(9)</strong></span> <span class='ocrx_word' id='word_1_828' title='bbox 2126 4007 2244 4062; x_wconf 88' lang='lat' dir='ltr'><strong>Nisi</strong></span> <span class='ocrx_word' id='word_1_829' title='bbox 2274 4008 2442 4063; x_wconf 81' lang='lat' dir='ltr'><strong>tamen</strong></span> <span class='ocrx_word' id='word_1_830' title='bbox 2470 4022 2528 4059; x_wconf 88' lang='lat' dir='ltr'><strong>ac</strong></span> <span class='ocrx_word' id='word_1_831' title='bbox 2550 4006 2660 4060; x_wconf 86' lang='lat' dir='ltr'><strong>dies</strong></span> <span class='ocrx_word' id='word_1_832' title='bbox 2686 4006 2772 4060; x_wconf 89' lang='lat' dir='ltr'><strong>sit.</strong></span> 
     </span>
    </p>
   </div>
   <div class='ocr_carea' id='block_1_104' title="bbox 1923 4227 3516 4303">
    <p class='ocr_par' dir='ltr' id='par_1_104' title="bbox 1923 4227 3516 4303">
     <span class='ocr_line' id='line_1_106' title="bbox 1923 4227 3516 4303; baseline 0.003 -15"><span class='ocrx_word' id='word_1_833' title='bbox 1923 4236 1977 4289; x_wconf 89' lang='lat' dir='ltr'><strong>in</strong></span> <span class='ocrx_word' id='word_1_834' title='bbox 2007 4234 2261 4297; x_wconf 87' lang='lat' dir='ltr'><strong>timorem,</strong></span> <span class='ocrx_word' id='word_1_835' title='bbox 2281 4229 2428 4303; x_wconf 9' lang='lat' dir='ltr'><strong>quod,</strong></span> <span class='ocrx_word' id='word_1_836' title='bbox 2452 4227 2593 4303; x_wconf 79' lang='lat' dir='ltr'><strong>infra</strong></span> <span class='ocrx_word' id='word_1_837' title='bbox 2616 4229 2711 4303; x_wconf 88' lang='lat' dir='ltr'><strong>lib.</strong></span> <span class='ocrx_word' id='word_1_838' title='bbox 2741 4245 2811 4295; x_wconf 88' lang='lat' dir='ltr'><strong>vt,</strong></span> <span class='ocrx_word' id='word_1_839' title='bbox 2837 4246 2887 4284; x_wconf 93' lang='lat' dir='ltr'><strong>n.</strong></span> <span class='ocrx_word' id='word_1_840' title='bbox 2915 4231 3006 4294; x_wconf 65' lang='lat' dir='ltr'><strong>si,</strong></span> <span class='ocrx_word' id='word_1_841' title='bbox 3038 4248 3231 4303; x_wconf 77' lang='lat' dir='ltr'><strong>magno</strong></span> <span class='ocrx_word' id='word_1_842' title='bbox 3249 4251 3516 4297; x_wconf 68' lang='lat' dir='ltr'><strong>consensu</strong></span> 
     </span>
    </p>
   </div>
   <div class='ocr_carea' id='block_1_105' title="bbox 1924 4300 3515 4378">
    <p class='ocr_par' dir='ltr' id='par_1_105' title="bbox 1924 4300 3515 4378">
     <span class='ocr_line' id='line_1_107' title="bbox 1924 4300 3515 4378; baseline 0.004 -18"><span class='ocrx_word' id='word_1_843' title='bbox 1924 4306 2123 4362; x_wconf 83' lang='lat' dir='ltr'><strong>habent</strong></span> <span class='ocrx_word' id='word_1_844' title='bbox 2166 4300 2388 4378; x_wconf 77' lang='lat' dir='ltr'><strong>veteres</strong></span> <span class='ocrx_word' id='word_1_845' title='bbox 2420 4300 2762 4378; x_wconf 74' lang='lat' dir='ltr'><strong>libri,_juxta_</strong></span> <span class='ocrx_word' id='word_1_846' title='bbox 2794 4318 2954 4371; x_wconf 76' lang='lat' dir='ltr'><strong>grtcc.</strong></span> <span class='ocrx_word' id='word_1_847' title='bbox 2986 4308 3041 4365; x_wconf 70' lang='lat' dir='ltr'><strong>si.</strong></span> <span class='ocrx_word' id='word_1_848' title='bbox 3090 4300 3258 4378; x_wconf 51' lang='lat'><strong>3,86%</strong></span> <span class='ocrx_word' id='word_1_849' title='bbox 3318 4311 3515 4367; x_wconf 72' lang='lat' dir='ltr'><strong>lirunlu</strong></span> 
     </span>
    </p>
   </div>
   <div class='ocr_carea' id='block_1_106' title="bbox 1922 4373 3514 4449">
    <p class='ocr_par' dir='ltr' id='par_1_106' title="bbox 1922 4373 3514 4449">
     <span class='ocr_line' id='line_1_108' title="bbox 1922 4373 3514 4449; baseline 0.009 -24"><span class='ocrx_word' id='word_1_850' title='bbox 1922 4390 2043 4449; x_wconf 75' lang='lat' dir='ltr'><strong>pust</strong></span> <span class='ocrx_word' id='word_1_851' title='bbox 2074 4379 2289 4449; x_wconf 72' lang='lat' dir='ltr'><strong>verbum</strong></span> <span class='ocrx_word' id='word_1_852' title='bbox 2320 4374 2629 4440; x_wconf 69' lang='lat' dir='ltr'><strong>adoptionis,</strong></span> <span class='ocrx_word' id='word_1_853' title='bbox 2662 4373 2867 4428; x_wconf 84' lang='lat' dir='ltr'><strong>addunt</strong></span> <span class='ocrx_word' id='word_1_854' title='bbox 2904 4378 3030 4429; x_wconf 79' lang='lat' dir='ltr'><strong>editi</strong></span> <span class='ocrx_word' id='word_1_855' title='bbox 3062 4373 3289 4445; x_wconf 73' lang='lat' dir='ltr'><strong>ﬁliorum</strong></span> <span class='ocrx_word' id='word_1_856' title='bbox 3321 4400 3333 4433; x_wconf 87' lang='lat'>;</span> <span class='ocrx_word' id='word_1_857' title='bbox 3368 4385 3514 4439; x_wconf 84' lang='lat' dir='ltr'><strong>nullo</strong></span> 
     </span>
    </p>
   </div>
   <div class='ocr_carea' id='block_1_107' title="bbox 1922 4446 2503 4516">
    <p class='ocr_par' dir='ltr' id='par_1_107' title="bbox 1922 4446 2503 4516">
     <span class='ocr_line' id='line_1_109' title="bbox 1922 4446 2503 4516; baseline -0.009 -13"><span class='ocrx_word' id='word_1_858' title='bbox 1922 4446 2035 4505; x_wconf 80' lang='lat' dir='ltr'><strong>l&#39;ere</strong></span> <span class='ocrx_word' id='word_1_859' title='bbox 2053 4446 2378 4516; x_wconf 77' lang='lat' dir='ltr'><strong>suﬁ’ragantc</strong></span> <span class='ocrx_word' id='word_1_860' title='bbox 2404 4460 2503 4499; x_wconf 89' lang='lat' dir='ltr'><strong>ms.</strong></span> 
     </span>
    </p>
   </div>
   <div class='ocr_carea' id='block_1_108' title="bbox 1995 4518 3511 4594">
    <p class='ocr_par' dir='ltr' id='par_1_108' title="bbox 1995 4518 3511 4594">
     <span class='ocr_line' id='line_1_110' title="bbox 1995 4518 3511 4594; baseline 0.006 -21"><span class='ocrx_word' id='word_1_861' title='bbox 1995 4520 2071 4594; x_wconf 84' lang='lat' dir='ltr'><strong>(g)</strong></span> <span class='ocrx_word' id='word_1_862' title='bbox 2111 4520 2495 4594; x_wconf 61' lang='lat' dir='ltr'><strong>Plerorumque</strong></span> <span class='ocrx_word' id='word_1_863' title='bbox 2516 4530 2644 4570; x_wconf 88' lang='lat' dir='ltr'><strong>mss.</strong></span> <span class='ocrx_word' id='word_1_864' title='bbox 2677 4518 2995 4594; x_wconf 81' lang='lat' dir='ltr'><strong>auctoritate</strong></span> <span class='ocrx_word' id='word_1_865' title='bbox 3019 4520 3345 4594; x_wconf 72' lang='lat' dir='ltr'><strong>removimus</strong></span> <span class='ocrx_word' id='word_1_866' title='bbox 3368 4527 3511 4582; x_wconf 79' lang='lat' dir='ltr'><strong>hinc:</strong></span> 
     </span>
    </p>
   </div>
   <div class='ocr_carea' id='block_1_109' title="bbox 1922 4586 3509 4665">
    <p class='ocr_par' dir='ltr' id='par_1_109' title="bbox 1922 4586 3509 4665">
     <span class='ocr_line' id='line_1_111' title="bbox 1922 4586 3509 4665; baseline 0.003 -20"><span class='ocrx_word' id='word_1_867' title='bbox 1922 4586 2248 4655; x_wconf 50' lang='lat' dir='ltr'><strong>Et&#39;rursum,</strong></span> <span class='ocrx_word' id='word_1_868' title='bbox 2279 4586 2391 4665; x_wconf 77' lang='lat' dir='ltr'><strong>os</strong></span> <span class='ocrx_word' id='word_1_869' title='bbox 2414 4596 2583 4665; x_wconf 81' lang='lat' dir='ltr'><strong>autem</strong></span> <span class='ocrx_word' id='word_1_870' title='bbox 2610 4604 2711 4665; x_wconf 78' lang='lat' dir='ltr'><strong>non</strong></span> <span class='ocrx_word' id='word_1_871' title='bbox 2739 4589 2976 4665; x_wconf 48' lang='lat' dir='ltr'><strong>spiritum</strong></span> <span class='ocrx_word' id='word_1_872' title='bbox 3022 4591 3178 4665; x_wconf 85' lang='lat' dir='ltr'><strong>hujus</strong></span> <span class='ocrx_word' id='word_1_873' title='bbox 3220 4597 3395 4650; x_wconf 83' lang='lat' dir='ltr'><strong>mundi</strong></span> <span class='ocrx_word' id='word_1_874' title='bbox 3421 4617 3509 4651; x_wconf 73' lang='lat' dir='ltr'><strong>ar-</strong></span> 
     </span>
    </p>
   </div>
   <div class='ocr_carea' id='block_1_110' title="bbox 1843 4658 3515 4735">
    <p class='ocr_par' dir='ltr' id='par_1_110' title="bbox 1843 4658 3515 4735">
     <span class='ocr_line' id='line_1_112' title="bbox 1843 4658 3515 4735; baseline -0.002 -16"><span class='ocrx_word' id='word_1_875' title='bbox 1843 4660 1898 4720; x_wconf 88' lang='lat' dir='ltr'><strong>D</strong></span> <span class='ocrx_word' id='word_1_876' title='bbox 1921 4665 2167 4735; x_wconf 77' lang='lat' dir='ltr'><strong>cepimus,</strong></span> <span class='ocrx_word' id='word_1_877' title='bbox 2200 4663 2287 4716; x_wconf 88' lang='lat' dir='ltr'><strong>sed</strong></span> <span class='ocrx_word' id='word_1_878' title='bbox 2314 4660 2551 4735; x_wconf 78' lang='lat' dir='ltr'><strong>spiritum</strong></span> <span class='ocrx_word' id='word_1_879' title='bbox 2593 4660 2679 4735; x_wconf 66' lang='lat' dir='ltr'><strong>qui</strong></span> <span class='ocrx_word' id='word_1_880' title='bbox 2718 4658 2782 4714; x_wconf 70' lang='lat' dir='ltr'><strong>ea.</strong></span> <span class='ocrx_word' id='word_1_881' title='bbox 2826 4658 2956 4725; x_wconf 87' lang='lat' dir='ltr'><strong>Deo,</strong></span> <span class='ocrx_word' id='word_1_882' title='bbox 3003 4676 3057 4716; x_wconf 88' lang='lat' dir='ltr'><strong>ut</strong></span> <span class='ocrx_word' id='word_1_883' title='bbox 3086 4658 3307 4720; x_wconf 64' lang='lat' dir='ltr'><strong>sriumus</strong></span> <span class='ocrx_word' id='word_1_884' title='bbox 3346 4686 3459 4733; x_wconf 63' lang='lat' dir='ltr'><strong>qua?</strong></span> <span class='ocrx_word' id='word_1_885' title='bbox 3485 4690 3515 4724; x_wconf 79' lang='grc' dir='ltr'>ιι</span> 
     </span>
    </p>
   </div>
   <div class='ocr_carea' id='block_1_111' title="bbox 1931 4730 3512 4805">
    <p class='ocr_par' dir='ltr' id='par_1_111' title="bbox 1931 4730 3512 4805">
     <span class='ocr_line' id='line_1_113' title="bbox 1931 4730 3512 4805; baseline 0.004 -16"><span class='ocrx_word' id='word_1_886' title='bbox 1931 4730 2038 4790; x_wconf 76' lang='lat' dir='ltr'><strong>Deo</strong></span> <span class='ocrx_word' id='word_1_887' title='bbox 2062 4739 2251 4805; x_wconf 73' lang='lat' dir='ltr'><strong>donata</strong></span> <span class='ocrx_word' id='word_1_888' title='bbox 2275 4741 2392 4786; x_wconf 88' lang='lat' dir='ltr'><strong>sunt</strong></span> <span class='ocrx_word' id='word_1_889' title='bbox 2421 4731 2582 4785; x_wconf 84' lang='lat' dir='ltr'><strong>nobis.</strong></span> <span class='ocrx_word' id='word_1_890' title='bbox 2620 4730 2743 4805; x_wconf 71' lang='lat' dir='ltr'><strong>l_l_.uc</strong></span> <span class='ocrx_word' id='word_1_891' title='bbox 2772 4748 2932 4805; x_wconf 85' lang='lat' dir='ltr'><strong>porro</strong></span> <span class='ocrx_word' id='word_1_892' title='bbox 2958 4735 3200 4805; x_wconf 73' lang='lat' dir='ltr'><strong>Apostoli</strong></span> <span class='ocrx_word' id='word_1_893' title='bbox 3232 4730 3395 4795; x_wconf 78' lang='lat' dir='ltr'><strong>verba</strong></span> <span class='ocrx_word' id='word_1_894' title='bbox 3425 4741 3512 4795; x_wconf 83' lang='lat' dir='ltr'><strong>in-</strong></span> 
     </span>
    </p>
   </div>
   <div class='ocr_carea' id='block_1_112' title="bbox 1926 4802 3513 4878">
    <p class='ocr_par' dir='ltr' id='par_1_112' title="bbox 1926 4802 3513 4878">
     <span class='ocr_line' id='line_1_114' title="bbox 1926 4802 3513 4878; baseline 0.001 -16"><span class='ocrx_word' id='word_1_895' title='bbox 1926 4807 2029 4871; x_wconf 84' lang='lat' dir='ltr'><strong>I&#39;ra,</strong></span> <span class='ocrx_word' id='word_1_896' title='bbox 2076 4825 2130 4861; x_wconf 90' lang='grc' dir='ltr'>ιι.</span> <span class='ocrx_word' id='word_1_897' title='bbox 2178 4803 2269 4865; x_wconf 77' lang='grc'><strong>55.</strong></span> <span class='ocrx_word' id='word_1_898' title='bbox 2317 4805 2585 4878; x_wconf 64' lang='lat' dir='ltr'><strong>relaturus</strong></span> <span class='ocrx_word' id='word_1_899' title='bbox 2635 4802 2883 4878; x_wconf 70' lang='lat' dir='ltr'><strong>Hilarius,</strong></span> <span class='ocrx_word' id='word_1_900' title='bbox 2939 4802 3060 4859; x_wconf 82' lang='lat' dir='ltr'><strong>cum</strong></span> <span class='ocrx_word' id='word_1_901' title='bbox 3114 4820 3406 4878; x_wconf 53' lang='lat' dir='ltr'><strong>prtcmttttt,</strong></span> <span class='ocrx_word' id='word_1_902' title='bbox 3460 4826 3513 4867; x_wconf 87' lang='lat' dir='ltr'><strong>ttt</strong></span> 
     </span>
    </p>
   </div>
   <div class='ocr_carea' id='block_1_113' title="bbox 1914 4874 3513 4948">
    <p class='ocr_par' dir='ltr' id='par_1_113' title="bbox 1914 4874 3513 4948">
     <span class='ocr_line' id='line_1_115' title="bbox 1914 4874 3513 4948; baseline 0.005 -16"><span class='ocrx_word' id='word_1_903' title='bbox 1914 4880 2029 4948; x_wconf 84' lang='lat' dir='ltr'><strong>jam</strong></span> <span class='ocrx_word' id='word_1_904' title='bbox 2082 4879 2317 4948; x_wconf 85' lang='lat' dir='ltr'><strong>superius</strong></span> <span class='ocrx_word' id='word_1_905' title='bbox 2379 4876 2709 4940; x_wconf 86' lang='lat' dir='ltr'><strong>ostendimus,</strong></span> <span class='ocrx_word' id='word_1_906' title='bbox 2759 4874 2959 4931; x_wconf 85' lang='lat' dir='ltr'><strong>indicat</strong></span> <span class='ocrx_word' id='word_1_907' title='bbox 3006 4878 3197 4933; x_wconf 83' lang='lat' dir='ltr'><strong>eadem</strong></span> <span class='ocrx_word' id='word_1_908' title='bbox 3242 4874 3401 4937; x_wconf 58' lang='lat' dir='ltr'><strong>num.</strong></span> <span class='ocrx_word' id='word_1_909' title='bbox 3443 4887 3513 4940; x_wconf 65' lang='lat'><strong>‘29</strong></span> 
     </span>
    </p>
   </div>
   <div class='ocr_carea' id='block_1_114' title="bbox 1916 4949 2248 5019">
    <p class='ocr_par' dir='ltr' id='par_1_114' title="bbox 1916 4949 2248 5019">
     <span class='ocr_line' id='line_1_116' title="bbox 1916 4949 2248 5019; baseline -0.009 -15"><span class='ocrx_word' id='word_1_910' title='bbox 1916 4949 2028 5019; x_wconf 90' lang='lat' dir='ltr'><strong>jam</strong></span> <span class='ocrx_word' id='word_1_911' title='bbox 2058 4951 2248 5006; x_wconf 60' lang='lat' dir='ltr'><strong>relata.</strong></span> 
     </span>
    </p>
   </div>
   <div class='ocr_carea' id='block_1_115' title="bbox 1994 5014 3510 5093">
    <p class='ocr_par' dir='ltr' id='par_1_115' title="bbox 1994 5014 3510 5093">
     <span class='ocr_line' id='line_1_117' title="bbox 1994 5014 3510 5093; baseline 0.008 -21"><span class='ocrx_word' id='word_1_912' title='bbox 1994 5024 2075 5093; x_wconf 71' lang='lat' dir='ltr'><strong>(It)</strong></span> <span class='ocrx_word' id='word_1_913' title='bbox 2118 5014 2406 5093; x_wconf 61' lang='lat' dir='ltr'><strong>Abcsth</strong></span> <span class='ocrx_word' id='word_1_914' title='bbox 2436 5033 2461 5093; x_wconf 83' lang='lat' dir='ltr'><strong>a</strong></span> <span class='ocrx_word' id='word_1_915' title='bbox 2498 5028 2677 5093; x_wconf 72' lang='lat' dir='ltr'><strong>vetere</strong></span> <span class='ocrx_word' id='word_1_916' title='bbox 2707 5019 3009 5093; x_wconf 12' lang='lat' dir='ltr'><strong>tus.7»(‘.olh.;</strong></span> <span class='ocrx_word' id='word_1_917' title='bbox 3036 5035 3190 5077; x_wconf 83' lang='lat' dir='ltr'><strong>secus</strong></span> <span class='ocrx_word' id='word_1_918' title='bbox 3219 5036 3397 5081; x_wconf 82' lang='lat' dir='ltr'><strong>autem</strong></span> <span class='ocrx_word' id='word_1_919' title='bbox 3418 5028 3510 5084; x_wconf 79' lang='lat' dir='ltr'><strong>lib.</strong></span> 
     </span>
    </p>
   </div>
   <div class='ocr_carea' id='block_1_116' title="bbox 1918 5090 3515 5159">
    <p class='ocr_par' dir='ltr' id='par_1_116' title="bbox 1918 5090 3515 5159">
     <span class='ocr_line' id='line_1_118' title="bbox 1918 5090 3515 5159; baseline -0.005 -11"><span class='ocrx_word' id='word_1_920' title='bbox 1918 5090 2119 5158; x_wconf 55' lang='lat' dir='ltr'><strong>vut,&#39;n.</strong></span> <span class='ocrx_word' id='word_1_921' title='bbox 2153 5091 2241 5146; x_wconf 77' lang='lat'><strong>‘27.</strong></span> <span class='ocrx_word' id='word_1_922' title='bbox 2276 5091 2393 5143; x_wconf 71' lang='lat' dir='ltr'><strong>Mox</strong></span> <span class='ocrx_word' id='word_1_923' title='bbox 2436 5090 2486 5143; x_wconf 86' lang='lat' dir='ltr'><strong>in</strong></span> <span class='ocrx_word' id='word_1_924' title='bbox 2515 5090 2761 5155; x_wconf 70' lang='lat' dir='ltr'><strong>CarnuL,</strong></span> <span class='ocrx_word' id='word_1_925' title='bbox 2810 5090 2986 5155; x_wconf 84' lang='lat' dir='ltr'><strong>Colb.,</strong></span> <span class='ocrx_word' id='word_1_926' title='bbox 3037 5094 3199 5159; x_wconf 75' lang='lat' dir='ltr'><strong>V&#39;ict.,</strong></span> <span class='ocrx_word' id='word_1_927' title='bbox 3241 5104 3515 5155; x_wconf 67' lang='grc' dir='ltr'><strong>αηαιιιειηα</strong></span> 
     </span>
    </p>
   </div>
   <div class='ocr_carea' id='block_1_117' title="bbox 1918 5159 2424 5225">
    <p class='ocr_par' dir='ltr' id='par_1_117' title="bbox 1918 5159 2424 5225">
     <span class='ocr_line' id='line_1_119' title="bbox 1918 5159 2424 5225; baseline -0.026 -2"><span class='ocrx_word' id='word_1_928' title='bbox 1918 5164 2068 5225; x_wconf 73' lang='lat' dir='ltr'><strong>Iesu.</strong></span> <span class='ocrx_word' id='word_1_929' title='bbox 2100 5181 2203 5216; x_wconf 73' lang='lat' dir='ltr'><strong>non</strong></span> <span class='ocrx_word' id='word_1_930' title='bbox 2230 5159 2424 5215; x_wconf 72' lang='lat' dir='ltr'><strong>Jesum.</strong></span> 
     </span>
    </p>
   </div>
   <div class='ocr_carea' id='block_1_118' title="bbox 1995 5231 3513 5309">
    <p class='ocr_par' dir='ltr' id='par_1_118' title="bbox 1995 5231 3513 5309">
     <span class='ocr_line' id='line_1_120' title="bbox 1995 5231 3513 5309; baseline 0.007 -21"><span class='ocrx_word' id='word_1_931' title='bbox 1995 5237 2058 5309; x_wconf 87' lang='lat' dir='ltr'><strong>(i)</strong></span> <span class='ocrx_word' id='word_1_932' title='bbox 2104 5235 2250 5291; x_wconf 87' lang='lat' dir='ltr'><strong>Unus</strong></span> <span class='ocrx_word' id='word_1_933' title='bbox 2288 5233 2455 5309; x_wconf 78' lang='lat' dir='ltr'><strong>Codex</strong></span> <span class='ocrx_word' id='word_1_934' title='bbox 2502 5231 2632 5287; x_wconf 85' lang='lat' dir='ltr'><strong>Colb</strong></span> <span class='ocrx_word' id='word_1_935' title='bbox 2689 5248 2768 5309; x_wconf 48' lang='lat' dir='ltr'><strong>pc</strong></span> <span class='ocrx_word' id='word_1_936' title='bbox 2814 5235 3048 5309; x_wconf 73' lang='lat' dir='ltr'><strong>Sorlmn.</strong></span> <span class='ocrx_word' id='word_1_937' title='bbox 3098 5254 3218 5292; x_wconf 84' lang='lat' dir='ltr'><strong>cum</strong></span> <span class='ocrx_word' id='word_1_938' title='bbox 3268 5241 3513 5307; x_wconf 73' lang='lat' dir='ltr'><strong>CarnuL,</strong></span> 
     </span>
    </p>
   </div>
   <div class='ocr_carea' id='block_1_119' title="bbox 1922 5303 3519 5384">
    <p class='ocr_par' dir='ltr' id='par_1_119' title="bbox 1922 5303 3519 5384">
     <span class='ocr_line' id='line_1_121' title="bbox 1922 5303 3519 5384; baseline -0.001 -21"><span class='ocrx_word' id='word_1_939' title='bbox 1922 5303 2059 5384; x_wconf 70' lang='lat' dir='ltr'><strong>idem</strong></span> <span class='ocrx_word' id='word_1_940' title='bbox 2088 5318 2258 5384; x_wconf 57' lang='lat' dir='ltr'><strong>autem</strong></span> <span class='ocrx_word' id='word_1_941' title='bbox 2285 5304 2514 5375; x_wconf 85' lang='lat' dir='ltr'><strong>spiritus,</strong></span> <span class='ocrx_word' id='word_1_942' title='bbox 2563 5303 2701 5373; x_wconf 74' lang='lat' dir='ltr'><strong>quod</strong></span> <span class='ocrx_word' id='word_1_943' title='bbox 2731 5316 2785 5359; x_wconf 91' lang='lat' dir='ltr'><strong>et</strong></span> <span class='ocrx_word' id='word_1_944' title='bbox 2813 5307 2947 5359; x_wconf 70' lang='lat' dir='ltr'><strong>inira</strong></span> <span class='ocrx_word' id='word_1_945' title='bbox 2977 5320 3243 5375; x_wconf 81' lang='lat' dir='ltr'><strong>repetuut,</strong></span> <span class='ocrx_word' id='word_1_946' title='bbox 3279 5330 3395 5384; x_wconf 78' lang='lat' dir='ltr'><strong>pm,</strong></span> <span class='ocrx_word' id='word_1_947' title='bbox 3430 5303 3519 5371; x_wconf 67' lang='grc' dir='ltr'><strong>,ςιεά</strong></span> 
     </span>
    </p>
   </div>
   <div class='ocr_carea' id='block_1_120' title="bbox 1922 5378 2241 5434">
    <p class='ocr_par' dir='ltr' id='par_1_120' title="bbox 1922 5378 2241 5434">
     <span class='ocr_line' id='line_1_122' title="bbox 1922 5378 2241 5434; baseline -0.013 0"><span class='ocrx_word' id='word_1_948' title='bbox 1922 5380 2057 5434; x_wconf 86' lang='lat' dir='ltr'><strong>idem</strong></span> <span class='ocrx_word' id='word_1_949' title='bbox 2087 5378 2241 5432; x_wconf 88' lang='lat' dir='ltr'><strong>Deus.</strong></span> 
     </span>
    </p>
   </div>
   <div class='ocr_carea' id='block_1_121' title="bbox 1998 5446 3289 5523">
    <p class='ocr_par' dir='ltr' id='par_1_121' title="bbox 1998 5446 3289 5523">
     <span class='ocr_line' id='line_1_123' title="bbox 1998 5446 3289 5523; baseline 0.002 -18"><span class='ocrx_word' id='word_1_950' title='bbox 1998 5448 2072 5523; x_wconf 84' lang='lat' dir='ltr'><strong>(j)</strong></span> <span class='ocrx_word' id='word_1_951' title='bbox 2115 5450 2168 5505; x_wconf 93' lang='lat' dir='ltr'><strong>In</strong></span> <span class='ocrx_word' id='word_1_952' title='bbox 2198 5458 2407 5523; x_wconf 66' lang='lat' dir='ltr'><strong>vetusto</strong></span> <span class='ocrx_word' id='word_1_953' title='bbox 2437 5446 2748 5523; x_wconf 79' lang='lat' dir='ltr'><strong>ms._Culh.,</strong></span> <span class='ocrx_word' id='word_1_954' title='bbox 2782 5451 3035 5517; x_wconf 80' lang='lat' dir='ltr'><strong>separatio</strong></span> <span class='ocrx_word' id='word_1_955' title='bbox 3062 5453 3289 5518; x_wconf 85' lang='lat' dir='ltr'><strong>spiritus.</strong></span> 
     </span>
    </p>
   </div>
   <div class='ocr_carea' id='block_1_122' title="bbox 2001 5517 3515 5593">
    <p class='ocr_par' dir='ltr' id='par_1_122' title="bbox 2001 5517 3515 5593">
     <span class='ocr_line' id='line_1_124' title="bbox 2001 5517 3515 5593; baseline -0.013 -15"><span class='ocrx_word' id='word_1_956' title='bbox 2120 5521 2271 5583; x_wconf 81' lang='lat' dir='ltr'><strong>Bad.,</strong></span> <span class='ocrx_word' id='word_1_957' title='bbox 2319 5520 2410 5573; x_wconf 71' lang='lat' dir='ltr'><strong>Et.</strong></span> <span class='ocrx_word' id='word_1_958' title='bbox 2457 5530 2511 5573; x_wconf 88' lang='lat' dir='ltr'><strong>et</strong></span> <span class='ocrx_word' id='word_1_959' title='bbox 2538 5517 2684 5593; x_wconf 50' lang='lat' dir='ltr'><strong>Lips.</strong></span> <span class='ocrx_word' id='word_1_960' title='bbox 2730 5536 2860 5593; x_wconf 58' lang='lat' dir='ltr'><strong>cum</strong></span> <span class='ocrx_word' id='word_1_961' title='bbox 2908 5524 3110 5590; x_wconf 73' lang='lat' dir='ltr'><strong>ttliqunt</strong></span> <span class='ocrx_word' id='word_1_962' title='bbox 3157 5542 3308 5589; x_wconf 54' lang='lat'><strong>&quot;&#39;55.,</strong></span> <span class='ocrx_word' id='word_1_963' title='bbox 3362 5543 3515 5583; x_wconf 25' lang='lat' dir='ltr'><strong>mm“</strong></span> 
     </span>
    </p>
   </div>
   <div class='ocr_carea' id='block_1_123' title="bbox 1929 5588 3521 5671">
    <p class='ocr_par' dir='ltr' id='par_1_123' title="bbox 1929 5588 3521 5671">
     <span class='ocr_line' id='line_1_125' title="bbox 1929 5588 3521 5671; baseline 0.006 -25"><span class='ocrx_word' id='word_1_964' title='bbox 1929 5588 2141 5665; x_wconf 76' lang='lat' dir='ltr'><strong>pretatio</strong></span> <span class='ocrx_word' id='word_1_965' title='bbox 2168 5608 2453 5648; x_wconf 86' lang='lat' dir='ltr'><strong>sermonum</strong></span> <span class='ocrx_word' id='word_1_966' title='bbox 2479 5608 2497 5657; x_wconf 90' lang='lat'><strong><em>;</em></strong></span> <span class='ocrx_word' id='word_1_967' title='bbox 2520 5588 2959 5645; x_wconf 78' lang='lat' dir='ltr'><strong>disscttticntilms</strong></span> <span class='ocrx_word' id='word_1_968' title='bbox 2978 5588 3370 5655; x_wconf 76' lang='lat' dir='ltr'><strong>melioribusct</strong></span> <span class='ocrx_word' id='word_1_969' title='bbox 3388 5619 3445 5671; x_wconf 80' lang='lat' dir='ltr'><strong>gr</strong></span> <span class='ocrx_word' id='word_1_970' title='bbox 3465 5620 3521 5655; x_wconf 72' lang='lat' dir='ltr'><strong>n-</strong></span> 
     </span>
    </p>
   </div>
   <div class='ocr_carea' id='block_1_124' title="bbox 1928 5674 2191 5722">
    <p class='ocr_par' dir='ltr' id='par_1_124' title="bbox 1928 5674 2191 5722">
     <span class='ocr_line' id='line_1_126' title="bbox 1928 5674 2191 5722; baseline -0.011 -1"><span class='ocrx_word' id='word_1_971' title='bbox 1928 5683 1993 5722; x_wconf 71' lang='lat'><strong>00</strong></span> <span class='ocrx_word' id='word_1_972' title='bbox 2026 5674 2191 5721; x_wconf 78' lang='lat' dir='ltr'><strong>textu.</strong></span> 
     </span>
    </p>
   </div>
   <div class='ocr_carea' id='block_1_125' title="bbox 2002 5732 3524 5814">
    <p class='ocr_par' dir='ltr' id='par_1_125' title="bbox 2002 5732 3524 5814">
     <span class='ocr_line' id='line_1_127' title="bbox 2002 5732 3524 5814; baseline 0.005 -21"><span class='ocrx_word' id='word_1_973' title='bbox 2002 5737 2065 5814; x_wconf 71' lang='lat' dir='ltr'><strong>(ll</strong></span> <span class='ocrx_word' id='word_1_974' title='bbox 2109 5737 2254 5814; x_wconf 80' lang='lat' dir='ltr'><strong>Lips.</strong></span> <span class='ocrx_word' id='word_1_975' title='bbox 2281 5744 2335 5791; x_wconf 91' lang='lat' dir='ltr'><strong>ct</strong></span> <span class='ocrx_word' id='word_1_976' title='bbox 2378 5735 2519 5814; x_wconf 70' lang='lat' dir='ltr'><strong>i‘ar..</strong></span> <span class='ocrx_word' id='word_1_977' title='bbox 2552 5732 2652 5814; x_wconf 56' lang='lat' dir='ltr'><strong>nisi</strong></span> <span class='ocrx_word' id='word_1_978' title='bbox 2674 5732 2859 5813; x_wconf 35' lang='grc' dir='ltr'>,Ιωιιιριι</span> <span class='ocrx_word' id='word_1_979' title='bbox 2892 5737 3118 5805; x_wconf 64' lang='grc' dir='ltr'>αιἰυίὶειι,</span> <span class='ocrx_word' id='word_1_980' title='bbox 3167 5742 3358 5809; x_wconf 52' lang='lat' dir='ltr'><strong>nullas,</strong></span> <span class='ocrx_word' id='word_1_981' title='bbox 3394 5755 3524 5814; x_wconf 52' lang='lat' dir='ltr'><strong>(&#39;lth,</strong></span> 
     </span>
    </p>
   </div>
   <div class='ocr_carea' id='block_1_126' title="bbox 1931 5804 2734 5867">
    <p class='ocr_par' dir='ltr' id='par_1_126' title="bbox 1931 5804 2734 5867">
     <span class='ocr_line' id='line_1_128' title="bbox 1931 5804 2734 5867; baseline -0.01 0"><span class='ocrx_word' id='word_1_982' title='bbox 1931 5804 2290 5867; x_wconf 79' lang='lat' dir='ltr'><strong>renitentibus</strong></span> <span class='ocrx_word' id='word_1_983' title='bbox 2318 5808 2532 5862; x_wconf 70' lang='lat' dir='ltr'><strong>thtcris‘</strong></span> <span class='ocrx_word' id='word_1_984' title='bbox 2565 5804 2734 5860; x_wconf 87' lang='lat' dir='ltr'><strong>libris.</strong></span> 
     </span>
    </p>
   </div>
   <div class='ocr_carea' id='block_1_127' title="bbox 2974 5903 3014 5962">
    <p class='ocr_par' dir='ltr' id='par_1_127' title="bbox 2974 5903 3014 5962">
     <span class='ocr_line' id='line_1_129' title="bbox 2974 5903 3014 5962; baseline 0 0"><span class='ocrx_word' id='word_1_985' title='bbox 2974 5903 3014 5962; x_wconf 83' lang='grc'>3</span> 
     </span>
    </p>
   </div>
  </div>
