4048 6468
640 362 709 417 79
1839 358 2084 415 SANCTI
2138 357 2394 417 HlLARII
2451 359 2753 419 EPISCOPI
3859 366 3926 424 80

639 484 821 537 vinum
854 483 1087 537 infusum
1115 482 1484 543 arbitrantur;
1516 486 1749 551 tempus,
1782 478 1925 549 quod
1969 479 2021 534 in
2050 479 2229 535 medio
2256 482 2309 543 Α
2335 478 2583 535 humana:
2610 496 2876 549 errorem,
2911 492 2961 538 et
3006 486 3187 540 sciens
3228 500 3295 542 eo
3346 498 3518 556 usque
3562 484 3924 542 inﬁdelitatem

636 586 742 644 est,
779 576 858 649 (l)
890 574 968 648 (α)
1016 591 1124 630 non
1155 575 1368 645 prolicit
1398 584 1455 629 ut
1492 574 1719 644 liquoris
1747 584 1934 629 natura
1964 581 2019 630 et
2045 589 2233 630 nasca-

638 683 726 727 tur
746 680 800 724 et
829 678 1033 741 pereat.
1070 668 1228 723 Ratio
1264 667 1386 723 lacti
1410 676 1465 722 et
1495 666 1667 721 visum
1712 667 1999 722 frustratur
2026 676 2081 721 et
2108 684 2233 722 sen-

634 778 794 820 sum:
831 765 1002 818 virtus
1048 771 1228 817 tamen
1277 760 1369 816 Dei
1399 759 1454 815 in
1493 758 1576 814 his
1616 774 1736 831 qua:
1767 768 1891 813 sunt
1933 769 2086 829 gesta
2108 771 2233 814 sen-

637 858 786 913 titur.

707 949 814 1023 53
841 948 894 1005 6.
925 948 1027 1003 Aut
1055 948 1307 1015 quantodo
1346 945 1568 1019 quinque
1610 962 1768 1018 panes
1799 945 2129 1001 excreverint.
2158 973 2231 986 -

632 1042 819 1099 Sedet
846 1041 914 1097 de
938 1043 1176 1112 quinque
1205 1039 1429 1110 panibus
1466 1052 1572 1095 non
1601 1038 1880 1094 dissimilis
1902 1037 2025 1095 laeti
2053 1037 2227 1094 admi-

629 1134 768 1191 ratio
787 1142 871 1191 est
902 1133 1119 1208 (Matth.
1153 1149 1268 1200 xtv,
1293 1134 1409 1207 li).
1442 1133 1796 1190 Incrementis
1826 1147 2034 1198 eorum,
2068 1132 2226 1201 quin-

628 1242 735 1299 que
758 1228 987 1283 millium
1012 1228 1247 1282 virorum
1278 1234 1333 1282 et
1362 1225 1834 1283 innumerabilium
1858 1225 2144 1282 mulierum
2166 1240 2231 1283 ac

628 1337 918 1391 puerorum
948 1321 1117 1378 fames
1142 1322 1410 1377 \incitur:
1441 1320 1572 1391 l‘ugit
1595 1319 1785 1377 oculos
1813 1335 2007 1377 sensus
2034 1322 2223 1388 nostri,

628 1419 812 1489 operis
862 1416 1239 1489 intelligentia.
1293 1416 1545 1487 Quinque
1592 1430 1759 1487 panes
1819 1412 2121 1471 oﬂeruntur
2175 1422 2230 1470 et

626 1512 965 1581 franguntur,
995 1512 1297 1581 subrepunt
1322 1509 1785 1584 prtel'ringentium
1813 1509 2062 1566 manibus
2081 1525 2227 1583 qua:-

624 1604 750 1659 dam
794 1603 1218 1674 fragmentormn
1260 1604 1692 1675 procreationes.
1734 1600 1852 1660 Non
1894 1602 2228 1657 imminuitur

624 1698 769 1754 unde
806 1695 1201 1769 pnefringitur;
1248 1705 1303 1751 et
1342 1705 1522 1751 tamen
1570 1710 1787 1763 semper
1833 1693 2229 1765 prmlrlugentis

625 1804 843 1845 manum
886 1786 1187 1859 fragmenta
1232 1796 1518 1859 occupant.
1570 1786 1788 1842 Fallunt
1830 1796 2100 1842 momenta
2143 1787 2224 1843 vi-

2340 582 2713 642 prorupturam
2762 590 2905 639 esse,
2960 586 3017 631 ut
3058 577 3165 633 sibi
3209 575 3279 633 de
3316 577 3410 633 Dei
3459 575 3622 633 rellns
3672 578 3925 648 judicium

2338 672 2709 733 praesumeret,
2765 667 3043 722 audaciam
3090 677 3331 724 nostram
3380 684 3596 737 earum,
3628 668 3701 725 de
3742 669 3926 742 quibus

2334 758 2715 829 ambigeretur,
2752 774 2931 816 rerum
2956 763 3083 818 vicit
3106 764 3392 833 exemplis.

2404 851 2458 908 8.
2496 850 2741 907 Humano
2780 856 2913 909 ratio
2937 867 3115 911 contra
3144 859 3520 928 generationem
3552 856 3646 912 Dei
3690 856 3926 929 reprobu-

2336 953 2436 999 tur.
2459 974 2532 987 --
2556 946 2694 1003 Sunt
2728 950 2871 1002 enim
2914 949 3097 1019 plures
3132 951 3316 1006 saeculi
3354 951 3668 1023 prudentes,
3701 966 3925 1022 quorum

2333 1037 2620 1110 prudentia
2651 1039 2764 1095 Deo
2808 1041 3039 1097 stultitia
3082 1051 3187 1107 est,
3226 1044 3313 1113 qui
3346 1058 3470 1100 cum
3509 1042 3734 1100 audiunt
3766 1043 3925 1099 Deum

2333 1146 2399 1188 ex
2432 1132 2565 1199 Deo,
2615 1148 2803 1188 verum
2844 1150 2875 1187 a
2921 1150 3070 1197 vero.
3121 1134 3419 1206 perfecturus
3451 1133 3561 1209 54
3599 1150 3628 1189 a
3669 1136 3925 1206 perfecto,

2332 1238 2500 1280 unum
2527 1225 2595 1281 ab
2620 1242 2728 1281 uno
2759 1239 2940 1282 natum
2969 1243 3113 1291 esse,
3144 1237 3416 1302 tamquam
3448 1228 3799 1298 impossibilia
3831 1245 3925 1285 no-

2334 1318 2418 1375 bis
2470 1320 2886 1389 prcdicantibus
2951 1323 3359 1391 eontradicant,
3421 1323 3744 1395 quibusdam
3804 1339 3925 1381 scn-

2332 1414 2620 1468 tentiarum
2669 1412 3081 1470 collectionibus
3124 1415 3473 1482 iuba-rentes,
3516 1429 3641 1471 cum
3694 1414 3925 1472 dicunt:

2338 1526 2358 1558 ι
2391 1505 2549 1563 Nasci
2579 1508 2712 1564 nihil
2749 1508 2923 1580 potuit
2961 1510 3030 1564 ab
3078 1523 3207 1571 uno,
3236 1512 3361 1581 quia
3396 1510 3578 1565 omnis
3603 1524 3669 1565 es
3721 1508 3927 1567 duobus

2333 1600 2584 1656 nativitas
2603 1610 2707 1657 est.
2738 1599 2856 1657 lam
2882 1604 2927 1655 si
2948 1602 3020 1658 ab
3050 1617 3157 1658 uno
3184 1612 3342 1659 natus
3372 1603 3459 1659 hic
3495 1602 3639 1660 titius
3669 1614 3777 1670 est,
3801 1619 3926 1676 par-

2332 1701 2441 1747 tem
2460 1693 2579 1763 ejus
2605 1692 2697 1764 qui
2724 1696 2912 1765 genuit
2949 1695 3157 1767 accepit
3182 1713 3197 1749 :
3228 1705 3286 1750 et
3307 1696 3353 1750 si
3391 1708 3539 1767 pars,
3579 1704 3771 1753 neuter
3796 1712 3925 1769 ergo

2331 1784 2599 1854 perlectus
2623 1794 2739 1852 est;
2779 1786 2931 1843 deest
2952 1788 3097 1843 etaim
3128 1791 3178 1844 ei
3217 1787 3363 1844 unde
3384 1785 3650 1845 decessit:
3681 1805 3783 1846 nec
3808 1790 3922 1861 ple-

623 1897 741 1937 suin
768 1899 782 1947 ;
815 1882 945 1937 dum
975 1881 1186 1950 plenam
1210 1881 1528 1951 fragmentis
1554 1894 1771 1935 manum
1797 1879 2061 1952 sequeris,
2088 1880 2226 1936 alte-
2251 1880 2300 1945 B
2330 1874 2518 1932 nitudu
2548 1876 2603 1931 in
2627 1891 2695 1932 eo
2716 1879 2842 1944 erit,
2868 1877 3051 1950 quies
3080 1879 3330 1950 portione
3354 1882 3661 1937 constiterit
3692 1900 3708 1936 :
3734 1891 3925 1940 neuter

621 1992 737 2031 ram
768 1977 886 2031 sine
915 1975 1113 2029 damno
1148 1974 1555 2053 portionisisuae
1588 1975 1900 2041 conlueris;
1933 1974 2075 2032 inter
2104 1974 2222 2031 haec
2324 1982 2456 2040 ergo
2494 1968 2769 2039 perfectus
2811 1980 2919 2036 est,
2957 1985 3081 2028 cum
3132 1970 3519 2042 plenitudinem
3557 1988 3711 2030 suam
3751 1986 3809 2029 et
3832 1975 3921 2046 qui

620 2072 1045 2144 l'ragmeutorum
1102 2070 1352 2126 cumulus
1397 2078 1641 2140 augetur.
1693 2068 2111 2141 Pricl'ringentcs
2162 2068 2219 2124 in
2324 2062 2571 2131 senuerit
2616 2062 2848 2127 amittat,
2890 2077 2991 2119 nec
3034 2062 3126 2132 qui
3170 2071 3326 2119 natus
3358 2074 3443 2120 est
3484 2078 3867 2138 consequatur.
3894 2086 3915 2119 s

620 2166 921 2222 ministerio
940 2173 1083 2232 sunt,
1098 2162 1323 2221 edentes
1342 2164 1392 2217 in
1411 2162 1624 2231 negotio
1642 2170 1789 2227 sunt,
1811 2164 2112 2217 esurientes
2133 2176 2219 2216 sa-
2324 2153 2475 2213 Hane
2501 2156 2685 2212 mundi
2728 2158 3050 2227 sapientiam
3080 2159 3241 2213 etiam
3274 2173 3370 2227 per
3400 2160 3716 2228 prophetam
3746 2160 3921 2231 prori-

616 2260 719 2313 turi
747 2268 894 2323 sunt,
916 2256 1205 2313 duodecim
1243 2254 1508 2327 cophinos
1552 2253 1767 2326 replent
1805 2254 2067 2326 reliquim.
2096 2252 2215 2309 Non
2320 2248 2459 2305 dens
2489 2250 2651 2315 Deus,
2684 2252 2756 2305 ita
2786 2249 3027 2316 damnat,
3072 2251 3262 2307 dicens
3292 2268 3306 2304 :
3340 2250 3565 2307 Perdant
3613 2253 3921 2321 sapientiam

614 2367 830 2418 sensus,
882 2367 988 2407 non
1042 2351 1188 2406 visus
1235 2348 1532 2421 profectum
1555 2346 1631 2421 (ὁ)
1681 2356 1789 2403 tam
1836 2345 2217 2417 conspicabilis
2320 2346 2628 2416 sapientium
2655 2385 2670 2411 ,
2712 2354 2761 2400 et
2785 2344 2857 2417 (e)
2902 2345 3217 2401 intellectum
3266 2345 3594 2415 prudentium
3637 2346 3915 2416 reprobate

614 2447 942 2519 operationis
981 2443 1308 2515 assequitur.
1343 2442 1442 2499 Est
1480 2442 1623 2515 quod
1667 2457 1775 2497 non
1822 2451 1960 2507 erat,
2002 2440 2216 2498 videtur
2319 2434 2469 2507 (88a.
2498 2451 2649 2500 nix.
2676 2433 2789 2505 14).
2815 2435 2945 2492 Item
2968 2436 3021 2491 in
3045 2435 3341 2505 Aposwlo:
3372 2434 3917 2507 Utica-animati

614 2543 758 2614 quod
787 2557 895 2597 non
923 2539 1239 2612 intelligitur
1270 2556 1283 2591 :
1310 2538 1480 2595 solum
1508 2545 1755 2609 superest
1783 2546 1841 2593 ut
1872 2537 2012 2594 Deus
2030 2538 2210 2593 omnia
2315 2528 2506 2597 scriba.
2520 2531 2609 2585 ubi
2622 2531 2935 2601 conquisita
2953 2530 3111 2604 hujus
3134 2530 3350 2585 secuit!
3366 2528 3553 2587 Nonne
3569 2533 3783 2586 statim
3798 2534 3917 2603 fecit

614 2649 773 2706 posse
800 2634 1074 2690 credatur.

685 2728 742 2782 7.
776 2725 900 2781 ﬂare
931 2741 1031 2780 non
1075 2726 1154 2780 sui
1191 2740 1351 2780 causa
1389 2724 1491 2797 egit
1530 2721 1788 2789 Christus,
1825 2722 1927 2783 sed.
1942 2733 2000 2777 ut
2026 2722 2211 2777 Ituran—

612 2836 737 2874 num
774 2820 837 2874 de
880 2817 977 2873 Dei
1017 2812 1167 2871 rebus
1194 2816 1471 2891 judicaudi
1500 2816 1757 2883 pruritunt
1806 2815 2115 2869 retunderet.
2140 2843 2211 2855 -—-

612 2908 730 2965 Non
775 2908 974 2964 habent
1022 2908 1200 2977 itaque
1236 2907 1412 2962 divina
1452 2906 1834 2971 adulationem,
1881 2921 1983 2961 nec
2024 2905 2208 2962 subest

618 3003 729 3057 Deo
753 3001 821 3056 ad
854 2998 1174 3071 placendum
1205 2998 1609 3069 fallendumque
1633 2998 1928 3054 simulatio.
1962 2998 2089 3055 Hzrc
2114 2996 2208 3054 lilii

614 3093 706 3149 Dei
734 3108 897 3162 opera
925 3107 1032 3148 non
1054 3093 1122 3147 de
1147 3090 1421 3163 iactantia:
1450 3091 1630 3147 studio
1651 3101 1778 3149 sunt
1799 3091 2035 3163 profecta
2064 3107 2077 3147 :
2108 3107 2204 3147 ne-

607 3202 714 3257 que
741 3185 885 3243 enim
909 3178 1025 3249 ille,
1055 3186 1140 3242 cui
1170 3183 1575 3241 innumerabilia
1602 3185 1767 3241 millia
1795 3186 2017 3242 millium
2042 3201 2204 3258 ange-

2318 2618 2460 2677 Deus
2471 2623 2794 2693 prudentiam
2811 2623 2963 2695 hujus
2979 2624 3156 2678 nutmti
3168 2623 3196 2677 .’
3213 2622 3349 2678 Nam
3359 2624 3811 2696 quininsupientia
3821 2625 3917 2683 Dei

2317 2734 2423 2774 non
2464 2721 2700 2793 cognorit
2739 2721 2964 2775 mundus
3002 2736 3092 2790 per
3129 2719 3457 2790 prudentiores
3497 2718 3691 2790 Deum,
3721 2722 3914 2793 placuit

2319 2808 2429 2865 Deo
2458 2827 2547 2880 per
2573 2812 2846 2867 stultitiam
2872 2813 3258 2884 praedicationis
3285 2814 3453 2869 salvos
3482 2815 3653 2885 facere
3695 2817 3912 2872 creden-

2314 2916 2389 2960 tes
2417 2921 2436 2959 :
2462 2908 2705 2976 quoniam
2730 2904 2905 2960 Iudici
2934 2908 3083 2977 signa
3111 2916 3304 2976 petunt,
3330 2914 3379 2961 et
3406 2905 3575 2962 (ἕνατὶ
3603 2909 3910 2977 sapientium

2311 3009 2549 3071 quierunt
2571 3016 2590 3055 :
2617 3016 2711 3055 nos
2730 3012 2902 3055 autem
2927 3000 3267 3072 prendit-nurus
3284 2999 3548 3055 Clu-istunc
3573 3002 3906 3071 statim,

2308 3092 2513 3149 Judwis
2541 3092 2747 3167 quidem
2767 3094 3096 3160 scandalum,
3136 3092 3384 3149 Gentibus
3416 3102 3588 3148 autem
3612 3096 3907 3163 stultitiane,

2308 3187 2374 3242 iis
2399 3196 2567 3242 autem
2589 3188 2678 3258 qui
2707 3195 2826 3243 sunt
2861 3187 3044 3252 vocati,
3087 3184 3286 3245 Iuleis
3329 3198 3485 3258 atque
3513 3185 3708 3244 (ἐνεοῖς
3733 3190 3911 3246 Clitis-

609 3280 783 3335 lorum
824 3281 1087 3345 serviunt,
1117 3280 1363 3335 adulatus
1398 3289 1483 3335 est
1511 3278 1735 3335 homini.
1766 3279 1906 3349 Quid
1935 3281 2077 3337 enim
2104 3294 2200 3337 eo-
2231 3284 2278 3349 C
2310 3291 2417 3335 tum
2452 3278 2549 3337 Dei
2588 3280 2824 3336 uirtutem
2851 3290 2897 3335 et
2934 3278 3035 3334 Dei
3073 3280 3381 3349 sapientiam
3410 3296 3423 3333 :
3453 3281 3576 3349 quia
3603 3282 3741 3348 quod
3779 3282 3910 3336 stul-

607 3388 728 3427 rmn
753 3388 871 3442 qum
900 3381 1082 3429 nostra
1118 3381 1246 3429 sunt
1290 3371 1583 3444 indigebat,
1619 3388 1714 3443 per
1740 3387 1900 3445 quem
1934 3383 2061 3429 sunt
2086 3374 2206 3429 uni-

607 3481 763 3523 versa
789 3481 909 3535 qum
931 3474 1116 3521 nostra
1133 3465 1297 3521 sunt?
1325 3466 1404 3521 Au
1424 3463 1686 3521 honorem
1711 3482 1742 3521 a
1772 3466 1929 3523 nobis
1948 3476 2205 3538 expostu-

607 3560 778 3622 labat,
808 3575 952 3616 tmnc
980 3575 1009 3614 a
1036 3574 1228 3615 somno
1252 3559 1501 3629 stupidis,
1538 3575 1682 3616 nunc
1706 3560 1776 3616 de
1800 3562 1933 3617 luxu
1969 3560 2042 3634 (c)
2075 3576 2204 3617 noc-

608 3652 739 3707 tium
754 3651 931 3717 l‘essis,
949 3667 1089 3708 nunc
1110 3663 1231 3723 post
1248 3652 1391 3707 rixas
1406 3658 1463 3707 et
1475 3652 1651 3708 caedes
1663 3652 1874 3709 dierum
1894 3654 2032 3709 male
2045 3668 2203 3709 cons-

605 3747 725 3812 ciis,
760 3761 900 3802 nunc
926 3757 1046 3818 post
1085 3747 1328 3802 convivia
1355 3746 1541 3814 ebriis,
1582 3762 1742 3819 quem
1772 3747 2119 3820 Arcbangeli,
2147 3758 2202 3806 et

606 3840 945 3909 Dominatus,
972 3848 1031 3898 et
1049 3840 1409 3912 Principatus,
1439 3850 1497 3897 et
1514 3840 1812 3898 Potestates
1836 3842 1956 3899 sine
1983 3858 2197 3911 somno,

602 3936 721 3991 sine
748 3936 1120 4006 occupatione,
1164 3936 1280 3991 sine
1316 3936 1546 3992 crimine
1581 3935 1798 3994 aeternis
1826 3948 1884 3993 et
1912 3936 2200 3997 indefessis

602 4024 655 4081 in
684 4026 822 4083 coelo
853 4028 1073 4083 vocibus
1101 4028 1319 4083 laudant
1344 4045 1355 4080 :
1384 4038 1441 4084 et
1461 4028 1699 4095 laudant,
1723 4031 1848 4099 quia
1873 4030 1988 4101 ipse
2012 4031 2200 4087 invisi-

601 4117 725 4172 bilis
755 4118 846 4173 Dei
882 4119 1059 4191 imago
1078 4118 1370 4189 omucs(d)
1394 4120 1445 4174 in
1485 4134 1545 4174 se
1581 4121 1865 4189 creaverit,
1898 4122 2091 4177 amenta
2120 4121 2195 4179 l’e-

599 4211 756 4275 ccrit,
799 4210 996 4266 cadum
1038 4210 1365 4277 lirmavcrit,
1411 4220 1555 4265 astra
1604 4210 1949 4279 distinxerit,
1992 4222 2193 4268 terram

600 4301 924 4367 fitndaverit,
957 4302 1181 4374 abySsos
1206 4301 1563 4367 demerserit;
1606 4301 1721 4375 ipso
1752 4302 2009 4375 deinceps
2032 4303 2196 4360 homo

600 4406 757 4469 natus
787 4395 877 4460 sit,
922 4404 1154 4451 mortem
1175 4394 1387 4462 vicerit,
1420 4403 1603 4464 portas
1638 4395 1795 4452 iul'eri
1826 4397 2073 4471 fregerit,
2102 4415 2196 4457 co-

600 4486 869 4543 haercdem
901 4487 1001 4541 sibi
1027 4487 1234 4555 plebem
1267 4488 1869 4557 acquisiverit.carncm
1899 4491 1950 4545 in
1977 4493 2196 4547 aeterni-

601 4580 727 4635 tatis
761 4579 985 4648 gloriam
1021 4594 1089 4634 ex
1129 4579 1474 4647 corruptione
1504 4581 1856 4638 transtulerit.
1895 4583 2036 4640 Nihil
2065 4600 2196 4655 ergo

2307 3386 2414 3430 tum
2447 3384 2522 3431 est
2551 3374 2670 3439 Dei,
2717 3374 3001 3448 sapientius
3044 3382 3121 3429 est
3149 3374 3475 3439 hominibus;
3513 3383 3562 3430 et
3583 3374 3722 3444 quod
3757 3375 3909 3443 inﬁr-

2306 3484 2444 3523 matus
2479 3477 2553 3524 est
2589 3466 2706 3535 Dei,
2740 3468 2926 3539 fortius
2968 3476 3044 3523 est
3094 3466 3383 3522 hominibus
3433 3466 3481 3541 (Ι
3518 3464 3641 3522 Cor.
3674 3482 3715 3531 ι,
3750 3467 3826 3524 ξι)
3860 3479 3910 3524 et

2307 3578 2445 3635 seqq.
2458 3564 2497 3633 ).

2375 3659 2431 3714 9.
2456 3655 2648 3712 Christi
2675 3657 2897 3729 ofﬁcium
2918 3656 3062 3729 apud
3081 3674 3193 3716 nos.
3214 3686 3289 3698 —-
3315 3656 3510 3712 Curam
3527 3670 3657 3726 ergo
3678 3654 3907 3713 humani

2303 3751 2518 3822 generis
2548 3751 2756 3807 habens
2787 3750 2879 3807 Dei
2919 3750 3083 3815 libus.
3116 3749 3370 3820 primum,
3419 3757 3479 3803 ut
3512 3748 3613 3803 sibi
3651 3747 3909 3806 credere-

2306 3854 2411 3909 tur,
2441 3845 2606 3901 humo
2644 3846 2818 3902 lactus
2840 3856 2923 3903 cst
2956 3855 3049 3901 :ut
3079 3844 3233 3901 testis
3259 3844 3565 3901 divinarum
3595 3859 3780 3901 rerum
3810 3860 3908 3901 no-

2303 3940 2386 3997 bis
2432 3951 2579 3997 esset
2629 3956 2695 3998 es
2764 3940 2997 4006 nostris,
3047 3953 3249 4010 perque
3296 3938 3664 3995 inﬁrmitatem
3720 3939 3906 3994 carnis

2305 4034 2475 4090 Deum
2515 4042 2725 4108 patrem
2756 4032 2915 4090 nobis
2956 4032 3259 4089 inﬁrmibus
3289 4042 3346 4088 et
3381 4032 3687 4089 carnalibus
3710 4033 3907 4103 praedi-

2299 4136 2467 4193 caret,
2496 4126 2828 4182 uoluntatem
2862 4127 2914 4181 iu
2938 4140 3006 4181 eo
3038 4125 3129 4179 Dei
3149 4124 3319 4195 patris
3344 4123 3611 4191 efﬁciens,
3640 4135 3699 4179 ut
3727 4124 3901 4179 dicit:

2303 4217 2426 4274 Non
2456 4220 2567 4275 reni
2598 4220 2908 4276 uoluntatem
2930 4236 3095 4275 meant
3122 4222 3311 4290 facere,
3342 4217 3431 4274 sed
3455 4220 3770 4274 roluntatens
3792 4220 3903 4289 ejus

2298 4313 2387 4384 qui
2414 4329 2493 4368 nte
2520 4313 2658 4369 misit
2678 4311 2861 4387 (Joan.
2894 4328 2971 4379 Vl,
2994 4311 3114 4385 58),
3139 4312 3218 4385 (Ῑ)
3251 4327 3357 4367 non
3382 4310 3524 4384 quod
3553 4312 3689 4366 ttulit
3716 4323 3774 4368 et
3805 4313 3900 4369 illc

2297 4407 2441 4478 quod
2483 4407 2675 4473 faciat;
2716 4407 2813 4464 sed
2848 4406 3213 4464 obedientiam
3248 4421 3401 4461 suam
3432 4405 3533 4461 sub
3562 4403 3758 4461 ell'cctu
3796 4420 3901 4477 pa-

2298 4509 2467 4556 terna:
2510 4500 2802 4556 voluntatis
2842 4500 3117 4565 ostendit,
3160 4498 3350 4555 volens
3402 4498 3515 4569 ipse
3560 4497 3901 4553 voluntatem

2297 4591 2473 4649 Patris
2494 4592 2735 4664 explere.
2767 4592 2900 4649 Erat
2922 4600 3103 4648 autem
3140 4591 3255 4647 haec
3272 4590 3575 4670 efﬁcienda:
3605 4590 3905 4647 voluntatis

602 4674 702 4730 istc
730 4676 875 4744 eguit
900 4687 932 4728 a
967 4673 1143 4739 nobis,
1178 4682 1231 4727 ut
1264 4670 1381 4728 haec
1405 4688 1529 4728 eum
1556 4673 1699 4744 apud
1729 4689 1827 4731 nos
1851 4677 2190 4734 inenarrabi-
2216 4683 2273 4746 Ι)
2298 4685 2566 4749 voluntas.
2615 4686 2771 4757 cuius
2813 4686 2930 4755 ipse
2979 4688 3133 4741 testis
3173 4695 3253 4742 est
3276 4683 3466 4740 dicens
3490 4700 3506 4739 :
3529 4682 3711 4749 Pater,
3758 4688 3902 4742 venit

597 4767 666 4821 lia
697 4776 753 4822 et
790 4765 1200 4835 inintelligibilia
1229 4779 1394 4835 opera
1429 4775 1699 4836 tamquam
1727 4775 1972 4839 egentem
2017 4769 2190 4827 laudis

598 4869 875 4915 ornarent.
920 4859 1025 4915 Sed
1058 4858 1345 4929 providens
1381 4859 1525 4916 Deus
1570 4859 1823 4933 nequitia:
1850 4872 1906 4917 et
1946 4862 2189 4921 Stultitia!

674 4996 755 5066 (l)
788 4995 907 5050 Non
931 4996 1146 5067 sufﬁcit,
1174 4995 1404 5052 secuuda
1433 5013 1613 5052 manu.

672 5067 752 5138 (Ξ)
788 5067 1057 5137 Legimus,
1104 5080 1159 5122 ut
1190 5070 1328 5135 ﬁlius
1358 5078 1495 5133 tuus,
1536 5077 1593 5123 ut
1634 5070 1683 5124 in
1715 5069 1937 5141 Vulgata
1978 5087 2039 5127 ac
2071 5075 2186 5145 plc-

676 5170 747 5243 (a)
783 5172 921 5226 Editi
951 5183 1175 5240 excepto
1204 5172 1323 5227 Par.
1358 5183 1411 5226 et
1460 5173 1641 5242 plures
1692 5188 1820 5228 mss.
1853 5190 1953 5228 non
1983 5177 2197 5244 sufﬁcit.

605 5243 916 5297 Retiuemus
949 5244 1233 5297 lectionem
1266 5244 1387 5298 I‘at'.
1419 5261 1539 5313 qua:
1566 5251 1649 5298 est
1675 5246 2027 5300 vetustiorum
2049 5243 2193 5304 tnss.

602 5314 737 5369 Tum
760 5317 898 5384 apud
929 5316 1045 5381 Eia,
1079 5316 1221 5383 Lips.
1249 5324 1304 5369 et
1330 5316 1449 5369 Par.
1482 5327 1531 5368 ut
1554 5318 1605 5368 in
1627 5317 1838 5386 liquoris
1863 5328 2068 5372 natura.
2090 5321 2195 5376 hle-

600 5387 701 5459 lius
728 5387 880 5441 abest
905 5388 957 5440 in
985 5390 1051 5440 ab
1080 5389 1198 5442 aliis
1244 5389 1419 5440 libris:
1456 5387 1544 5440 hic
1583 5389 1726 5442 enim
1770 5390 1982 5459 liquoris
2027 5406 2187 5447 voca-

597 5458 782 5511 bulum
811 5468 863 5513 et
884 5460 1064 5533 sinum
1094 5474 1318 5513 nascens
1342 5499 1354 5522 ,
1384 5469 1438 5514 ct
1466 5475 1658 5529 aquam
1690 5458 2008 5531 pereuntem
2044 5466 2188 5533 pari-

598 5539 680 5583 lcr
708 5532 970 5584 enuntiat.

2299 4778 2448 4843 hora,
2493 4779 2726 4851 clariﬁcas
2754 4778 2924 4850 tilium
2959 4789 3125 4844 tuum,
3163 4779 3243 4850 (2)
3273 4788 3328 4833 ut
3353 4778 3494 4848 ﬁlius
3524 4779 3774 4846 clariﬁcet
3810 4790 3897 4835 te:

2295 4872 2425 4927 sicut
2454 4872 2639 4926 dedisti
2671 4873 2717 4926 ei
2741 4881 3040 4945 potestatem
3065 4872 3233 4927 omnis
3267 4872 3462 4936 carnis,
3505 4881 3562 4925 ut
3586 4886 3737 4927 omne
3756 4873 3901 4943 quod

2289 5005 2471 5133 τὶς»ιῖᾎο
2495 5006 2699 5063 Grzecis
2729 5007 3029 5065 codicibus.
3070 5008 3164 5067 Sic
3202 5017 3259 5065 et
3299 5008 3440 5063 idem
3474 5006 3712 5066 llilarius
3752 5010 3896 5068 intra

2291 5094 2346 5132 ιι.
2452 5116 2466 5131 .

2291 5094 2346 5132 ΙΙ.
2380 5094 2466 5132 1U.

2310 5179 2475 5254 habes
2503 5199 2514 5234 :
2550 5181 2734 5254 Agitur
2755 5185 2885 5238 enim
2913 5184 2966 5239 in
2985 5200 3139 5252 opere
3161 5184 3347 5241 uisibili
3374 5183 3641 5240 invisibilis
3664 5186 3896 5244 molitio.

2377 5252 2447 5323 (c)
2467 5255 2581 5319 lir.,
2597 5252 2752 5324 Lips.
2777 5262 2831 5309 et
2853 5255 2973 5310 Par.
2995 5260 3219 5311 noctium
3240 5258 3585 5326 viqilntarnm.
3610 5257 3900 5327 Espunxi-

2304 5340 2422 5378 uuis
2465 5328 2688 5381 \‘t‘t‘bmll
2727 5328 3049 5395 rigilatarum
3102 5331 3423 5385 auctoritate
3467 5327 3598 5383 Bad.
3644 5336 3702 5385 et
3751 5346 3892 5389 mss.

2296 5395 2440 5466 quod
2469 5398 2723 5453 lirasmus
2742 5398 2953 5453 vidi-tur
2980 5401 3253 5457 addidisse
3276 5401 3345 5457 de
3374 5416 3487 5456 suo.

2365 5467 2444 5538 (Α)
2476 5469 2753 5542 l’ar.__pnst
2795 5468 3034 5537 Lipsium
3068 5488 3134 5528 ex
3171 5472 3380 5528 Erasmi
3421 5469 3683 5541 margine,
3721 5490 3817 5542 per
3843 5494 3900 5531 se

2290 5542 2552 5595 creaverit.
2581 5540 2715 5612 llos
2756 5557 2886 5596 mss.
2918 5542 3072 5598 Colb.
3106 5555 3163 5600 et
3199 5543 3390 5612 Carn.,
3428 5540 3570 5600 astra
3606 5540 3901 5604 distrinxe-

672 5602 924 5675 (b)‘Bad..
953 5601 1039 5655 Er.
1077 5609 1127 5653 cl
1156 5600 1299 5670 Lips.
1330 5612 1428 5654 tant
1460 5602 1890 5674 inconspfcabilis.
1916 5603 2181 5663 Malumus
2286 5612 2391 5675 rit,
2427 5628 2526 5666 mm
2553 5610 2862 5669 distinxerit.

596 5690 716 5726 cum
761 5673 882 5727 l’ar.
916 5681 971 5725 et
995 5676 1194 5726 nostris
1222 5690 1349 5728 mss.
1383 5685 1485 5726 tam
1521 5673 1897 5743 conspicabilis,
1946 5681 2026 5731 γει
2057 5695 2176 5733 cum

594 5744 776 5799 codici:
808 5746 899 5798 Vat
959 5744 1095 5807 bas»,
1124 5755 1287 5798 tanien
1313 5746 1685 5816 conspicabilis.
1716 5749 1904 5802 Sermo
1923 5750 2068 5803 enim
2091 5750 2177 5806 hic

592 5827 695 5889 cst,
730 5828 781 5869 ut
811 5834 970 5885 st'pra
1004 5818 1325 5889 promissmn
1354 5826 1489 5875 erat,
1520 5818 1587 5872 de
1616 5820 1862 5887 exeuiplo
1882 5823 2165 5889 corporali.

595 5888 743 5944 [mle
775 5898 824 5943 cl
858 5906 911 5943 in
944 5888 1127 5942 Matth.
1163 5908 1209 5943 c.
1246 5889 1335 5957 lt,
1372 5905 1427 5943 η.
1465 5888 1547 5955 12,
1594 5889 1661 5949 de
1691 5892 1880 5949 eodem
1913 5888 2173 5951 miraculo

2359 5686 2432 5749 te)
2455 5681 2692 5756 (larunt.
2715 5692 2817 5739 ms.
2852 5685 3178 5753 prudentiam
3209 5686 3555 5756 prudentium.

2359 5757 2427 5829 (f)
2470 5753 2781 5829 lngduobus
2830 5773 2959 5812 mss.
3006 5753 3217 5829 Retnig.
3264 5769 3320 5815 et
3349 5775 3457 5815 uno
3486 5763 3722 5829 Theod.,
3780 5780 3890 5819 non

2281 5825 2604 5951 quoidgnollct
2631 5842 2650 5880 :
2678 5828 2857 5885 minus
2878 5845 3023 5886 vere.
3048 5825 3244 5888 Confer
3291 5839 3447 5888 tract.
3476 5837 3610 5904 psal.
3647 5825 3749 5891 csa
3773 5853 3891 5895 six.

2281 5916 2331 5951 ΙΙ.
2406 5935 2456 5950 ο.

2280 5916 2331 5952 ΙΙ.
2370 5916 2456 5951 12.
