4048 6492
132 270 187 327 8|
1320 265 1407 323 DE
1442 264 1818 324 TRINITA'I‘E
1844 265 2046 322 LIBER
2084 266 2173 324 Ill.

3334 269 3405 323 δὲ

132 386 298 443 dedisti
319 385 421 453 illi,
454 390 537 442 dat
569 389 613 442 ei
640 388 795 444 uitam
820 398 1083 443 rrteruam.
1132 386 1257 443 Ihm:
1292 398 1366 442 eu
1403 398 1572 444 autem
1600 389 1704 443 vita
1731 389 1785 451 Α
1808 402 1933 444 eum
1963 389 2055 460 qui
2084 389 2377 446 moriturus
2404 399 2522 444 erat
2567 390 2706 444 intra
2747 403 2805 443 se
2836 396 3135 443 contestata
3173 403 3279 445 non
3310 402 3401 443 ca-

131 493 325 544 atertta,
355 490 409 535 ut
435 489 745 551 cognoscant
782 490 829 536 te
855 481 1020 535 totum
1049 479 1213 535 Deum
1256 497 1450 546 rerum,
1478 490 1529 535 et
1558 496 1703 552 quem

129 573 297 630 misisti
318 570 497 629 lerunt
536 570 816 629 Christum.
861 572 978 647 Ego
1006 583 1057 628 te
1097 573 1379 645 clariﬁcavi
1405 591 1561 646 super
1598 583 1700 629 ter-

129 686 249 733 rent,
269 683 420 737 om
437 678 790 724 consummato
812 671 951 740 quod
970 668 1157 723 dedisti
1175 668 1300 722 mihi
1324 678 1380 723 ut
1399 669 1609 740 faciam.
1636 667 1702 723 Et

129 777 250 817 me
294 759 526 832 (letiﬁca
570 777 652 815 me
699 758 859 816 Pater
909 762 1052 827 apud
1097 762 1419 834 temetipsum
1468 763 1703 817 claritate

127 854 468 929 «manu,
502 858 650 927 prius
674 872 828 928 quam
868 858 1093 911 mundus
1120 866 1273 919 esset,
1301 861 1440 928 apud
1469 865 1533 910 te.
1577 854 1697 910 Ma-

128 950 350 1023 nifataoi
396 965 580 1005 nomen
618 948 761 1005 tuum
808 950 1119 1016 hominibus,
1169 964 1297 1020 quos
1339 948 1527 1003 dedisti
1574 950 1702 1004 mihi

127 1041 291 1111 (Joan.
332 1056 469 1109 aut,
501 1042 530 1098 1
562 1049 612 1097 et
653 1043 846 1116 ηιμ).
883 1041 1074 1099 Verbis
1117 1041 1369 1097 brevibus
1410 1051 1464 1096 et
1517 1042 1701 1111 paucis

124 1149 273 1191 omne
296 1148 436 1207 opus
461 1132 622 1191 cilicii
661 1136 744 1191 sui
772 1146 829 1191 et
855 1136 1274 1204 dispensationis
1302 1134 1571 1205 exytsuit,
1619 1138 1702 1189 ni-

128 1228 229 1285 bilo
257 1230 436 1286 minus
457 1229 582 1287 ﬁdei
612 1231 690 1301 (ιι)
719 1231 1002 1288 veritatem
1034 1230 1146 1306 55
1171 1229 1454 1285 adversum
1483 1246 1697 1286 omnem

124 1322 520 1393 iuSpiratiouem
564 1322 849 1381 diabolica
887 1324 1264 1381 traudulentite
1301 1326 1695 1379 communiens.

120 1415 405 1473 Cominus
428 1432 558 1490 ergo
584 1433 685 1491 per
702 1417 943 1490 singulas
967 1422 1234 1473 sermonis
1262 1418 1343 1472 sui
1373 1419 1624 1474 virtutes.

187 1507 269 1565 l0.
298 1508 444 1577 Quid
461 1510 682 1580 postulet
702 1509 907 1577 dicens,
930 1510 1221 1567 Cuntrtca
1251 1509 1649 1566 Ριιισιι.--Αἰι
1679 1528 1695 1566 :

124 1599 288 1669 Pater,
324 1605 459 1673 venit
478 1601 630 1670 hora,
660 1603 894 1673 clariﬁca
917 1604 1083 1673 ﬁlium
1111 1613 1275 1671 tuum,
1324 1613 1379 1659 ut
1404 1604 1544 1673 ﬁlius
1578 1614 1698 1658 tunc

121 1695 352 1766 clariﬁcet
378 1704 445 1749 te.
478 1695 594 1750 Non
634 1696 804 1762 diem,
846 1710 954 1751 non
987 1704 1218 1767 tempus,
1263 1697 1357 1752 sed
1386 1696 1575 1752 horam
1606 1712 1701 1751 ve-

1809 496 1957 552 pere.
1988 480 2256 553 Numquid
2277 491 2334 538 et
2358 483 2658 553 portionem
2681 496 2833 537 suam
2855 496 3016 551 rupes
3038 491 3095 537 et
3117 496 3243 536 saxa
3269 497 3402 537 con-

1804 573 2047 629 cedunt?
2075 573 2184 631 Sed
2212 584 2365 647 rupta
2390 574 2681 642 dissiliunt,
2731 582 2788 630 et
2819 581 3065 629 naturam
3092 588 3248 629 suam
3278 589 3400 644 per-

1804 667 1960 734 dunt,
1982 684 2285 739 etesamquc
2308 684 2373 725 ex
2397 686 2457 725 se
2477 684 2658 724 arcam
2684 667 3106 724 incontinentem
3132 667 3400 723 condendi

1803 766 2050 831 Corporis
2073 763 2419 819 conﬁtentur.

1879 854 1965 910 Η.
1994 851 2227 910 Christus
2248 855 2488 926 proprius
2517 863 2591 911 est
2612 854 2707 910 Dei
2730 855 2967 924 ﬁlius.—-
2987 853 3126 924 Quid
3156 854 3222 909 ad
3252 854 3403 910 haec?

1805 948 2110 1004 Proclamat
2135 964 2352 1020 quoque
2388 952 2633 1005 centurio
2673 949 2935 1011 cohortis.
2969 962 3026 1004 et
3063 951 3241 1004 crucis
3271 965 3400 1004 cus—

1804 1050 1910 1107 tos,
1958 1056 2072 1095 vere
2100 1039 2198 1095 Dei
2242 1040 2351 1113 56
2381 1039 2547 1108 Filius
2575 1050 2682 1095 erat
2710 1042 2806 1094 iste
2845 1040 3058 1113 (Matth.
3092 1056 3258 1104 xxvn,
3282 1040 3398 1109 54).

1802 1133 2060 1189 Creatura
2098 1135 2487 1189 intercessione
2534 1134 2689 1203 hujus
2730 1134 2924 1204 piaculi
2963 1134 3258 1197 liberatur;
3304 1133 3398 1188 ﬁr-

1804 1228 2042 1281 mitatem
2075 1238 2127 1281 et
2147 1232 2400 1283 virtutem
2428 1243 2555 1283 saxa
2594 1244 2698 1284 non
2737 1228 2989 1283 retinent.
3018 1227 3118 1295 Qui
3149 1230 3293 1283 cruci
3323 1229 3403 1283 af-

1802 1304 2050 1385 lixerant,
2082 1334 2208 1375 vere
2254 1321 2343 1376 Dei
2381 1320 2572 1375 Filium
2620 1323 2947 1376 conﬁtentur
2979 1338 2993 1375 :
3031 1321 3397 1389 przcdicatiuni

1801 1411 2070 1468 consentit
2089 1411 2332 1468 eﬁ'ectus.
2367 1413 2625 1467 Dominus
2655 1412 2863 1469 dixerat
2891 1430 2903 1465 :
2929 1411 3173 1483 Cleri/ica
3198 1410 3398 1467 Filium

1800 1514 1967 1560 tuum.
2003 1504 2117 1559 Non
2147 1506 2322 1561 solum
2351 1507 2569 1560 nomine
2597 1514 2929 1561 contestatus
2966 1512 3051 1560 est
3093 1519 3210 1560 esse
3241 1520 3301 1559 se
3335 1506 3395 1558 ﬁ-

1802 1599 1956 1666 lium,
1975 1602 2068 1653 sed
2095 1609 2149 1657 et
2169 1601 2519 1671 proprietate,
2545 1617 2649 1670 qua
2676 1600 2874 1655 dicitur
2896 1612 3065 1654 tuum.
3090 1600 3239 1655 Multi
3258 1601 3398 1654 enim

1802 1708 1901 1749 nos
1927 1692 2021 1749 ﬁlii
2048 1695 2163 1756 Dei.
2189 1694 2284 1750 sed
2313 1710 2419 1750 non
2444 1695 2566 1749 talis
2594 1696 2678 1749 hic
2702 1694 2863 1749 ﬁlius.
2889 1695 2982 1749 llic
3006 1697 3149 1750 enim
3171 1704 3403 1749 ctvrrus

123 1788 259 1844 uisse
278 1786 429 1841 dicit.
473 1785 531 1843 ltt
552 1785 682 1842 hora
712 1787 820 1843 dici
861 1788 1039 1858 portio
1073 1798 1175 1843 est.
1200 1786 1269 1843 Et
1306 1803 1427 1861 qua:
1451 1787 1567 1844 hare
1597 1790 1697 1843 erit
1729 1788 1778 1852 Β
1804 1795 1859 1839 et
1875 1786 2123 1855 proprius
2139 1798 2221 1841 est
2240 1787 2402 1853 titius,
2425 1787 2658 1858 origine,
2680 1804 2785 1841 non
2808 1788 3130 1859 adoptione;
3152 1788 3397 1852 veritate,

124 1876 275 1934 hora?
298 1876 500 1948 Nempe
534 1879 645 1943 illa,
667 1882 734 1934 tle
761 1895 865 1952 qua
899 1881 951 1936 in
974 1888 1220 1950 tempore
1252 1882 1520 1952 passionis
1541 1883 1699 1937 disci-

123 1968 266 2042 pulos
301 1970 635 2028 couﬁrmans
669 1973 881 2028 locutus
918 1982 1004 2029 est
1048 1992 1062 2029 :
1092 1971 1229 2028 Ecce
1265 1974 1398 2028 vertit
1439 1974 1597 2042 liora,
1646 1984 1701 2028 ut

121 2062 249 2132 [ilius
289 2064 514 2120 hominis
557 2066 873 2137 clarificetur
916 2064 1096 2140 (Joau.
1122 2068 1333 2141 ιιιιλδ)
1364 2068 1530 2125 :llac
1569 2083 1701 2137 ergo

123 2158 245 2211 hora
270 2166 373 2225 est,
404 2160 459 2213 in
485 2173 590 2230 qua
630 2173 690 2217 se
735 2176 766 2215 a
803 2159 966 2218 Patre
1009 2161 1293 2216 clariﬁcari
1331 2171 1471 2227 orat,
1514 2171 1573 2216 ut
1600 2160 1702 2215 Pa-

124 2260 246 2307 trem
273 2251 389 2324 ipse
410 2251 688 2312 elariﬁcet.
704 2252 812 2310 Sed
836 2252 964 2327 quid
992 2264 1075 2310 est
1110 2254 1250 2310 istud
1271 2253 1296 2309 τ
1315 2253 1614 2310 Clariﬁeari
1640 2269 1700 2308 se

122 2343 500 2402 clariﬁcaturus
530 2356 833 2416 exspectat,
869 2358 925 2401 et
952 2346 1215 2402 [tenorem
1242 2348 1553 2403 redditurus
1598 2362 1697 2402 ex-

124 2438 367 2509 postulat,
394 2446 454 2495 et
478 2450 602 2510 eget
631 2439 733 2497 hoc
761 2439 902 2511 quod
928 2456 1143 2495 rursum
1172 2439 1479 2509 impertiet?
1511 2439 1578 2495 Et
1614 2440 1700 2496 hic

122 2544 391 2590 uernrrant
430 2534 688 2606 sophista:
735 2535 920 2590 mundi
955 2544 1012 2590 et
1050 2535 1323 2604 sapientes
1358 2533 1603 2597 Greciam
1644 2544 1701 2590 et

121 2628 438 2698 syllogismis
492 2629 609 2682 suis
664 2628 944 2684 veritatem
998 2626 1263 2682 irretiant.
1310 2626 1595 2693 Quomodo
1644 2635 1701 2683 et

122 2720 255 2776 unde
290 2733 345 2774 et
381 2718 514 2791 quid
548 2733 727 2776 ctuosa:
765 2720 839 2776 sit
869 2728 1113 2789 qtttcrant
1141 2736 1155 2772 :
1185 2730 1391 2775 etcum
1423 2718 1697 2787 haeserint,

119 2814 347 2881 audiant,
373 2814 514 2884 Quia
541 2814 703 2869 stulta
744 2814 928 2869 mundi
958 2812 1124 2883 elegit
1154 2814 1291 2866 Deus
1314 2811 1392 2883 (ιι)
1422 2812 1469 2881 (ι
1499 2809 1622 2867 Cor.
1658 2828 1696 2875 ι.

117 2903 227 2976 97).
254 2904 397 2977 Ergo
421 2920 523 2977 per
542 2904 825 2961 stultitiam
849 2915 1088 2959 nostram
1109 2903 1465 2972 intelligamus
1487 2904 1702 2959 inintel-

121 2998 327 3068 ligibilia
362 2998 703 3069 sapientibus
727 2997 932 3053 mundi.
960 2997 1178 3053 Dixerat
1207 2997 1486 3061 Dominus,
1519 2995 1700 3065 Pater,

119 3094 243 3148 venit
285 3092 414 3147 liora
439 3107 463 3149 :
489 3092 677 3147 horam
730 3089 998 3162 passionis
1036 3090 1347 3147 ostenderat
1382 3107 1396 3155 ;
1426 3106 1548 3146 nam
1586 3091 1702 3146 hac

1803 1893 1910 1932 non
1951 1878 2379 1946 nuncupatione;
2424 1881 2722 1943 nativitate,
2768 1896 2875 1935 non
2915 1881 3207 1936 creatione.
3255 1878 3401 1950 Ergo

1802 1979 1927 2041 post
1950 1970 2391 2026 clariﬁcationem
2420 1972 2562 2043 ejus,
2594 1973 2873 2029 veritatem
2908 1973 3179 2029 confessio
3211 1987 3405 2028 censeo

1802 2072 1921 2118 cuta
1949 2071 2052 2118 est.
2082 2062 2213 2117 Nam
2246 2079 2429 2119 verum
2460 2066 2555 2121 Dei
2583 2066 2749 2120 lilium
2793 2070 3039 2121 centurio
3069 2071 3391 2129 comitetur;

1804 2159 2007 2227 nequis
2038 2156 2373 2213 credentium
2404 2158 2722 2230 ambigeret,
2754 2159 2831 2232 (ά)
2856 2161 2995 2231 quod
3023 2159 3185 2217 Ιιοιιιο
3216 2174 3399 2230 perse-

1800 2253 2082 2322 quentium
2112 2268 2218 2306 non
2249 2262 2514 2322 negasset.

1875 2342 1963 2399 12.
1999 2342 2223 2398 Claritas
2266 2342 2411 2398 Filio
2448 2346 2619 2399 danda
2662 2357 2707 2402 et
2757 2346 2901 2401 Patri
2945 2350 3009 2402 ab
3037 2366 3095 2405 eo
3136 2352 3398 2406 reddenda

1801 2438 1999 2503 uirtutis
2025 2437 2079 2490 in
2118 2446 2331 2508 utroque
2356 2438 2604 2494 unitatem
2631 2441 2910 2510 signiﬁcat.
2936 2471 3007 2481 -—
3035 2441 3141 2498 Sed
3167 2442 3306 2499 forte
3332 2460 3392 2499 ea

1800 2534 2187 2590 clariﬁcatione
2232 2534 2313 2606 (l)
2341 2535 2585 2590 creditur
2625 2538 2836 2607 eguisse
2884 2536 3052 2591 Filius
3079 2554 3237 2607 quam
3277 2555 3395 2594 ora-

1802 2628 1892 2685 bat
1922 2645 1936 2682 :
1960 2636 2019 2684 et
2048 2628 2293 2684 inﬁrmus
2316 2630 2640 2699 reperietur,
2665 2631 2794 2684 dunt
2822 2631 3262 2688 elariﬁcatinnetu
3303 2650 3395 2704 po—

1802 2722 1959 2778 tioris
2003 2733 2299 2793 exspectat.
2347 2722 2415 2777 Et
2455 2723 2578 2791 quis
2613 2738 2720 2778 non
2763 2725 2976 2779 Patrem
3006 2725 3080 2798 (e)
3125 2727 3392 2796 potiorem

1801 2814 2165 2879 confitebitur,
2199 2823 2256 2868 ut
2276 2816 2569 2884 ingenitum
2598 2831 2627 2871 a
2653 2817 2857 2885 genito,
2886 2830 2943 2871 ut
2974 2827 3182 2888 patrem
3206 2835 3234 2873 a
3266 2820 3395 2885 lilio,

1802 2921 1861 2964 ιιι
1889 2924 2010 2963 eum
2041 2911 2133 2979 qui
2155 2907 2363 2962 miserit
2387 2907 2457 2962 ab
2480 2925 2545 2963 eu
2569 2911 2657 2978 qui
2688 2910 2885 2965 missus
2914 2912 3002 2973 sit,
3035 2923 3091 2964 ut
3125 2913 3396 2967 volentem

1801 3004 1871 3057 ab
1906 3017 1973 3057 eo
2008 3003 2097 3070 qui
2128 3000 2391 3057 obediat'!
2431 3002 2496 3057 Et
2533 3003 2649 3072 ipsc
2688 3004 2845 3058 nobis
2885 3005 2988 3058 erit
3020 3008 3209 3060 testis:
3239 3004 3399 3060 Pater

1803 3098 1971 3168 major
2000 3110 2081 3147 me
2107 3104 2178 3149 est
2200 3091 2382 3163 (Ioan.
2414 3110 2526 3159 xxv,
2548 3094 2663 3165 28).
2684 3095 2809 3151 lla'c
2836 3097 2906 3150 ita
2932 3106 2989 3150 ut
3019 3109 3164 3163 sunt,
3199 3098 3399 3153 intelli-

118 3188 212 3241 sub
257 3194 540 3241 momento
572 3200 642 3240 eo
670 3184 991 3255 loquebatur
1022 3200 1035 3236 :
1064 3181 1257 3239 deinde
1283 3183 1504 3252 adjecit,
1531 3182 1701 3239 Clari-
1725 3188 1771 3251 C
1802 3188 1976 3259 gentia
2014 3197 2173 3241 sunt:
2200 3187 2294 3243 sed
2335 3188 2634 3243 cavendum
2670 3199 2778 3254 est,
2820 3204 2887 3245 ne
2931 3190 3070 3260 apud
3118 3193 3398 3262 imperitos

119 3281 211 3349 ﬁco
236 3280 403 3351 ﬁlium
431 3289 601 3335 tuum.
627 3277 735 3334 Sed
758 3279 1030 3347 quomodo
1056 3276 1432 3333 clariltcaudus
1469 3285 1581 3331 erat
1610 3276 1695 3332 Fi-

121 3372 252 3427 lius?
274 3371 527 3444 Namque
585 3380 742 3426 natus
771 3385 837 3425 ex
869 3369 1100 3440 virgine,
1136 3383 1168 3423 a
1198 3367 1353 3423 cuuis
1387 3376 1443 3422 et
1480 3367 1702 3423 infantia

120 3481 279 3538 usque
314 3465 385 3521 ad
428 3471 863 3521 consummatum
909 3461 1081 3517 virum
1124 3470 1509 3531 veneranpcr
1558 3475 1701 3516 som-

121 3558 502 3625 num,t‘amem,
529 3556 697 3621 sitim,
721 3553 1115 3624 lassitudinem,
1140 3554 1407 3625 lacrytuas
1428 3553 1703 3609 hominem

118 3662 315 3719 egerat,
343 3650 518 3706 etiam
548 3663 693 3705 nunc
720 3646 1124 3718 conspuendus,
1166 3644 1543 3716 ﬂagellandus,
1581 3660 1705 3700 cru-

118 3742 426 3815 ciligendus.
483 3742 626 3811 Quid
663 3740 839 3813 ergo?
884 3739 1049 3795 Nobis
1109 3739 1283 3796 solum
1326 3738 1597 3794 hominem
1650 3740 1703 3794 in

119 3837 327 3892 Christo
356 3839 480 3891 inec
524 3846 681 3891 erant
707 3841 1099 3890 contestatura.
1131 3832 1238 3889 Sed
1276 3847 1382 3888 non
1415 3830 1703 3886 contundi-

120 3946 231 3984 mur
254 3943 575 3995 eruce,non
614 3927 840 3999 ﬂagellis
883 3926 1335 3997 pradamttantur,
1379 3940 1486 3981 non
1535 3926 1717 3996 sputis

117 4024 472 4079 sordidamur.
521 4020 797 4078 Clarilicat
852 4019 1011 4075 Pater
1064 4019 1281 4075 Filium.
1335 4020 1455 4087 Quo
1508 4019 1706 4074 modo?

116 4116 347 4173 Tandem
379 4116 671 4187 "sufﬁgitur
692 4116 862 4171 cruci.
903 4114 1106 4172 Deinde
1144 4115 1273 4186 quid
1301 4116 1587 4186 sequitur?
1613 4117 1704 4172 Sol

116 4226 215 4266 non
241 4211 470 4279 occidit,
502 4210 601 4265 sed
641 4210 855 4281 relegit.
909 4209 1047 4277 Quid
1088 4207 1346 4279 refugisse
1383 4210 1542 4265 dico?
1588 4210 1703 4266 Non

118 4316 361 4372 receptus
387 4305 444 4359 in
475 4302 677 4359 nubem
705 4310 810 4368 est,
835 4301 930 4357 sed
959 4304 1027 4358 de
1051 4317 1212 4360 cursu
1247 4303 1432 4373 operis
1469 4303 1666 4359 defecit
1690 4322 1703 4358 :

115 4411 163 4453 et
193 4401 471 4456 interitum
511 4413 670 4452 suum
709 4411 833 4452 cum
867 4411 934 4451 eo
961 4396 1165 4467 reliqua
1212 4397 1397 4452 mundi
1440 4397 1706 4454 elementa

117 4501 392 4548 senserunt
426 4512 438 4546 :
473 4498 537 4548 et
563 4506 631 4547 ne
656 4490 778 4547 huic
798 4488 1021 4545 facinori
1050 4488 1123 4561 (e)
1149 4489 1271 4544 ulla:
1298 4488 1546 4545 t-mlestes
1573 4507 1706 4563 ope-

1804 3280 2033 3352 gloriam
2056 3279 2177 3334 Filii
2208 3279 2379 3335 honor
2411 3280 2587 3335 Patris
2614 3280 2865 3337 inﬁrmet.
2898 3283 3005 3337 Nec
3041 3283 3107 3357 (ι’)
3138 3284 3398 3341 inﬁrmari

1807 3373 1888 3445 (2)
1919 3373 2115 3441 patitur
2146 3372 2260 3426 hmo
2283 3374 2396 3440 ipsa
2420 3373 2735 3429 clariﬁcatio
2767 3374 3031 3444 postulata
3053 3374 3146 3429 :ad
3174 3376 3223 3429 id
3253 3377 3394 3430 enim

1805 3467 1948 3540 quod
1970 3466 2173 3522 dictant
2204 3476 2308 3527 est,
2343 3465 2525 3529 Pater,
2548 3468 2778 3534 clari/ica
2796 3464 2842 3518 F
2844 3468 2987 3523 ilium
3010 3479 3193 3532 tuum;
3222 3472 3403 3539 sequi-

1808 3570 1895 3617 tur
1917 3570 1974 3616 et
2000 3561 2152 3625 illud,
2186 3570 2244 3614 ut
2271 3558 2443 3615 Filius
2462 3561 2712 3632 clari/iret
2753 3573 2819 3617 te.
2850 3562 2965 3617 Non
2995 3579 3125 3635 ergo
3156 3564 3400 3621 inﬁrmus

1807 3664 1892 3711 est
1914 3653 2104 3720 Filius,
2137 3655 2314 3709 vicem
2341 3653 2741 3710 clariﬁcatiouis
2771 3657 2907 3726 ipse,
2950 3671 3070 3710 cum
3097 3656 3403 3714 clariﬁcan-

1807 3752 1911 3807 dus
1930 3752 2021 3815 sit,
2050 3750 2380 3807 redditurus.
2410 3750 2515 3806 Sed
2549 3748 2593 3805 si
2617 3765 2722 3805 non
2760 3751 3022 3816 inﬁrmus,
3056 3750 3182 3821 quid
3213 3761 3400 3821 postu-

1808 3845 1989 3901 labat?
2011 3858 2171 3900 uemo
2190 3845 2334 3898 enim
2361 3844 2461 3898 nisi
2491 3842 2591 3897 hoe
2616 3845 2757 3915 quod
2787 3845 2881 3908 (nl.
2915 3844 3047 3916 qun)
3075 3857 3196 3913 eget
3219 3856 3399 3917 postu-

1808 3941 1903 3995 lat.
1932 3941 2037 3994 Aut
2068 3937 2328 4009 numquid
2367 3938 2615 3992 inﬁrmus
2654 3947 2737 3994 est
2765 3948 2818 3993 et
2842 3938 3037 3993 Pater?
3076 3939 3184 3994 Aut
3212 3954 3401 3993 eorum

1808 4047 1926 4101 quae
1950 4030 2109 4086 habet
2141 4031 2211 4085 ita
2242 4029 2494 4099 profusus
2515 4042 2617 4095 εει,
2664 4038 2722 4084 ιιι
2762 4031 2815 4085 ei
2843 4030 3158 4085 clarilieatiu
3186 4030 3253 4085 sit
3282 4031 3404 4087 red-

1808 4125 1984 4180 denda
2011 4140 2104 4195 per
2134 4122 2374 4179 Filium?
2415 4123 2523 4180 Sed
2557 4139 2730 4195 neque
2759 4124 2844 4179 hic
2882 4127 3051 4196 eguit,
3100 4141 3272 4195 neque
3313 4125 3406 4182 ille

1804 4217 2195 4275 desiderat:et
2222 4228 2401 4274 tamen
2451 4218 2605 4274 alteri
2636 4220 2769 4272 alter
2811 4218 2887 4289 (ιι)
2935 4220 3225 4287 impertiet.
3264 4218 3406 4289 Ergo

1811 4310 2173 4382 eXpostulatio
2205 4309 2610 4366 clariﬁcationis
2652 4311 2865 4376 dandas,
2895 4312 3243 4383 vicissimque
3291 4314 3408 4367 ι’εά-

1811 4405 2024 4470 demite,
2053 4420 2152 4461 nec
2189 4406 2328 4460 Patri
2349 4405 2638 4476 quidquam
2683 4407 2888 4472 adimit,
2916 4423 3015 4463 nec
3052 4407 3287 4462 inﬁrmat
3319 4408 3406 4462 Fi-

1813 4500 1977 4562 lium;
2000 4498 2095 4554 sed
2116 4498 2363 4555 eamdem
2390 4497 2686 4554 divinitatis
2705 4500 2945 4555 ostendit
2974 4503 3025 4555 in
3053 4510 3281 4572 utroque
3300 4502 3410 4556 vir-

116 4587 347 4644 ratioues
380 4588 739 4648 interessent,
768 4583 1173 4640 intercessionis
1198 4583 1355 4654 hujus
1392 4587 1711 4645 necessitate
1739 4590 1790 4652 D
1818 4601 1984 4647 tnteut
2034 4608 2155 4647 cum
2206 4602 2257 4646 ct
2297 4590 2578 4646 clariﬁcari
2621 4606 2683 4646 se
2714 4590 2879 4646 Filius
2918 4610 2947 4647 a
2983 4593 3141 4648 Patre
3183 4604 3323 4658 oret,
3354 4604 3410 4649 et

114 4678 334 4746 quadam
366 4679 453 4733 sui
483 4676 785 4733 abolitione
812 4684 1124 4731 caruerunt.
1172 4676 1277 4732 Sed
1306 4686 1447 4732 terra
1477 4680 1601 4749 quid
1631 4680 1704 4737 fe-

115 4774 217 4827 cit?
254 4774 334 4829 Ad
382 4788 531 4827 onus
564 4770 772 4827 Domini
816 4769 870 4824 iu
902 4770 1046 4841 ligno
1084 4770 1368 4842 pendentis
1408 4771 1709 4843 intremuit,

182 4920 201 4991 (
213 4916 258 4987 l)
285 4916 621 4974 Crederetur.

182 5034 257 5105 (τι)
285 5033 419 5090 Sola
443 5030 623 5087 cdiliu
652 5029 920 5105 Par._ﬁdc_i
940 5028 1271 5105 uoluntatem.

184 5100 258 5180 (b')
288 5105 656 5162 Carnutensis
697 5102 871 5159 codex
899 5101 987 5158 hic
1014 5100 1182 5161 addit.
1214 5112 1269 5155 ut
1314 5104 1597 5174 confundat
1632 5122 1712 5159 so-

153 5189 320 5233 tentes.

121 5198 525 5321 ﬂagitii-tumuti.
559 5245 671 5321 illa:
706 5246 929 5321 calcate:
959 5260 977 5299 :
1008 5243 1338 5321 castigantur
1372 5262 1442 5301 ex
1475 5262 1604 5321 mss.

185 5322 265 5395 (ὀ)
295 5317 445 5392 Lips.
472 5329 531 5395 et
556 5318 821 5395 Parapust
845 5317 1111 5395 Er_.,quod
1130 5334 1261 5372 unus
1284 5320 1686 5387 persequentium
1702 5360 1715 5374 .

122 5388 307 5449 nullius
336 5388 547 5448 veteris
577 5388 1059 5445 libri’aucluritate.

192 5468 259 5533 (e)
297 5466 458 5523 Sicut
482 5463 656 5519 illzesa
705 5460 808 5516 title
838 5458 1072 5516 Ililarius
1113 5460 1195 5515 hic
1237 5457 1452 5515 Patrem
1484 5462 1725 5517 afﬁrmat

128 5537 255 5593 Filio
283 5539 584 5607 potiorem.
613 5534 807 5607 (Iliade
832 5549 890 5607 re
919 5542 1155 5607 urentem
1186 5546 1338 5607 suam
1368 5534 1722 5607 explicansjn

130 5611 255 5678 psal.
284 5600 554 5669 cxxxvtn,
592 5600 647 5658 ιι.
682 5604 770 5678 Π,
802 5605 876 5659 ait
910 5620 924 5655 τ
958 5600 1049 5658 Est
1073 5604 1207 5659 enim
1245 5602 1399 5659 I'ater
1429 5600 1597 5677 major
1628 5605 1722 5660 Fi-

134 5683 222 5748 lio,
251 5684 338 5738 sed
363 5692 422 5737 ut
456 5688 614 5748 pater
644 5677 775 5741 lilio,
805 5678 1127 5749 generatione
1154 5692 1255 5730 non
1283 5691 1481 5749 genere,
1511 5689 1565 5731 et
1590 5680 1729 5734 sicut

139 5756 183 5809 ei
210 5744 573 5809 consentiens
616 5744 940 5818 Athanasius
971 5744 1063 5803 0r.
1097 5760 1134 5801 ιι
1177 5744 1324 5802 cont.
1348 5748 1484 5818 ,Ar.,
1513 5764 1563 5818 p.
1598 5750 1727 5817 565,

143 5824 290 5881 habet
314 5842 325 5876 τ
358 5822 522 5879 Pater
548 5821 722 5881 maior
746 5828 818 5874 est
847 5815 1009 5884 Filio,
1050 5833 1152 5873 non
1180 5815 1533 5889 magnitudine
1559 5815 1731 5875 alieno

1816 4687 2253 4742 elaritieatimiem
2297 4686 2454 4741 l‘ater
2500 4700 2605 4739 nou
2645 4684 2969 4756 dediguetur
3010 4702 3039 4741 a
3080 4687 3218 4743 Filio
3259 4709 3268 4740 :
3309 4688 3404 4742 sed

1817 4778 1932 4835 iure
1962 4781 2013 4834 itt
2040 4780 2197 4837 Patre
2217 4789 2273 4835 et
2301 4778 2439 4835 Filio
2460 4779 2670 4835 virtutis
2700 4781 2979 4846 unitatem,
3012 4795 3110 4851 per
3137 4778 3407 4837 vicissitu-

1890 4922 1970 4995 (2)
2004 4922 2075 4980 Se
2103 4928 2319 4995 patitur.

1821 5036 1901 5112 uel
1929 5048 2169 5106 tempore,
2203 5038 2293 5112 sed
2322 5037 2937 5112 prapter"geueraliouent
2979 5056 3043 5095 ea:
3067 5040 3178 5109 ipso
3204 5039 3363 5096 Patre
3394 5060 3409 5095 ;

1823 5109 1893 5181 ita
1925 5117 1979 5162 et
2018 5110 2264 5181 excusari
2288 5119 2473 5181 potest
2505 5109 2630 5165 illud
2672 5110 2940 5181 Origeuis,
2972 5124 2987 5165 ι
3048 5128 3128 5177 ιιι,
3162 5113 3214 5166 iu
3248 5112 3409 5169 Juau.

1822 5179 1951 5234 edit.
1974 5180 2172 5247 Iluetii,
2215 5197 2269 5252 p.
2297 5183 2398 5237 7d:
2435 5180 2602 5237 Tertio
2642 5179 2827 5237 dicitur
2857 5182 2967 5236 lucc
2991 5184 3083 5239 tua:
3122 5184 3215 5237 tua:
3244 5200 3361 5238 vera
3396 5202 3415 5240 :

1821 5269 1922 5319 qua
1948 5254 2145 5307 ratione
2180 5252 2334 5307 Pater
2368 5256 2588 5307 veritatis
2620 5253 2760 5308 Divus
2790 5256 3009 5321 amplior
3050 5266 3098 5309 et
3127 5259 3293 5328 major
3319 5267 3413 5322 est,

1822 5340 1977 5393 quam
2000 5328 2183 5379 veritas
2203 5343 2221 5389 ;
2242 5335 2288 5379 et
2312 5338 2454 5397 pater
2475 5342 2586 5379 cum
2614 5327 2677 5379 sit
2700 5327 2967 5395 sapientia,
2997 5327 3325 5394 prmtantior
3344 5338 3418 5382 est

1826 5398 1940 5466 ipsa
1981 5400 2278 5465 sapientia:
2311 5400 2406 5451 hac
2435 5399 2586 5451 etiam
2625 5399 2818 5452 ratione
2845 5399 3045 5451 excellit
3082 5415 3195 5451 eum
3224 5401 3310 5466 qui
3346 5408 3419 5452 est

1829 5469 1921 5522 tux
1946 5485 2081 5530 cera.
2108 5469 2311 5523 scilicet
2332 5470 2635 5541 tiliristunt.
2663 5471 2804 5541 Idem
2830 5478 2949 5526 esto
2970 5470 3226 5541 judicium
3250 5471 3315 5523 de
3344 5472 3417 5524 si-

1832 5541 2046 5596 milibus
2077 5541 2300 5593 aliorum
2330 5540 2548 5594 Patrum
2580 5540 2880 5596 sententiis?

1906 5609 1975 5683 (γ’)
2003 5612 2055 5685 In
2080 5612 2327 5685 vulgatis,
2352 5612 2605 5679 inﬁrmari
2630 5630 2682 5665 se
2712 5614 2935 5685 patitur.
2954 5611 3120 5669 Abest
3140 5627 3193 5667 se
3221 5626 3251 5665 a
3283 5625 3415 5667 mss.

1831 5682 1985 5754 cujus
2012 5684 2128 5755 loco
2157 5684 2452 5755 intelligere
2474 5694 2552 5739 est
2578 5682 2795 5752 gloriam
2825 5682 2973 5739 Fitt'i.

1910 5756 1989 5823 (ο)
2018 5754 2090 5809 tta
2126 5770 2257 5812 mss.
2284 5754 2353 5812 At
2385 5755 2535 5821 editi,
2561 5756 2804 5825 impertit.
