4048 6496
460 337 525 388 87

1660 326 1908 385 SANC'I‘I
1960 324 2216 382 HILARII
2268 324 2575 384 EPISCOPI

3686 325 3758 386 88

459 462 513 507 et
537 468 645 524 quo
693 453 893 508 damno
924 452 1117 517 Patris,
1151 451 1239 507 vel
1261 465 1328 508 ex
1357 464 1460 522 qua
1489 453 1737 523 portione
1758 450 1830 504 sit
1868 454 2047 514 natus,
2077 453 2130 513 Α
2157 452 2264 501 tem
2292 445 2690 512 accommodat,
2711 456 2767 502 et
2810 445 3135 503 dubitatiuni
3191 444 3486 502 infidelium
3514 444 3760 501 satisﬁe-

461 541 802 610 inqnirimus.
828 538 906 610 (α)
957 537 1233 594 Habueras
1272 538 1326 594 in
1366 538 1620 608 exemplo
1655 537 2048 607 operationum,

462 644 519 690 ut
541 634 791 691 crederes
820 634 987 691 Deum
1023 632 1241 691 efficere
1276 645 1455 704 posse,
1494 646 1723 704 quorum
1755 628 2057 699 intelligere

463 726 807 783 efﬁcientiam
841 742 945 781 non
970 728 1163 796 possis.

538 821 625 875 l9.
636 817 988 874 Provocantur
999 828 1052 874 ut
1078 819 1334 891 explicent
1361 817 1552 874 Christi
1563 818 1747 890 jamtis
1764 816 1955 872 clausis
1979 832 2061 871 ut-

468 931 797 987 gressum.—
819 913 1030 983 Quteris
1053 912 1326 984 quomodo
1352 911 1649 969 secundum
1677 910 1938 982 Spiritum
1967 923 2064 965 na-

467 1016 553 1061 tus
581 1000 892 1061 sit'Filius:
923 1020 1026 1078 ego
1054 1014 1107 1061 te
1130 1005 1199 1061 de
1236 1004 1515 1075 corporeis
1545 1003 1708 1059 rebus
1763 1003 2060 1073 interrogo.

466 1098 584 1153 Non
614 1098 689 1170 (ὁ)
712 1112 897 1170 quer
924 1096 1196 1168 quomodo
1225 1105 1380 1153 natus
1400 1113 1468 1154 ex
1497 1097 1703 1169 virgine
1730 1097 1830 1163 sit;
1870 1112 1940 1151 an
1969 1095 2066 1150 de-

472 1189 783 1246 trimentum
812 1191 893 1243 sui
911 1204 1039 1243 caro
1063 1188 1354 1260 perfectam
1376 1205 1445 1245 ex
1468 1205 1528 1245 se
1555 1204 1775 1244 Carnem
1799 1201 2068 1258 generans

472 1298 726 1354 perpessa
748 1283 839 1337 sit.
883 1282 941 1338 Et
965 1282 1072 1356 61
1115 1291 1263 1338 certe
1299 1298 1405 1338 non
1443 1278 1773 1353 suscepitt‘c)
1795 1278 1935 1349 quod
1955 1278 2069 1335 edi-

476 1378 575 1443 dit,
605 1376 699 1431 scd
746 1390 875 1432 caro
917 1390 1138 1431 carnem
1168 1380 1288 1430 sine
1324 1375 1715 1430 elementorum
1762 1382 2069 1429 nostrorum

475 1472 680 1542 pudore
724 1470 987 1542 provexit,
1030 1479 1085 1525 et
1134 1471 1429 1541 perfectum
1461 1469 1577 1539 ipsa
1610 1467 1682 1524 de
1709 1469 1822 1524 suis
1853 1466 1934 1540 (ά)
1963 1481 2069 1522 non

480 1566 761 1620 imminuta
809 1566 1110 1636 generavit.
1152 1565 1221 1619 Et
1249 1563 1467 1635 quidem
1508 1562 1587 1617 fas
1638 1572 1804 1629 esset,
1846 1562 2078 1617 uenim-

483 1657 743 1729 possibile
770 1658 820 1711 in
846 1657 956 1713 Deo
978 1654 1211 1728 opinari,
1234 1655 1379 1727 quod
1403 1670 1498 1725 per
1526 1655 1778 1710 virtutem
1806 1652 1927 1723 ejus
1953 1666 2077 1723 pos-

483 1752 641 1807 sibile
672 1750 837 1807 fuisse
862 1752 913 1806 in
938 1751 1153 1807 homine
1177 1750 1573 1821 cognoscimus.

2158 549 2329 606 turus,
2365 555 2619 595 arcanum
2646 539 2926 597 invisibilis
2949 541 3161 596 virtutis
3188 550 3444 610 operatur
3471 556 3485 594 :
3516 537 3641 594 facti
3664 553 3760 595 ra-

2160 633 2385 697 tionem,
2408 634 2653 705 quisquis
2675 634 2786 690 eris
2813 635 3113 691 caelestium
3139 649 3320 692 rerum
3349 639 3639 701 scrutator,
3666 646 3765 688 cx-

2164 741 2324 796 pone.
2378 726 2545 781 Erant
2593 726 2844 797 discipuli
2882 726 2953 797 (θ’)
3003 730 3056 782 in
3080 727 3290 792 clauso,
3317 734 3374 781 et
3403 724 3767 797 secreto'puat

2163 819 2473 890 passionem
2503 819 2714 874 Domini
2740 822 3051 891 congregati
3095 820 3471 876 consederant.
3504 819 3768 874 Durnium

2162 915 2493 988 szThnmte
2508 914 2666 970 fidem
2683 915 2973 986 propositis
2993 913 3394 970 conditionibus
3409 912 3766 969 conﬁrmatu-

2166 1023 2258 1063 rus
2273 1009 2496 1074 assistit,
2510 1007 2762 1079 palpandi
2788 1007 3033 1077 corporis
3049 1017 3106 1064 et
3128 1006 3504 1063 contrectandi
3527 1002 3771 1061 vulneris

2167 1099 2360 1156 obtulit
2390 1098 2697 1155 facultatem
2729 1109 2824 1155 :et
2860 1101 3045 1170 utique
3071 1098 3154 1173 (2)
3182 1101 3274 1170 qui
3300 1106 3659 1169 compunctus
3682 1112 3774 1153 re-

2171 1192 2581 1262 cognoscendas
2600 1193 2695 1257 sit,
2710 1207 2934 1249 necesse
2955 1202 3039 1248 est
3065 1206 3266 1263 corpus
3292 1191 3347 1246 in
3370 1205 3481 1262 quo
3508 1199 3594 1248 est
3619 1203 3773 1245 cotti-

2176 1294 2409 1356 punctus
2457 1285 2722 1341 attulerit.
2770 1285 2972 1352 Qumro
3013 1300 3144 1356 ergo
3168 1301 3264 1356 per
3290 1300 3425 1355 quas
3447 1285 3652 1342 clausa:
3675 1283 3777 1340 do-

2179 1392 2296 1431 mus
2329 1384 2511 1446 partes
2538 1390 2659 1432 sese
2684 1390 2982 1446 corporeus
3013 1377 3271 1432 intulerit.
3309 1376 3606 1447 Diligenter
3622 1377 3775 1432 enim

2177 1471 2282 1524 Eva
2291 1471 2517 1539 ngelista
2547 1486 2614 1527 ex
2624 1472 2821 1540 pressit
2836 1470 3024 1528 dicens
3045 1489 3061 1528 :
3087 1471 3233 1528 Venit
3258 1470 3409 1527 Iesus
3420 1472 3603 1545 ianuis
3618 1470 3740 1526 eluit
3752 1498 3773 1511 ο

2177 1564 2270 1628 sia,
2288 1572 2336 1617 et
2350 1564 2487 1617 stetit
2504 1564 2556 1616 in
2573 1563 2741 1617 medio
2758 1562 2837 1635 (ο)
2869 1562 3003 1635 (1b.,
3018 1561 3137 1635 SB).
3152 1565 3236 1619 An
3252 1571 3561 1619 constructa
3584 1564 3768 1632 parieo

2182 1668 2292 1711 tum
2325 1664 2615 1725 penetrans
2644 1654 2724 1728 (lt)
2753 1666 2809 1713 et
2858 1656 3031 1712 solida
3081 1657 3367 1728 lignorum,
3412 1666 3660 1712 naturam
3686 1670 3784 1711 eo-

2182 1767 2300 1806 rum
2352 1750 2819 1821 impenetrabilem
2872 1752 3305 1808 transcucurrit?
3336 1750 3500 1809 Stetit
3549 1764 3788 1823 namque

557 1846 649 1900 “20.
680 1845 785 1904 Sed
809 1854 881 1909 te,
910 1845 1152 1916 quisquis
1173 1860 1256 1911 es,
1274 1843 1661 1915 investigahilia
1684 1850 2001 1906 sectantem,
2027 1850 2083 1896 et
2112 1852 2158 1910 Β
2186 1860 2510 1915 corporeus,
2540 1860 2649 1901 non
2680 1844 2970 1901 simulatus
2999 1855 3091 1902 aut
3121 1846 3301 1901 fallax.
3324 1843 3632 1915 Sequantur
3654 1858 3793 1915 ergo

486 1939 791 1995 divinorum
818 1947 1151 1995 secretorum
1194 1947 1354 2007 atque
1402 1938 1656 1993 virtutum
1695 1950 1908 2007 gravem
1930 1934 2080 1989 arbi-

488 2043 629 2089 trum
653 2034 898 2100 consulo,
928 2042 987 2088 ut
1026 2034 1154 2087 mihi
1186 2034 1455 2102 imperito,
1484 2042 1542 2087 et
1583 2040 1787 2085 tantum
1813 2029 1882 2085 de
1910 2029 2084 2084 omni-

494 2128 592 2181 bus
624 2126 733 2180 Deo
761 2134 819 2181 ut
863 2135 989 2179 sunt
1032 2125 1103 2179 ab
1144 2139 1211 2180 eo
1237 2123 1376 2179 dicta
1404 2122 1665 2189 credenti,
1688 2121 1952 2177 rationem
1979 2120 2083 2175 sal-

493 2229 601 2273 tem
627 2219 748 2274 facti
795 2219 949 2273 istius
974 2216 1189 2273 alferas.
1239 2216 1524 2273 Dominum
1554 2214 1735 2278 audio,
1760 2222 1818 2271 et
1844 2213 1969 2285 quia
2000 2212 2086 2268 bis

494 2311 657 2367 credo
684 2327 806 2384 qua:
849 2311 1048 2382 scripta
1077 2319 1223 2376 sunt,
1267 2310 1382 2365 scio
1420 2310 1532 2379 jam
1582 2316 1704 2378 post
1732 2306 2089 2363 resurrectio-

496 2421 621 2460 nem
672 2403 981 2475 frequenter
1020 2404 1309 2459 videndum
1352 2416 1412 2459 se
1460 2404 1511 2457 in
1534 2415 1763 2473 corpore
1790 2399 2091 2471 pricbuisse

498 2498 683 2553 multis
705 2514 811 2552 non
857 2496 1204 2553 credentibus
1235 2515 1250 2564 ;
1277 2505 1426 2552 certe
1440 2495 1687 2563 Thomas,
1710 2511 1815 2550 non
1836 2494 1939 2550 nisi
1962 2508 2091 2549 cou-

502 2594 743 2647 trectatis
762 2592 878 2662 ejus
901 2590 1211 2647 vulneribus
1238 2590 1533 2656 credituro,
1564 2590 1704 2647 sicut
1730 2590 1805 2644 ait
1835 2607 1851 2642 ι
1876 2587 2000 2644 Nisi
2024 2592 2098 2643 ri-

505 2686 626 2738 dere
645 2683 716 2757 (e)
738 2687 791 2738 in
816 2684 1052 2739 manibus
1072 2683 1275 2755 βίαια)
1300 2685 1520 2752 ﬁxuram
1539 2682 1820 2745 clavorum,
1843 2691 1889 2737 et
1912 2683 2099 2736 misero

505 2777 723 2848 digitum
750 2793 921 2831 meum
965 2776 1020 2831 in
1051 2776 1221 2831 locum
1265 2777 1548 2839 clavorum,
1574 2786 1623 2829 et
1660 2786 1860 2832 mittant
1890 2792 2101 2829 manuni

504 2886 672 2925 meum
694 2871 749 2924 in
771 2870 903 2924 latus
943 2873 1076 2945 ejus,
1118 2886 1220 2923 non
1258 2870 1462 2926 credam
1488 2867 1694 2941 (locis,
1726 2885 1819 2936 xx,
1848 2865 1965 2940 25).
1993 2868 2100 2924 Do-

509 2965 691 3020 minus
709 2963 774 3019 ad
792 2978 1009 3019 omnem
1036 2978 1098 3020 se
1137 2962 1511 3034 intelligentia:
1542 2973 1743 3021 nostra:
1766 2961 2104 3019 imbecillita-

584 3083 663 3152 (l)
685 3082 997 3139 Anteriores
1017 3080 1302 3145 editiones,
1326 3086 1568 3153 figurant.

590 3196 669 3270 (a)
717 3196 847 3271 Bad.
895 3196 1108 3271 etEt,
1140 3199 1358 3254 limem.
1406 3198 1554 3271 Lips.
1584 3206 1641 3271 et
1674 3197 2106 3271 f‘ar.,gluerebas.

519 3269 667 3328 Vidit
697 3270 912 3338 quidem
960 3269 1214 3325 Erasmus
1256 3271 1318 3331 in
1362 3269 1493 3325 mss.
1522 3269 1790 3325 ltebueras.
1839 3269 1995 3327 Unde
2044 3272 2112 3326 ad
2138 3270 2183 3333 C
2216 3271 2371 3328 Culb.
2394 3287 2459 3327 ac

518 3359 669 3398 oram
702 3341 821 3395 libri
845 3340 1150 3411 adscripsit,
1168 3340 1279 3414 Ego
1308 3342 1579 3413 legendum
1596 3342 1818 3398 arbitror
1840 3342 2109 3407 habueras,

521 3417 619 3468 hoc
657 3423 731 3467 est
764 3415 1091 3466 cwrutieras:
1142 3424 1300 3482 atque
1347 3414 1587 3482 upiniuni
1633 3414 1775 3468 illius
1810 3414 2114 3470 Ludovicus

520 3488 753 3558 hlyrmus
795 3498 1075 3558 perperam
1098 3484 1444 3554 subscripsit;
1477 3500 1599 3558 cum
1632 3500 1739 3558 non
1772 3484 2117 3558 ambiguasit

522 3556 684 3613 lectio
713 3572 843 3610 mss.
891 3556 1144 3611 habueras
1174 3566 1248 3622 ut,
1289 3572 1387 3611 seu
1425 3557 1590 3622 unde,
1620 3557 1872 3611 crederes.
1900 3556 1990 3613 Sic
2020 3557 2111 3610 lib.

524 3646 620 3693 vn,
648 3644 701 3681 n.
734 3626 798 3681 51
822 3646 833 3678 :
869 3625 1135 3682 Habueras
1160 3628 1214 3681 in
1259 3629 1579 3696 confessione
1603 3644 1797 3692 eorum,
1823 3628 2000 3698 quibus
2029 3630 2116 3682 de-

522 3701 759 3771 saevientg
800 3708 1035 3771 πηίου..
1071 3708 1179 3771 erat
1225 3700 1457 3771 restituta
1495 3700 1862 3771 tranquillitas,
1896 3708 1951 3753 ut
1993 3710 2038 3754 ct
2063 3708 2118 3754 tu

522 3788 698 3841 verum
721 3768 817 3823 Dei
848 3769 1011 3839 ﬁlium
1041 3768 1377 3841 confitearis,
1403 3782 1510 3826 etc.

599 3840 674 3914 (υ)
717 3842 1040 3914 Particnlam
1074 3852 1379 3913 negantem,
1409 3857 1568 3913 quam
1594 3840 1790 3897 frustra
1823 3841 2114 3897 sustulerat

530 3912 767 3985 Lipsius,
795 3912 879 3985 hic
911 3912 1266 3969 restituimus.

602 3983 677 4058 (ε)
702 3983 917 4041 Scilicet
946 4000 1017 4039 ex
1044 3986 1161 4041 viro
1191 4006 1203 4039 :
1240 3985 1326 4039 sed
1374 4000 1495 4038 caro
1542 4001 1745 4040 carnem
1798 4000 1884 4056 pet
1901 3983 2117 4051 lectam,

2186 1940 2326 1996 oculi
2362 1939 2562 1995 mentis
2607 1949 2712 1993 tua:
2743 1940 3077 2009 penetrantia
3127 1940 3451 2009 ingressum,
3486 1946 3541 1992 et
3563 1951 3787 1992 corneo

2186 2033 2428 2088 clausam
2456 2032 2677 2087 domum
2710 2031 3077 2102 intelligentia:
3110 2040 3216 2086 tua:
3243 2032 3390 2086 visus
3413 2030 3664 2085 introeat.
3707 2027 3795 2083 lti-

2191 2136 2338 2199 tegra
2379 2134 2508 2182 sunt
2552 2123 2734 2182 omnia
2781 2133 2837 2181 et
2860 2125 3108 2182 obserata
3141 2142 3155 2177 :
3189 2124 3283 2181 sed
3309 2137 3431 2180 esse
3454 2122 3655 2178 assistit
3680 2135 3797 2177 tne-

2188 2220 2335 2283 dius,
2355 2220 2445 2277 cui
2472 2234 2566 2291 per
2592 2220 2848 2275 virtutem
2870 2233 3023 2275 suam
3054 2218 3305 2275 universa
3331 2226 3456 2272 sunt
3478 2216 3687 2289 pervia.
3713 2215 3799 2270 ln-

2192 2313 2497 2370 visibiiibus
2524 2312 2874 2370 ealumniaris
2900 2329 2912 2361 τ
2941 2326 3045 2383 ego
3067 2325 3099 2367 a
3126 2320 3179 2367 te
3211 2310 3501 2367 visibilium
3557 2321 3799 2378 exposco

2198 2408 2465 2464 rationem
2542 2406 2684 2463 Nihil
2710 2404 2857 2463 cedit
2883 2420 2953 2460 ex
2989 2403 3187 2469 solido,
3228 2417 3404 2474 neque
3429 2416 3526 2473 per
3551 2410 3799 2456 naturam

2204 2518 2358 2560 suam
2403 2500 2607 2574 aliquid
2640 2510 2913 2572 tamquam
2940 2499 3096 2569 lapsu
3124 2496 3430 2554 insensibili
3465 2495 3607 2566 ligna
3636 2505 3691 2549 et
3718 2492 3802 2547 la-

2205 2597 2358 2668 pides
2385 2595 2693 2651 admittunt.
2727 2593 2939 2665 Corpus
2965 2592 3177 2648 Domini
3205 2606 3237 2646 a
3280 2604 3404 2646 sese
3452 2604 3560 2645 non
3590 2585 3803 2653 delieit,

2206 2700 2266 2746 ut
2314 2704 2437 2746 sese
2489 2696 2731 2745 resumat
2774 2703 2842 2744 ex
2893 2684 3175 2742 niltilo:et
3200 2684 3343 2740 unde
3370 2684 3462 2754 qui
3507 2681 3717 2739 assistit
3747 2680 3807 2735 in

2208 2784 2391 2841 medio
2412 2791 2496 2838 est
2520 2782 2544 2837 ἲ
2571 2779 2729 2841 Cedit
2753 2782 2823 2835 ad
2854 2780 2971 2836 hac
2999 2789 3056 2837 et
3104 2792 3299 2835 sensus
3324 2786 3381 2833 et
3403 2789 3608 2841 sermo,
3638 2783 3812 2829 etes-

2210 2884 2291 2931 tra
2314 2875 2578 2932 rationem
2612 2873 2901 2929 humanam
2923 2880 3009 2929 est
3034 2873 3233 2927 veritas
3261 2869 3409 2925 facti.
3441 2866 3652 2923 idcirco
3675 2880 3812 2935 ergo

2212 2977 2269 3023 ut
2294 2967 2366 3023 de
2419 2966 2697 3022 nativitate
2740 2963 2806 3038 (i)
2853 2963 3110 3032 fallimus,
3139 2963 3209 3019 ita
3230 2961 3379 3020 etde
3404 2960 3680 3032 ingressus
3706 2959 3813 3015 Do-

2281 3082 2363 3155 (2)
2393 3082 2527 3151 Quia
2554 3090 2908 3154 compunctus.

2221 3214 2413 3256 nemus
2452 3200 2671 3268 ﬁguram
2701 3200 2964 3255 clavorum
2992 3196 3366 3254 consentiente
3390 3203 3605 3252 vetusto
3627 3194 3817 3253 codice

2536 3286 2669 3327 erm.
2717 3273 2869 3341 juxta
2914 3285 3078 3337 graec.
3106 3270 3193 3325 τὸν
3235 3272 3553 3341 Mauram
3580 3268 3815 3328 ﬁlmJn

2216 3345 2341 3400 aliis
2364 3356 2545 3399 autem
2578 3339 2751 3401 libris.
2785 3343 3028 3415 ﬁxuram.
3052 3341 3172 3398 Mox
3193 3342 3248 3397 in
3272 3355 3375 3397 ms.
3396 3339 3563 3395 Carn.
3592 3356 3685 3410 per
3698 3342 3817 3395 loca

2216 3417 2504 3482 clavorum,
2532 3430 2631 3484 pro
2653 3416 2707 3469 in
2726 3416 2915 3469 locum.

2293 3490 2363 3561 (ο
2382 3480 2572 3561 ίΙςζύἱιῖ,Δ
2590 3486 2794 3561 inclusi.
2827 3486 2899 3543 At
2932 3499 3067 3561 mss.
3090 3484 3198 3561 hic,
3228 3484 3279 3539 in
3308 3485 3506 3561 clauso,
3528 3491 3582 3539 ct
3608 3480 3676 3536 ad
3703 3483 3820 3561 cal.-

2217 3554 2503 3614 cetn'libri
2558 3559 2612 3614 in
2664 3557 3062 3622 Constantium,
3112 3557 3165 3611 in
3207 3571 3365 3626 quem
3395 3555 3512 3611 hac
3550 3554 3816 3611 translata

2218 3642 2367 3693 sunt,
2400 3645 2540 3686 unua
2576 3628 2734 3685 Culb.
2779 3629 3019 3683 inclusi.
3065 3627 3183 3683 .lam
3233 3628 3286 3681 in
3314 3642 3438 3696 cap.
3465 3626 3522 3686 ι.
3551 3626 3604 3682 in
3627 3626 3818 3683 Matth.

2222 3719 2275 3758 n.
2311 3703 2404 3769 15,
2457 3718 2523 3760 ex
2557 3716 2689 3757 mss.
2726 3703 3030 3757 restitutum
3058 3709 3162 3771 est,
3198 3700 3297 3766 Qui
3318 3703 3520 3771 fndus
3540 3710 3615 3754 est
3638 3698 3821 3753 clauso

2221 3774 2504 3841 impensam
2527 3772 2736 3829 luminis
2769 3770 3072 3827 continere?

2293 3840 2369 3918 l9)
2402 3845 2610 3918 Excusi‘
2660 3844 2748 3900 hic
2795 3843 3085 3911 subjiciunt
3136 3840 3507 3918 άῖεεσρηιοηεη
3569 3854 3818 3895 ..οηηιε

2221 3912 2365 3989 quod
2398 3933 2572 3988 neque
2599 3915 2651 3972 in
2680 3931 2837 3989 sacro
2856 3924 3004 3970 textu
3026 3923 3429 3989 exstat,_neque
3460 3912 3513 3967 in
3536 3925 3667 3968 mas.

2296 3989 2377 4062 (Ii)
2400 3985 2498 4045 Ita’
2528 4002 2664 4062 mss.
2686 3987 2837 4062 Διξέιιὶιί
2890 4000 3038 4046 vero.
3067 3997 3115 4062 et
3141 3986 3363 4040 solidam
3389 3985 3821 4054 liguorm‘utu-

527 4057 624 4114 seu
640 4058 909 4112 hominem
928 4070 1112 4111 verum
1131 4067 1181 4111 et
1199 4058 1490 4128 perfectum
1509 4058 1618 4111 sine
1633 4057 1989 4111 elementorum
2004 4074 2124 4110 nos—
2224 4057 2338 4116 rem
2360 4057 2798 4126 impenetrabilem
2826 4058 3155 4112 transcurrit.

530 4140 725 4183 trorum
748 4128 944 4195 pudore
969 4130 1198 4197 prouexit
1226 4145 1244 4183 :
1269 4128 1391 4199 quia
1424 4130 1674 4199 nimirum
1700 4144 1888 4182 omnes
1917 4143 1982 4182 ex
2008 4130 2123 4184 viro

2300 4132 2364 4201 (il
2401 4125 2564 4196 E’diti,
2598 4131 2848 4201 fallimur.
2882 4130 3098 4184 Rectius
3122 4126 3358 4196 potiores
3384 4139 3515 4181 mss.
3540 4125 3775 4201 fallimus
3801 4144 3819 4181 :

533 4212 587 4277 et
611 4200 805 4255 femina
834 4202 1013 4277 carnis
1033 4200 1191 4277 initia
1226 4198 1513 4277 trahimus.
1546 4198 1663 4254 Vid.
1694 4200 1787 4255 lib.
1803 4215 1866 4277 ἑκ,
1885 4200 2046 4265 n.55,
2070 4210 2127 4256 et
2227 4198 2388 4277 Carn.
2411 4198 2712 4277 fefellimus.
2744 4202 2871 4258 Htec
2896 4202 3041 4257 enim
3092 4201 3473 4277 haereticorum
3500 4199 3717 4277 nomine
3740 4199 3791 4277 in

532 4273 627 4327 lib.
679 4287 771 4333 xu,
822 4287 876 4324 n.
907 4271 995 4326 49.
1032 4273 1181 4326 llunc
1209 4283 1385 4327 autem
1410 4273 1585 4326 locum
1614 4286 1734 4327 cum
1766 4272 1937 4325 altero
1965 4280 2121 4326 tract.

2227 4270 2532 4339 sinuantur,
2566 4275 2848 4330 veritatem
2896 4288 3058 4342 quam
3101 4286 3207 4326 non
3238 4270 3702 4342 comprehendunt
3729 4270 3821 4325 tle-

534 4346 674 4414 psul.
702 4358 866 4411 mu,
894 4343 1304 4399 conciliavimus
1349 4344 1405 4398 in
1433 4344 1575 4398 notis
1613 4344 1680 4399 ad
1706 4343 1958 4399 eumdem
1986 4352 2129 4399 trac-
2232 4348 2593 4403 trectantinui.
2650 4341 2975 4400 Arianorum
3015 4343 3244 4399 infirmae
3297 4341 3488 4398 rationi
3516 4356 3629 4398 sua:
3662 4343 3823 4395 nimis

532 4427 721 4473 tntum.

2230 4418 2564 4474 credentium
2591 4416 2828 4472 imitator
2852 4414 3131 4482 Calvinus,
3165 4415 3230 4469 iis
3262 4415 3361 4468 liae
3391 4422 3543 4483 parte
3566 4414 3824 4468 audacior

607 4488 686 4559 (rt)
720 4486 853 4542 lllud
883 4488 947 4543 de
966 4488 1071 4542 suis
1098 4489 1167 4543 ita
1199 4485 1472 4543 Hilariano
1498 4498 1649 4560 more
1679 4486 1910 4560 positum
1936 4496 2041 4560 est,
2071 4497 2130 4542 ut
2231 4489 2350 4555 fuit,
2400 4488 2542 4560 quod
2590 4488 2645 4545 in
2693 4487 2874 4550 Joan.,
2904 4504 2996 4547 xx.
3044 4487 3132 4553 t9,
3160 4501 3358 4560 negare
3408 4501 3515 4560 non
3555 4484 3815 4560 dubitarit

535 4560 601 4616 ad
635 4558 935 4630 proximum
987 4560 1211 4613 verbum
1259 4574 1360 4630 non
1402 4558 1695 4630 imminuta,
1738 4566 1793 4611 et
1820 4558 1885 4611 ad
1936 4558 2125 4615 subse-

539 4629 710 4703 quens
749 4633 1007 4702 generavit
1033 4646 1186 4702 aeque
1216 4629 1554 4703 referendum
1585 4631 1675 4696 sit,
1701 4633 1854 4703 quasi
1897 4631 2122 4703 habere-

537 4701 644 4767 tur,
674 4701 786 4774 ipsa
806 4703 870 4756 de
899 4703 1006 4757 suis
1033 4701 1323 4774 generauit,
1354 4702 1582 4774 quamvis
1616 4716 1727 4774 non
1765 4701 2033 4757 imminuta
2061 4703 2125 4755 de

536 4776 664 4830 suis.
696 4772 786 4829 Sic
808 4785 983 4830 autem
1014 4772 1189 4845 potest
1208 4774 1437 4845 intelligi
1460 4772 1530 4845 de
1546 4772 1659 4827 suis
1686 4787 1793 4827 non
1818 4774 2119 4838 imminuta,

534 4850 658 4918 quia
695 4846 811 4902 scil.
837 4844 1047 4918 integra
1077 4858 1131 4918 et
1162 4844 1363 4918 illibata
1385 4844 1688 4918 virginitate
1733 4846 2030 4918 generavit.
2054 4848 2123 4901 At

536 4916 678 4990 quod
737 4934 799 4971 ex
835 4917 935 4990 hac
964 4917 1025 4973 Β.
1076 4917 1310 4988 Virginis
1355 4916 1705 4990 generatione
1732 4917 2037 4990 deducitur,
2067 4929 2123 4971 ut

535 4988 809 5046 credibilis
854 4989 945 5044 flat
989 4990 1164 5046 Patris
1212 4991 1399 5044 aeterni
1455 4988 1729 5058 generatio
1774 4989 1975 5058 absque
2015 4991 2123 5045 ullo

501 5122 505 5127 ,
538 5065 703 5131 ipsius
732 5062 952 5127 damno,
984 5076 1265 5131 perperam
1292 5061 1507 5129 quidam
1530 5061 1744 5125 rapiunt
1769 5060 1833 5113 ad
1869 5061 2124 5115 infaman-

538 5137 660 5189 dam
695 5133 879 5188 Hilarii
929 5135 998 5189 de
1025 5132 1219 5189 Christi
1259 5131 1614 5201 conceptione
1642 5133 1982 5194 sententiam,
2009 5133 2121 5201 jac-

541 5217 762 5277 tantque
789 5222 911 5277 eum
938 5206 1174 5260 sensisse
1201 5202 1473 5277 Christum
1506 5218 1569 5258 ex
1604 5202 1760 5277 Maria
1792 5203 1917 5277 niliil
1945 5219 2125 5260 susce-

544 5275 707 5347 pisse.
742 5276 905 5343 Quasi
950 5292 1079 5332 vero
1131 5292 1236 5331 non
1270 5276 1340 5347 in
1384 5275 1487 5329 hoc
1525 5276 1756 5347 maxime
1798 5276 2034 5330 instituta
2059 5279 2127 5332 sit

543 5342 713 5419 ipsius
758 5342 1107 5417 comparatio,
1138 5346 1281 5413 quod
1336 5348 1474 5401 sicut
1529 5342 1773 5400 Christus
1832 5362 1894 5401 es
1950 5347 2127 5402 Mariae

545 5422 838 5477 substantia
862 5420 1028 5475 illa-sa
1076 5419 1243 5489 ipsius
1265 5419 1565 5488 integritate
1595 5428 1751 5471 natus
1775 5428 1875 5480 est,
1906 5420 1972 5473 ita
2000 5420 2123 5474 abs-

543 5512 647 5561 que
678 5494 848 5546 Patris
876 5493 1073 5547 damno
1111 5508 1175 5546 ex
1222 5491 1389 5563 ipsius
1417 5490 1714 5563 substantia
1763 5493 2007 5558 generari
2029 5506 2124 5563 po-

542 5568 642 5620 tuit
667 5582 679 5627 ;
704 5563 973 5619 Christum
1006 5581 1069 5618 ex
1097 5563 1273 5617 Maria:
1296 5561 1591 5616 substantia
1620 5571 1929 5630 generatum
1959 5565 2003 5618 si
2032 5561 2126 5618 ne-

544 5644 711 5706 garrit.
743 5637 883 5690 nulla
940 5650 1156 5704 prorsus
1186 5646 1327 5689 esset
1379 5634 1548 5703 ipsius
1598 5634 1750 5687 ratio.
1805 5633 1916 5688 Hoc
1961 5649 2123 5704 porro

544 5726 665 5762 eum
693 5710 993 5762 nullatenus
1025 5722 1220 5775 negare
1246 5706 1659 5771 evidentissimt‘s
1682 5707 2013 5775 argumentis
2037 5722 2124 5762 os-

542 5788 751 5834 lt‘ttstim
776 5787 860 5834 est.
888 5782 936 5833 itt
963 5778 1268 5849 pra‘latione
1288 5776 1521 5846 generali
1548 5776 1576 5847 ξ
1607 5776 1656 5830 ί.

618 5855 686 5910 tt'l
711 5852 898 5907 Plures
923 5847 1052 5907 mss.
1082 5853 1133 5904 in
1168 5865 1349 5904 manus
1372 5851 1504 5919 ejus.
1534 5849 1671 5904 'l'um
1694 5862 1813 5903 cum
1844 5847 1967 5903 Par.
1994 5851 2121 5905 reti-

2231 4556 2504 4617 Christinn
2537 4576 2631 4629 per
2644 4560 2837 4629 ianuas
2866 4560 3079 4614 clausas
3107 4558 3172 4612 ad
3201 4556 3491 4629 discipulos
3519 4558 3781 4629 transisse
3806 4576 3819 4610 :

2154 4674 2209 4735 Β
2233 4632 2482 4688 concedit
2527 4627 2707 4687 tamen
2731 4632 2912 4703 januis
2947 4646 3071 4685 eum
3098 4644 3165 4685 eo
3198 4644 3361 4686 sensu
3386 4627 3584 4710 clausis
3615 4629 3823 4699 ingres-

2234 4722 2351 4735 s...“
2378 4718 2499 4735 anon
2529 4720 2542 4733 ι
2571 4703 2715 4735 ηηηιι
2747 4719 2867 4735 ιιι...-
2907 4702 3101 4735 λιν-..έσ-
3124 4711 3301 4735 ωειλ-ιι
3358 4700 3530 4735 aditu:
3562 4700 3635 4735 illi
3668 4710 3817 4735 uuln-

2233 4722 2351 4759 sum
2378 4718 2499 4759 esse
2529 4720 2543 4767 ;
2571 4700 2869 4773 quodcum
2907 4702 3101 4759 clausae
3124 4711 3325 4765 essent,
3355 4700 3532 4773 aditus
3562 4700 3635 4773 illi
3668 4710 3817 4773 pate-

2233 4777 2400 4830 factus
2432 4791 2537 4829 non
2572 4769 2730 4831 fuerit
2773 4791 2928 4829 manu
2967 4774 3207 4837 hominis,
3238 4769 3686 4843 qttrmadtttodum
3713 4769 3821 4827 Pe-

2234 4859 2348 4902 trus
2368 4864 2399 4902 e
2420 4862 2639 4904 carcere
2664 4846 2937 4913 obserata,
2965 4847 3057 4901 sed
3080 4842 3265 4916 angeli
3282 4842 3580 4916 miniSterio
3606 4854 3818 4916 aperto,

2231 4934 2482 4989 egressus
2524 4932 2623 4974 est.
2657 4917 2793 4973 Tum
2825 4913 3173 4989 papistarnm'
3196 4917 3415 4989 nomine
3459 4913 3823 4970 calumniatur

2230 4987 2530 5057 catholicis,
2558 4990 2702 5057 ideo,
2725 4987 2916 5059 inquit,
2946 4991 3101 5043 aliter
3139 4987 3511 5047 scutientibus,
3543 4995 3600 5041 ut
3634 5004 3822 5059 corpus

2231 5064 2511 5136 gloriosum
2559 5079 2662 5117 non
2703 5058 2851 5136 modo
2878 5060 3096 5136 reddant
3131 5061 3297 5136 simile
3332 5060 3568 5136 spiritui,
3598 5058 3691 5113 sed
3717 5060 3815 5112 iut-

2230 5131 2463 5189 mensum
2506 5150 2634 5193 esse,
2665 5133 2903 5205 nulloque
2955 5134 3066 5188 loco
3095 5131 3627 5205 contineri‘obtineant
3650 5144 3820 5205 :‘cutn

2229 5206 2353 5261 ideo
2381 5216 2586 5261 tantum
2613 5207 2769 5261 aliter
2792 5201 3046 5271 sentiant,
3069 5210 3193 5276 quia
3225 5203 3493 5259 luculema
3521 5211 3648 5257 sunt
3673 5201 3808 5259 Scri-

2230 5288 2399 5347 ptume
2422 5280 2605 5340 verba,
2638 5288 2693 5333 et
2723 5292 2829 5331 uno
2879 5276 3093 5333 Patrum
3135 5289 3405 5331 consensu
3441 5285 3596 5343 prout
3623 5285 3823 5329 sonant

2230 5351 2521 5406 intellecta.
2562 5349 2707 5406 Sane
2745 5350 2939 5403 frustra
2971 5358 3055 5403 est
3091 5347 3385 5412 Scultetus,
3413 5360 3536 5400 cum
3575 5347 3820 5402 animant

2231 5421 2487 5477 inducere
2514 5430 2756 5483 conatur,
2791 5420 3050 5476 Hilarium
3084 5436 3112 5473 a
3140 5420 3364 5473 Calvino
3404 5432 3503 5472 suo
3533 5432 3637 5471 non
3660 5417 3822 5473 dissi—

2233 5492 2379 5549 tlere.
2407 5492 2538 5561 Quis
2568 5493 2709 5548 enim
2753 5507 2860 5546 non
2882 5491 3083 5555 videat,
3108 5492 3179 5545 ita
3222 5490 3368 5545 illuni
3402 5488 3560 5546 verba
3590 5504 3823 5559 et'atige.

2235 5565 2332 5621 lica
2385 5566 2733 5630 intellexisse,
2768 5576 2823 5618 ut
2850 5562 3122 5617 Christum
3176 5563 3357 5631 jaunis
3384 5562 3601 5625 clausis,
3646 5562 3820 5631 iisque

2233 5652 2338 5692 non
2369 5654 2527 5694 mann
2555 5638 2727 5705 angeli
2751 5644 2841 5688 aut
2867 5636 3044 5704 aliqua
3073 5634 3477 5705 omnipotentiae
3494 5636 3686 5686 divina.-
3712 5636 3822 5689 vir-

2231 5718 2341 5763 tute-
2375 5712 2650 5770 reseratis,
2683 5705 2778 5763 sed
2804 5722 2928 5760 cum
2960 5709 3155 5761 clausa:
3185 5715 3584 5773 permanerent,
3613 5705 3678 5758 ad
3707 5705 3821 5760 dis-

2229 5781 2437 5847 cipulos
2469 5779 2724 5839 transisse
2750 5777 3061 5833 etcditlcrit.
3093 5776 3208 5831 Non
3256 5778 3412 5832 aliter
3432 5792 3508 5847 ea
3548 5775 3819 5832 intellexit

2230 5846 2580 5922 Augustinus,
2607 5868 2709 5907 scr.
2740 5864 2972 5914 ccautt,
3019 5866 3072 5904 n.
3121 5849 3177 5913 Ξ,
3228 5847 3315 5902 ubi
3366 5846 3645 5904 Calvinum
3695 5864 3813 5904 cun:
