4048 6458
405 257 476 315 93
1607 261 1851 320 SANCTI
1891 261 2146 322 IIILARII
2187 265 2490 327 EPISCOPI
3636 277 3708 339 96

409 372 788 446 imprudentia!
815 388 1004 441 sensu,
1037 375 1134 432 sed
1165 383 1374 434 natum
1401 385 1602 434 nostrae
1625 379 1958 435 conscientia
1991 405 2002 434 -.
2031 379 2086 440 Α

409 475 469 523 ιιι
494 466 636 538 quod
667 468 1015 541 cogitationis
1044 479 1276 527 terrena:
1314 473 1454 530 ratio
1496 488 1605 530 non
1649 472 1908 546 concipit,
1953 473 2006 532 id

409 560 569 617 nobis
611 577 826 618 rursum
873 563 1012 620 ratio
1053 564 1252 621 divina:
1300 565 1511 622 virtutis
1566 565 1822 624 insinuet.
1866 566 2004 625 Cum

408 654 556 711 enim
587 656 858 726 recognita
886 657 1136 714 stultitia;
1177 670 1379 716 nostrae
1419 660 1790 734 intelligentia,
1836 661 2006 733 impe-

411 747 591 806 ritiam
617 750 879 808 naturalis
921 749 978 807 in
1027 751 1182 810 nobis
1228 751 1608 821 imprudentiae
1651 756 2006 826 senserimus,

411 848 528 896 tum
561 855 657 912 per
681 841 882 898 divina:
911 842 1192 912 sapientize
1214 843 1552 918 prudentiam
1578 845 1646 904 ad
1679 845 1774 904 Dei
1803 847 2010 920 sapien-

412 933 542 988 tiam
594 934 900 992 imbuemur
947 955 962 990 :
1006 951 1129 993 cum
1175 939 1294 994 sine
1336 937 1500 995 modo
1543 939 1767 998 virtutes
1805 939 1902 998 Del
1943 957 2010 999 ac

415 1035 738 1099 potestatem
783 1030 1090 1096 metiamur,
1137 1045 1261 1089 cum
1309 1041 1518 1089 natura:
1565 1031 1852 1090 Dominum
1897 1049 2006 1092 non

415 1119 554 1177 intra
607 1122 879 1178 naturales
927 1122 1074 1194 leges
1116 1124 1486 1194 cohibeamus,
1533 1142 1660 1186 cum
1700 1127 1804 1187 hoc
1829 1128 2006 1188 solum

413 1213 482 1269 de
514 1213 626 1270 Deo
651 1213 790 1271 bene
827 1215 978 1272 credi
1023 1216 1403 1288 intelligamus,
1437 1219 1504 1276 ad
1529 1221 1673 1292 Quod
1699 1220 1770 1279 de
1805 1236 1866 1280 se
1887 1237 2010 1282 cre-

411 1303 649 1362 dendum
693 1306 811 1378 ipse
853 1307 955 1365 sibi
1003 1309 1282 1367 nobiscum
1330 1295 1387 1368 et
1416 1312 1572 1370 testis
1605 1323 1664 1374 et
1697 1321 1888 1372 auctor
1908 1331 2010 1371 ex-

411 1402 586 1458 sistat.

761 1540 876 1613 69
907 1539 1017 1613 7o
1053 1538 1258 1598 LIBER
1285 1539 1631 1610 QUARTUS.

415 1681 797 1741 Catholicorum
821 1687 1203 1758 simplicitatem
1246 1689 1488 1745 adversus
1515 1691 1826 1748 Arianorum
1867 1703 2011 1748 astus

486 1781 690 1835 munire
739 1783 1056 1853 aggreditur.
1115 1782 1248 1838 Eant
1292 1785 1356 1838 ob
1405 1801 1515 1839 rem
1557 1802 1673 1858 quc
1711 1786 1920 1842 illorum
1949 1787 2013 1842 de
2045 1785 2089 1844 Β
2133 1758 2136 1760 Ι

487 1871 690 1929 Christo
719 1877 788 1931 sit
831 1878 1083 1932 sententia
1124 1879 1353 1950 exponit.
1386 1877 1522 1934 Tum
1557 1879 1783 1950 defendit
1813 1877 2010 1936 Filium

491 1967 646 2025 Patri
671 1971 989 2027 liomousion
1015 1989 1075 2026 ac
1092 1986 1308 2043 semper
1335 1972 1518 2036 fuisse.
1543 1983 1594 2028 et
1625 1991 1660 2030 a
1694 1975 1864 2045 pravis
1891 1990 2013 2030 sen-

488 2066 652 2132 sibus,
686 2065 872 2137 quibus
902 2065 1218 2122 necessarias
1248 2066 1366 2121 illas
1393 2083 1536 2122 uoces
1556 2069 1873 2140 supprimere
1900 2079 2012 2124 ten-

489 2168 599 2214 tant
619 2199 634 2221 ,
685 2155 974 2215 Ecclesium
1013 2158 1290 2214 abhorrere
1338 2159 1582 2215 declarat.
1617 2160 1804 2217 Allatis
1831 2161 2017 2218 deinde

493 2252 651 2307 uariis
679 2250 970 2322 Scriptura:
995 2251 1319 2320 testimoniis,
1341 2253 1526 2324 quibus
1550 2251 1744 2310 Filium
1761 2271 1796 2310 a
1817 2265 2019 2312 natura:

491 2347 678 2402 divina:
696 2347 1014 2416 possessione
1028 2349 1294 2402 exclusum
1306 2365 1416 2403 esse
1426 2349 1721 2406 ueteratorie
1733 2350 2016 2416 insinuant,

489 2442 743 2510 integrant
787 2437 988 2493 exhibet
1036 2439 1156 2508 ﬁdei
1206 2443 1612 2513 professionem,
1664 2459 1818 2514 quam
1865 2444 2019 2500 Arius

492 2533 812 2588 Alexandria
840 2535 1019 2602 pulsus
1046 2533 1238 2604 aliique
1266 2535 1428 2608 ipsius
1457 2537 1691 2605 partibus
1722 2537 1916 2591 addicti
1951 2537 2020 2592 ad

493 2627 848 2683 Alexandrum
873 2627 1151 2682 antistitem
1171 2625 1626 2699 miserunt."an
1649 2628 1888 2698 deinceps
1908 2630 2019 2697 pri-

489 2738 630 2776 mani
657 2733 874 2791 partem,
907 2723 987 2776 his
1013 2725 1236 2778 maxime
1256 2724 1426 2778 nixam
1454 2725 1635 2790 verbis,
1661 2725 1798 2782 Audi
1829 2724 2018 2792 Israel,

497 2816 758 2872 Dominus
808 2815 949 2872 Deus
977 2823 1102 2870 tuus
1157 2829 1295 2872 unus
1325 2825 1448 2886 est,
1506 2820 1654 2886 quasi
1687 2819 1929 2874 nimirum
1957 2820 2022 2874 iis

499 2910 707 2982 Moyses
757 2909 922 2966 Deum
971 2927 1074 2966 non
1121 2910 1272 2964 modo
1313 2919 1499 2965 natura
1528 2954 1545 2980 ,
1601 2913 1689 2968 sed
1725 2925 1770 2968 et
1803 2931 2022 2985 persona

499 3021 662 3060 unum
688 3004 983 3076 prtadicarit
1005 3045 1022 3065 ,
1069 3005 1243 3058 multis
1285 3008 1474 3076 refutat
1504 3020 1524 3058 :
1569 3007 1884 3076 ostenditque
1911 3019 2020 3063 tum

501 3116 566 3155 ea:
582 3098 837 3152 creatione
864 3097 1065 3161 mundi,
1089 3106 1193 3150 tum
1215 3113 1278 3151 ex
1297 3097 1530 3166 pluribus
1542 3099 1661 3152 nisis
1678 3099 1830 3169 [actis
1854 3100 2018 3174 Agar,

501 3187 744 3252 Abrtiluz.
766 3189 934 3245 Iacob
961 3199 1008 3243 et
1041 3188 1230 3262 Moysi,
1253 3199 1361 3245 tum
1382 3193 1534 3246 etiam
1559 3209 1623 3248 ea:
1649 3171 2024 3265 Prophetarum
2047 3171 2094 3236 c

503 3286 841 3353 testimoniis,
892 3301 954 3339 ac
998 3285 1301 3340 nominatim
1343 3284 1513 3358 Moysi
1539 3328 1555 3351 ,
1583 3287 1984 3362 Psalmographi
2003 3332 2020 3357 ,

503 3382 675 3447 Oscae,
707 3378 881 3436 Esaia:
904 3395 965 3433 ac
995 3377 1198 3434 Bartsch
1223 3419 1238 3444 ,
1269 3380 1374 3434 sive
1406 3389 1462 3433 ut
1511 3390 1657 3436 uocat
1683 3423 1698 3447 ,
1743 3378 1984 3438 Ieremia'
2009 3423 2025 3450 ,

503 3473 670 3530 Deum
696 3473 793 3528 etsi
819 3483 1008 3528 natura
1038 3489 1215 3536 unum,
1243 3488 1346 3526 non
1377 3481 1546 3528 tamen
1575 3490 1685 3528 esse
1709 3473 2024 3538 solitarium,

503 3567 597 3621 sed
623 3565 788 3632 [ilium
836 3565 1042 3629 habere,
1069 3564 1158 3635 qui
1182 3579 1299 3618 cum
1323 3565 1436 3636 ipso
1462 3563 1744 3619 diuinitatis
1769 3576 1819 3622 et
1845 3581 2032 3620 nomen

507 3661 728 3716 obtineat
749 3666 798 3714 et
825 3667 1085 3714 naturain.

440 3755 516 3812 Dc
543 3753 672 3809 visis
703 3753 756 3808 in
784 3769 852 3810 eo
875 3749 1392 3824 expositisqnzedam
1418 3750 1777 3807 observanda.
1794 3779 1870 3794 --
1900 3750 2037 3820 Quia

511 3861 629 3902 vero
661 3847 816 3920 hujus
846 3861 907 3898 ac
932 3843 1282 3914 subsequentis
1309 3842 1426 3898 libri
1467 3854 1769 3915 argumenta
1799 3847 2039 3917 pleraque

513 3939 750 3994 nituntur
795 3939 913 3992 uisis
972 3937 1424 4010 patriarcharum;
1473 3953 1646 4008 operte
1689 3940 1910 4009 pretium
1962 3947 2040 3994 est

515 4031 764 4088 nonnulla
785 4030 848 4085 de
870 4031 934 4084 iis
964 4031 1193 4101 pra'fari.
1223 4029 1475 4084 Constans
1501 4031 1647 4103 apud
1687 4039 1874 4086 petens
1902 4031 2042 4088 ride-

519 4136 604 4181 tur
632 4125 825 4196 opinio,
863 4123 1059 4178 Filium
1089 4125 1152 4178 ab
1179 4123 1327 4179 initio
1373 4124 1552 4178 mundi
1595 4125 1751 4180 uariis
1779 4141 1835 4180 se
1875 4126 2042 4180 modis

519 4218 808 4274 hominibus
841 4218 1164 4288 spectabilem
1212 4217 1507 4286 pra'buisse.
1571 4216 1680 4274 Hoc
1719 4219 1906 4274 diserte
1943 4220 2042 4274 do-

519 4321 632 4367 cent
675 4310 914 4366 Justinus
939 4325 1156 4382 martyr,
1197 4307 1446 4377 lremzus,
1483 4309 1752 4383 Origenes,
1783 4311 2046 4384 Theophi-

519 4408 598 4461 lus
631 4405 897 4472 Antioch,
924 4402 1158 4458 Clemens
1205 4402 1510 4465 Alexandr..
1539 4401 1911 4470 Tertullianus,
1944 4401 2045 4476 Cy-

520 4499 756 4572 prianus,
801 4497 984 4552 Patras
1027 4495 1331 4552 Antiocheni
1355 4495 1559 4552 concilii
1597 4507 1777 4552 contra
1816 4494 2042 4552 Paulum

524 4564 812 4655 'Smnosntq
829 4603 884 4646 ut
907 4593 1168 4647 mittamus
1189 4589 1496 4645 Faustinum
1521 4587 1903 4661 Presbyterum,
1920 4591 2041 4645 Am-
2069 4564 2120 4626 Ῐ)

520 4688 766 4752 brosium,
796 4683 1016 4739 Leonem
1039 4727 1054 4751 ,
1100 4683 1328 4750 aliosque
1371 4683 1645 4754 plurimos.
1679 4683 1785 4738 Sed
1814 4701 1878 4738 ne
1896 4684 1960 4738 ab
1979 4684 2043 4738 iis

521 4781 725 4850 quidem
750 4781 846 4834 hoc
874 4787 1111 4850 negatum
1132 4789 1228 4843 est,
1251 4779 1340 4845 qni
1368 4779 1490 4832 Aria
1511 4776 1768 4848 favebant.
1803 4777 2042 4848 ldipsum

525 4873 714 4945 passim
743 4873 992 4943 pradicet
1022 4869 1272 4925 Eusebius
1293 4872 1350 4925 in
1395 4871 1482 4925 lib.
1521 4868 1667 4928 Dem.
1699 4869 1823 4938 Ern,
1853 4881 1900 4928 et
1928 4871 2044 4928 Sir-

525 4969 714 5024 miense
760 4965 1034 5020 concilium
1077 4977 1259 5019 contra
1287 4963 1568 5021 Photinum
1595 4981 1684 5022 eos
1724 4966 2050 5023 anathemate

527 5062 736 5121 damnat
758 5061 844 5130 qui
870 5061 1020 5114 aliter
1044 5059 1314 5114 senserint.

459 5152 564 5210 Sed
589 5170 704 5207 cum
725 5153 778 5206 in
799 5155 896 5205 hac
919 5151 1153 5206 doctrina
1178 5151 1410 5222 fraudem
1440 5150 1606 5205 moliti
1633 5151 1736 5205 sint
1770 5151 1971 5218 Ariani,
1995 5161 2049 5207 ut

535 5244 748 5312 Filium,
781 5247 870 5316 qui
911 5245 1125 5300 visibilis
1165 5261 1226 5298 ac
1254 5245 1390 5298 visus
1421 5243 1513 5308 sit,
1543 5259 1576 5296 α
1611 5241 1769 5298 Patre
1807 5245 2050 5302 inuisibili

531 5352 718 5396 natura
763 5335 1064 5395 dissimilem
1111 5338 1482 5407 prtudicnreut;
1529 5337 1634 5392 alte
1677 5337 2001 5392 retinendum
2028 5378 2044 5403 ,

531 5445 736 5488 sanctos
782 5433 969 5488 Patres
994 5433 1070 5486 ita
1095 5429 1264 5486 Deum
1307 5431 1468 5484 uisum
1517 5431 1814 5498 asscruisse,
1845 5444 1899 5487 ut
1936 5450 2050 5488 cum

487 5579 490 5581 Α
535 5528 819 5600 Augustino
842 5527 932 5582 lib.
962 5542 997 5581 ιι
1027 5535 1206 5580 contra
1229 5521 1592 5591 Maximinum,
1631 5541 1747 5596 cap.
1769 5525 1936 5592 26m.
1962 5528 2052 5594 η,

533 5624 818 5690 senserint,
846 5621 1180 5677 divinitatem
1209 5635 1315 5675 non
1357 5635 1455 5691 per
1479 5620 1834 5676 substantiam
1875 5638 2048 5688 suam,

541 5717 594 5770 in
652 5731 756 5785 qua
816 5714 1098 5769 invisibilis
1163 5722 1219 5766 et
1271 5711 1617 5766 immutabilis
1639 5721 1761 5778 est,
1809 5711 1903 5768 sed
1957 5729 2056 5784 per

539 5817 839 5864 creaturam
868 5806 968 5860 sibi
999 5805 1295 5875 subiectam
1341 5803 1647 5859 mortalium
1693 5804 1864 5860 oculis
1893 5815 2055 5876 appa-

2183 381 2359 440 ruisse
2383 397 2508 440 cum
2529 384 2717 441 voluit.
2739 387 2813 442 Ac
2835 402 2900 443 ne
2917 389 3190 460 peregrina
3217 390 3316 446 huc
3330 391 3706 459 adsciscamus,

2181 473 2412 548 locuples
2453 476 2612 548 huius
2637 479 2711 533 rei
2739 479 2882 536 testis
2919 491 2994 536 est
3025 479 3285 548 Hilarius,
3309 483 3402 539 lib.
3431 501 3530 551 stt,
3555 503 3614 542 u.
3633 485 3708 542 45

2181 574 2230 621 et
2255 564 2349 624 46.
2382 564 2568 638 Certe,
2608 569 2795 636 inquit,
2821 571 2914 643 qui
2943 579 3072 628 ante
3100 573 3348 644 angelus,
3379 577 3707 635 nuncetiam

2182 658 2348 718 homo
2373 671 2454 718 est
2499 678 2609 722 :ne
2637 665 2940 722 naturalem
2987 665 3128 722 lianc
3155 682 3280 726 esse
3319 669 3418 725 Dei
3467 669 3707 742 speciem

2182 753 2472 812 diversitas
2499 755 2662 826 huius
2703 757 2875 828 ipsius
2901 768 3194 830 assumpta:
3235 763 3532 820 ereationis
3557 774 3709 835 pate-

2183 855 2334 903 retur
2361 845 2608 920 intelligi.
2641 847 2812 906 Adest
2834 860 3014 907 autem
3055 851 3224 910 Jacob
3252 854 3414 912 etiam
3437 871 3612 928 usque
3638 857 3709 916 ad

2182 941 2341 1000 luctae
2370 945 2714 1016 complexum
2761 945 2816 1002 in
2867 947 3052 1004 habitu
3084 947 3392 1006 Innnano...
3423 951 3532 1008 Sed
3563 951 3706 1010 idem

2185 1045 2370 1106 postea
2397 1043 2452 1092 et
2491 1035 2664 1111 bloysi
2691 1053 2815 1094 esse
2857 1040 2996 1112 ignis
3026 1041 3334 1098 ostenditur
3363 1060 3378 1096 :
3409 1053 3470 1100 ut
3497 1054 3708 1102 natura!

2183 1137 2385 1184 create
2414 1137 2524 1185 tmn
2554 1131 2733 1202 potius
2761 1130 2827 1186 ad
2857 1134 3094 1201 speciem
3119 1176 3134 1200 ,
3169 1149 3333 1205 quam
3362 1137 3429 1192 ad
3455 1137 3712 1205 substan-

2184 1223 2315 1278 tiam
2359 1231 2605 1291 naturtc,
2663 1223 2824 1282 tidem
2876 1225 3140 1286 disceres.
3187 1231 3350 1286 Acute
3389 1229 3712 1304 Augustinus

2183 1317 2334 1386 epist.
2365 1317 2501 1371 alias
2520 1333 2652 1382 cun.
2673 1335 2810 1375 nunc
2832 1334 3036 1388 exuti,
3060 1339 3200 1376 num.
3220 1321 3316 1389 20,
3343 1323 3398 1378 in
3420 1325 3514 1386 illa
3537 1323 3712 1399 Moysi

2185 1407 2354 1474 verba,
2383 1409 2440 1466 Si
2466 1409 2642 1468 inveni
2681 1411 2909 1483 gratiam
2939 1422 3064 1470 ante
3099 1424 3174 1480 te,
3201 1413 3428 1472 ostendo
3453 1417 3584 1473 mihi
3630 1428 3712 1475 to-

2187 1502 2496 1572 metipsum.
2537 1502 2676 1572 Quid
2705 1519 2839 1576 ergo
2857 1545 2874 1568 ,
2905 1504 3115 1578 inquit?
3147 1503 3246 1562 Ille
3271 1523 3378 1564 non
3405 1516 3525 1582 erat
3549 1509 3666 1581 ipse
3685 1510 3715 1565 ἲ

2183 1597 2239 1656 Si
2271 1614 2378 1654 non
2407 1609 2553 1655 esset
2579 1600 2717 1670 ipse,
2746 1615 2852 1654 non
2883 1601 2934 1658 ei
2961 1601 3187 1672 diceret,
3215 1603 3447 1668 ostende
3469 1603 3608 1660 inibi
3629 1615 3714 1661 tc-

2187 1692 2474 1760 metipsum
2499 1735 2514 1757 ,
2561 1694 2678 1758 sed,
2705 1693 2934 1753 ostende
2963 1694 3132 1751 Deum
3163 1713 3176 1752 :
3207 1707 3266 1752 et
3311 1709 3489 1756 tamen
3515 1700 3562 1754 si
3591 1699 3714 1770 eius

2184 1795 2434 1841 naturam
2460 1785 2924 1860 substantiamque
2943 1789 3302 1860 conspiceret,
3333 1790 3508 1846 multo
3532 1792 3714 1850 minus

2184 1875 2411 1941 diceret,
2454 1878 2682 1935 ostende
2720 1879 2851 1935 mibi
2881 1881 3247 1952 temetipsum.
3281 1881 3400 1953 Ipse
3423 1899 3555 1955 ergo
3591 1895 3715 1941 erat

2187 1969 2239 2026 in
2261 1984 2323 2026 ea
2341 1971 2543 2041 specie,
2558 1987 2659 2044 qua
2678 1987 2938 2044 apparere
2959 1974 3204 2032 voluerat
3228 1994 3240 2029 :
3265 1990 3372 2032 non
3390 1987 3568 2036 autem
3595 1978 3712 2050 ipse

2187 2065 2485 2137 apparebat
2515 2065 2570 2122 in
2596 2073 2786 2124 natura
2813 2069 3029 2140 propria
3048 2110 3064 2133 ,
3095 2083 3256 2138 quam
3287 2069 3501 2144 Moyses
3525 2071 3714 2129 videre

2187 2157 2459 2230 cupiebat.

2123 2254 2186 2312 Si
2212 2272 2280 2312 ea:
2307 2254 2559 2328 proximis
2581 2253 2872 2324 Scriptura
2895 2255 3060 2310 verbis
3083 2256 3253 2327 ipsum
3284 2257 3450 2314 Deum
3475 2275 3510 2312 e
3533 2257 3717 2331 Moyse

2189 2349 2354 2405 uisum
2383 2345 2700 2422 Augustinus
2739 2357 2877 2404 recte
2907 2350 3166 2416 asseruit;
3213 2349 3330 2422 pari
3364 2351 3564 2406 ratione
3589 2368 3714 2406 con-

2191 2443 2474 2500 cedendum
2521 2453 2594 2498 est
2631 2443 2804 2509 ipsum
2847 2440 3016 2498 Deum
3052 2443 3216 2500 eidem
3269 2441 3441 2515 Moysi
3479 2445 3536 2500 iu
3586 2446 3718 2502 rubo

2191 2535 2420 2591 dixisse:
2453 2534 2566 2606 Ego
2595 2550 2716 2591 sum
2758 2535 2898 2592 Deus
2927 2535 3197 2592 Abraham
3223 2577 3238 2602 ,
3288 2549 3412 2602 σεε..
3442 2553 3718 2610 serumque

2193 2627 2364 2686 Deum
2389 2629 2531 2704 Agar
2550 2630 2830 2686 allocutnm
2857 2647 2988 2698 esse,
3013 2631 3100 2686 cui
3123 2631 3364 2688 clamauit
3392 2647 3414 2688 :
3436 2632 3518 2690 Tu
3542 2631 3713 2700 Deus,

2190 2720 2284 2794 qui
2303 2721 2595 2790 adspexisti
2625 2739 2732 2778 me.
2757 2721 2938 2794 Neque
2965 2723 3064 2778 hoc
3077 2725 3232 2780 etiam
3255 2733 3442 2796 negant
3453 2725 3496 2780 ii
3507 2723 3716 2794 Patres,

2191 2818 2278 2887 qui
2299 2815 2354 2870 in
2382 2815 2502 2872 uisis
2528 2814 2636 2870 illis
2659 2831 2802 2872 seros
2827 2817 3048 2887 Angelos
3073 2815 3336 2874 adstitisse
3364 2818 3714 2875 arbitrantur.

2194 2905 2322 2964 Non
2349 2909 2486 2962 enim
2527 2907 2824 2964 existimant
2861 2909 3071 2981 angelos
3115 2909 3234 2966 illos
3281 2908 3380 2966 Dei
3422 2927 3485 2964 oc
3513 2909 3720 2966 Domini

2195 3017 2378 3057 nomen
2404 3001 2504 3056 sibi
2528 3002 2844 3070 attribuisse,
2871 3001 2995 3070 quia
3023 3011 3078 3058 ut
3104 3003 3257 3076 legati
3285 3002 3380 3058 Dei
3415 3021 3478 3059 ac
3507 3001 3722 3060 Domini

2193 3096 2400 3152 nomine
2425 3094 2800 3165 loquebantur;
2829 3099 2942 3168 quis
2967 3097 3101 3152 enim
3139 3096 3339 3168 legatus
3365 3098 3526 3170 regis,
3554 3098 3720 3170 impe-

2195 3189 2407 3254 ratoris,
2435 3199 2526 3242 aut
2553 3189 2808 3260 principis
2833 3190 2928 3244 sibi
2951 3201 3152 3262 arroget
3179 3206 3363 3247 nomen
3381 3235 3394 3252 .
3424 3191 3572 3265 cujus
3600 3207 3718 3264 perc

2196 3297 2374 3336 sonam
2395 3281 2752 3352 reprtesentat’
2772 3280 2862 3336 sed
2883 3281 3002 3338 ideo
3013 3283 3206 3354 potius,
3219 3285 3356 3353 quod
3385 3283 3521 3338 Deus
3539 3283 3649 3354 ipse
3667 3281 3724 3338 in

2198 3374 2306 3430 illis
2329 3373 2648 3445 loquebatur.
2663 3371 2894 3450 71Hoc
2919 3375 3103 3432 diserte
3128 3375 3598 3432 docetAthonasius
3627 3375 3723 3432 0r.

2201 3480 2255 3521 tv
2278 3477 2415 3522 cont.
2437 3467 2644 3533 Arium,
2667 3483 2788 3538 pag.
2812 3465 2918 3523 461
2943 3485 2958 3522 :
2991 3465 3041 3522 ls
3064 3467 3306 3540 quidem,
3336 3467 3426 3540 qui
3457 3470 3728 3525 sentieba-

2205 3569 2292 3616 tur
2320 3559 2510 3627 OCulis,
2543 3557 2768 3634 angelus
2789 3571 2929 3628 erat,
2951 3559 3046 3616 sed
3080 3561 3220 3618 Deus
3237 3563 3292 3618 in
3318 3563 3510 3633 angelo
3536 3562 3724 3630 loque-

2203 3651 2384 3709 batur.
2405 3651 2539 3708 Nam
2561 3651 3014 3721 queinndmodum
3035 3651 3089 3708 in
3113 3655 3366 3711 columna
3388 3655 3545 3710 nubis
3565 3656 3728 3710 verba

2205 3745 2276 3802 ad
2307 3744 2528 3818 Moysen
2557 3745 2608 3800 in
2637 3745 2986 3801 tabernaculo
3019 3743 3249 3802 iaciebat
3275 3789 3290 3812 ,
3321 3750 3394 3802 ita
3422 3761 3636 3819 quoque
3673 3748 3728 3804 in

2207 3843 2414 3912 angelis
2442 3841 2740 3914 apparebat
2769 3843 2996 3914 laqueus
3033 3843 3194 3900 Deus.
3247 3841 3332 3897 ita
3380 3853 3429 3898 et
3470 3840 3733 3913 Hierony-

2211 3953 2344 4000 mus,
2375 3953 2492 4008 cap.
2533 3952 2590 3992 ut
2615 3979 2630 4000 ,
2671 3937 2739 3992 ad
2767 3935 2884 3994 Gal.
2919 3957 2937 3994 ;
2963 3937 3114 4007 Quod
3143 3949 3348 4002 autem,
3377 3937 3472 4000 ait,
3504 3937 3612 3992 Lex
3642 3953 3732 3992 nr-

2211 4029 2395 4086 dinata
2449 4045 2542 4100 per
2579 4029 2837 4100 Angelos,
2871 4030 2974 4087 liae
3023 4031 3136 4086 vult
3186 4029 3432 4102 intelligi.
3477 4027 3621 4102 quod
3677 4031 3732 4084 in

2213 4123 2360 4178 omni
2391 4123 2560 4180 veteri
2588 4121 2960 4185 Testamento.
2979 4123 3069 4178 ubi
3097 4123 3321 4194 angelus
3333 4121 3566 4192 primum
3587 4121 3734 4178 visus

2213 4217 2469 4281 refertur,
2499 4229 2552 4270 et
2581 4225 2765 4286 postea
2807 4217 2958 4286 quasi
3001 4217 3142 4272 Deus
3173 4206 3398 4286 loqueris
3426 4213 3732 4280 inducitur,

2213 4309 2437 4382 angelus
2485 4309 2702 4378 quidem
2751 4323 2877 4366 vero
2924 4324 2992 4365 ex
3037 4309 3300 4365 ministris
3347 4308 3593 4379 pluribus
3618 4308 3736 4378 qni-

2215 4419 2447 4476 cumque
2471 4403 2542 4460 sit
2565 4405 2714 4460 visus
2736 4445 2750 4470 ,
2803 4404 2898 4461 sed
2930 4405 2984 4459 in
3022 4405 3117 4460 illo
3150 4405 3414 4462 mediator
3441 4403 3694 4476 loquatur
3716 4444 3735 4466 .

2219 4500 2308 4570 qui
2338 4497 2478 4552 dit-at
2511 4514 2526 4552 :
2565 4496 2712 4570 «Ego
2737 4513 2858 4554 sum
2889 4497 3030 4553 Dens
3054 4495 3383 4554 Διιτςιιιειιιι.»
3415 4495 3516 4552 His
3539 4497 3738 4552 accedit

2217 4590 2531 4662 Augustinus
2553 4632 2568 4656 ,
2596 4589 2635 4644 l.
2669 4606 2706 4645 ιι
2733 4599 2908 4645 contra
2953 4587 3255 4652 Maritum”
3285 4605 3404 4659 cap.
3443 4587 3536 4654 26,
3565 4605 3619 4644 ιι.
3643 4587 3738 4643 ﬂ.

2217 4681 2414 4752 Quwro
2447 4725 2463 4750 ,
2518 4682 2723 4752 inquit,
2768 4685 2890 4754 quis
2941 4679 3251 4753 apparuerit
3295 4679 3465 4755 Moysi
3511 4681 3566 4734 in
3617 4679 3740 4749 igne

2215 4776 2430 4848 quando
2474 4775 2640 4832 rubus
2680 4774 3146 4842 intlarnmabatur,
3200 4783 3255 4830 et
3299 4787 3407 4830 non
3460 4773 3735 4836 urebatur.

2215 4871 2553 4944 Quamquam
2607 4880 2662 4927 et
2715 4869 2826 4927 illic
2872 4871 3121 4943 angelum
3181 4868 3498 4941 apparuisse
3558 4864 3742 4938 Scrip—

2222 4973 2341 5022 tura
2372 4964 2484 5035 ipsa
2511 4963 2846 5021 declarat....
2879 4961 2938 5019 In
2959 4963 3154 5036 arigelo
3180 4970 3360 5017 autem
3387 4961 3554 5016 Deum
3575 4957 3744 5016 inisse

2219 5057 2346 5130 quis
2379 5057 2584 5115 dubitet
2608 5058 2634 5112 ?
2679 5057 2847 5114 Juxta
2887 5059 2980 5114 hos
3009 5057 3286 5129 Gregorius
3317 5072 3470 5124 papa,
3505 5052 3656 5124 pra-1'.
3690 5055 3744 5109 iu

2222 5153 2346 5217 Job,
2373 5169 2418 5209 c.
2442 5152 2478 5210 2
2513 5170 2526 5208 :
2557 5153 2814 5225 Angelus,
2841 5151 2933 5225 qui
2965 5150 3134 5225 Moysi
3163 5149 3476 5222 apparuisse
3501 5147 3698 5205 dicitur
3725 5190 3742 5214 ,

2223 5245 2388 5303 modo
2420 5246 2664 5318 angelus,
2714 5245 2876 5303 modo
2921 5245 3064 5301 Deus
3107 5253 3456 5302 memoratur.
3505 5241 3746 5315 Angelus

2227 5339 2477 5396 videlicet
2503 5347 2722 5410 pr0pter
2747 5338 2852 5396 hoc
2874 5339 3016 5412 quod
3043 5338 3284 5395 exterius
3324 5335 3598 5406 loquendo
3621 5347 3742 5391 ser-

2227 5432 2444 5498 viebat;
2482 5432 2740 5488 Dominus
2765 5443 2944 5488 autem
2973 5430 3189 5501 dicitur,
3213 5431 3337 5503 quia
3360 5431 3585 5487 interius
3607 5443 3748 5503 prir—

2228 5523 2436 5590 sidens,
2465 5522 2720 5594 quucndi
2747 5522 3040 5580 elllcaciam
3073 5523 3430 5578 ministrabat.
3457 5519 3591 5576 Cum
3617 5537 3750 5592 ergo

2232 5619 2457 5689 loquens
2492 5617 2730 5674 exterius
2756 5617 2826 5674 ab
2849 5617 3094 5676 interiori
3131 5618 3355 5690 regitur,
3379 5613 3569 5688 et'per
3593 5615 3752 5672 abso-

2233 5709 2417 5782 quium
2443 5711 2691 5782 angelus,
2720 5719 2774 5768 et
2806 5724 2902 5783 per
2931 5709 3337 5782 inspirationem
3373 5711 3630 5766 Dominus
3649 5715 3748 5764 no-

2233 5807 2485 5864 minatur.
