4048 6464
312 403 382 457 97
1584 396 1674 453 DE
1713 393 2088 453 TRINITATE
2127 393 2339 451 LIBER
2376 391 2466 448 Ν.
3543 388 3616 445 98

315 517 555 573 Conredit
581 524 827 590 [ualeres
858 516 1203 588 Augustinus,
1237 515 1328 569 lib.
1373 530 1412 571 tt
1450 523 1632 570 contra
1661 512 1908 568 Maximi-
1935 514 1986 574 Α
2014 512 2097 567 bis
2125 517 2550 568 commemorata
2599 515 2754 571 sunt,
2791 514 2848 561 ut
2885 521 3006 562 cum
3037 505 3236 576 aliquid
3273 521 3336 561 ex
3368 505 3618 562 humanis

386 626 530 674 una,
556 626 608 663 c.
629 609 726 673 26,
748 625 803 664 n.
835 607 894 674 9,
922 607 1119 678 angelis
1146 607 1251 663 illis
1275 607 1484 663 licuisse
1505 598 1602 662 Dei
1620 623 1681 660 ac
1705 603 1919 660 Domini

386 721 442 760 se
469 703 673 760 nensine
705 703 1065 758 commendare
1090 709 1311 772 propter
1350 698 1694 772 prophetiam
1741 700 1918 754 futura

391 799 763 866 nuntiantem,
809 797 933 870 quia
959 797 1202 852 nimirum
1240 793 1501 862 Christus,
1553 796 1641 865 qui
1672 793 1813 850 Deus
1858 808 1921 848 ac

389 889 644 947 Densinu
675 900 770 956 est,
798 892 852 945 in
890 891 998 945 illis
1026 890 1282 962 ﬁguratus
1321 890 1407 943 sit.
1458 887 1548 946 Sic
1574 898 1623 943 et
1646 886 1876 942 lremzns
1900 927 1917 954 ,

388 984 477 1040 lib.
503 999 558 1050 ν,
577 999 627 1039 c.
659 983 684 1039 l
719 999 735 1037 :
763 981 1124 1039 Prtediximus
1153 982 1408 1052 quoniam
1459 978 1731 1036 Abraham
1753 987 1807 1035 et
1834 992 1922 1034 re-

391 1077 522 1149 liqui
554 1077 834 1150 propheta:
876 1075 1193 1148 prophetiee
1222 1075 1475 1131 videbant
1508 1087 1654 1139 eum,
1693 1073 1744 1128 id
1775 1069 1921 1143 quod

391 1172 631 1230 futuro
670 1181 789 1228 erat
817 1186 912 1242 per
932 1171 1193 1226 visionem
1224 1169 1630 1241 prophetantes.
1664 1167 1771 1224 Sed
1791 1183 1922 1237 quo-

389 1266 467 1322 vis
492 1263 645 1321 modo
672 1265 1030 1337 intelligantur
1048 1263 1143 1318 illo
1163 1263 1292 1330 visa,
1325 1271 1426 1316 stat
1454 1276 1616 1334 prope
1644 1261 1826 1317 eadem
1848 1261 1924 1316 vis

387 1371 830 1433 armatorum,
856 1373 974 1430 qua
998 1373 1062 1414 ex
1085 1357 1192 1414 illis
1221 1356 1460 1412 Hilarius
1499 1355 1727 1426 conﬁcit.

395 1532 448 1589 Ι.
466 1531 594 1588 Tria
620 1533 675 1588 in
704 1531 972 1589 hereticos
997 1531 1356 1601 prcruittendu
1382 1531 1610 1586 veritatis
1629 1529 1919 1585 ossertioui.

321 1657 395 1670 -—
413 1628 752 1700 Quamquam
781 1626 1144 1684 auterioribus
1169 1626 1385 1693 libellis,
1416 1641 1553 1698 quos
1575 1628 1686 1696 jam
1715 1624 1923 1697 pridem

323 1721 767 1792 conscripsimus,
796 1719 1046 1776 absolute
1070 1721 1345 1787 cognitum
1384 1717 1803 1783 existimemus,
1859 1717 1926 1772 fi-

319 1814 446 1870 dem
482 1829 587 1871 nos
628 1822 685 1871 et
709 1813 1111 1870 confessionem
1141 1813 1318 1869 Patris
1359 1821 1416 1869 et
1457 1812 1576 1870 Filii
1607 1821 1662 1867 et
1689 1812 1926 1884 Spiritus

2019 604 2520 677 Comparationibus
2548 601 2627 675 (l)
2662 600 3015 672 proferimus,
3051 616 3158 655 non
3199 599 3495 655 secundum
3526 615 3622 654 na-

2020 706 2171 756 turas
2223 697 2538 769 corporales
2607 695 2677 751 de
2726 695 2836 751 beo
2881 695 3086 751 sentire
3126 694 3454 759 credantur,
3522 707 3621 749 nec

2021 792 2364 864 passionibtts
2396 790 2597 847 nostris
2638 787 2898 859 spiritalia
2940 801 3276 857 comparare,
3310 787 3406 843 sed
3436 787 3619 859 potius

2020 899 2202 940 rerum
2235 881 2522 938 visibilium
2552 880 2788 952 speciem
2824 879 2893 936 ad
2938 878 3352 951 intelligentiam
3383 877 3626 935 invisibi-

2021 977 2153 1034 lium
2182 976 2504 1050 protulisse.

2093 1072 2147 1128 5.
2187 1069 2565 1126 Dwreticorum
2607 1070 2877 1141 opiniones
2922 1068 2988 1124 de
3034 1067 3131 1122 Dei
3178 1070 3306 1135 ﬁlio.
3349 1097 3421 1112 --
3461 1068 3625 1123 Aiunt

2024 1177 2256 1236 namque
2283 1163 2547 1231 hieretici,
2582 1177 2691 1218 non
2714 1178 2781 1218 ex
2820 1163 2932 1218 Deo
2961 1176 3083 1218 esse
3112 1159 3411 1223 Christum,
3442 1160 3493 1214 id
3517 1171 3620 1226 est,

2023 1257 2218 1312 Filium
2261 1272 2369 1312 non
2402 1271 2471 1314 ex
2506 1255 2665 1312 Patre
2687 1265 2894 1321 natum,
2928 1271 3102 1326 neque
3126 1255 3293 1311 Deum
3321 1272 3384 1310 ex
3411 1265 3622 1319 natura,

2028 1350 2124 1407 sed
2152 1366 2217 1407 ex
2241 1351 2630 1407 constitutione
2647 1365 2802 1416 esse;
2830 1350 3176 1421 adoptionem
3200 1351 3404 1407 scilicet
3433 1351 3549 1422 ejus
3573 1352 3626 1406 in

2027 1442 2107 1516 (ὁ)
2129 1445 2370 1512 nomine,
2401 1443 2525 1514 quia
2556 1444 2695 1499 sicut
2720 1444 2905 1514 plures
2928 1444 3039 1499 Deo
3069 1444 3187 1510 lilii,
3209 1446 3276 1499 ita
3305 1454 3358 1499 et
3381 1446 3467 1499 hic
3489 1444 3630 1499 lilius

2028 1538 2136 1603 sit;
2166 1535 2364 1593 dehinc
2407 1536 2783 1592 liberalitatem
2816 1537 2866 1591 in
2914 1537 3175 1607 dignitate
3195 1579 3210 1603 ,
3240 1539 3362 1608 quia
3391 1537 3528 1592 sicut
3555 1538 3628 1594 dii

2026 1631 2211 1700 plures
2259 1638 2407 1693 sunt,
2441 1631 2512 1684 ita
2556 1641 2612 1684 et
2651 1629 2738 1685 hic
2782 1631 2922 1686 Deus
2951 1630 3064 1686 sit:
3116 1630 3514 1701 indulgentiore
3547 1639 3629 1685 ta-

2027 1739 2152 1780 men
2181 1724 2233 1778 in
2264 1739 2332 1780 eo
2360 1734 2415 1778 et
2449 1722 2756 1794 adoptionis
2785 1733 2841 1780 et
2873 1726 3289 1794 nuncupationis
3309 1723 3504 1778 all‘cctu
3533 1767 3546 1790 ,
3571 1731 3630 1778 ut

2027 1827 2084 1873 et
2111 1833 2218 1888 prre
2249 1819 2459 1874 czcteris
2489 1819 2555 1873 sit
2584 1817 2894 1888 adoptatus,
2930 1830 2985 1874 et
3011 1818 3280 1888 adoptivis
3305 1819 3428 1874 aliis
3457 1818 3631 1888 major

319 1907 494 1965 sancti
518 1923 590 1964 ex
623 1909 958 1980 erattgelicis
984 1917 1145 1978 atque
1174 1906 1488 1977 apostolicis
1533 1905 1794 1962 institutis
1823 1906 1923 1962 ob-
1954 1905 2002 1966 Β
2031 1911 2148 1981 ipse
2185 1911 2254 1967 sit
2281 1911 2427 1975 tiliis,
2461 1919 2516 1966 et
2537 1911 2890 1966 excellentius
2916 1909 3127 1966 cunctis
3152 1912 3358 1966 naturis
3389 1922 3626 1977 creatus,

322 2003 520 2068 tinere,
561 2016 738 2072 neque
779 2001 1074 2072 quidquam
1104 1999 1261 2056 nobis
1298 2015 1423 2056 eum
1471 1997 1742 2055 hmrcticis
1768 2013 1928 2069 posse

321 2109 445 2150 esse
488 2109 800 2159 commune,
824 2093 1024 2165 quippe
1052 2093 1156 2148 illis
1181 2091 1522 2149 divinitatem
1557 2093 1770 2148 Domini
1803 2107 1930 2147 nos—

323 2186 391 2242 tri
412 2186 544 2243 lese
570 2185 772 2243 Christi
800 2187 920 2242 sine
971 2184 1132 2241 modo
1179 2194 1235 2240 et
1263 2186 1474 2241 ratione
1500 2194 1557 2242 et
1587 2194 1734 2242 metu
1763 2185 1929 2241 abne-

322 2279 576 2351 gantibus
600 2296 615 2334 :
643 2287 824 2334 tamen
850 2279 1015 2334 etiam
1047 2277 1130 2332 his
1157 2277 1354 2334 libellis
1379 2276 1626 2349 quaedam
1677 2291 1928 2333 necessa-

325 2374 408 2429 rio
445 2372 661 2429 fuerunt
701 2371 1244 2444 comprehendenda,
1294 2381 1354 2428 ut
1397 2372 1650 2428 erunibus
1703 2372 1928 2429 fallaciis

323 2481 512 2522 eorum
538 2465 972 2536 etimpietatibus
988 2464 1172 2532 editis,
1191 2465 1489 2521 absolutior
1511 2467 1669 2523 ﬂeret
1692 2467 1930 2536 cognitio

325 2559 591 2614 veritatis.
613 2559 676 2614 Et
694 2560 927 2631 primum
945 2558 1378 2630 cognoscendum
1399 2569 1505 2625 est,
1528 2575 1647 2632 quae
1668 2560 1931 2617 doctrinm

327 2667 517 2707 eorum
537 2653 815 2708 temeritas
842 2653 932 2716 sit,
951 2651 1166 2723 quodve
1185 2651 1561 2722 irreligiositas
1587 2653 1884 2723 perieulum
1913 2671 1927 2707 :

329 2746 529 2802 dehinc
562 2745 694 2817 quid
735 2745 1024 2802 adversum
1064 2745 1226 2802 iidem
1275 2745 1628 2816 apostolicam
1652 2787 1669 2814 ,
1701 2746 1788 2802 cui
1833 2760 1932 2801 nos

329 2840 713 2912 congruimus,
746 2839 982 2896 habeant
1034 2841 1335 2907 sententiae,
1389 2840 1588 2912 quidve
1637 2840 1817 2896 dicere
1847 2856 1935 2897 so-

335 2935 485 2990 leant
513 2950 545 2990 e
573 2935 870 2997 contrario,
910 2949 1083 3005 quave
1109 2933 1400 2990 verborum
1425 2931 1774 3005 ambiguitate
1805 2934 1936 2988 sim-

333 3031 558 3100 plicitati
580 3029 916 3086 audientium
938 3027 1196 3084 illudant:
1231 3038 1512 3098 postremo
1539 3044 1643 3098 qua
1669 3027 1934 3098 interpre-

334 3125 596 3180 tationem
622 3139 840 3180 suarum
869 3131 987 3178 arte
1026 3124 1310 3180 veritatem
1336 3123 1639 3179 divinorum
1666 3123 1934 3180 dictarunt

333 3220 699 3289 virtutemque
723 3226 1093 3287 corrumpant.

2030 2005 2296 2061 creaturis
2344 2005 2460 2075 ipse
2492 2002 2704 2058 cmteris
2736 2013 2974 2074 przcstet.
3016 2002 3180 2058 Aiunt
3212 2003 3372 2058 etiam
3411 2003 3628 2071 quidam

2031 2115 2217 2156 eorum
2253 2101 2346 2156 Dei
2377 2100 2826 2171 omnipatentiam
2864 2099 3206 2163 confitentes,
3239 2100 3293 2153 in
3323 2097 3633 2153 similitudi-

2031 2210 2156 2250 nem
2195 2209 2317 2249 eum
2354 2193 2451 2250 Dei
2479 2201 2741 2260 creatum,
2769 2202 2825 2249 et
2867 2209 2932 2249 ex
2983 2190 3153 2246 nihilo
3182 2192 3289 2263 73
3334 2201 3390 2246 ut
3435 2200 3629 2245 caetera

2031 2286 2084 2342 in
2113 2286 2304 2342 mterni
2337 2286 2481 2342 illius
2509 2286 2781 2343 Creatoris
2834 2286 2915 2341 sui
2949 2286 3235 2356 imaginem
3283 2285 3628 2340 constitisse:

2031 2383 2201 2438 verbo
2259 2381 2508 2437 videlicet
2559 2381 2629 2438 de
2699 2396 2806 2436 non
2872 2378 3208 2436 exstantibus
3250 2379 3458 2449 jussutn
3511 2393 3632 2434 esse

2032 2475 2349 2538 subsistere,
2389 2473 2499 2528 Deo
2527 2481 2748 2543 potente
2775 2470 3186 2527 similitudinem
3223 2471 3305 2526 sui
3346 2485 3420 2526 ex
3461 2469 3632 2524 nihilo

2033 2573 2311 2634 cooptare.

2102 2657 2159 2712 4.
2193 2654 2514 2710 Domousion
2542 2654 2608 2709 ob
2627 2671 2808 2710 sensus
2832 2671 3017 2726 procos
3059 2670 3298 2726 respuere
3332 2671 3386 2710 sc
3429 2656 3630 2723 con/in-

2035 2758 2182 2821 gunt.
2212 2748 2314 2815 Qui
2341 2749 2421 2804 illi
2441 2765 2640 2804 sensus.
2667 2779 2739 2790 -—
2766 2749 2907 2816 Quin
2933 2749 3094 2805 etiam
3120 2749 3174 2804 id
3198 2749 3482 2819 adjiciunt,
3508 2766 3631 2806 cum

2037 2846 2196 2900 unius
2234 2844 2549 2900 substantia:
2580 2843 2795 2899 Patrem
2837 2852 2893 2899 et
2929 2842 3119 2899 Filium
3151 2859 3273 2900 esse
3308 2846 3532 2899 audiunt
3567 2846 3635 2900 ab

2036 2936 2402 2992 anterioribtts
2419 2933 2491 3008 (ιτ)
2517 2936 2787 3008 episcopis
2808 2936 3180 3008 prardicatum,
3210 2945 3269 2992 nt
3288 2936 3344 2992 id
3369 2937 3638 2992 subtiliter

2038 3045 2137 3101 per
2161 3030 2398 3100 speciem
2440 3029 2708 3086 lia-reticeo
2737 3028 3012 3098 opinionis
3053 3028 3328 3084 inlirruent
3355 3044 3368 3082 :
3395 3028 3638 3086 dicentes

2038 3138 2134 3179 eos
2156 3121 2306 3178 verbi
2335 3120 2496 3190 hujus
2524 3121 2971 3192 signiﬁcationem
2999 3163 3014 3185 ,
3061 3121 3112 3176 itl
3159 3131 3243 3177 est
3262 3161 3277 3189 ,
3322 3123 3479 3177 unius
3503 3123 3636 3177 sub-

2040 3215 2273 3276 stantiae,
2290 3214 2431 3284 quod
2455 3213 3141 3286 graeceépoo-Jotoadieitur,
3169 3214 3270 3268 hoc
3295 3229 3457 3270 sensu
3487 3230 3641 3270 usur-

403 3312 461 3367 2.
509 3309 690 3366 Verbis
718 3311 954 3365 humanis
973 3326 1054 3365 res
1081 3310 1281 3365 divinus
1310 3327 1412 3364 non
1438 3311 1562 3365 bene
1584 3310 1932 3379 explicari.-—
1959 3304 2005 3366 C
2037 3323 2166 3378 pare
2196 3315 2363 3379 atque
2391 3305 2610 3377 eloqui,
2641 3317 2912 3377 tamquam
2947 3307 3062 3375 ipse
3092 3307 3162 3361 sit
3189 3317 3342 3376 pater
3370 3307 3463 3377 qui
3493 3319 3546 3363 et
3577 3305 3640 3361 li-

337 3402 454 3459 Non
484 3403 795 3474 ignoramus
837 3413 1039 3466 autem,
1067 3401 1133 3457 ad
1173 3415 1264 3459 res
1307 3404 1518 3460 divinas
1546 3403 1930 3473 explicandas,

341 3511 518 3567 neque
543 3496 824 3551 hominum
842 3493 1224 3564 elocutionem,
1256 3510 1432 3566 neque
1455 3505 1660 3550 natura:
1688 3496 1937 3551 humana)

340 3586 798 3659 comparationem
825 3601 986 3658 posse
1012 3587 1285 3643 sufﬁcere.
1309 3587 1464 3654 Quod
1490 3589 1634 3642 enim
1661 3586 1940 3643 inenarra-

338 3680 448 3738 bile
477 3691 584 3748 est,
616 3679 989 3750 signiﬁcantia:
1034 3679 1264 3750 alicujus
1294 3680 1454 3734 linem
1504 3690 1558 3736 et
1585 3684 1801 3736 modum
1833 3698 1939 3737 non

341 3772 501 3828 habet
527 3789 540 3824 :
575 3783 627 3828 et
651 3772 791 3842 quod
823 3771 1066 3840 spiritale
1087 3782 1192 3837 est,
1221 3771 1326 3827 ida
1358 3773 1541 3840 Specie
1569 3773 1937 3844 corporalium

342 3866 704 3936 exemploque
724 3865 998 3919 diversum
1021 3874 1123 3920 est.
1149 3863 1351 3918 Tamen
1375 3863 1484 3935 72
1502 3881 1622 3920 cum
1645 3868 1713 3921 de
1737 3867 1944 3920 naturis

343 3957 662 4014 coelestibus
689 3971 872 4012 sermo
902 3967 1007 4021 est,
1040 3955 1131 4010 illa
1156 3956 1294 4027 ipsa,
1326 3972 1445 4027 qua:
1485 3971 1651 4012 sensu
1681 3958 1940 4014 mentium

345 4050 716 4115 continentur,
748 4061 848 4104 usu
873 4047 953 4120 (ιι)
975 4052 1278 4103 communis
1299 4059 1353 4103 et
1376 4057 1582 4103 natura:
1604 4058 1660 4106 et
1680 4051 1947 4106 sermonis

348 4155 476 4201 sunt
501 4143 827 4217 eloquendo,
861 4159 966 4200 non
1013 4144 1198 4214 utique
1235 4143 1482 4214 dignitati
1533 4144 1624 4199 Dei
1663 4159 1900 4215 congrua
1929 4186 1944 4212 ,

351 4243 448 4302 sed
503 4243 706 4314 ingenii
755 4242 925 4297 nostri
982 4241 1337 4296 imbecillitati
1388 4241 1738 4306 necessaria;
1787 4240 1949 4295 rebus

352 4337 558 4393 scilicet
585 4334 872 4404 verbisque
912 4335 1112 4390 nostris
1139 4348 1205 4390 ea
1231 4349 1352 4403 qua:
1378 4340 1435 4389 et
1475 4333 1742 4388 sentimus
1784 4343 1834 4387 et
1866 4334 1947 4387 iu-

356 4429 648 4500 telligimns
675 4427 927 4482 locuturi.
978 4427 1157 4496 Atque
1194 4423 1309 4480 lucc
1357 4424 1499 4480 sicut
1545 4425 1719 4495 primo
1771 4424 1953 4480 libello

359 4533 524 4595 (uasa.
551 4522 642 4590 l9)
671 4519 853 4576 testati
882 4534 1094 4585 sumus,
1123 4533 1264 4574 nunc
1307 4532 1524 4588 quoque
1569 4517 1774 4574 idcirco
1801 4531 1830 4572 a
1859 4533 1955 4574 uo-

433 4616 514 4688 (l)
548 4615 900 4686 Proferemns.

433 4697 511 4768 (η)
544 4697 618 4768 Ita
647 4697 700 4750 itt
734 4693 961 4768 mssrAt
991 4693 1043 4749 in
1067 4693 1317 4768 vulgatis,
1341 4695 1620 4749 communi.

437 4765 509 4839 (ὁ)
542 4767 708 4839 Editi,
747 4783 854 4821 esse
872 4767 924 4822 in
945 4768 1168 4839 nomine.
1201 4765 1370 4839 Abest
1394 4782 1544 4839 essea
1568 4780 1702 4839 mss.
1727 4780 1955 4839 quorum

363 4834 525 4905 aliqui
557 4838 881 4908 subjiciunt,
909 4837 1032 4908 quia
1059 4839 1189 4892 sicut
1216 4835 1388 4908 plures
1413 4834 1513 4893 Dei
1539 4837 1659 4907 ﬁlii,
1687 4837 1762 4890 im
1795 4845 1845 4891 et
1875 4837 1957 4890 llic

370 4911 508 4962 filius
538 4909 634 4962 Dei
660 4911 746 4962 sil.

411 4913 508 4965 lius
538 4911 634 4964 Dei
660 4911 746 4966 sit.

365 4911 513 5053 ﬁll?)
538 4911 874 5047 ‘eziitsis,
899 4982 962 5034 ab
989 4979 1334 5053 nrrterioribtrs
1375 4995 1485 5053 esse
1502 5051 1512 5053 _
1530 4980 1782 5053 episcopis
1807 5021 1822 5045 ,
1871 4995 1954 5033 re-

369 5050 575 5109 dundat
597 5068 724 5115 esse,
758 5067 862 5109 nec
890 5052 1087 5105 habent
1119 5067 1247 5105 mss.
1274 5050 1609 5106 Vocabulum
1633 5050 1954 5105 homousiou

371 5126 439 5179 ah
481 5124 842 5180 anterioribus
868 5122 1526 5192 episcopis'prazdicatum
1575 5131 1800 5178 testatur
1845 5123 1959 5186 epi-

373 5199 510 5251 stola
530 5197 596 5252 ad
625 5194 845 5251 Pauluut
884 5197 1178 5258 Samosat.,
1206 5205 1335 5248 tom.
1369 5210 1427 5259 ι,
1474 5193 1669 5249 concil.
1707 5194 1961 5265 Dionysio

378 5267 743 5324 Alexandrino
768 5267 1064 5336 adscripta.
1097 5266 1210 5336 ipse
1241 5265 1436 5320 fatetur
1464 5267 1725 5321 Eusebius
1756 5264 1957 5320 Cmsttr.

376 5341 516 5410 apud
548 5341 759 5396 Socrat.
810 5341 844 5391 Ι.
874 5339 927 5402 l,
953 5335 1008 5391 7c.
1039 5337 1074 5391 5
1102 5356 1123 5410 :_
1147 5335 1441 5392 Noumtllos
1466 5380 1478 5400 ,
1529 5338 1696 5407 inquit
1720 5380 1731 5401 ,
1779 5348 1964 5410 veteres

377 5408 642 5482 episcopos
665 5421 713 5465 et
738 5413 1010 5479 scriptores
1034 5408 1212 5482 ,viros
1239 5425 1362 5482 sane
1388 5411 1602 5482 disertos
1641 5420 1789 5479 alque
1815 5409 1960 5462 illus-

381 5478 480 5538 tres
506 5525 520 5544 ,
549 5478 602 5535 iu
629 5478 890 5535 divinitate
928 5479 1233 5550 explicanda
1275 5478 1371 5533 hoc
1409 5480 1556 5533 verba
1602 5495 1964 5534 consuean-

382 5570 526 5611 τιΑιι
554 5569 672 5608 ttsos
693 5556 851 5625 fuisse
878 5553 1224 5625 cognovimus.
1252 5551 1398 5605 loter
1427 5567 1556 5625 eos,
1594 5552 1682 5625 qui
1713 5568 1792 5625 usi
1825 5553 1961 5625 sint,

382 5626 520 5682 duos
554 5622 835 5696 lliou'ysios
865 5622 1111 5679 recenset
1138 5624 1466 5696 Athanasius
1498 5623 1588 5675 Ιίιι.
1617 5623 1687 5678 de
1714 5622 1923 5696 Synod.
1949 5663 1964 5688 ,

387 5714 502 5768 pag.
534 5697 640 5752 9|8
662 5695 1084 5768 ,"l‘ertullianus
1125 5710 1372 5768 queque
1397 5695 1658 5768 adversus
1707 5695 1965 5749 Praxeam

388 5765 532 5824 iulia.
561 5768 618 5834 2,
671 5768 886 5824 Patrem
939 5778 992 5822 ct
1036 5765 1232 5826 Filium
1287 5767 1438 5821 unius
1477 5767 1772 5822 substantia:
1827 5780 1966 5836 prte-

385 5841 525 5895 dieat
536 5883 548 5895 .

460 5912 538 5982 (ά)
565 5911 687 5969 Mss.
720 5913 784 5969 de
834 5911 1132 5966 ltouwusion
1191 5909 1246 5966 lu
1280 5911 1381 5969 hoc
1423 5910 1640 5965 nomine.
1685 5907 1971 5966 scribendo

1981 4616 2036 4677 D

2044 3402 2148 3456 lius
2172 3443 2188 3469 ,
2221 3416 2288 3458 ex
2329 3401 2597 3456 inlinitate
2644 3400 2897 3456 videlicet
2917 3415 3013 3454 sua
3046 3408 3332 3469 proteusus
3377 3400 3428 3454 in
3463 3400 3640 3469 Virgi-

2044 3508 2191 3557 nem,
2224 3509 2292 3548 ex
2323 3508 2426 3562 qua
2463 3506 2660 3562 corpus
2691 3506 3008 3558 assumens,
3053 3493 3152 3546 sibi
3185 3493 3238 3546 iu
3276 3506 3343 3547 eo
3371 3507 3602 3563 corpore
3626 3534 3642 3560 ,

2045 3588 2186 3658 quod
2216 3587 2508 3657 asamnpsit
2536 3629 2550 3650 ,
2585 3585 2679 3640 lilii
2703 3602 2899 3640 nomen
2945 3585 3232 3641 addiderit.
3285 3587 3350 3641 Et
3381 3586 3497 3641 htec
3524 3587 3645 3657 qui-

2047 3683 2173 3737 dem
2200 3683 2279 3753 (d)
2313 3680 2380 3736 de
2408 3681 2692 3736 homonsio
2723 3696 2908 3735 eorum
2957 3680 3164 3736 falsitas
3202 3681 3372 3750 prima
3403 3691 3508 3736 est.
3551 3681 3646 3736 Se.

2049 3791 2221 3847 quens
2253 3774 2339 3830 illa
2369 3785 2454 3831 est
2475 3815 2491 3842 ,
2521 3775 2663 3846 quod
2703 3775 2973 3830 aflirment
3006 3775 3057 3828 id
3086 3775 3513 3832 enuntiationem
3551 3775 3648 3831 ho-

2052 3871 2246 3924 ntousii
2273 3867 2599 3939 signiﬁcare,
2628 3867 2773 3938 quod
2813 3865 2892 3924 rei
2921 3868 3209 3924 anterioris
3235 3879 3396 3938 atque
3424 3869 3650 3924 alterius

2050 3959 2359 4015 communio
2389 3961 2460 4014 sit
2477 3959 2720 4026 duobus,
2762 3969 2813 4014 ct
2844 3970 3113 4030 tamquam
3159 3961 3305 4029 prior
3349 3959 3648 4015 substantia

2056 4054 2137 4107 vel
2169 4053 2283 4106 usia
2304 4053 2544 4106 materia:
2589 4050 2817 4121 alicujus
2852 4052 3118 4106 exsnterit
3144 4093 3157 4114 ,
3191 4067 3310 4120 qua:
3336 4052 3651 4122 participato

2055 4146 2287 4213 duobus,
2318 4155 2374 4202 et
2403 4145 2455 4200 in
2490 4155 2718 4216 utroque
2747 4157 3089 4216 consumpta,
3119 4155 3402 4216 utrumque
3425 4147 3576 4202 illum
3597 4155 3654 4202 et

2059 4248 2264 4294 natura:
2285 4239 2612 4305 auterioris,
2645 4248 2701 4293 et
2727 4239 2803 4294 rei
2841 4253 2961 4294 esse
3000 4248 3228 4293 testelur
3268 4239 3444 4293 unius.
3477 4240 3653 4310 Atque

2061 4331 2262 4388 idcirco
2294 4332 2598 4403 improbare
2637 4348 2695 4388 se
2740 4333 3004 4387 Itomousii
3045 4335 3190 4389 aiunt
3221 4333 3646 4400 confessionem,

2060 4428 2201 4498 quod
2225 4429 2522 4481 enuntiatio
2546 4426 2666 4497 ejus
2689 4442 2864 4497 neque
2886 4427 3077 4483 Filium
3104 4444 3131 4480 a
3158 4428 3315 4483 Patre
3340 4427 3651 4498 distinguat,

2062 4531 2117 4576 et
2138 4521 2211 4592 (c)
2241 4519 2594 4590 posteriorem
2629 4520 2842 4575 Patrem
2873 4521 3118 4587 materia,
3150 4519 3220 4591 (f)
3251 4535 3369 4590 qua:
3400 4521 3501 4575 sibi
3527 4535 3650 4574 cum

2065 4709 2170 4748 non
2213 4693 2314 4749 sibi
2363 4700 2606 4757 consul,
2639 4690 2765 4747 illud
2798 4691 3119 4761 quandoque
3153 4710 3246 4762 per
3275 4709 3432 4749 casus
3463 4695 3650 4750 inllec-

2067 4773 2257 4828 tentes,
2293 4765 2493 4836 sapius
2522 4780 2651 4819 non.
2685 4764 2796 4818 lloc
2818 4764 3134 4836 vocabulum
3165 4780 3344 4834 priore
3375 4766 3466 4820 illo
3489 4781 3652 4822 sensu

2063 4851 2092 4890 a
2126 4837 2293 4891 Paulo
2321 4835 2688 4892 salttosatettsi
2720 4835 3090 4903 praedicatum,
3117 4849 3170 4889 ct
3201 4840 3267 4890 alt
3301 4839 3650 4893 Antiuclteuis

2065 4907 2310 4963 Patribus
2339 4907 2598 4978 rejectnm
2625 4906 2894 4961 indicabat
2916 4907 3144 4974 epistula
3169 4909 3516 4964 Orientalium
3544 4911 3656 4963 Sir-

2063 4980 2228 5104 migm
2256 4981 2428 5104 dotata
2451 5021 2465 5044 ,
2494 4979 2646 5049 cujus
2678 4989 3050 5048 :tl‘gtLLL'lllltm
3085 4980 3316 5035 refertur
3345 4981 3522 5036 lih.de
3550 4982 3652 5051 Sy-

2064 5068 2134 5104 no
2179 5091 2194 5104 .
2222 5068 2274 5104 u.
2387 5092 2396 5101 .

2064 5052 2194 5106 nod.
2222 5068 2274 5104 u.
2308 5052 2396 5105 lli.

2136 5123 2205 5193 (ε)
2240 5121 2390 5178 Unus
2418 5121 2586 5177 codex
2624 5121 2779 5176 Colb.
2826 5136 2970 5176 cum.
3007 5120 3141 5176 \‘ict.
3181 5130 3236 5176 et
3282 5123 3513 5177 Sorhon.
3565 5143 3655 5193 pa-

2136 5144 2205 5193 (ε)
2243 5144 2390 5178 υηιις
2418 5144 2586 5177 ευυιξι
2624 5144 2779 5176 υυιυ.
2826 5144 2970 5176 Clllll.
3013 5144 3141 5176 \lCl.
3181 5144 3236 5176 Cl
3282 5144 3513 5177 θυι-ηοω.
3586 5144 3628 5177 l0

2066 5193 2246 5249 liorem
2279 5211 2296 5248 :
2329 5210 2435 5248 non
2461 5196 2600 5248 inalo
2628 5208 2815 5257 sensu,
2839 5194 2883 5246 si
2913 5193 3110 5247 deinde
3136 5193 3489 5263 subjiceretur
3508 5237 3520 5255 ,
3555 5144 3630 5249 l’n

2067 5276 2142 5319 tre
2163 5267 2445 5320 materiam.
2483 5265 2672 5320 Verius
2705 5275 2884 5335 tamen
2915 5265 3001 5318 alii
3046 5267 3242 5319 habent
3280 5276 3611 5335 posteriorem.
3637 5309 3652 5333 ,

2070 5338 2143 5390 uti
2165 5348 2376 5391 constat
2400 5353 2464 5392 ea
2494 5336 2684 5408 libade
2709 5334 2941 5408 Synodis
2964 5354 3110 5390 num.
3135 5337 3225 5391 63.
3253 5334 3401 5391 llunc
3429 5341 3657 5394 alterunt

2069 5422 2292 5463 sensum
2318 5449 2333 5473 ,
2361 5423 2486 5463 cum
2533 5424 2563 5462 a
2595 5407 2761 5462 Paulo
2789 5416 2992 5461 tantum
3021 5423 3116 5476 per
3145 5409 3541 5464 cavillationem
3575 5413 3656 5462 in-

2069 5491 2253 5550 gestus
2280 5490 2458 5544 esset,
2504 5481 2683 5534 statim
2716 5481 2784 5533 ab
2815 5478 3165 5533 Antiocltenis
3198 5478 3442 5534 Pati-ibus
3473 5483 3660 5544 explo-

2073 5567 2191 5604 sum
2211 5550 2376 5607 fuisse
2391 5550 2550 5606 tradit
2575 5553 2897 5606 Athanasius
2925 5553 3016 5604 illi.
3058 5553 3124 5606 de
3150 5551 3352 5619 Synod.
3382 5567 3500 5620 pag.
3533 5553 3660 5614 920.

2075 5624 2218 5691 quod
2262 5639 2382 5678 cum
2433 5621 2783 5678 Orientalium
2839 5623 3103 5676 sententia
3165 5625 3404 5692 proxime
3451 5641 3478 5673 a
3511 5624 3665 5677 nobis

2079 5703 2374 5766 memorata
2401 5705 2700 5766 num‘stare
2740 5695 2941 5766 possit,
2972 5710 3071 5749 suo
3097 5695 3216 5749 loco
3257 5694 3321 5749 ad
3355 5694 3548 5750 librum
3595 5696 3663 5749 de

2078 5764 2316 5836 Synodis
2344 5764 2709 5836 expendemus

2153 5839 2224 5907 (f)
2267 5837 2382 5891 l‘ar.
2416 5835 2541 5891 eum
2589 5846 2770 5893 vetere
2797 5852 2896 5895 ms.
2943 5835 3099 5892 Colb.
3144 5853 3257 5906 qum
3301 5839 3395 5892 sibi
3443 5839 3504 5890 de
3535 5837 3661 5905 ﬁlio.

2083 5910 2261 5978 Forte,
2291 5924 2406 5981 qua:
2433 5910 2528 5964 sibi
2549 5919 2596 5963 et
2618 5910 2744 5979 ﬁlio.
