4048 6502
185 378 259 431 liii

1381 371 1472 429 DE
1512 368 1885 429 'I‘RIMTATE
1938 368 2145 427 LIBER
2172 370 2266 429 IV.

3351 356 3454 429 me.

177 499 323 545 autent
352 530 369 556 ,
399 488 488 558 qui
514 496 692 559 potens
713 497 789 543 est
815 487 1121 559 conﬁrmare
1148 502 1235 543 vos
1263 487 1544 543 secundum
1588 486 1757 542 Evan—
1784 487 1836 550 Α
1863 502 1973 552 me,
2003 494 2049 541 et
2096 484 2280 541 tenebit
2319 501 2397 541 me
2445 486 2651 540 deum
2700 492 2789 539 tua
2817 483 2994 558 (Psnl.
3036 498 3270 540 cxxxrtu
3290 527 3305 551 ,
3344 486 3376 540 7
3406 496 3451 539 et

177 581 344 655 gelitnu
386 595 555 634 meum
599 587 649 634 et
673 579 1089 649 medicationem
1132 578 1259 635 Iesu
1306 579 1532 646 Christi,
1575 596 1757 635 secun-

179 676 282 729 dum
323 672 680 729 reuelationem
725 674 1030 729 sacramenti
1076 673 1387 745 temporibus
1428 672 1759 728 tenuioribus

181 768 301 823 taciti
322 810 338 833 ,
370 766 686 838 mnuifettuti
716 777 890 823 autem
913 782 1047 821 nunc
1082 784 1172 840 per
1209 766 1510 837 Scripturas
1539 766 1761 839 prophe-

178 865 288 919 ticas
309 860 591 918 secundum
613 871 922 933 praeceptum
965 861 1146 915 a'ternl
1176 857 1275 915 Dei
1290 900 1309 929 ,
1338 861 1392 914 in
1424 858 1759 915 obedientiam

180 955 284 1025 ﬁdei
306 956 360 1010 in
395 970 570 1010 omnes
592 964 765 1029 gentes
788 955 1015 1026 cogniti,
1050 956 1148 1010 soli
1172 955 1389 1027 sapienti
1421 952 1531 1009 Deo
1556 969 1647 1027 per
1669 952 1763 1008 Je-

178 1067 276 1104 snnt
298 1046 560 1105 Christum
585 1090 601 1112 ,
623 1051 707 1104 cui
737 1047 905 1122 gloria
931 1050 987 1105 in
1022 1049 1213 1105 secula
1234 1048 1580 1105 saeculoruml
1604 1046 1757 1104 Rom.

180 1159 285 1211 ιη,
316 1143 391 1200 ‘25
425 1153 473 1198 et
492 1140 678 1216 seqq.)
706 1141 842 1198 Tum
882 1140 1032 1214 quod
1082 1142 1231 1198 solus
1280 1140 1655 1214 inusscibilis,
1707 1148 1764 1196 et

178 1237 306 1309 quod
343 1238 496 1293 solus
517 1250 679 1294 verus
708 1235 822 1309 73
855 1235 958 1300 sit,
986 1234 1111 1308 quis
1140 1232 1328 1291 Esaias
1370 1233 1569 1291 dixerit
1597 1233 1722 1307 (va
1742 1274 1758 1300 ,

182 1331 298 1401 i6):
324 1329 629 1386 Benedicent
667 1329 749 1400 (ο)
777 1337 827 1384 te
853 1326 1022 1384 Deum
1049 1331 1243 1384 nium.
1276 1327 1539 1400 Quodque
1585 1326 1637 1383 id
1688 1328 1765 1399 ip-

178 1439 287 1479 sum
314 1430 655 1479 contestatus
692 1421 764 1477 sit
810 1421 1070 1477 Dominus
1112 1421 1167 1478 in
1194 1419 1503 1493 Erangeliis
1527 1418 1715 1476 dim-ns
1743 1437 1759 1474 :

180 1515 297 1572 lltrc
317 1526 390 1571 est
412 1525 581 1570 autem
600 1515 707 1570 rita
732 1522 951 1579 (eterna,
976 1523 1033 1570 ut
1065 1521 1373 1586 cognoscant
1416 1521 1463 1568 te
1487 1512 1653 1568 solum
1681 1528 1764 1569 oc-

177 1625 284 1663 ruus
330 1605 496 1665 Deum
516 1651 532 1675 ,
563 1615 611 1663 et
638 1623 787 1678 quem
832 1606 1014 1663 misisti
1049 1606 1229 1664 Iesum
1277 1605 1538 1662 Christum
1564 1605 1760 1680 (locu.

184 1717 283 1758 xm
299 1744 316 1768 ,
344 1701 427 1776 3).
460 1701 597 1757 Tum
618 1701 741 1774 quis
771 1702 918 1758 solus
941 1700 1138 1769 bonus,
1162 1718 1231 1759 ne
1257 1700 1385 1775 quid
1413 1704 1484 1758 sit
1508 1701 1763 1760 bonitatis

178 1796 227 1850 in
256 1794 424 1862 Pilio,
460 1796 585 1865 quis
631 1808 727 1867 per
752 1808 878 1851 eum
906 1794 1111 1852 dictum
1142 1796 1214 1851 sit
1244 1813 1258 1851 :
1292 1794 1459 1853 Nemo
1496 1805 1574 1853 est
1602 1796 1764 1852 bonus

1857 597 1976 651 seqq
2004 577 2046 652 ).
2079 576 2233 635 Hunc
2255 594 2469 650 quoque
2496 576 2897 649 iucm'poreum,
2926 580 3050 650 quia
3080 578 3281 632 diutum
3334 577 3404 631 sit
3430 595 3454 633 νε

1861 671 2093 743 Spiritus
2117 674 2252 726 enim
2288 670 2424 726 Deus
2456 681 2529 726 est
2549 714 2564 734 ,
2592 680 2639 727 et
2673 670 2948 726 adorantes
2978 660 3131 735 eum,
3169 669 3225 724 in
3257 667 3459 738 Spiritu

1859 776 1908 822 et
1933 767 2145 820 veritate
2186 766 2408 821 adorare
2447 777 2647 836 oportet
2674 765 2855 839 (Joan.
2897 764 3125 835 “,9”.
3172 763 3325 820 llunc
3360 763 3460 819 lm-

1863 862 2244 918 mortalitatem
2299 859 2583 916 habentem
2641 870 2693 914 et
2741 860 3101 920 inrisibilem.
3154 857 3322 914 Paulo
3372 856 3457 913 di-

1860 962 2017 1009 cente
2044 971 2058 1009 :
2088 953 2191 1018 Qui
2210 956 2350 1008 solus
2387 951 2535 1009 habet
2567 953 3006 1009 inmortalitatem
3028 995 3042 1020 ,
3084 964 3131 1007 et
3170 951 3331 1008 lucem
3363 950 3459 1006 ha-

1862 1045 1989 1102 bitat
2030 1045 2429 1102 inaccessibilem
2456 1087 2470 1113 ,
2506 1062 2657 1118 quem
2702 1062 2848 1101 nemo
2889 1045 3151 1100 hominum
3182 1044 3305 1099 sidit
3328 1088 3343 1112 ,
3371 1060 3463 1101 nec

1863 1138 2032 1193 ridere
2059 1146 2224 1209 potest
2257 1137 2311 1209 (Ι
2338 1135 2476 1193 Tim.
2506 1153 2559 1193 v1
2583 1181 2598 1206 ,
2630 1135 2721 1210 i6)
2751 1155 2766 1205 ;
2802 1146 2859 1195 et
2888 1137 3183 1193 secundum
3216 1135 3457 1207 Evange-

1863 1233 1994 1289 llum
2025 1250 2041 1289 :
2072 1230 2241 1288 Deum
2267 1246 2417 1288 nemo
2454 1233 2581 1287 cidit
2605 1230 2848 1303 umquam
2871 1273 2886 1299 ,
2920 1233 3020 1287 nisi
3048 1232 3338 1305 unigenitus
3366 1227 3464 1286 Fi-

1864 1329 2003 1397 lius,
2033 1329 2123 1401 qui
2152 1337 2226 1385 est
2252 1328 2305 1383 in
2334 1330 2450 1384 sinu
2483 1325 2661 1383 Patris
2704 1326 2883 1398 (Joan.
2915 1341 2964 1394 ι,
2997 1323 3107 1396 18).
3149 1324 3301 1381 lluuc
3330 1338 3465 1393 quo-

1862 1438 1968 1497 que
2016 1422 2193 1478 solum
2222 1432 2532 1479 manentem
2582 1420 2691 1494 77
2731 1420 2803 1493 (c)
2853 1421 3273 1485 lnnascibilem,
3331 1420 3459 1491 quia

1864 1518 2066 1573 dictum
2111 1518 2183 1573 sit
2215 1534 2228 1570 :
2259 1514 2373 1591 Ego
2422 1533 2535 1571 sum
2565 1517 2652 1588 qui
2681 1530 2795 1571 sum
2843 1513 3039 1587 (Exod.
3073 1530 3131 1572 ut
3155 1558 3168 1579 ,
3225 1512 3320 1585 14)
3352 1532 3367 1581 ;
3410 1521 3466 1569 et

1866 1625 2077 1666 rursum
2112 1626 2126 1665 :
2161 1608 2253 1665 Sic
2271 1609 2409 1665 dices
2426 1609 2549 1680 [illis
2573 1606 2780 1675 Israel:
2811 1608 2954 1665 Misit
2984 1626 3064 1665 nte
3092 1610 3160 1663 ad
3194 1625 3281 1665 vos
3306 1611 3350 1665 is
3379 1611 3467 1680 qui

1864 1711 1940 1758 est
1964 1699 2185 1775 (lbid.),°
2208 1710 2263 1758 et
2284 1716 2381 1774 per
2400 1699 2690 1759 Jeremlam
2717 1719 2730 1757 :
2766 1699 2831 1777 (Ῑ)
2854 1699 2957 1771 Qui
2975 1719 3030 1758 es
3058 1698 3330 1770 Dominus,
3356 1701 3467 1758 Do-

1866 1794 2001 1848 mine
2026 1791 2243 1863 (Jerem.
2272 1810 2309 1860 t,
2351 1792 2425 1866 6).

178 1890 424 1945 nisiunus
452 1888 595 1946 Deus
624 1887 814 1960 (Μανεί
836 1904 890 1956 x,
917 1890 1031 1963 18).
1059 1888 1196 1947 Tum
1226 1890 1367 1962 quod
1394 1890 1543 1947 solus
1572 1904 1764 1962 potens

1937 1876 1992 1932 9.
2042 1874 2215 1930 Fraus
2261 1876 2314 1929 in
2355 1875 2614 1947 praedictis
2663 1876 2826 1933 latens
2871 1878 3135 1950 retegitur.
3181 1907 3255 1919 -—-
3295 1879 3471 1949 Atque

176 1986 277 2049 sit;
303 1985 428 2055 quia
476 1983 673 2041 l‘aulus
698 1983 897 2040 dixerit
926 2001 940 2037 :
968 1983 1129 2052 Quem
1173 1983 1483 2056 temporibus
1520 1983 1629 2040 suis
1678 1999 1764 2039 os-

178 2077 339 2134 tendet
374 2076 521 2132 nobis
554 2077 728 2132 beatus
770 2086 815 2133 et
853 2077 993 2132 solus
1025 2086 1205 2147 potens
1249 2092 1269 2132 :
1316 2077 1427 2132 lies:
1475 2093 1680 2150 regunt,
1720 2084 1769 2132 et

179 2167 424 2227 Dominus
472 2170 851 2225 dominantium
898 2169 953 2240 (Ι
977 2169 1113 2224 Tim.
1142 2186 1193 2226 Vl
1231 2213 1244 2237 ,
1295 2168 1407 2243 15).
1436 2169 1572 2226 Tum
1621 2168 1767 2241 quod

181 2264 315 2319 lmuc
375 2262 629 2319 noverint
670 2262 1132 2319 inconvertibilcm
1173 2272 1228 2320 et
1287 2261 1762 2329 indemutabllem;

175 2356 290 2425 quin
322 2372 422 2430 per
449 2354 768 2428 prophetam
793 2355 1031 2411 dixerit:
1066 2354 1178 2430 Ego
1199 2373 1313 2411 sum
1346 2356 1598 2412 Dominus
1627 2354 1768 2413 Deus

176 2461 353 2515 vester,
385 2459 436 2507 et
476 2465 576 2503 non
596 2448 829 2504 demutor
856 2448 1111 2521 (Halach.
1142 2466 1199 2505 tu
1220 2492 1233 2517 ,
1264 2448 1327 2524 6)
1353 2464 1370 2517 ;
1439 2458 1494 2505 et
1536 2448 1769 2515 lacubus

174 2541 453 2612 apostolus
478 2540 671 2596 dixerit
702 2539 775 2613 (ι,
812 2540 953 2611 l7):
980 2541 1132 2612 Apud
1169 2557 1315 2611 quem
1357 2558 1457 2597 non
1492 2551 1567 2598 est
1594 2542 1772 2598 dentu-

177 2636 316 2689 tatio.
354 2633 510 2689 ilunc
533 2634 735 2704 justum
758 2632 997 2704 judicem
1016 2632 1226 2705 (supple
1244 2634 1328 2690 hic
1353 2643 1400 2689 et
1423 2636 1581 2708 infra,
1611 2651 1772 2692 nove-

176 2726 302 2800 rint)
320 2767 338 2793 ,
365 2727 493 2798 quia
516 2725 773 2797 scriptum
794 2731 879 2782 est
902 2740 916 2778 ε
947 2720 1087 2780 Deus
1115 2726 1285 2801 judcs:
1306 2727 1483 2797 justus
1507 2769 1522 2795 ,
1550 2726 1699 2799 {ortis
1723 2736 1772 2783 et

172 2823 368 2889 patiens
397 2817 577 2893 (Psal.
617 2834 695 2875 vn
719 2859 736 2887 ,
764 2815 873 2890 l2).
909 2817 1059 2874 Hunc
1102 2818 1313 2876 cunctis
1352 2832 1768 2892 procurantem,

171 2915 290 2981 quia
327 2913 592 2970 Dominus
612 2914 827 2981 dixerit,
860 2928 982 2969 cum
1002 2915 1054 2970 ei
1075 2914 1140 2970 de
1161 2916 1348 2971 avibus
1376 2930 1555 2972 sermo
1582 2926 1727 2973 esset
1753 2933 1769 2972 :

171 3006 238 3062 Et
268 3006 433 3062 Pater
458 3018 617 3063 vester
638 3007 851 3064 scelestis
886 3010 1050 3079 pascit
1080 3008 1160 3082 (l)
1193 3010 1268 3083 (lt)
1294 3009 1415 3065 illos
1446 3009 1661 3082 (Matth.
1694 3026 1770 3078 νι,

169 3101 257 3173 ‘26)
283 3121 304 3170 ;
326 3112 384 3157 et
409 3118 626 3158 rursum
661 3120 675 3156 ι
714 3101 900 3159 Nonne
920 3104 1022 3159 duo
1043 3120 1271 3175 passeres
1300 3122 1414 3162 asse
1448 3116 1690 3174 veneunt,
1727 3116 1773 3160 et

170 3206 299 3249 unus
333 3213 402 3251 ea:
440 3195 551 3251 illis
578 3196 663 3269 (2)
688 3213 789 3256 non
817 3197 955 3253 cadit
978 3214 1131 3270 super
1154 3209 1341 3261 terram
1370 3199 1481 3254 sine
1518 3200 1774 3255 voluntate

1869 1967 1984 2023 haec
2013 1969 2135 2038 quis
2161 1983 2269 2023 non
2313 1969 2577 2041 intelligat
2619 1970 2772 2040 plena
2816 1970 3017 2026 fraudis
3046 1985 3169 2027 esse
3217 1980 3269 2027 et
3310 1970 3471 2043 plena

1869 2062 2132 2119 fallaciae?
2158 2078 2281 2135 quae
2309 2076 2637 2135 quamquam
2682 2066 2791 2119 sint
2818 2064 3088 2120 subtiliter
3125 2063 3350 2121 confusa
3391 2075 3473 2120 at»

1868 2169 1974 2226 que
2019 2156 2315 2225 permixta,
2347 2163 2528 2211 tamen
2571 2157 2817 2212 absolute
2857 2157 3205 2213 artificiosam
3253 2158 3475 2215 malitiae

1868 2258 1922 2305 et
1947 2249 2193 2306 stultitim
2232 2249 2583 2306 calliditatem
2611 2259 2665 2307 et
2697 2251 2952 2323 ineptiam
2997 2262 3281 2308 testantur.
3328 2251 3474 2308 inter

1869 2351 2067 2399 cetera
2098 2340 2243 2397 enim
2272 2340 2619 2410 addiderunt,
2650 2343 2827 2398 solum
2857 2359 2914 2398 se
2936 2344 3152 2400 Patrem
3185 2345 3475 2400 iunsscibl-

1870 2439 1975 2494 lem
2000 2437 2361 2509 cognovisse:
2386 2446 2655 2509 tamquam
2682 2437 2809 2493 hinc
2844 2439 3128 2510 quisquam
3161 2442 3331 2509 possit
3356 2456 3477 2494 atu-

1871 2531 2080 2603 higere,
2111 2547 2256 2597 eum,
2288 2546 2354 2588 ex
2385 2547 2493 2603 quo
2525 2532 2616 2588 ille
2638 2533 2851 2604 genitus
2882 2534 2952 2588 sit
2984 2549 3077 2603 per
3099 2549 3261 2603 quem
3293 2535 3475 2590 omnia

1872 2633 2017 2693 sunt,
2047 2626 2100 2682 id
2126 2625 2270 2696 quod
2293 2626 2408 2697 ipse
2436 2636 2521 2682 est
2550 2642 2580 2681 a
2610 2626 2828 2682 nemine
2862 2639 3238 2683 consecutum.
3274 2626 3329 2682 in
3360 2628 3476 2697 ipso

1873 2718 2016 2773 enim
2042 2760 2058 2786 ,
2092 2717 2234 2788 quod
2273 2726 2427 2787 pater
2453 2716 2650 2773 dicitur
2671 2760 2686 2781 ,
2715 2718 2835 2788 ejus
2870 2734 3033 2789 quem
3074 2720 3260 2791 genuit
3288 2732 3479 2777 auctor

1874 2815 2215 2881 ostenditur;
2242 2813 2294 2869 id
2322 2813 2526 2869 habens
2554 2829 2749 2870 nomen
2776 2815 2919 2885 quod
2950 2830 3127 2885 neque
3177 2815 3478 2885 proiectum

1874 2925 1939 2965 ex
1969 2908 2073 2967 alio
2102 2908 2450 2978 intelligatur,
2483 2917 2539 2963 et
2567 2925 2629 2963 ex
2666 2924 2778 2987 quo
2807 2910 2852 2964 is
2880 2912 2971 2979 qui
2994 2910 3210 2988 genitus
3238 2922 3321 2965 est
3351 2912 3479 2972 sub-

1875 3005 2076 3060 stitisse
2106 3005 2382 3059 doceatur.
2417 3003 2581 3075 igitur
2609 3004 2681 3069 id,
2717 3006 2859 3075 quod
2898 3008 3005 3060 Deo
3028 3009 3165 3075 patri
3198 3010 3479 3077 proprium

1876 3107 1979 3162 est,
2014 3097 2288 3169 proprium
2317 3096 2364 3151 ei
2399 3112 2461 3152 ac
2488 3106 2760 3153 secretum
2789 3097 3176 3169 relinquamus,
3211 3102 3479 3157 contiten-

1880 3201 1959 3257 tes
2000 3192 2054 3252 iu
2102 3206 2167 3253 eo
2197 3198 2412 3255 uterum
2446 3189 2662 3254 virtutis
2710 3191 3082 3253 innascibilem
3128 3201 3473 3263 putestatcm.

170 3288 347 3347 Patris
375 3291 701 3348 oestri.’Sed
720 3301 768 3346 et
789 3293 966 3361 capilli
991 3293 1173 3365 capitis
1204 3295 1354 3347 vestri
1380 3294 1633 3353 numerati
1652 3306 1768 3348 sunt
1796 3285 1840 3349 C
1873 3286 2085 3343 Nemini
2117 3298 2292 3342 autem
2318 3285 2539 3341 dubium
2568 3302 2687 3342 esse
2713 3287 2984 3354 existimo,
3023 3288 3094 3341 ob
3120 3303 3238 3341 eam
3266 3303 3482 3343 causam

166 3383 388 3456 (Matth.
417 3403 476 3455 ι,
504 3384 623 3457 29).
654 3384 1008 3442 ﬂuuc‘outnia
1031 3386 1427 3456 pmildentem,
1457 3389 1592 3444 sicut
1619 3389 1771 3445 beata

166 3478 423 3536 Susanna
448 3478 586 3535 dicit
610 3495 623 3531 :
657 3477 793 3534 Deus
823 3487 1060 3544 internus,
1086 3478 1499 3539 absconditorunt
1523 3472 1773 3554 cognitor;

164 3570 333 3624 sciens
357 3571 545 3625 ontuia
573 3579 693 3624 ante
719 3569 1096 3641 generationem
1124 3585 1296 3626 eorum
1320 3569 1481 3643 (Dan.
1514 3587 1627 3636 xm,
1654 3571 1772 3643 42).

166 3664 322 3719 ilonc
366 3664 542 3720 etiam
591 3664 664 3736 (c)
712 3664 1180 3736 inconceptibiiem
1214 3705 1228 3731 ,
1279 3664 1574 3732 secundum
1626 3664 1770 3735 quod

163 3757 368 3813 dictum
392 3762 487 3812 est
513 3774 526 3807 :
566 3754 761 3811 Cretum
788 3754 913 3811 mihi
942 3754 1156 3810 thronus
1181 3765 1277 3821 est,
1307 3765 1440 3811 terra
1467 3765 1640 3811 autem
1667 3772 1780 3811 sca—

161 3848 354 3906 bellum
382 3850 474 3923 (5)
508 3849 699 3919 pedum
739 3865 988 3904 meorum.
1022 3848 1188 3916 Quam
1211 3848 1420 3905 dontunt
1459 3848 1781 3918 adiﬁcabitls

162 3946 290 3999 mihi
313 3989 327 4010 ,
354 3954 455 3999 aut
481 3944 602 4017 quis
627 3945 771 4000 locus
800 3944 1126 4014 requietionis
1164 3959 1288 3998 mea:
1308 3944 1335 3999 2
1378 3942 1504 3999 Htec
1528 3945 1661 3998 enim
1701 3946 1782 4015 {e-

158 4037 227 4090 cit
248 4048 450 4091 ntanus
479 4053 618 4103 mea,
651 4044 835 4091 etsunt
861 4035 1036 4090 omnia
1060 4034 1168 4090 haec
1194 4052 1302 4090 mea
1335 4033 1482 4110 (Eia.
1508 4051 1666 4101 ιιγι,
1704 4034 1777 4106 l).

158 4131 317 4187 ilunc
342 4146 577 4201 quoque
597 4131 896 4201 capientem
918 4129 1121 4197 omnia,
1151 4129 1319 4185 Paulo
1342 4137 1576 4186 testante
1597 4149 1609 4182 ;
1643 4127 1785 4194 ρηο-

156 4224 300 4277 niam
332 4224 390 4278 iss
417 4224 544 4295 ipso
568 4222 804 4290 uisimus,
829 4230 875 4276 et
903 4214 1183 4290 monemur,
1213 4231 1260 4276 et
1283 4237 1460 4275 sumus
1484 4220 1621 4292 (Act.
1652 4235 1782 4287 xvu,

154 4319 284 4387 28);
320 4328 382 4373 et
415 4314 854 4387 Psnlumgrapho
877 4315 1091 4372 dicente
1122 4333 1136 4371 :
1166 4315 1248 4391 (d)
1281 4315 1396 4386 Quo
1417 4317 1565 4371 abibo
1589 4315 1653 4373 alt
1679 4317 1789 4394 spi-

154 4412 260 4465 ritu
283 4420 406 4477 tuo,
437 4419 491 4465 et
530 4428 564 4462 u
594 4408 730 4478 [acie
754 4418 840 4463 tua
866 4426 965 4479 quo
1000 4409 1232 4480 fugiam?
1273 4408 1337 4465 Si
1374 4408 1685 4464 adscendcro
1733 4413 1785 4464 in

68 4533 73 4537 ο
154 4505 368 4570 (mlunt,
392 4512 456 4557 tu
480 4501 597 4555 illic
623 4518 711 4569 es;
738 4501 1108 4557 sidesoendero
1132 4502 1212 4573 (Δ)
1237 4504 1305 4556 ad
1325 4503 1608 4575 infernum,
1631 4503 1784 4571 ades;

151 4601 194 4650 .ιὲ
224 4612 523 4669 sumpsero
554 4612 750 4665 pennas
780 4611 917 4649 meas
943 4604 1062 4649 ante
1088 4594 1252 4649 lucem
1274 4636 1289 4662 ,
1332 4605 1378 4649 et
1404 4593 1701 4654 habitarem
1730 4596 1783 4649 in

1882 3383 1931 3435 in
1959 3380 2305 3437 coiticssione
2338 3379 2431 3436 Dei
2464 3379 2634 3451 patris
2660 3379 2903 3452 qumdam
2936 3381 3054 3448 ejus
3081 3389 3360 3459 tamquam
3380 3395 3479 3452 pe-

1879 3476 2100 3535 culiaria
2126 3484 2182 3532 et
2213 3475 2416 3547 privata
2448 3475 2765 3540 memorari,
2818 3489 2886 3529 ne
2928 3484 3129 3545 przeter
3177 3478 3351 3546 ipsum
3396 3490 3488 3535 eo-

1880 3586 2000 3625 rum
2033 3569 2316 3639 quisquam
2348 3568 2616 3639 particeps
2663 3568 3018 3646 relinquatur.
3063 3569 3193 3624 Cum
3226 3570 3370 3625 enim
3401 3568 3487 3629 di-

1883 3674 2031 3728 cunt,
2069 3663 2239 3717 solum
2276 3664 2351 3735 (ῃ)
2382 3679 2591 3730 verum,
2621 3665 2795 3719 solum
2818 3664 3047 3735 justum,
3073 3666 3244 3720 solum
3266 3667 3492 3737 sapien-

1884 3766 2015 3823 tem,
2046 3757 2220 3812 solum
2255 3758 2611 3827 iuvisibilcm,
2664 3755 2838 3819 solum
2886 3756 3124 3823 bonum,
3176 3756 3353 3821 solum
3399 3773 3493 3828 po-

1886 3857 2109 3915 louiom,
2145 3848 2320 3904 solum
2344 3849 2802 3905 immortalitatem
2830 3832 3117 3906 habentem
3135 3866 3153 3915 ι
3172 3849 3234 3905 in
3257 3865 3328 3909 co
3347 3850 3491 3920 quod

1885 3942 2034 3997 solus
2067 3945 2182 4005 haec
2208 3944 2311 4005 sit.
2344 3958 2371 4000 a
2403 3944 2787 3999 communione
2814 3958 3005 3998 eorum
3049 3945 3345 4001 semiudum
3396 3946 3494 4000 hos

1885 4036 2056 4097 Filius
2083 4046 2381 4109 separatur.
2423 4038 2504 4114 (Ιι)
2534 4039 2652 4096 Soli
2674 4040 2836 4107 enim,
2864 4050 2922 4097 ut
2943 4043 3116 4109 aiunt,
3146 4045 3360 4117 propria
3383 4057 3491 4106 non

1886 4132 2280 4202 participantur
2308 4135 2375 4187 ab
2403 4134 2599 4189 altero.
2642 4134 2775 4201 Quae
2817 4137 2867 4190 si
2906 4135 2958 4192 iu
3000 4135 3171 4195 Patro
3200 4135 3350 4202 solo,
3385 4153 3492 4202 non

1887 4226 2051 4280 etiam
2100 4226 2149 4279 in
2183 4224 2321 4281 Filio
2350 4241 2473 4281 esse
2500 4227 2987 4295 existimabuntur;
3041 4241 3267 4285 necessc
3305 4238 3394 4285 est
3439 4237 3498 4285 ut

1887 4317 2055 4373 Filius
2087 4320 2224 4374 Deus
2246 4327 2303 4378 et
2328 4317 2519 4387 falsus,
2559 4330 2613 4377 et
2643 4321 2919 4390 insipiens,
2952 4331 3009 4381 et
3027 4320 3326 4378 secundum
3356 4337 3492 4378 con-

1888 4413 2176 4484 spicahiles
2203 4416 2457 4470 materias
2484 4429 2799 4485 corporeus,
2825 4425 2881 4469 et
2905 4415 3231 4481 malevolus,
3262 4425 3317 4470 ct
3344 4416 3496 4477 inlit-

1890 4522 2031 4573 nms,
2060 4519 2116 4564 et
2150 4520 2301 4563 extra
2343 4507 2808 4563 immortalitatem
2839 4522 2963 4565 esse
2990 4509 3277 4575 credatur,
3307 4510 3397 4577 qui
3428 4510 3497 4565 ab

1892 4599 1976 4654 his
2001 4602 2269 4659 omnibus.
2304 4616 2426 4657 cum
2455 4603 2506 4656 in
2542 4603 2626 4655 his
2655 4600 2815 4656 Pater
2843 4604 2913 4656 sit
2938 4603 3108 4670 solus,
3140 4603 3428 4673 excipitur.

151 4692 441 4761 postremis
476 4689 644 4743 maris
690 4704 709 4743 :
738 4687 922 4743 etenim
952 4685 1032 4760 (5)
1071 4688 1194 4743 illuc
1240 4704 1423 4745 manus
1462 4700 1549 4744 tua
1576 4689 1791 4747 deducet
1817 4681 1871 4744 D
1975 4694 2059 4752 l0.
2110 4692 2237 4751 Filii
2258 4697 2420 4752 honor
2442 4696 2519 4751 nil
2539 4696 2757 4752 detrahit
2782 4693 2951 4757 Patri.
2981 4728 3049 4745 -ι
3078 4698 3281 4758 Dicturi
3308 4709 3490 4759 autem

260 4854 313 4928 l)
346 4853 433 4928 ita
465 4849 649 4928 codex
677 4847 888 4928 Ἶρι-δη
918 4850 1213 4928 anteriore,
1241 4850 1355 4906 illa.

260 4857 313 4928 i)
346 4857 433 4909 Ita
465 4857 649 4906 codex
681 4857 802 4905 Ver.
835 4857 888 4904 In
918 4857 1213 4915 anteriore,
1241 4857 1355 4906 illa.

224 4857 309 4997 (2)
352 4924 491 4978 Non
516 4922 686 4997 cadet.
722 4921 1014 4997 l_t_t_Gr:eco,
1045 4924 1101 4977 οὐ
1134 4932 1386 4980 πεσεῖται.

345 4993 701 5055 Scantilluns.
735 4992 1045 5049 Vitruviana
1078 5011 1201 5050 vos.

223 5140 306 5210 in)
343 5139 405 5193 lu
438 5138 589 5191 edit.
616 5148 662 5190 te
687 5138 852 5210 solum
882 5136 1063 5210 Dauni.
1099 5139 1261 5193 Abest
1289 5138 1375 5193 hic
1408 5140 1571 5194 solum
1602 5156 1627 5193 τι
1663 5155 1793 5196 mss.

154 5207 304 5273 sicut
331 5224 393 5269 et
429 5212 471 5265 l.
511 5225 549 5264 ν
575 5252 591 5274 ,
625 5225 677 5262 u.
712 5207 785 5263 25
810 5218 868 5263 et
890 5209 982 5265 26.
1010 5209 1110 5266 Ubi
1143 5215 1283 5265 hunc
1325 5213 1498 5266 locum
1523 5213 1591 5267 ab
1621 5211 1796 5268 hatre-

154 5288 665 5352 ticiscorruptum
699 5296 820 5337 esse
851 5282 1269 5337 demonstratur.

224 5382 307 5451 ib)
347 5377 510 5433 Edit.
553 5373 801 5451 ὀμφὴ-μ
840 5388 974 5451 _mss.
1008 5373 1142 5451 illa,
1187 5373 1380 5448 supple
1424 5375 1690 5440 volatilia,
1742 5386 1798 5431 ut

154 5443 361 5519 legitur
387 5462 530 5516 cap.
563 5446 602 5497 5
635 5445 685 5498 in
707 5443 894 5499 Matth.
929 5460 1082 5500 num.
1113 5446 1165 5501 9.

228 5546 307 5615 (c)
343 5538 681 5615 3133.)?th
710 5537 824 5599 bus.
852 5580 866 5605 ,
909 5546 963 5593 et
1011 5538 1275 5615 Ca_rnut._,
1317 5540 1786 5615 inconspicnbilent,

158 5609 389 5672 [tertius
419 5613 522 5668 alii
560 5609 721 5672 libri,
754 5610 1214 5677 inconceptiltilem,
1240 5609 1343 5667 hoc
1373 5619 1458 5675 est
1480 5609 1609 5685 ,7un
1646 5613 1794 5668 nullo

156 5691 274 5760 capi
311 5690 442 5743 loco
474 5690 694 5755 potest.

234 5783 316 5853 (rt)
356 5782 417 5836 lu
454 5772 849 5843 eotnplurihus
871 5790 1002 5833 mss.
1030 5791 1131 5844 quo
1162 5774 1266 5829 ibo.
1306 5774 1363 5832 in
1403 5775 1796 5846 antiquioribus

174 5866 235 5902 \sl
258 5897 272 5902 _
302 5872 411 5902 mm
442 5849 637 5902 abibo.

157 5866 235 5907 est
258 5897 273 5916 ,
302 5872 411 5922 qun
442 5866 637 5903 amco.
959 5915 970 5925 .

237 5936 309 5997 ιιι)
380 5925 503 5980 vos
558 5918 916 5973 inamabilem
956 5935 1010 5974 tu
1061 5917 1209 5990 prius
1237 5918 1468 5992 vulgatis
1512 5934 1794 5991 perperam

1972 4857 2055 4923 (ιι)
2088 4856 2150 4930 in
2172 4859 2452 4930 infernum.

1976 4929 2060 5001 (Et)
2091 4929 2146 4985 in
2169 4929 2461 4997 anteriore,
2496 4934 2624 4988 illic.

1910 5138 2112 5193 omissa
2140 5146 2224 5191 est
2257 5154 2270 5190 :
2303 5153 2423 5192 cum
2457 5139 2539 5194 vel
2571 5156 2634 5194 ex
2660 5154 2719 5194 ea
2752 5141 2982 5197 maxime
3012 5140 3243 5199 Hilarius
3271 5144 3320 5199 in
3345 5161 3503 5203 ruite--

1911 5212 1985 5264 ris
2017 5208 2332 5262 Arianorum
2362 5212 2640 5265 sententiis
2663 5210 2905 5274 fraudem
2928 5212 3094 5268 latore
3118 5232 3240 5271 mox
3270 5233 3477 5274 utmost

1910 5279 2232 5336 Restituitur
2273 5295 2373 5350 ope
2403 5299 2533 5337 mss.

1983 5350 2051 5423 (ί)
2110 5350 2274 5417 B:td.,
2332 5350 2426 5406 Er.
2460 5365 2513 5427 et
2544 5352 2688 5427 Lips.
2738 5371 2875 5425 quos
2916 5364 2974 5412 et
3019 5368 3286 5427 postrema
3337 5360 3503 5421 editio

1912 5424 2031 5478 Par.
2064 5432 2242 5477 secuto
2269 5431 2371 5489 est,
2400 5424 2487 5492 qui
2506 5443 2559 5478 es
2590 5424 2826 5489 huiusne,
2860 5424 3056 5487 omissa
3092 5448 3223 5486 νοω
3253 5431 3504 5489 Dominus

1912 5506 2107 5581 [tradet
2156 5492 2314 5549 ﬁdem
2364 5511 2493 5550 mss.
2549 5508 2601 5552 et
2652 5501 3019 5570 Septuaginta,
3105 5502 3218 5558 ἰὼν
3272 5505 3504 5564 Crono-aa

1904 5583 2074 5622 κνοω.

2011 5587 2074 5621 ιδ.

1976 5587 2066 5761 (ἕ)
2117 5635 2255 5690 Εόὶιὶ
2276 5678 2288 5701 ,
2326 5654 2495 5693 verunt
2523 5636 2687 5693 Deum
2712 5657 2731 5695 :
2773 5648 3124 5699 renitentth
3156 5662 3286 5701 mss.

1978 5714 1993 5761 l
2044 5712 2059 5761 l
2104 5707 2217 5761 H00
2247 5709 2299 5761 in
2343 5712 2559 5761 modum
2591 5713 2734 5761 eliati
2778 5714 3133 5761 nhilnxnnhim
3166 5733 3286 5761 ριηιι

1978 5707 2059 5785 (lt)
2104 5707 2217 5762 Hoo
2247 5709 2299 5761 in
2343 5712 2734 5785 modumueliati
2778 5714 3133 5785 philosophia
3166 5720 3497 5777 enuntiatur.

1904 5780 1972 5860 ᾼι
1998 5779 2043 5832 si
2076 5789 2439 5860 Ctiitl‘yelllSlO
2475 5782 2665 5860 codice
2692 5779 2846 5840 Coib.
2881 5779 3097 5860 necnon
3146 5791 3328 5845 Germ.
3365 5810 3497 5860 pne-

1906 5850 2047 5924 leras
2074 5892 2085 5909 .
2122 5850 2235 5924 Soli
2260 5853 2573 5924 enimsunt,
2609 5855 2749 5908 aiunt
2768 5875 2785 5924 ;
2814 5856 3153 5917 referendum
3180 5864 3281 5919 crit
3303 5850 3401 5919 soli
3431 5864 3498 5918 ad

1912 5921 2147 5989 Patrem,
2178 5922 2321 5977 aiunt
2349 5923 2415 5979 ad
2446 5924 2693 5980 Asianos.
