4048 6446
576 347 671 400 Hi

1756 317 1995 378 SANCTI
2036 315 2291 377 HILARII
2332 318 2637 379 El’lSCOPl

3756 322 3862 382 lli

571 460 690 514 tulit
738 444 1023 526 singularis
1073 444 1479 517 intelligentiam
1508 438 1837 513 professione
1873 437 2150 493 consortii.
2183 437 2231 497 Α
2268 435 2360 489 Dei
2394 436 2473 508 (c)
2515 438 2611 509 feci
2648 437 2898 504 hominem
2935 436 3085 511 (Ceu.
3131 454 3205 502 Ix,
3237 439 3318 513 6).
3349 437 3528 496 Etiam
3559 438 3648 496 bic
3668 439 3866 495 distin-

571 538 913 608 Consnrtium
942 555 1120 599 autem
1149 558 1270 599 esse
1297 537 1510 611 aliquod
1533 534 1776 592 solitario
1807 530 1891 605 (I)
1921 532 2036 602 ipse
2062 530 2163 585 sibi

572 662 679 700 non
728 650 929 714 potest.
961 637 1147 707 Neque
1193 648 1407 690 rursum
1440 629 1632 701 recipit
1677 627 1900 682 solitarii
1930 621 2166 679 solitudo

572 741 824 810 faciamus
846 743 1067 803 ;'neque
1113 731 1392 802 quisquam
1422 723 1603 781 alieno
1646 737 1677 778 ιι
1706 736 1765 778 se
1810 731 2037 774 nostrum
2087 716 2167 773 lo-

572 833 775 905 quitur.
810 828 1046 898 Uterque
1074 838 1275 886 sermo,
1323 831 1377 878 et
1417 820 1668 889 faciamus
1713 824 1768 872 et
1813 822 2059 905 nostram,
2109 820 2168 868 ut

574 904 872 981 solitarium
899 920 1256 988 eamdemque
1285 931 1395 971 non
1427 914 1658 985 patitur;
1692 910 1764 967 ita
1790 922 1964 993 neque
1989 904 2167 962 divero

571 1035 691 1076 sum
720 1034 752 1073 a
778 1017 1199 1085 sealienumque
1238 1009 1524 1081 significat.
1573 1009 1678 1062 Aut
1721 1018 1926 1076 qumro,
1967 1000 2011 1057 si
2043 1014 2164 1057 cum

572 1113 759 1167 audias
779 1110 1098 1173 solitarium,
1125 1117 1300 1160 utrum
1329 1117 1435 1159 non
1458 1102 1631 1171 ipsum
1661 1097 2020 1160 eamdemque
2044 1110 2168 1151 esse

572 1205 886 1261 existimes?
912 1193 1144 1257 autcum
1166 1197 1351 1253 audias
1374 1209 1481 1251 non
1504 1192 1675 1264 ipsum
1695 1207 1870 1261 neque
1892 1189 2163 1253 eumdem,

572 1314 712 1353 anne
730 1298 869 1366 quod
892 1294 1166 1350 solitarius
1193 1301 1398 1348 tantum
1420 1289 1491 1346 sit
1518 1286 1821 1358 intelligas?
1847 1283 1904 1339 in
1926 1283 2168 1338 solitario

570 1408 700 1463 ergo
726 1390 1023 1455 solitarius,
1076 1391 1131 1443 in
1178 1402 1285 1443 non
1314 1384 1503 1441 eodem
1528 1397 1657 1439 vero
1685 1395 1859 1451 neque
1889 1379 2027 1449 ipso,
2058 1390 2164 1431 non

575 1484 847 1542 solitarius
873 1486 1193 1553 reperietur.
1219 1480 1473 1537 Solitario
1496 1491 1626 1547 ergo
1650 1470 1919 1540 convenit,
1950 1468 2163 1539 faciam,

570 1588 624 1633 et
655 1594 864 1634 meam:
901 1592 1006 1630 non
1045 1574 1289 1629 solitario
1322 1585 1472 1637 vero,
1507 1567 1752 1640 faciamus
1773 1608 1787 1633 ,
1818 1575 1874 1620 ct
1916 1576 2160 1619 nostrain.

646 1671 734 1727 18.
788 1667 903 1723 Nec
932 1666 1159 1722 solitudo
1204 1672 1278 1719 est
1326 1677 1418 1717 uec
1463 1659 1742 1715 divinitatis
1780 1657 2063 1711 diversitas.
2096 1684 2167 1695 -—-

568 1763 704 1820 Cum
734 1764 915 1831 itaque
944 1761 1190 1830 legimus,
1220 1754 1497 1811 Faciamus
1521 1753 1778 1808 hominem
1804 1751 1872 1804 ad
1892 1750 2165 1821 imaginem

2268 530 2445 603 gnitur
2470 531 2793 602 exemplum,
2822 546 2980 602 opus,
3009 546 3261 605 operam.
3293 532 3432 588 Deus
3457 544 3686 589 testatur
3711 548 3770 589 sc
3793 532 3860 589 ad

2269 622 2552 693 imaginem
2584 622 2673 679 Dei
2702 622 2972 681 hominem
2998 626 3211 681 fecisse.
3234 626 3365 681 Cum
3394 626 3675 682 faciendus
3699 629 3862 681 homo

2268 728 2371 783 est,
2403 719 2527 789 quia
2559 716 2634 790 (fi)
2657 716 2725 773 de
2757 732 2837 783 se,
2866 732 3043 789 neque
3072 718 3139 773 ad
3164 732 3226 774 se
3252 718 3593 788 loquebatur,
3623 717 3765 774 dixit
3794 717 3863 773 ad

2268 812 2541 883 imaginem
2568 818 2793 865 nostram
2827 824 2993 866 :cum
3016 817 3197 868 autem
3231 810 3401 868 factus
3435 812 3596 867 homo
3616 822 3721 879 εει,
3756 810 3863 868 Fe-

2268 909 2336 962 cit
2380 904 2547 962 Deuut
2587 907 2838 961 hominem
2863 907 2932 961 ad
2969 905 3243 978 imaginem
3284 902 3565 976 Dei.,Non
3601 904 3866 978 ignaravit

2267 1000 2451 1071 utique
2492 999 2638 1057 verbi
2668 999 3049 1071 proprietatem
3076 1041 3091 1063 ,
3122 998 3168 1055 si
3209 998 3310 1055 sibi
3354 1000 3467 1070 ipse
3504 1001 3821 1070 loqueretur
3842 1039 3861 1068 ,

2270 1102 2325 1149 ut
2353 1092 2558 1149 diceret
2585 1136 2600 1157 ,
2632 1091 2757 1148 Feci
2788 1092 2853 1148 ad
2886 1093 3173 1165 imaginem
3219 1108 3420 1151 meam.
3454 1094 3672 1150 Dixerat
3714 1094 3861 1152 enim

2268 1186 2334 1242 ad
2365 1183 2836 1243 demonstrandam
2880 1197 3087 1243 natura:
3131 1189 3393 1245 unitatem
3416 1232 3433 1257 ,
3484 1186 3766 1246 Faciamus
3794 1191 3863 1246 ad

2269 1290 2514 1337 nostram.
2546 1280 2732 1350 Neque
2767 1294 2978 1336 rursum
3009 1279 3251 1337 confudit
3276 1280 3345 1338 do
3372 1278 3617 1339 solitario
3653 1297 3716 1339 ac
3750 1296 3860 1341 non

2269 1378 2511 1433 solitario
2544 1374 2982 1446 intelligentiam:
3005 1392 3127 1434 cum
3152 1375 3435 1434 hominem
3467 1378 3609 1435 Deus
3634 1378 3855 1447 faciens,

2269 1474 2336 1527 ad
2363 1472 2631 1544 imaginem
2660 1470 2757 1525 Dei
2788 1470 2996 1527 fecerit.

2338 1565 2430 1622 20.
2484 1566 2691 1621 Patrem
2722 1583 2823 1622 non
2860 1568 2956 1623 sibi
2991 1578 3045 1622 ut
3086 1566 3316 1624 solitario
3342 1582 3603 1625 esculus
3629 1568 3859 1625 locutum

2268 1680 2396 1719 esse.
2425 1695 2495 1705 -—-
2530 1663 2681 1729 Quod
2715 1663 2759 1717 si
2806 1663 2973 1719 Deum
3008 1656 3224 1736 patrem
3265 1664 3565 1720 solitarium
3609 1663 3710 1720 sibi
3740 1664 3858 1721 huic

2270 1756 2506 1812 locutum
2535 1755 2697 1811 fuisse
2722 1756 2993 1814 affirmare
3015 1757 3185 1823 voles,
3214 1766 3485 1827 tamquam
3513 1752 3737 1814 concedi
3764 1756 3857 1814 tibi

569 1870 617 1914 et
644 1858 1033 1914 similitudinem
1061 1863 1323 1916 nostram;
1345 1852 1465 1922 quia
1491 1864 1671 1904 sermo
1700 1858 1949 1917 uterque,
1979 1854 2038 1900 ut
2058 1861 2160 1902 non
2192 1826 2243 1891 Β
2272 1849 2464 1922 possit,
2495 1860 2550 1905 ιιι
2580 1866 2719 1907 unus
2753 1865 2936 1907 secum
2969 1851 3112 1909 velut
3146 1865 3268 1907 cum
3310 1853 3482 1909 altero
3508 1851 3573 1908 sit
3603 1852 3819 1908 locutus
3840 1893 3855 1918 ,

570 1950 872 2005 solitarium
906 1956 1132 2011 tantum,
1166 1945 1235 1999 ita
1269 1958 1443 2013 neque
1470 1940 1806 1997 differentem
1835 1951 1956 1995 esse
1988 1937 2158 2009 signi.

569 2048 729 2109 ficat;
758 2044 913 2098 nobis
942 2057 1155 2112 quoque
1184 2036 1568 2095 necsolitarius
1598 2042 1827 2100 tantum,
1849 2046 1947 2088 nec
1977 2032 2162 2087 direr-

567 2154 659 2195 sus
688 2148 773 2195 est
820 2135 1159 2191 confitendus
1203 2151 1218 2188 :
1256 2132 1469 2202 cognita
1502 2145 1598 2200 per
1635 2127 1685 2183 id
1708 2169 1724 2193 ,
1758 2126 1896 2198 quod
1936 2138 2159 2183 nostram

565 2233 843 2304 imaginem
873 2229 1035 2292 dicit,
1078 2241 1183 2281 non
1221 2224 1385 2281 etiam
1430 2222 1690 2293 imagines
1719 2229 1935 2277 nostras
1961 2260 1975 2286 ,
2005 2220 2161 2276 unius

569 2327 623 2381 in
674 2332 903 2395 utroque
945 2320 1270 2393 preprietate
1315 2327 1542 2373 natura).
1586 2315 1703 2371 Non
1741 2312 1943 2372 sufficit
1980 2325 2158 2370 autem

566 2419 737 2476 solam
766 2420 1057 2474 verborum
1100 2414 1346 2470 attulisse
1385 2413 1653 2468 rationem
1684 2452 1699 2477 ,
1749 2409 1851 2465 nisi
1893 2409 2157 2466 dietorum

564 2510 980 2583 intelligentiam
1024 2509 1187 2564 etiam
1230 2522 1412 2563 rermn
1459 2504 1703 2575 operatio
1748 2512 2155 2571 consequatur:

564 2607 823 2676 scriptum
862 2603 1006 2659 enim
1052 2602 1123 2656 ita
1153 2610 1236 2657 est
1266 2619 1278 2653 :
1313 2599 1380 2653 Et
1430 2599 1547 2670 fecit
1589 2595 1728 2651 Deus
1770 2595 2046 2662 hominem,
2088 2594 2159 2649 ad

562 2700 839 2769 imaginem
886 2693 983 2750 Dei
1014 2695 1134 2765 fecit
1165 2710 1278 2749 eum
1309 2692 1459 2764 (Gen.
1498 2706 1549 2757 ι,
1582 2689 1699 2760 27).
1727 2690 1955 2759 Quaero,
1989 2689 2033 2745 si
2072 2704 2159 2744 so-

564 2790 747 2845 litario
768 2798 927 2859 atque
959 2787 1057 2857 ipsi
1086 2786 1150 2839 ad
1177 2801 1235 2840 se
1265 2782 1512 2840 eumdem
1538 2781 1636 2838 fuit
1662 2796 1846 2837 sermo
1867 2821 1882 2848 ,
1910 2780 2037 2853 quid
2071 2780 2159 2837 bic

563 2883 910 2941 sentiendum
931 2879 1250 2938 existimes?
1280 2877 1445 2934 Video
1479 2876 1621 2933 enim
1667 2892 1811 2933 nunc
1838 2878 2157 2947 tripertitam

562 2976 1033 3047 significationem,
1067 2984 1120 3030 et
1146 2970 1411 3034 facientis,
1441 2976 1494 3025 et
1524 2968 1669 3037 facti,
1698 2979 1750 3025 ct
1775 2968 2029 3040 exempli.
2055 2970 2157 3039 Qui

563 3073 737 3127 factus
764 3078 866 3137 est,
901 3068 1065 3124 homo
1092 3075 1212 3131 est;
1256 3064 1398 3121 Deus
1423 3071 1600 3119 autem
1634 3062 1789 3129 fecit;
1816 3073 1869 3119 et
1895 3078 2055 3134 quem
2082 3061 2158 3118 fc-

565 3166 641 3221 cit
664 3208 679 3229 ,
723 3163 789 3220 ad
820 3161 1107 3234 imaginem
1140 3159 1233 3215 Dei
1283 3159 1429 3215 fecit.
1461 3160 1516 3215 Si
1547 3158 1614 3212 de
1661 3158 1904 3214 solitario
1931 3157 2155 3215 Genesis

2267 1942 2624 2013 credatnrque
2665 1944 2718 2000 in
2760 1960 2856 2009 eo,
2890 1944 3035 2015 quod
3080 1945 3149 1999 ad
3186 1944 3460 2016 imaginem
3498 1942 3597 1999 Dei
3629 1945 3730 2016 feci
3759 1948 3856 1998 ao-

2267 2038 2475 2107 minem,
2506 2038 2576 2093 ita
2596 2039 2833 2096 voluisse
2860 2039 3104 2108 intelligi,
3138 2049 3427 2111 tamquam,
3461 2040 3541 2096 Ad
3568 2040 3856 2110 imaginem

2267 2146 2438 2188 meam
2482 2131 2578 2189 feci
2624 2131 2927 2199 hominem;
2975 2132 3205 2203 priunnn
3237 2131 3354 2204 ipse
3399 2132 3710 2189 testimonio
3764 2142 3857 2189 tuo

2264 2226 2620 2299 redargueris.
2650 2227 2835 2283 Dixisti
2860 2226 3001 2283 enim
3030 2270 3042 2294 ,
3079 2227 3154 2284 Ex
3195 2228 3352 2285 Patre
3381 2229 3561 2284 omnia
3590 2269 3607 2296 ,
3636 2227 3733 2283 sed
3761 2242 3858 2299 per

2264 2320 2459 2377 Filium
2492 2321 2691 2376 omnia.
2726 2318 2963 2391 Namque
2996 2336 3089 2389 per
3116 2321 3167 2375 id
3194 2321 3338 2393 quod
3364 2319 3566 2377 dictum
3595 2330 3681 2377 est
3702 2368 3714 2381 .
3747 2320 3858 2375 Fa-

2265 2415 2456 2469 ciamus
2490 2413 2743 2469 hominem
2768 2457 2782 2478 ,
2814 2428 2879 2469 ex
2906 2428 2971 2469 co
2993 2415 3141 2484 origo
3167 2424 3252 2470 cst
3280 2430 3342 2469 ex
3373 2431 3480 2486 quo
3510 2414 3581 2489 (c)
3610 2417 3777 2486 coepit
3800 2421 3857 2472 et

2264 2520 2445 2563 sermo
2475 2524 2489 2563 :
2515 2507 2567 2562 in
2597 2521 2664 2563 eo
2692 2522 2821 2563 vero
2842 2507 2983 2579 quod
3016 2505 3157 2563 Deus
3187 2509 3257 2562 ad
3281 2509 3555 2581 imaginem
3590 2508 3685 2563 Dei
3709 2511 3853 2582 fecit,

2263 2597 2593 2669 significatur
2607 2600 2766 2654 etiam
2799 2600 2843 2654 is
2874 2613 2968 2668 per
2991 2616 3149 2669 quem
3170 2610 3574 2659 consummatur
3586 2602 3853 2672 operatio.

2332 2680 2422 2747 91.
2466 2692 2573 2747 Sed
2636 2693 2976 2765 Sapientiam,
3035 2710 3153 2766 qua:
3212 2694 3463 2750 licereticis
3513 2695 3856 2749 annitentibus

2263 2782 2493 2841 Christus
2520 2796 2611 2851 est,
2645 2788 2692 2840 ei
2718 2787 2965 2858 adfuisse.
2996 2818 3062 2828 ——
3094 2788 3228 2843 Tum
3256 2788 3471 2857 deinde,
3506 2805 3573 2844 ne
3600 2789 3731 2860 quid
3759 2788 3853 2845 tibi

2266 2876 2390 2933 hinc
2424 2878 2579 2934 liceat
2623 2880 2837 2934 mentiri
2865 2922 2880 2945 ,
2908 2881 3180 2951 Sapientia
3201 2922 3217 2950 ,
3246 2897 3403 2953 quam
3432 2892 3488 2937 tu
3524 2882 3639 2953 ipse
3666 2879 3855 2938 Cirris-

2266 2981 2374 3025 tum
2403 2971 2681 3027 confessus
2706 2988 2765 3028 cs
2784 3013 2801 3041 ,
2856 2974 3143 3030 contraibit
3172 2974 3379 3041 dicens,
3411 2975 3541 3030 Cum
3568 2985 3734 3031 certos
3760 2993 3853 3047 po-

2263 3062 2409 3119 nebat
2436 3066 2602 3136 fontes
2627 3065 2718 3121 sub
2742 3068 2867 3122 ca'fo
2892 3111 2906 3135 ,
2936 3084 3052 3122 cum
3091 3070 3247 3141 fortia
3283 3070 3501 3140 faciebat
3522 3069 3631 3143 87
3658 3072 3853 3142 funda-

2262 3170 2429 3214 ntcuta
2460 3170 2644 3227 lentu,
2690 3178 2828 3215 erant
2867 3162 3008 3231 apud
3051 3162 3195 3217 illum
3249 3162 3326 3235 (d)
3374 3180 3697 3234 componens.
3740 3162 3851 3236 Ego

563 3264 711 3315 esset
738 3222 957 3323 locuta:
982 3254 1209 3310 dixisset
1247 3254 1453 3323 utique,
1482 3252 1595 3324 86
1620 3251 1686 3306 Et
1715 3250 1840 3307 fecit
1870 3249 1935 3306 ad
1964 3247 2150 3323 imagi-
2179 3222 2228 3291 (ἶ
2259 3268 2397 3310 erant
2418 3298 2433 3321 ,
2462 3254 2529 3309 ad
2564 3271 2714 3326 quant
2754 3254 3023 3329 gaudebat.
3070 3222 3320 3325 Quotidie,
3347 3222 3517 3313 autem
3557 3257 3773 3314 la'tabar
3786 3222 3851 3313 in

562 3366 686 3408 nem
724 3365 896 3405 suam.
946 3348 1052 3406 Sed
1094 3356 1488 3402 sacramentum
1527 3344 1893 3415 evangelicum
1940 3358 2150 3398 annua-

564 3447 726 3510 liatts,
774 3460 883 3500 non
922 3443 1063 3498 duos
1085 3442 1217 3497 deos
1244 3482 1259 3505 ,
1304 3440 1399 3495 sed
1445 3440 1607 3494 [leum
1639 3446 1693 3494 et
1735 3440 1899 3496 Deum
1943 3439 2152 3496 elocuta

562 3545 681 3604 est,
710 3552 830 3592 cum
871 3536 1139 3590 hominem
1170 3548 1265 3601 per
1293 3531 1458 3587 Deum
1503 3530 1754 3586 effectmu
1784 3530 1851 3584 ad
1880 3529 2153 3604 imaginem

561 3630 659 3684 Ι)ρὶ
685 3631 835 3687 dicit.
870 3631 1045 3698 Atque
1088 3628 1160 3682 ita
1203 3626 1342 3681 Deus
1387 3627 1453 3680 ad
1493 3639 1833 3679 communem
1882 3624 1983 3679 sibi
2028 3638 2150 3680 cum

563 3724 677 3779 Deo
724 3723 1006 3793 imaginem
1037 3730 1198 3791 atque
1246 3717 1492 3774 eamdem
1521 3715 1925 3773 similitudinem
1973 3714 2152 3772 bomi-

562 3832 686 3873 nem
715 3817 981 3887 reperitur
1005 3814 1216 3885 operari
1248 3829 1259 3866 :
1292 3825 1347 3866 ut
1376 3828 1473 3868 nec
1502 3811 1810 3869 solitudinis
1847 3812 2149 3885 intelligen-

563 3915 689 3971 tiam
725 3915 1045 3987 significatio
1065 3912 1351 3969 efficientis
1388 3912 1678 3980 admittat,
1724 3928 1822 3969 nec
1847 3911 2151 3971 divinitatis

561 4005 925 4064 diversitatem
955 4005 1022 4063 ad
1050 4006 1296 4062 eamdem
1330 4004 1615 4078 imaginem
1644 4021 1708 4063 ac
1744 4006 2147 4065 similitudinem

488 4088 491 4091 ’
561 4101 852 4155 constituta
885 4100 1117 4171 patiatur
1143 4099 1406 4170 operatio.

636 4192 725 4249 19.
753 4192 867 4246 Alia
895 4192 1003 4247 loco
1026 4191 1251 4261 idipsum
1269 4191 1623 4260 confirmatur.
1650 4223 1717 4233 -—
1741 4191 1805 4248 Et
1829 4208 2149 4266 quamquam

562 4287 891 4359 superfluum
937 4297 1059 4358 post
1100 4286 1215 4342 bace
1243 4286 1582 4343 existimetur
1638 4286 1776 4344 ultra
1828 4289 2029 4362 aliquid
2074 4293 2152 4347 af-

564 4380 737 4445 ferre,
768 4380 891 4449 quia
923 4380 975 4434 in
1018 4377 1212 4434 divinis
1260 4379 1419 4433 rebus
1456 4394 1560 4435 non
1604 4378 1934 4453 frequentius
1971 4384 2145 4455 dicta,

562 4473 657 4529 sed
700 4483 905 4528 tantum
934 4472 1071 4527 dicta
1103 4471 1376 4527 sulficiunt
1408 4490 1422 4525 :
1458 4482 1634 4529 tamen
1673 4475 1800 4546 quid
1832 4476 1900 4533 de
1930 4477 2031 4535 hoc
2057 4494 2151 4537 eo-

562 4569 685 4625 dem
717 4568 916 4622 dictum
944 4565 1043 4633 sit,
1075 4566 1327 4637 cognosci
1361 4575 1587 4635 oportet.
1616 4568 1734 4625 Non
1771 4572 1915 4627 enim
1943 4573 2152 4630 divino—

2256 3358 2526 3419 conspcctu
2571 3352 2681 3423 ejus
2724 3350 2778 3405 in
2823 3354 2959 3405 omni
3003 3362 3228 3422 tempore
3267 3369 3383 3406 cum
3427 3353 3688 3408 (tutaretur
3730 3354 3853 3409 orbe

2256 3442 2483 3512 perfecta
2511 3440 2594 3513 (2)
2620 3453 2665 3496 et
2696 3442 2958 3498 lauaretur
2982 3443 3035 3496 in
3055 3444 3179 3512 filiis
3207 3442 3472 3499 hominum
3503 3443 3684 3518 (Prov.
3709 3462 3807 3502 VIII
3829 3488 3848 3515 ,

2255 3530 2327 3587 9.8
2355 3544 2403 3587 et
2427 3533 2613 3605 seqq.).
2645 3534 2908 3589 Conclusa
2939 3545 3022 3590 cst
3055 3536 3233 3591 omnis
3260 3538 3474 3593 occasio
3497 3577 3513 3604 ,
3558 3547 3610 3593 et
3635 3545 3851 3593 coarta-

2258 3633 2342 3681 tur
2369 3625 2433 3681 ad
2460 3628 2570 3682 veri
2603 3627 2997 3684 confessionem
3024 3629 3311 3685 universus
3340 3646 3512 3685 error.
3543 3629 3713 3687 Adcsl
3738 3630 3852 3688 Deo

2257 3719 2431 3789 genita
2456 3729 2578 3775 ante
2602 3720 2793 3775 smcula
2819 3719 3109 3791 Sapientia.
3137 3719 3320 3792 Neque
3347 3722 3523 3778 solum
3545 3722 3720 3787 adest,
3751 3722 3849 3779 scd

2255 3817 2415 3871 etiam
2466 3816 2758 3886 componit.
2816 3816 2909 3870 list
2947 3830 3076 3885 ergo
3104 3829 3432 3886 componens
3468 3815 3608 3887 apud
3647 3816 3845 3887 ipsum.

2257 3909 2326 3983 (c)
2354 3911 2595 3982 intelligo
2619 3909 3024 3981 compositionis
3052 3909 3136 3965 Vel
3167 3910 3539 3981 dispositionis
3581 3910 3845 3968 ofﬁcium.

2255 4003 2416 4060 Pater
2441 4004 2580 4059 enim
2611 4003 2663 4058 in
2703 4020 2769 4061 eo
2798 4003 2939 4076 quod
2972 4004 3224 4076 loquitur,
3252 4003 3453 4070 efficit;
3484 4004 3653 4061 Filius
3685 4006 3738 4060 in
3778 4020 3848 4063 eo

2254 4097 2401 4170 quod
2438 4108 2691 4169 operatur
2719 4113 2841 4170 qua:
2880 4097 2995 4154 ficri
3022 4107 3151 4153 sunt
3179 4097 3316 4153 dicta
3342 4140 3359 4166 ,
3390 4099 3685 4170 componit.
3718 4098 3849 4155 Pcr-

2253 4206 2507 4248 sonarum
2539 4202 2718 4251 autem
2746 4193 2817 4248 ita
2846 4191 2984 4248 facta
3014 4191 3287 4249 distinctio
3313 4202 3417 4257 est,
3450 4202 3509 4249 ut
3535 4210 3669 4264 opus
3697 4194 3846 4250 refe-

2257 4298 2405 4342 ratur
2435 4286 2501 4341 ad
2531 4295 2839 4357 utrumque.
2873 4284 3003 4341 Nam
3034 4285 3085 4340 in
3115 4300 3182 4341 eo
3211 4286 3352 4358 quod
3383 4285 3617 4353 dicitur,
3650 4284 3845 4342 Facia-

2255 4398 2366 4437 mus
2385 4423 2398 4446 ,
2428 4392 2480 4436 ct
2500 4379 2672 4451 jussio
2699 4379 2778 4451 (f)
2807 4387 3148 4450 exsequatur,
3182 4390 3235 4437 et
3266 4379 3464 4436 factum
3495 4398 3508 4434 :
3540 4379 3594 4436 in
3623 4397 3690 4438 eo
3718 4397 3849 4439 vero

2255 4471 2395 4545 quod
2444 4471 2723 4539 scribitur,
2758 4468 2916 4527 Eram
2962 4470 3105 4543 apud
3139 4472 3286 4529 illum
3325 4490 3636 4546 componens
3674 4473 3844 4548 (Ibid.

2255 4570 2358 4640 30)
2386 4610 2399 4634 ,
2446 4584 2551 4623 non
2608 4566 2906 4623 solitarium
2947 4581 3008 4622 se
3052 4566 3151 4621 sibi
3180 4582 3301 4623 esse
3333 4567 3383 4621 in
3425 4569 3743 4637 operatione
3772 4569 3851 4625 si-

560 4677 681 4714 rum
708 4659 995 4726 dictorum,
1029 4657 1123 4714 sed
1154 4658 1523 4729 intelligentia:
1552 4670 1746 4717 nostra:
1772 4680 1800 4718 a
1833 4666 1987 4720 nobis
2013 4669 2151 4725 ratio
2176 4632 2233 4697 Β
2257 4664 2494 4739 gnificat.
2524 4662 2761 4719 L:ctatur
2785 4672 2965 4719 autem
2992 4671 3118 4718 ante
3146 4679 3295 4728 cum,
3323 4678 3481 4733 quem
3510 4661 3613 4718 sibi
3638 4664 3848 4734 signifi-

562 4752 867 4823 praestanda
898 4763 999 4807 est.
1033 4753 1172 4807 Deus
1196 4750 1260 4805 ad
1297 4750 1409 4807 Noe
1438 4752 1576 4807 inter
1604 4755 1767 4811 mu‘ta
1798 4760 2045 4815 mandata
2079 4762 2148 4818 ita

562 4846 799 4917 loquitur
830 4863 841 4898 :
884 4843 984 4911 Qui
1015 4844 1252 4912 effuderit
1288 4845 1585 4917 sanguinem
1618 4850 1835 4907 hominis
1859 4892 1873 4919 ,
1914 4870 2007 4926 pro
2032 4872 2151 4910 sau-

560 4940 713 5010 guiue
752 4939 860 5009 ejus
897 4936 1189 5003 c/fundetur
1224 4938 1393 4991 anima
1432 4937 1577 5008 ejus;
1616 4944 1735 5014 quia
1764 4944 1832 4999 ad
1875 4946 2149 5019 imaginem

629 5109 709 5181 (1)
744 5110 871 5181 Ipsi.

627 5249 703 5318 (η)
736 5248 789 5301 ἰιι
823 5246 1071 5316 vulgatis.
1104 5246 1217 5316 fecit
1246 5245 1496 5318 hominem
1530 5261 1546 5298 :
1577 5243 1852 5303 mendose.

630 5320 706 5391 (ὑ)
741 5319 1057 5373 “meum...
1102 5334 1259 5381 "etme
1305 5320 1371 5371 ab
1415 5317 1642 5371 Erasmo
1686 5318 1773 5373 liii:
1806 5323 2007 5391 absque
2036 5326 2142 5381 ulla

560 5410 689 5448 mss.
726 5391 1040 5445 auctorimtc
1072 5392 1327 5449 additam.
1362 5391 1497 5443 male
1526 5391 1853 5445 retinuerant
1880 5395 2145 5453 editiones

557 5473 864 5527 sequentes.
898 5459 973 5514 De
1026 5478 1075 5515 se
1114 5466 1309 5532 quippe
1341 5462 1653 5531 loquebatur
1686 5462 1847 5527 Dens,
1879 5477 2144 5532 quatenus

559 5540 797 5607 inprima
822 5548 1045 5611 persona
1066 5535 1217 5611 dixit,
1241 5533 1538 5611 faciamus,
1567 5534 1657 5588 sed
1686 5552 1784 5589 non
1813 5538 1879 5590 ad
1904 5556 1977 5604 se,
2009 5556 2143 5611 qua-

556 5604 709 5663 Et'titts
742 5624 844 5659 non
875 5608 924 5658 in
958 5608 1231 5668 singulari,
1266 5604 1499 5657 Furium.

622 5683 696 5745 (ei
723 5678 797 5732 ita
831 5693 961 5731 mss.
992 5679 1061 5731 At
1089 5679 1270 5732 exarsi
1301 5680 1578 5739 uiciniae,
1611 5679 1743 5747 rapit
1772 5689 1819 5734 et
1846 5699 2031 5735 scium.

619 5752 700 5821 (ei)
728 5750 781 5802 in
812 5748 958 5818 prius
984 5750 1213 5821 vulgatis
1241 5759 1421 5803 cuncta
1452 5763 1779 5821 componens.
1807 5754 2129 5811 (ὶιιιιδιειιιιετ

542 5840 570 5876 ει
607 5819 735 5878 mss.
770 5822 921 5875 abest
950 5832 1132 5895 cuncta
1163 5820 1265 5895 hic,
1305 5822 1551 5895 [ΑΗΖ-ιι.
1580 5819 1667 5886 57,
1704 5827 1754 5878 in
1778 5824 1864 5880 l’s.
1900 5842 2122 5895 CXLVI“,

542 5912 591 5947 ιτ.
707 5902 833 5953 ουκ,
862 5892 1318 5947 consentientibus
1352 5892 1511 5947 LXX.

2257 4762 2416 4817 cabat
2460 4758 2765 4829 adgaudere
2803 4757 3023 4812 la-taoti.
3071 4755 3314 4824 Quotidie
3342 4765 3509 4810 autem
3541 4755 3755 4811 [vetabar
3790 4758 3848 4810 in

2257 4864 2529 4924 conspectu
2558 4852 2747 4925 cjuuiu
2774 4850 3176 4922 omnitempore,
3200 4848 3409 4920 quando
3439 4849 3709 4903 (tutabatur
3727 4848 3850 4904 orbe

2258 4953 2514 5025 perfecto,
2563 4958 2610 5005 et
2660 4946 2929 5003 lwtabatur
2955 4948 3008 5003 in
3046 4945 3171 5017 ﬁliis
3220 4944 3486 5000 norninant
3534 4942 3698 5017 (Ibid.
3736 4946 3841 5016 30,

2329 5122 2407 5197 (Ξ)
2438 5119 2504 5175 Et
2534 5116 2821 5173 (tutabatur.

2326 5259 2398 5328 (c)
2432 5256 2549 5311 Vat.
2582 5253 2697 5328 bas.
2732 5267 2858 5328 mss.
2886 5253 3216 5328 iutefligisne.
3265 5253 3499 5328 Inmiti
3526 5268 3632 5309 uno
3656 5252 3841 5323 Colb.,

2249 5324 2646 5401 compositionis
2687 5326 2767 5379 vel
2813 5324 3223 5401 dispensationis.
3277 5325 3492 5401 Rectius
3521 5340 3839 5401 pronostra

2250 5396 2580 5458 sententiain
2600 5396 2787 5470 altero.
2807 5415 2911 5451 non
2941 5399 2991 5453 in
3022 5399 3180 5453 Cara.
3208 5398 3475 5453 omittitur
3499 5399 3577 5450 uel
3607 5399 3839 5470 disposi—

2249 5476 2417 5528 tionis.
2444 5472 2557 5527 Νιιιι
2579 5470 2719 5523 enim
2745 5468 2828 5524 Itic
2860 5470 3033 5538 agitur
3049 5471 3116 5525 de
3138 5470 3405 5537 Sapientia
3435 5468 3698 5541 quatenus
3732 5471 3844 5527 Deo

2248 5548 2417 5603 tmlos
2441 5541 2762 5613 pi-zeparanti
2784 5542 3008 5613 aderat,
3040 5542 3132 5597 sed
3162 5555 3425 5613 quatenus
3450 5543 3832 5608 componebat.

2274 5645 2286 5655 -
2323 5618 2392 5690 (f)
2424 5610 2478 5673 id
2510 5624 2612 5690 est,
2644 5622 2695 5690 et
2719 5610 2934 5690 jnbensn
2955 5624 3008 5690 et
3050 5610 3249 5690 faciens
3289 5613 3840 5690 extequantur._Qno-

2249 5684 2387 5743 circa
2432 5705 2498 5743 oe
2529 5684 2721 5754 legeris
2750 5699 2871 5739 cum
2904 5685 3027 5739 Bad.
3070 5687 3355 5755 exequitur,
3385 5696 3476 5740 aut
3502 5701 3623 5741 cum
3655 5685 3751 5740 Er.
3782 5697 3842 5742 et

2241 5761 2363 5816 l’ar.
2385 5766 2684 5828 (aequatur,
2711 5757 2881 5811 multo
2904 5759 3081 5813 minus
3105 5774 3224 5815 cum
3246 5772 3374 5813 mss.
3399 5757 3553 5814 (Iolb.
3578 5766 3631 5813 et
3646 5758 3836 5815 Germ.

2236 5844 2558 5904 exsequatur.
