4048 6448
247 329 344 385 129

1480 319 1569 376 ΒΕ
1605 315 1976 376 ἸῊΙΝΙΤΔΤΕ
2013 313 2218 372 LIBER
2258 312 2322 371 V.

3444 306 3543 363 1⁸50

238 443 328 498 Dei
351 443 464 501 Deo
493 440 740 513 deputari
767 440 833 496 ad
863 440 1095 498 alterum
1123 438 1291 495 Deum
1321 451 1427 493 non
1448 436 1577 494 sinit
1604 436 1679 509 (a)
1716 452 1839 507 pro-
1866 442 1913 501 Α
1944 432 2140 488 rationi
2172 431 2477 495 conveniat,
2504 438 2560 485 ut
2589 430 2788 485 utiliter
2813 430 3131 493 allii-metor,
3166 425 3307 496 quod
3338 428 3542 482 util-ter

240 535 398 607 pheta
420 582 431 599 ,
462 538 604 606 quod
635 536 779 592 Deus
800 545 905 593 est.

568 654 917 732 103-105.
954 656 1159 714 LIBER
1193 654 1514 726 QUINTUS.

240 770 442 828 Dicitur
466 772 620 827 etiam
650 771 921 830 secundus
953 789 968 826 :
1016 773 1141 844 quia
1180 770 1436 828 secundus
1474 781 1550 827 est
1594 769 1839 825 adversus

308 865 621 920 Arianorum
661 863 885 937 partium
928 862 1232 935 perﬁdiam,
1271 863 1523 937 superiori
1568 863 1698 917 libro
1728 862 1841 933 pri-

309 972 450 1011 mum
498 966 716 1026 captam
760 957 1071 1029 impugnari.
1120 953 1273 1010 lianc
1321 954 1552 1028 agnoscit
1602 952 1841 1009 Hilarius

310 1051 524 1107 subdole
541 1051 671 1106 adeo
699 1062 1009 1120 contextam,
1038 1059 1092 1105 ut
1112 1051 1156 1103 ei
1178 1053 1262 1123 qui
1284 1049 1615 1111 consenserit,
1644 1047 1838 1103 Filium

309 1141 475 1200 Deum
501 1160 720 1217 negare;
745 1145 833 1216 qui
860 1142 1229 1199 contradixerit
1251 1183 1268 1209 ,
1301 1140 1512 1197 Patrem
1552 1151 1599 1196 et
1644 1139 1841 1195 Filium

308 1248 399 1294 aut
427 1239 558 1294 duos
600 1237 764 1304 Deos,
792 1248 880 1293 aut
920 1234 1136 1294 Sabellii
1180 1253 1319 1292 more
1346 1253 1504 1290 unum
1529 1246 1576 1291 et
1604 1232 1837 1291 eumdem

315 1332 599 1405 praedicare
630 1333 883 1389 videatur.
942 1328 1195 1401 Quocirca
1244 1347 1359 1385 cum
1410 1328 1541 1385 libro
1577 1328 1840 1395 superiore

304 1427 553 1483 adversus
598 1425 830 1494 fraudem
877 1437 1112 1495 paratam
1156 1424 1210 1479 in
1250 1423 1429 1496 primis
1474 1420 1838 1478 hwreticorum

309 1520 496 1588 verbis,
524 1519 779 1576 Novimus
806 1534 968 1574 unum
999 1519 1195 1585 Deum,
1228 1533 1292 1572 ea:
1319 1517 1446 1590 legis
1478 1525 1528 1572 et
1564 1514 1840 1586 propheta-

312 1629 427 1668 rum
456 1612 755 1668 testimoniis
783 1611 961 1680 fideles
987 1611 1264 1675 nnmieril;
1292 1626 1427 1664 nunc
1455 1610 1510 1663 in
1529 1608 1834 1680 subsequen-

316 1706 453 1763 tibus
481 1707 605 1774 illis,
636 1706 812 1761 snlum
842 1722 1049 1773 verum,
1083 1703 1245 1759 latens
1274 1720 1518 1759 venenmn
1546 1703 1834 1774 propulsat,

310 1796 512 1857 Filium
546 1818 657 1858 esse
683 1799 846 1855 Deum
876 1815 1043 1856 verum
1080 1798 1260 1854 iisdem
1290 1797 1397 1867 [ere
1419 1797 1715 1853 testimoniis
1742 1796 1832 1850 dc-

306 1893 557 1967 fendeus,
580 1895 761 1964 quibus
791 1894 843 1947 in
871 1903 1051 1963 quarto
1077 1892 1206 1947 libro
1242 1889 1405 1945 Deum
1440 1900 1485 1945 et
1518 1888 1718 1956 Deum,
1746 1906 1836 1947 seu

307 1984 475 2041 Deum
516 2003 620 2042 non
669 1986 957 2042 solitarium
997 2001 1058 2040 ac
1096 1984 1404 2057 singularem
1442 2000 1551 2039 esse
1593 1983 1831 2039 ostendit.

306 2075 442 2135 Tum
476 2080 569 2137 sub
597 2080 713 2135 libri
740 2080 897 2151 ﬁnem
927 2077 1105 2152 probat
1135 2077 1350 2134 Patrem
1381 2089 1428 2134 et
1452 2077 1649 2133 Filium
1676 2094 1835 2133 unum

308 2190 419 2231 esse
442 2175 496 2229 in
525 2172 776 2229 distinctis
815 2173 1043 2245 personis
1068 2171 1251 2231 Deum.
1287 2171 1353 2227 In
1378 2173 1455 2228 liis
1492 2189 1644 2244 porro
1671 2174 1834 2228 enmi-

308 2266 441 2334 bns,
489 2268 714 2322 nondum
764 2266 834 2322 ad
881 2266 1168 2340 evangelica
1208 2268 1452 2321 excedens
1504 2266 1791 2322 testimonia
1815 2307 1830 2334 ,

308 2378 521 2434 prorsus
545 2378 599 2417 se
612 2360 835 2417 continet
851 2361 983 2415 intra
998 2360 1125 2429 ﬁnes
1146 2359 1292 2433 legis,
1320 2361 1372 2414 in
1394 2376 1495 2431 qua
1511 2356 1610 2413 Dei
1629 2375 1831 2426 nomen,

308 2456 579 2524 virtutem,
622 2473 728 2510 rem
766 2473 829 2509 ac
871 2465 1142 2523 naturam,
1184 2454 1497 2526 proindeque
1535 2454 1830 2521 veritatem,

310 2547 454 2605 Filio
485 2549 696 2604 attribui
726 2549 1056 2604 demonstrat.
1090 2545 1239 2619 Legis
1263 2556 1429 2602 autem
1458 2546 1660 2601 nomine
1687 2545 1837 2600 intel-

312 2640 463 2713 ligit,
506 2641 753 2713 quidquid
789 2640 950 2697 sacris
989 2639 1174 2696 litteris
1202 2649 1319 2695 ante
1358 2639 1620 2696 Christum
1658 2646 1835 2694 natum

312 2736 522 2807 scriptis
548 2736 854 2791 continetur.

314 2851 364 2907 Ι.
422 2850 691 2905 Hiereticis
719 2846 885 2904 Deum
920 2866 1075 2905 unum
1114 2848 1514 2923 prtedicaittibus
1540 2857 1627 2903 aut
1655 2865 1833 2904 assen-

243 2945 356 3013 tiri,
386 2955 481 2999 aut
510 2941 770 2999 adversari
813 2943 1173 3010 periculosum.
1202 2970 1275 2983 -
1301 2940 1707 3012 Respondentcs
1737 2942 1838 2996 itu-

242 3040 341 3112 piis
364 3051 422 3097 et
463 3040 680 3095 vesanis
708 3038 1083 3094 lnereticornm
1120 3036 1545 3094 institutimtilnis
1574 3037 1836 3108 superio-

241 3132 389 3189 ribus
407 3132 584 3199 libris,
599 3146 706 3186 non
728 3130 1088 3203 ignorat-imus
1109 3130 1161 3185 in
1179 3145 1297 3186 eam
1315 3146 1415 3187 nos
1430 3131 1833 3187 contradicendi

1936 526 2263 581 destruatur.
2311 524 2417 579 Sed
2450 524 2512 577 ad
2559 525 2756 578 divina:
2799 523 3078 592 sapientia:
3126 519 3537 591 intelligentiam

1937 619 2205 675 humanus
2234 633 2424 674 sensus
2456 618 2767 685 imprudens
2791 659 2807 683 ,
2837 627 2893 673 et
2923 617 3225 671 secundum
3258 612 3540 670 cmlcstcm

1939 714 2277 785 prudentiam
2307 712 2523 780 stultus,
2553 710 2699 782 juxta
2734 710 3075 766 inlirmitates
3105 724 3228 764 suas
3254 709 3419 762 sentit
3438 748 3453 772 ,
3487 715 3542 761 et

1936 809 2086 880 juxta
2132 808 2558 864 imbecillitatem
2597 816 2805 872 natura:
2831 820 2943 861 suae
2985 803 3157 874 sapit;
3210 802 3408 859 stultus
3436 798 3541 855 sibi

1942 901 2174 972 futurus,
2202 916 2260 958 ut
2289 901 2402 957 Deo
2431 901 2623 971 sapiat,
2650 900 2858 956 scilicet
2888 908 2944 953 ut
2969 912 3164 954 sensus
3191 894 3274 950 sui
3303 895 3539 964 inopiam

1942 996 2268 1065 intelligens,
2296 1006 2352 1051 et
2378 992 2474 1050 Dei
2498 994 2816 1062 sapientiam
2844 1001 3185 1054 consectans,
3215 1005 3319 1042 non
3348 1003 3542 1042 sccuu~

1940 1090 2067 1147 dum
2096 1093 2385 1147 humanam
2405 1090 2728 1158 sapientiam
2755 1088 2990 1157 prudens
3010 1086 3101 1152 sit,
3123 1085 3215 1141 sed
3241 1083 3537 1138 secundum

1940 1184 2084 1256 quod
2112 1184 2181 1239 ad
2209 1183 2377 1239 Deum
2412 1182 2624 1253 proficit
2650 1181 2853 1251 sapiat,
2903 1180 2955 1235 in
2990 1179 3083 1236 Dei
3123 1178 3441 1249 sapientiam
3471 1191 3538 1230 ex

1941 1279 2216 1350 recognita
2266 1275 2451 1332 mundi
2494 1274 2720 1331 stultitia
2766 1275 3109 1329 transituras.
3141 1270 3307 1337 Cujus
3352 1269 3537 1324 stulta:

1940 1368 2219 1439 Sapientiae
2239 1382 2454 1424 sensum
2481 1366 2734 1422 lueretica
2756 1364 3029 1421 subtilitas
3052 1363 3118 1419 ad
3142 1363 3357 1418 fallendi
3380 1377 3541 1417 occa-

1945 1462 2155 1518 sionem
2208 1474 2486 1532 coaptans,
2536 1476 2698 1514 unum
2747 1458 2914 1514 Deum
2976 1457 3214 1528 professa
3262 1464 3364 1516 est,
3414 1469 3540 1509 auc-

1950 1553 2164 1609 toritate
2185 1551 2344 1623 Legis
2373 1552 2891 1621 ltit'angcliorumqnc
2920 1563 3035 1616 usa,
3062 1562 3167 1618 qua
3191 1547 3389 1602 dictum
3421 1555 3535 1601 cst:

1939 1646 2101 1712 Audi,
2132 1645 2322 1710 Israel,
2352 1643 2599 1699 Dominus
2630 1642 2765 1698 Deus
2789 1652 2907 1697 tuus
2938 1658 3071 1695 unus
3091 1650 3163 1695 est
3189 1640 3447 1706 (Deutwt,
3469 1640 3536 1704 4;

1942 1734 2109 1792 Marc.
2144 1752 2238 1801 an,
2267 1734 2362 1808 29)
2398 1753 2411 1791 :
2446 1751 2552 1791 non
2596 1734 2850 1805 ignorans
2892 1740 3147 1804 quantum
3205 1731 3258 1784 in
3288 1748 3355 1788 eo
3393 1739 3541 1785 esset

1868 1848 1914 1909 Β
1941 1830 2024 1886 vel
2050 1830 2423 1902 respoasiunis
2456 1829 2772 1900 periculum,
2814 1827 2897 1884 vel
2924 1826 3159 1890 silentii,
3188 1836 3243 1881 et
3282 1841 3347 1880 ex
3388 1833 3537 1881 utro-

1939 1938 2045 1995 que
2076 1921 2531 1993 0pportuuitatcm
2552 1920 2842 1990 impietatis
2868 1930 3189 1990 exspectans
3217 1936 3230 1970 :
3261 1927 3318 1971 ut
3340 1918 3383 1972 si
3414 1932 3539 1971 san-

1937 2018 2173 2073 ctitatem
2201 2015 2275 2086 (c)
2299 2014 2424 2070 dicti
2460 2014 2746 2070 infideliter
2772 2015 3033 2085 usurpati,
3079 2013 3158 2084 (εἰ)
3200 2012 3538 2068 conniventis

1940 2111 2275 2165 taciturnitas
2301 2111 2678 2177 confirmaret,
2714 2124 2811 2179 per
2837 2110 2885 2163 id
2913 2108 3057 2179 quod
3088 2107 3231 2165 Dens
3262 2123 3399 2163 unus
3428 2117 3535 2175 est,

1940 2205 2080 2261 lilius
2112 2216 2288 2260 tamen
2316 2205 2409 2260 Dei
2456 2204 2599 2261 Deus
2642 2222 2747 2260 non
2776 2214 2952 2269 esset,
3000 2202 3112 2259 Deo
3162 2212 3369 2258 tantum
3399 2204 3539 2258 sicut

1945 2307 2028 2354 est
2048 2314 2155 2353 uno
2184 2307 2463 2364 inanentc;
2495 2307 2551 2353 at
2582 2314 2708 2353 vero
2733 2298 2779 2354 si
2810 2298 3163 2354 contradictio
3194 2305 3536 2369 prmsumptm

1944 2391 2122 2462 impia:
2156 2391 2311 2461 hujus
2353 2391 2703 2463 professionis
2732 2393 3056 2460 exsisteret,
3094 2390 3376 2448 vericitcm
3411 2392 3535 2447 lidei

1938 2486 2261 2558 evangelicae
2307 2503 2413 2541 non
2463 2497 2807 2543 conservaret
2863 2488 3030 2543 Deum
3083 2503 3246 2541 unum
3295 2486 3366 2559 (e)
3420 2502 3528 2542 non

1939 2580 2182 2636 confessa
2233 2581 2545 2651 responsio,
2584 2596 2707 2636 cum
2740 2580 2861 2635 lidei
2909 2589 3107 2636 nostra:
3148 2579 3415 2651 professio
3441 2596 3536 2637 sc-

1937 2674 2169 2729 cundum
2194 2675 2357 2731 Deum
2380 2691 2544 2731 unum
2567 2676 2671 2741 sit;
2704 2677 3077 2746 recideretque
3105 2676 3155 2729 in
3186 2676 3407 2732 alterius
3427 2676 3536 2733 lia:-

1937 2782 2120 2825 reseos
2142 2769 2488 2840 impietatem,
2508 2770 2674 2824 lleum
2698 2785 2857 2824 unum
2886 2768 3097 2824 Patrem
3123 2777 3179 2825 et
3198 2768 3391 2824 Filium
3409 2786 3536 2840 pro-

1940 2860 2079 2917 lessa
2114 2861 2186 2934 (f)
2214 2862 2503 2918 confessio.
2550 2862 2725 2933 Atque
2760 2862 2830 2917 ita
2868 2862 3131 2931 sapientia
3164 2862 3381 2929 mundi,
3415 2879 3535 2934 que

1938 2954 2162 3009 stultitia
2204 2954 2344 3026 apud
2379 2956 2543 3011 Deum
2574 2965 2686 3019 est,
2717 2954 2901 3025 specie
2947 2954 3153 3009 blandte
3185 2966 3237 3009 et
3268 2956 3535 3023 pomifera:

1939 3046 2016 3121 (ῃ)
2047 3047 2406 3118 simplicitatis
2438 3047 2687 3103 illuderet
2708 3088 2722 3112 ,
2752 3061 2874 3102 cum
2904 3045 3005 3101 hoc
3033 3046 3155 3101 lidei
3193 3062 3307 3102 sua:
3336 3046 3534 3103 consti-

1941 3149 2114 3195 lueret
2135 3140 2441 3208 exordium,
2476 3140 2527 3194 in
2554 3155 2660 3210 quo
2688 3140 2790 3195 sibi
2822 3139 2983 3210 impie
3009 3140 3537 3207 autasscntircmur,

242 3225 625 3284 nece5sitalem
650 3222 910 3279 deductos
951 3223 1114 3277 fuisse
1135 3265 1148 3286 ,
1177 3234 1233 3277 ut
1262 3240 1366 3279 non
1402 3223 1579 3279 minus
1609 3224 1829 3295 periculi
1860 3256 1907 3319 Ο
1937 3244 2031 3288 aut
2070 3234 2486 3290 adversarentur
2514 3251 2527 3286 ;
2560 3243 2615 3288 ct
2653 3249 2747 3303 per
2780 3234 2883 3289 hoc
2912 3234 3190 3301 nti-iusque
3222 3234 3299 3290 rei
3326 3236 3538 3301 pericu—

241 3321 584 3378 audicutibus
633 3319 913 3390 responsio
944 3326 1125 3374 nostra
1147 3360 1160 3384 ,
1192 3333 1353 3387 quam
1385 3320 1655 3373 sllt’ﬂlillttt
1689 3334 1835 3374 com-

241 3423 508 3467 moveret.
538 3410 671 3465 Cum
701 3411 844 3466 enim
870 3426 1031 3465 unum
1060 3410 1226 3465 Demn
1255 3410 1328 3483 (ὁ)
1360 3410 1581 3482 profane
1606 3411 1836 3466 assertio

242 3506 476 3563 inlidelis
504 3508 804 3578 ingereret,
835 3515 889 3561 ct
938 3522 1146 3564 rursum
1180 3521 1342 3559 tnnnu
1378 3505 1541 3561 Dcmu
1585 3505 1836 3575 religiose

240 3615 440 3672 negare
468 3600 607 3655 lides
627 3614 754 3654 sana
787 3615 894 3655 non
923 3609 1136 3669 posset;
1166 3598 1382 3655 [raetari
1403 3600 1469 3655 de
1489 3615 1555 3653 co
1583 3616 1689 3655 non
1717 3600 1837 3655 sine

241 3695 493 3765 ancipitis
523 3693 740 3762 periculi
771 3691 1103 3748 conscientia
1131 3692 1319 3762 potuit,
1350 3692 1491 3763 (ιυυὰ
1526 3709 1632 3747 non
1662 3690 1836 3749 minus

238 3786 405 3859 impie
451 3787 891 3854 confirmaretur,
944 3802 1105 3858 quam
1152 3795 1465 3857 negaretur.
1515 3785 1582 3840 Et
1624 3785 1838 3857 quidem

241 3882 463 3938 humani
497 3895 695 3937 sensus
722 3881 975 3951 opinione
1006 3879 1248 3951 ineptum
1270 3889 1322 3935 ct
1353 3877 1579 3935 rationis
1606 3878 1838 3934 alienum

238 3991 362 4035 esse
384 3979 491 4033 hoc
517 3975 659 4031 forte
682 3974 1098 4040 existimabitur,
1125 3972 1343 4043 utquod
1375 3973 1735 4044 irreligiosum
1758 3981 1843 4030 est

239 4088 441 4144 negare
461 4113 476 4138 ,
513 4070 747 4139 idipsum
780 4068 1135 4138 irreligiosum
1164 4067 1235 4123 sit
1264 4067 1507 4123 confiteri
1536 4085 1547 4120 :
1581 4082 1700 4122 cum
1735 4068 1838 4138 pic-

239 4177 320 4224 tas
343 4163 678 4231 conﬁtendi,
711 4163 1038 4234 impietatem
1070 4160 1395 4219 condemnet.
1437 4160 1695 4233 negandi;
1742 4177 1842 4218 nec

234 4348 398 4409 Pater
444 4349 595 4405 solus
640 4350 757 4405 sine
801 4358 968 4403 matre
998 4346 1265 4409 Verbum.
1297 4348 1366 4403 ita
1408 4349 1517 4417 ipsa
1563 4347 1674 4401 sola
1716 4349 1832 4405 sine

271 4436 387 4479 atre
416 4422 705 4495 generavit
740 4420 1030 4495 Chrisuun.
1065 4418 1132 4495 At
1162 4434 1190 4473 a
1219 4419 1832 4495 Tcrllt‘llinltnAatIVCI‘Stts

280 4512 396 4553 ras.
421 4491 492 4549 'n.
530 4493 617 4561 i3,
649 4502 703 4548 et
731 4493 796 4547 de
823 4493 1215 4547 resurrectione
1245 4491 1422 4546 carnis
1451 4507 1504 4546 n.
1537 4491 1603 4553 2,
1633 4508 1737 4547 non
1766 4494 1829 4545 ςιιΙ

1938 3326 2069 3391 Ιιιηι,
2100 3325 2194 3383 Dei
2225 3326 2391 3380 filium
2427 3325 2593 3380 Deum
2626 3340 2733 3379 nou
2764 3340 2885 3381 esse
2913 3324 3204 3392 obtineret,
3237 3325 3361 3394 quia
3396 3325 3537 3381 Deus

1940 3434 2078 3473 unus
2100 3428 2212 3486 est;
2245 3425 2713 3485 autextorqueret
2745 3420 3015 3473 Ιιςιξιοεοοε
3044 3419 3458 3484 necessitatem,
3490 3419 3535 3475 si

1941 3524 1995 3568 et
2023 3513 2234 3568 Patrem
2265 3514 2429 3569 Deutn
2463 3524 2516 3569 et
2553 3513 2744 3568 Filium
2787 3513 2951 3569 Deum
2990 3511 3536 3579 conﬁtcntes,unum

1942 3605 2112 3661 Deum
2148 3607 2443 3677 pra-dieare
2480 3608 2776 3663 secundum
2825 3607 3047 3665 Sabellii
3086 3608 3399 3677 opinionem
3434 3609 3537 3663 im-

1943 3700 2083 3770 piam
2124 3702 2599 3756 existimarentur:
2648 3710 2701 3754 rt
2739 3701 2807 3755 ita
2851 3699 2953 3756 hoc
2994 3702 3392 3773 praedicationis
3425 3717 3540 3758 sua:

1946 3794 2106 3848 modo
2127 3812 2260 3849 unus
2283 3793 2425 3849 Deus
2451 3806 2541 3849 aut
2570 3795 2734 3849 alimn
2766 3794 3097 3862 excluderet,
3128 3804 3223 3850 aut
3250 3812 3349 3868 per
3376 3798 3539 3853 alium

1961 3904 2064 3941 non
2097 3898 2239 3942 esset
2273 3888 2497 3959 (supple,
2533 3889 2727 3957 unus),
2770 3898 2860 3941 aut
2900 3899 3105 3943 tantum
3145 3890 3195 3943 in
3237 3890 3543 3947 nominibus

1947 3998 2082 4036 unus
2104 3990 2250 4037 esset
2274 3998 2285 4036 :
2312 3983 2433 4053 quia
2462 3982 2615 4055 105
2634 3991 2686 4036 cl.
2712 3982 2794 4053 (Ιι)
2825 3982 2996 4039 unitas
3022 3985 3185 4039 alium
3213 3986 3465 4053 nesciret,
3487 3994 3545 4040 et

1946 4076 2081 4131 alius
2112 4092 2215 4131 non
2247 4077 2582 4146 permitteret
2616 4078 2900 4144 unionem,
2959 4086 3014 4133 ct
3067 4079 3174 4135 duo
3229 4095 3367 4136 unus
3421 4094 3543 4137 esse

1945 4169 2009 4241 (i)
2042 4185 2147 4226 non
2180 4181 2383 4242 posset.

1945 4425 1955 4436 .
2009 4352 2241 4437 ςφδςιι.
2293 4352 2423 4437 hasx
2442 4371 2541 4409 ms.
2565 4356 2902 4437 _securitatriit
2938 4356 3081 4411 dicti.
3129 4357 3382 4418 Proxime
3423 4370 3545 4434 post.

1939 4425 2238 4494 inﬁdeliter,
2270 4426 2491 4495 supple,
2524 4428 2586 4480 ab
2617 4427 2893 4481 Iitcrctiris.

2014 4496 2092 4567 (tl)
2126 4497 2426 4573 Apudl’ar.
2460 4502 2819 4552 convenientis.
2868 4504 2932 4555 ,ιι
2975 4502 3023 4554 in
3055 4517 3185 4555 mss.
3230 4506 3537 4573 coniventis,

236 4582 539 4641 personas,
572 4565 665 4621 sed
708 4565 774 4641 ad
807 4576 1047 4641 naturam
1079 4568 1247 4641 ipsam
1281 4565 1547 4641 refertur;
1579 4573 1637 4641 ut
1661 4564 1710 4641 ei
1741 4580 1831 4635 sy-

1943 4564 2348 4627 vel'conibcntis.
2385 4578 2554 4623 mutat
2577 4591 2608 4627 ι,
2641 4582 2697 4624 ιιι
2725 4588 2869 4640 sa'pc
2902 4574 2979 4636 lit,
3013 4591 3044 4627 ιι
3075 4574 3125 4628 in
3156 4575 3204 4627 b.
3240 4575 3376 4633 Hinc
3402 4590 3453 4633 et
3488 4564 3539 4635 ᾕιί

236 4636 476 4713 itonyuta
524 4641 631 4713 sint
662 4638 815 4713 unio,
857 4647 930 4713 et‘
956 4637 1146 4713 unitas.
1176 4636 1331 4713 Qinnl
1375 4647 1553 4713 autem
1582 4636 1827 4713 _llilarius

236 4707 527 4776 miiiittt-m,
556 4710 659 4764 huc
687 4709 999 4763 Attilirosius
1027 4710 1449 4777 singularitatem
1480 4708 1638 4771 dixit,
1685 4707 1777 4760 lih.
1804 4723 1833 4762 ν

234 4785 303 4840 de
332 4782 467 4838 Fide
513 4798 564 4838 c.
597 4783 617 4835 l
662 4803 675 4836 :
712 4779 929 4835 Evidens
950 4790 1021 4834 est
1062 4781 1247 4851 igitur,
1274 4779 1391 4849 quia
1420 4778 1557 4849 quod
1586 4780 1733 4831 unius
1761 4789 1831 4833 est

234 4856 545 4912 substantia
565 4896 579 4913 .
609 4852 836 4922 separari
861 4868 963 4905 non
992 4861 1190 4921 potest,
1219 4852 1417 4906 etiamsi
1441 4868 1541 4905 non
1571 4852 1635 4905 sit
1659 4852 1836 4923 singu-

236 4929 495 4993 laritotis,
548 4925 638 4980 sed
673 4924 901 4979 unitatis.
933 4923 1352 4991 Singularitatem
1385 4924 1517 4977 hanc
1546 4923 1693 4987 dico,
1724 4938 1836 4994 qua:

236 5016 403 5073 gnere
434 4999 655 5073 possm;
681 4997 888 5051 dicitur.
913 4995 1260 5066 Singularitas
1285 4996 1353 5049 ad
1375 5010 1615 5065 personas
1634 4997 1831 5060 attinet,

237 5072 414 5128 unitas
443 5072 518 5124 ad
550 5082 803 5122 naturam.

309 5144 387 5216 (η)
418 5143 499 5199 Ita
526 5141 656 5195 Bait.
679 5156 801 5195 cum
818 5153 957 5216 mss.
982 5138 1081 5216 nisi
1108 5140 1319 5216 quodin
1336 5137 1560 5216 Carnut_.
1594 5138 1840 5216 prop/icta

238 5208 375 5289 quod
405 5220 565 5289 inest.
599 5219 664 5268 At
693 5212 829 5281 apud
861 5212 977 5289 lin,
1003 5208 1153 5280 Lips.
1180 5225 1229 5267 et
1254 5211 1385 5289 P.tr._
1398 5208 1648 5289 praplteta
1668 5212 1840 5289 dicens

239 5283 375 5358 quod
407 5286 557 5340 Deus
578 5301 707 5358 unus
736 5295 849 5358 est:
876 5285 1157 5358 immutata
1180 5299 1340 5358 sensu
1370 5283 1576 5358 llitarii,
1610 5284 1838 5358 prophe-

242 5355 307 5415 ιω
336 5363 567 5416 nomine
592 5356 877 5413 Jercmiain
910 5370 1003 5411 seu
1036 5355 1262 5416 Bnruclt.
1288 5372 1402 5413 tum
1435 5356 1649 5424 Moysen
1684 5357 1840 5409 tutelv

242 5432 458 5503 ligentis
492 5450 507 5487 :
541 5430 642 5503 hoc
663 5437 769 5494 est,
798 5428 917 5498 quia
946 5429 1202 5503 propheta
1234 5428 1439 5503 [larum
1471 5428 1581 5503 tilio
1611 5428 1699 5503 Dei
1734 5431 1839 5482 lico

244 5500 376 5569 hoc,
410 5502 564 5575 quod
600 5502 734 5557 Deus
763 5510 868 5566 εει,
899 5502 963 5554 ad
993 5500 1223 5555 alterum
1257 5500 1424 5555 Deum
1454 5500 1703 5569 deputari
1734 5515 1841 5554 non

240 5579 388 5633 είιιίι.

312 5672 387 5741 (b)
422 5665 595 5731 Editi,
627 5668 863 5739 profana:
901 5666 1115 5720 assertio
1142 5664 1483 5741 inﬁdelitatis.
1517 5664 1843 5720 Conciunius

242 5737 377 5796 mss.
406 5737 673 5809 potiores,
700 5743 915 5807 profane
933 5741 1141 5793 assertio
1172 5738 1412 5807 infidelis.
1448 5737 1536 5793 Εδι
1565 5741 1709 5792 enim
1741 5754 1841 5791 an-

243 5815 476 5881 tithesis,
510 5818 987 5885 quaoppommtur
1019 5813 1233 5883 profane
1259 5820 1307 5867 et
1343 5811 1607 5883 religiose;
1629 5811 1841 5868 assertio

246 5886 489 5953 inﬁdelis,
529 5882 578 5938 et
606 5882 733 5952 ﬁdes
760 5900 904 5935 siina.

1940 4643 2161 4696 (larunt.
2193 4654 2245 4696 ct
2280 4642 2397 4695 Val.
2433 4644 2545 4695 has.
2578 4644 2867 4711 depraratc
2909 4644 3105 4700 factum
3135 4659 3215 4701 cst
3240 4648 3335 4701 colt
3357 4650 3536 4705 brutis.

2026 4711 2097 4783 (ε)
2123 4713 2388 4767 Particula
2420 4730 2621 4788 negans
2649 4729 2684 4788 ει
2712 4714 2890 4784 Lipsio
2923 4718 3060 4771 male
3092 4732 3357 4788 expuncta
3387 4724 3541 4777 resti.

1946 4784 2109 4837 luitur
2136 4796 2457 4839 auctoritate
2485 4787 2640 4849 B.nl.,
2672 4787 2759 4839 Er.
2792 4796 2846 4841 et
2872 4804 3002 4843 tttSs.

2016 4856 2087 4929 (ί)
2129 4856 2263 4934 Bad.
2304 4868 2356 4912 ct
2389 4857 2475 4934 Erl
2524 4874 2588 4934 es
2623 4859 2922 4934 recentiore
2966 4876 3069 4934 ms.
3096 4861 3250 4918 Colb.
3283 4882 3385 4920 non
3417 4884 3536 4934 pro.

1945 4926 2080 4996 fessa
2114 4944 2130 4981 :
2161 4929 2300 4983 male
2326 4938 2377 4982 et
2409 4928 2794 4984 diSsidentiltus
2823 4932 2946 4986 aliis
2973 4932 3141 4989 libris.
3177 4936 3368 4991 Totum
3401 4926 3540 4996 Hila-

1948 5000 2416 5076 rii_argumentum
2450 5003 2517 5054 ila
2550 5002 2748 5076 Δ[ιιιιιιτίδ
2794 5005 3077 5076 perstt’ittgi
3128 5016 3301 5075 potest
3337 5052 3343 5059 ,
3391 5010 3541 5067 Sicut

1943 5071 2031 5141 qui
2061 5072 2329 5128 lia-reticis
2355 5088 2517 5126 ununt
2548 5073 2715 5127 Deum
2747 5071 3161 5143 pratdicaut'ibus
3185 5096 3291 5134 non
3318 5096 3538 5137 contra-

1945 5143 2147 5208 dicunt,
2178 5144 2227 5197 iti
2263 5144 2916 5222 periculumincidunlue
2940 5145 3130 5203 Filium
3155 5151 3317 5205 Deum
3342 5169 3539 5222 negare

1946 5227 2228 5291 putentur;
2263 5215 2331 5270 ita
2362 5218 2454 5283 iis,
2488 5219 2574 5291 qui
2606 5219 3013 5281 contradicunt.
3048 5221 3246 5291 duplex
3294 5215 3537 5283 inuuinet

1947 5287 2276 5355 periculum.
2313 5303 2377 5343 ne
2426 5289 2673 5342 Videlicet
2719 5301 2809 5344 aut
2851 5307 3011 5344 unum
3056 5287 3221 5347 Deum
3254 5298 3538 5353 videantur

1947 5374 2172 5429 negare,
2206 5369 2297 5413 aut
2341 5360 2531 5414 saltem
2577 5360 2790 5415 Patrem
2836 5372 2887 5417 et
2938 5362 3130 5417 Filium
3176 5365 3340 5422 Deum
3374 5386 3535 5426 unum

1947 5430 2164 5486 Salielhi
2197 5446 2347 5486 more
2380 5432 2689 5501 pra-dicare.
2727 5433 2787 5485 Et
2823 5433 2921 5489 hoc
2972 5452 3155 5489 rex-era
3201 5444 3415 5495 nonnae
3446 5460 3535 5495 ca-

1949 5502 2129 5558 tholici
2168 5506 2233 5577 ab
2268 5504 2534 5558 haereticis
2578 5521 2775 5575 passim
2809 5519 2931 5559 sunt
2965 5510 3227 5563 infamati.
3272 5512 3535 5577 Quocirca

1948 5590 2046 5644 pro
2075 5576 2435 5640 rettuleritque,
2468 5580 2625 5644 longe
2659 5577 2938 5631 mallemus
2967 5583 3288 5636 reciderrtoc.

2020 5665 2223 5743 (giliis.
2277 5668 2387 5722 bas.
2442 5666 2561 5721 Vat.
2592 5683 2711 5723 cmn
2762 5670 2919 5723 tiam.
2954 5671 3177 5743 aliisque
3222 5678 3525 5733 nonnull-s,

1948 5739 2259 5795 subtilitatis
3094 5739 3107 5743 ·
3518 5744 3523 5749 -

2020 5810 2179 5884 (h)_ln
2208 5828 2310 5867 ms.
2333 5809 2454 5866 Val.
2490 5811 2603 5866 bas.
2636 5817 2758 5867 unio

2017 5882 2083 5953 (i)
2107 5882 2317 5954 Lipsrus
2347 5884 2415 5940 tle
2444 5899 2543 5941 suo
2572 5896 2901 5957 reposuerat,
2942 5905 3041 5943 non
3068 5902 3289 5962 possunt.
3327 5894 3525 5951 Surena
