4048 6510
455 359 527 415 35
1614 351 1861 413 SANCTI
1902 352 2157 412 IIILARII
2208 352 2509 412 Ei’lSCOPl

3617 352 3718 411 156

424 474 491 527 ad
520 470 792 544 imaginem
822 469 937 527 Dei.
962 467 1165 530 -—-Sed
1215 483 1506 543 sequamur
1553 474 1797 530 ordinem
1832 475 2017 531 lectie-
2046 476 2099 537 Α
2125 489 2359 531 nomen:
2408 486 2463 532 et
2510 474 2601 530 ubi
2650 472 2979 545 nuncupatio
3022 482 3108 531 est
3148 470 3365 546 generis
3410 470 3591 534 alieni,
3648 471 3718 526 ibi

428 565 526 625 nis,
565 575 619 619 ιιι
647 567 846 621 veritas
875 581 1091 637 semper
1118 566 1217 620 sibi
1262 566 1542 622 coltzerens
1584 583 1688 623 non
1717 568 2022 624 demittetur

426 657 753 714 oll‘endiculo
786 659 1051 714 falsitatis.
1086 659 1148 713 Et
1181 641 1301 731 {erit
1322 658 1462 716 Dens
1485 662 1775 727 ltuininem;
1798 665 1865 717 ad
1895 665 2021 717 inta-

429 753 596 825 ginem
639 750 734 807 Dei
775 754 893 823 fecit
934 771 1049 807 eum
1080 753 1236 816 (Gen.
1275 770 1313 818 t,
1343 754 1459 828 27).
1500 754 1680 827 Imago
1722 758 2025 812 communis

429 853 510 899 est
538 861 550 898 :
586 844 725 899 Deus
753 844 819 899 ad
849 845 1136 918 imaginem
1173 846 1265 903 Dei
1294 846 1568 903 hominem
1612 847 1756 904 fecit.
1798 848 1899 916 Qui
1931 864 2023 904 ve-

433 954 554 996 rum
609 937 776 996 Deum
826 940 991 997 filium
1041 941 1131 996 Dei
1160 940 1410 1012 denegat,
1439 958 1622 1014 qumro
1652 943 1719 997 ad
1746 943 1898 1013 cuius
1932 943 2027 998 Dei

434 1032 721 1104 imaginem
752 1050 781 1088 a
812 1034 919 1090 Deo
950 1034 1148 1090 factum
1183 1037 1456 1090 hominem
1506 1036 1783 1106 intelligat.
1838 1036 2028 1091 Memi-

437 1128 577 1186 nerit
607 1138 784 1184 tamen
814 1144 1030 1199 semper
1053 1146 1147 1200 per
1174 1129 1367 1185 Filium
1396 1131 1613 1196 omnia;
1655 1147 1723 1187 ne
1761 1130 1897 1186 forte
1924 1130 2032 1186 bte-

439 1221 604 1277 retica
636 1220 992 1293 intelligentia
1025 1222 1397 1292 operationem
1422 1221 1526 1276 sibi
1570 1222 1659 1278 Dei
1689 1223 1853 1294 patris
1873 1236 2037 1292 coap-

441 1324 536 1372 tct.
570 1314 625 1371 Si
655 1314 816 1387 igitur
844 1314 911 1370 ad
942 1315 1230 1387 imaginem
1262 1314 1352 1370 Dei
1377 1316 1540 1387 patris
1561 1331 1657 1388 per
1678 1315 1846 1371 lilium
1868 1315 2033 1370 Deum

443 1410 605 1465 homo
630 1409 896 1477 conditur,
921 1410 1171 1466 conditur
1201 1426 1411 1480 quoque
1442 1409 1509 1465 ad
1542 1409 1829 1482 Imaginem
1874 1406 1995 1465 Filii
2020 1426 2034 1463 :

442 1501 565 1574 quia
616 1520 775 1559 nemo
824 1501 959 1558 Filio
1008 1502 1211 1559 dictum
1273 1502 1501 1572 denegat
1554 1500 1621 1554 ad
1669 1501 1943 1572 imaginem
1991 1509 2039 1554 et

444 1598 831 1653 similitudinem
883 1608 1128 1653 nostram.
1179 1596 1373 1652 Tenuit
1428 1611 1556 1667 ergo
1603 1611 1781 1652 sermo
1825 1596 2040 1650 divinus

444 1693 707 1748 rationem
743 1691 985 1747 teritatis
1013 1690 1065 1746 iu
1094 1690 1269 1755 dictis,
1314 1705 1474 1760 quam
1507 1704 1642 1761 opus
1686 1688 1940 1759 explebat
1986 1688 2039 1742 in

450 1787 603 1844 factis
636 1832 647 1841 τ
681 1799 737 1843 ut
762 1786 1035 1843 hominem
1065 1785 1129 1839 ad
1159 1784 1443 1857 imaginem
1479 1786 1571 1841 Dei
1604 1786 1742 1840 Deus
1766 1784 2039 1854 figut‘aret,

2121 571 2460 626 existimatur
2490 572 2688 626 veritas
2715 570 2956 642 ejusdem
2987 570 3205 643 generis
3250 586 3355 625 non
3404 570 3601 625 inesse.
3653 567 3723 624 Et

2122 664 2338 734 quidem
2374 663 2485 735 jam
2530 665 2778 736 superior
2811 665 2947 721 liber
2982 666 3297 722 inanitatem
3340 664 3501 737 hujus
3540 678 3722 735 qurcs-

2127 757 2289 811 tionis
2316 757 2571 813 ostendit.
2614 758 2671 814 In
2718 758 2911 830 angelo
2952 761 3097 817 enim
3142 758 3307 816 officii
3354 760 3534 832 potius
3564 773 3722 830 quam

2128 862 2333 907 natura:
2362 852 2717 923 intelligentia
2743 863 2849 910 est.
2879 853 2944 909 Et
2982 853 3243 924 propheta
3272 853 3408 909 milii
3432 852 3586 910 testis
3616 859 3721 913 est,

2127 944 2351 1000 dicens:
2386 946 2489 1012 Qui
2528 948 2650 1019 facit
2688 950 2897 1020 angelos
2942 962 3062 1002 suos
3098 947 3333 1019 spiritus,
3373 957 3422 1002 et
3467 945 3724 1001 ministros

2130 1056 2251 1095 suos
2301 1042 2468 1112 ignem
2518 1052 2746 1098 urentem
2815 1040 2985 1112 (Pani.
3035 1057 3148 1109 cm,
3198 1040 3278 1113 4).
3319 1039 3505 1119 ⁸Βιιιξιις
3566 1040 3727 1109 igitur

2133 1131 2272 1201 ignis
2295 1132 2374 1205 (εὶ)
2431 1133 2522 1190 ille
2582 1134 2812 1190 ministri
2860 1135 2936 1207 (ὸ)
2979 1133 3097 1205 ejus
3164 1143 3291 1190 sunt
3335 1151 3350 1190 :
3403 1144 3457 1188 et
3504 1134 3732 1188 veniens

2134 1228 2397 1297 spiritus,
2487 1228 2665 1301 angeli
2752 1228 2871 1297 ejus
2950 1238 3097 1284 sunt.

2139 1321 2466 1387 nuntiorum,
2495 1325 2585 1394 qui
2618 1324 2793 1395 angeli
2837 1332 3237 1393 nuncupantur,
3265 1336 3330 1377 ac
3359 1321 3732 1377 ministrorum

2137 1414 2442 1471 ostenditur
2469 1415 2552 1471 vel
2586 1426 2796 1483 natura,
2830 1420 2915 1471 vet
2944 1415 3133 1471 virtus.
3164 1414 3251 1471 Fit
3289 1429 3418 1486 ergo
3446 1413 3533 1470 bic
3577 1413 3739 1484 Spiri-

2143 1519 2228 1563 tus
2250 1511 2494 1580 angelus,
2523 1508 2605 1566 vel
2633 1511 2721 1565 ltic
2748 1510 2885 1583 ignis
2910 1526 3073 1568 urens
3092 1510 3339 1567 minister
3367 1509 3460 1567 Dei
3486 1528 3497 1563 :
3544 1518 3599 1565 et
3624 1514 3742 1564 lure

2144 1614 2329 1660 natura
2359 1621 2547 1661 eorum
2593 1608 2788 1676 accipit
2831 1608 3000 1661 nuntii
3046 1616 3095 1662 el
3128 1608 3213 1678 (ὅ)
3252 1605 3482 1663 miniSIri
3506 1605 3583 1677 (ε)
3620 1603 3740 1658 offi-

2145 1699 2307 1752 cium.
2341 1696 2539 1754 anens
2569 1699 2728 1769 igitur
2758 1698 2863 1765 lex,
2900 1700 3063 1755 immo
3096 1714 3193 1770 per
3219 1698 3391 1769 legem
3425 1698 3586 1763 Deus,
3621 1712 3741 1766 per-

2147 1805 2333 1845 sonam
2387 1793 2593 1861 paterni
2638 1794 2871 1847 nominis
2928 1792 3197 1855 intimare,
3223 1791 3302 1865 (ἆ)
3356 1790 3522 1845 Deum
3574 1790 3743 1845 ﬁlium

3191 1228 3292 1285 Per
3379 1227 3498 1284 lucc
3584 1228 3732 1283 enim

451 1895 510 1941 ιιι
544 1885 710 1941 Deum
742 1885 1094 1957 siguiliCarct,
1131 1898 1229 1937 nec
1268 1882 1548 1938 veritatem
1592 1880 1703 1936 Deo
1733 1878 1998 1934 adimeret
2026 1894 2040 1928 ἐ
2074 1877 2123 1938 Β
2147 1887 2397 1955 angelum
2428 1886 2518 1941 Dei
2553 1886 2728 1943 locuta
2756 1897 2862 1953 est,
2890 1886 2940 1941 id
2972 1897 3076 1950 est,
3124 1888 3369 1941 nuntium
3406 1885 3516 1940 Dei.
3566 1881 3749 1953 Signi-

451 1996 571 2034 cum
606 1988 661 2035 et
708 1983 757 2032 in
809 1978 1191 2032 communione
1237 1976 1484 2045 imaginis
1518 1986 1661 2030 esset
1692 1974 1831 2029 Deus
1862 1987 2043 2040 verus,

453 2074 543 2143 qui
572 2073 623 2128 in
652 2087 818 2139 opere
849 2069 1135 2126 efficiendo
1164 2068 1561 2139 intelligebatur
1588 2068 1727 2122 Dens
1756 2066 1917 2121 ﬁlius.

530 2167 617 2223 10.
656 2165 900 2221 ﬂarrctiri
927 2174 1081 2236 perstr
1100 2164 1340 2237 ingnntnr
1381 2180 1444 2218 ex
1486 2163 1656 2219 dictis.
1685 2191 1760 2205 -—
1785 2159 1831 2216 Ο
1859 2159 2053 2229 despe-

456 2270 587 2317 rata:
620 2261 815 2316 mentis
849 2259 998 2315 furor
1028 2258 1265 2331 perdite!
1300 2274 1333 2311 ο
1361 2256 1524 2313 stulta
1550 2272 1710 2312 ereca:
1762 2252 2052 2325 impietatis

460 2355 770 2412 temeritas!
819 2355 986 2411 Audis
1024 2354 1190 2410 Demn
1231 2363 1284 2409 et
1326 2354 1513 2416 Deum,
1565 2351 1717 2407 audis
1766 2351 2053 2421 imaginem

460 2460 752 2506 nostram:
802 2449 927 2520 quid
980 2458 1034 2501 tn
1083 2447 1305 2520 subjicis
1351 2462 1537 2502 verum
1583 2456 1638 2501 et
1687 2460 1792 2501 non
1831 2445 2055 2500 verum?

460 2543 585 2617 quid
621 2541 817 2599 inseris
850 2542 1147 2597 naturalem
1190 2550 1351 2612 atque
1397 2538 1631 2594 falsum?
1660 2537 1788 2610 quid
1827 2536 1929 2593 sub
1973 2550 2059 2592 re—

462 2636 679 2709 ligionis
704 2636 923 2691 nomine
966 2633 1278 2703 religionem
1310 2630 1549 2688 evertis?
1592 2630 1719 2703 quid
1769 2646 1863 2701 per
1894 2643 2057 2685 unum

466 2728 662 2794 Deum,
693 2738 747 2786 et
777 2744 942 2784 unum
977 2728 1142 2783 Deum
1170 2742 1376 2789 verum,
1411 2733 1586 2781 tentas
1617 2741 1683 2780 ne
1710 2722 1854 2779 Deus
1900 2738 2061 2778 verus

467 2839 604 2878 unus
630 2822 732 2879 sit?
760 2820 1008 2877 Nondum
1042 2834 1271 2875 vesanus
1302 2819 1522 2889 spiritus
1559 2828 1680 2872 tuos
1709 2816 1865 2871 dictis
1893 2830 2061 2870 evan-

465 2916 655 2989 gelicis
685 2927 845 2988 atque
875 2916 1186 2987 apostolicis
1215 2914 1441 2981 suﬁ‘oco,
1492 2916 1543 2969 in
1589 2914 1783 2984 quibus
1823 2910 1983 2968 Pater
2009 2920 2064 2967 et

468 3013 639 3069 Filius
685 3028 790 3068 non
825 3026 1077 3083 persona,
1123 3009 1217 3066 sed
1254 3021 1441 3064 natura
1476 3024 1612 3065 unus
1641 3016 1697 3063 et
1736 3022 1896 3062 verus
1924 3005 2066 3063 Dens

470 3118 695 3177 uterque
720 3116 799 3161 est
834 3121 849 3161 :
884 3103 1098 3160 interim
1149 3116 1199 3159 te
1246 3103 1333 3159 lex
1383 3101 1499 3158 sola
1545 3108 1757 3158 enecat.
1798 3098 2064 3171 Numquid

470 3205 545 3259 ait
570 3204 737 3259 Detun
768 3218 949 3258 verum
991 3214 1042 3257 et
1072 3217 1179 3256 non
1227 3200 1392 3255 Deum
1419 3198 1647 3255 verum?
1676 3196 1938 3267 Numquid
1969 3194 2069 3250 ali—

475 3307 556 3352 ter
581 3298 636 3353 in
667 3307 893 3365 utroque
921 3303 1117 3365 pra‘tet'
1145 3308 1304 3364 quam
1335 3305 1542 3348 natura:
1575 3296 1795 3346 nomine
1825 3304 1919 3345 usa
1950 3288 2068 3344 est?
2095 3284 2140 3350 C

477 3390 644 3446 Deum
686 3400 741 3447 et
788 3393 953 3445 Deum
1000 3387 1166 3455 dixit,
1196 3402 1314 3459 qum
1356 3386 1491 3442 dixit
1531 3388 1693 3442 Deum
1745 3401 1931 3441 unum.
1962 3383 2068 3440 Sed

472 3484 599 3555 quid
648 3494 851 3539 tantum
901 3482 1101 3537 dixisse
1147 3481 1307 3534 dico?
1364 3478 1532 3535 Deum
1582 3495 1766 3534 verum
1818 3486 1873 3531 et
1901 3477 2069 3532 Deum

474 3592 661 3632 verum
710 3593 805 3646 per
850 3575 1131 3631 veritatem
1179 3572 1426 3643 imaginis
1472 3571 1802 3642 praedicavit.
1836 3570 1944 3627 Usa
1989 3581 2074 3628 est

477 3671 531 3726 in
579 3669 976 3739 nuncupatione
1042 3668 1269 3737 primtttn
1321 3676 1529 3721 natura:
1575 3666 1790 3720 nomine
1840 3682 1853 3717 :
1908 3667 2074 3720 utitur

478 3764 735 3834 deinceps
765 3762 818 3816 in
867 3776 1065 3831 genere
1096 3759 1318 3814 veritate
1349 3768 1577 3814 naturas.
1624 3757 1758 3814 Cum
1800 3760 1941 3813 enim
1983 3759 2072 3827 qui

480 3858 561 3922 ﬁt,
590 3856 895 3913 secundum
929 3855 1218 3927 imaginem
1262 3865 1477 3909 creatur
1506 3851 1803 3921 utriusuue,
1838 3869 1942 3906 non
1976 3867 2072 3922 po.

480 3951 685 4023 test(|)
731 3966 838 4006 non
882 3965 948 4005 ex
996 3963 1128 4006 vero
1157 3947 1235 4019 (a)
1281 3946 1602 4013 consistere,
1645 3946 1788 4019 quod
1850 3958 2077 4017 uterque

481 4044 625 4100 Deus
652 4058 811 4100 verus
841 4044 930 4097 sit.

555 4139 644 4194 11.
677 4136 845 4193 Filius
873 4146 928 4190 nt
959 4152 1175 4207 persona
1195 4134 1328 4191 alius
1354 4152 1385 4188 α
1416 4132 1591 4201 Putre,
1620 4133 1835 4205 angelus
1864 4131 1962 4189 Dei
2001 4134 2080 4188 tli-

483 4240 595 4288 ctus
621 4242 727 4297 est;
761 4227 900 4284 Dens
926 4244 1041 4284 vero
1069 4238 1123 4284 ut
1150 4230 1283 4284 idem
1311 4238 1514 4283 natura.
1545 4227 1650 4283 Cur
1689 4230 1854 4281 dictus
1893 4230 1957 4282 sit
1987 4244 2080 4281 an-

483 4328 626 4401 gelus
651 4324 765 4380 Dei.
788 4355 860 4366 ——
889 4323 993 4381 Sed
1028 4339 1310 4395 pergamus
1336 4325 1496 4379 etiam
1545 4338 1685 4378 nunc
1724 4338 1790 4378 eo
1823 4322 2082 4391 pra‘dica-

484 4422 645 4477 tionis
686 4430 884 4476 nostrae
930 4418 1141 4482 itinere,
1182 4433 1289 4488 quo
1315 4416 1400 4471 lcx
1425 4425 1605 4472 sancta
1638 4414 1706 4472 de
1738 4416 1846 4470 Deo
1876 4414 2078 4472 docuit.

487 4516 720 4586 Angelus
752 4516 842 4569 Dei
873 4514 938 4568 ad
968 4512 1108 4585 Agar
1133 4512 1390 4583 loquitur,
1424 4523 1475 4567 ct
1510 4510 1648 4567 idem
1680 4511 1918 4580 Angelus
1946 4512 2085 4567 Deus

487 4620 590 4665 est.
626 4610 730 4667 Sed
763 4611 899 4664 forte
932 4608 1133 4663 ideirco
1161 4607 1437 4680 ιιοιιοιι
1470 4604 1610 4661 Deus
1638 4620 1799 4661 verus
1824 4615 1929 4673 est,
1961 4606 2084 4675 quia

2152 1978 2453 2034 ﬁcationem
2501 1980 2643 2033 enim
2692 1979 2857 2035 ofﬁcii
2905 1989 3131 2035 testatur
3180 1979 3234 2035 in
3282 1978 3509 2034 nuntio:
3541 1989 3749 2033 natura:

2152 2082 2331 2128 autem
2364 2071 2646 2127 veritatem
2672 2072 3013 2128 conﬁrmavit
3045 2073 3097 2128 in
3146 2073 3383 2138 nomine,
3412 2087 3535 2128 eum
3579 2071 3749 2127 Deum

2153 2167 2305 2222 dixit.
2348 2166 2444 2222 llic
2487 2180 2666 2223 autem
2700 2183 2838 2224 nunc
2885 2168 3303 2240 dispensationis
3331 2176 3414 2223 est
3456 2165 3611 2232 ordo,
3642 2179 3749 2220 non

2154 2262 2387 2333 generis.
2436 2259 2551 2316 Non
2594 2262 2737 2317 enim
2781 2260 2923 2317 aliud
2971 2276 3130 2333 quam
3182 2260 3395 2316 Patrem
3454 2268 3510 2315 ct
3555 2257 3751 2313 Filium

2160 2355 2514 2425 prtedicarnus
2552 2372 2565 2411 :
2607 2366 2663 2411 et
2694 2355 2764 2409 ita
2798 2364 3043 2410 naturam
3073 2358 3347 2410 nominum
3380 2366 3749 2424 coaequamus,

2160 2458 2217 2504 ut
2243 2450 2523 2505 veritatem
2559 2449 2651 2506 Dei
2682 2458 2859 2506 teneat
2886 2465 2953 2503 ex
2984 2448 3291 2505 innascibili
3339 2449 3449 2504 Deo
3493 2447 3584 2502 Dei
3616 2445 3743 2501 uni-

2160 2544 2323 2614 geniti
2351 2541 2619 2598 uativitas.
2648 2540 2793 2597 Missi
2822 2551 3002 2598 autem
3030 2552 3085 2599 et
3132 2542 3396 2597 mittentis
3430 2539 3757 2613 signiﬁcatio

2163 2634 2252 2692 hic
2279 2650 2385 2693 non
2414 2636 2557 2691 aliud
2586 2652 2744 2706 quam
2787 2636 3001 2691 Patrem
3038 2646 3092 2690 et
3124 2634 3317 2691 Filium
3358 2634 3538 2702 docet,
3590 2640 3759 2689 easte‘

2164 2746 2281 2786 rum
2311 2732 2590 2786 veritatem
2617 2744 2724 2784 non
2772 2729 2962 2784 adimit
3000 2737 3224 2790 naturai.
3286 2742 3460 2798 neque
3514 2728 3565 2780 in
3620 2724 3763 2780 Filio

2166 2825 2382 2894 perimit
2410 2823 2602 2879 nativae
2640 2822 2934 2877 divinitatis
2964 2824 3380 2893 proprietatem:
3429 2820 3551 2891 quia
3602 2834 3764 2874 nemo

2167 2916 2403 2987 ambigat
2430 2926 2677 2972 naturam
2718 2917 2953 2971 auctoris
2993 2919 3044 2971 in
3078 2916 3171 2970 filii
3213 2914 3491 2969 nativitatc
3533 2926 3766 2968 contras-

2169 3010 2240 3075 ci,
2276 3009 2348 3082 (e)
2382 3018 2440 3065 ut
2465 3025 2529 3064 ex
2563 3026 2670 3065 uno
2701 3011 2959 3065 consistat
2991 3009 3041 3064 in
3069 3024 3255 3074 unum,
3301 3006 3442 3078 quod
3473 3022 3568 3079 per
3598 3020 3766 3060 unum

2171 3119 2277 3160 non
2326 3104 2668 3160 discernatur
2713 3119 2781 3161 ex
2829 3120 2936 3158 uno
2980 3116 3187 3176 :atquc
3213 3105 3285 3159 ita
3330 3117 3492 3158 unum
3524 3101 3630 3157 sint
3673 3113 3770 3172 per

2172 3198 2311 3269 quod
2346 3214 2482 3253 unus
2504 3212 2568 3254 ex
2598 3214 2707 3255 uno
2736 3208 2842 3253 est.

2248 3292 2335 3347 η.
2373 3290 2612 3347 Hilarius
2652 3292 2770 3362 fidei
2799 3292 2984 3346 ardore
3011 3308 3221 3365 sceptra!
3249 3290 3464 3347 excedit.
3492 3316 3565 3331 —-
3589 3286 3635 3344 Ο
3664 3287 3769 3343 iut-

2174 3384 2384 3455 patiens
2418 3382 2540 3439 lidei
2583 3384 2752 3448 calor,
2800 3396 2853 3440 et
2901 3382 3189 3439 desiderati
3229 3381 3495 3439 serutOnis
3541 3379 3774 3435 inconti-

2174 3493 2308 3534 nens
2335 3478 2635 3533 silcntium!
2667 3476 2788 3533 Jam
2814 3478 2956 3533 enim
3000 3488 3053 3532 ct
3086 3478 3138 3531 in
3186 3478 3448 3542 superiori
3492 3475 3632 3531 libro
3656 3490 3776 3529 mo-

2174 3570 2300 3626 dum
2328 3572 2633 3625 constituta'
2660 3569 3061 3641 pra‘dicatimtis
3083 3574 3436 3634 excessimus,
3461 3583 3581 3623 cum
3605 3583 3776 3636 quatt-

2174 3662 2247 3718 do
2271 3665 2435 3733 impie
2464 3662 2665 3719 dictum
2695 3679 2857 3717 untun
2883 3665 3046 3718 Deum
3079 3664 3146 3718 ab
3172 3661 3436 3719 lta'retitis
3461 3671 3772 3732 arguentes,

2175 3766 2232 3812 et
2265 3757 2429 3811 Deum
2451 3768 2611 3825 atque
2642 3757 2804 3813 Deum
2841 3772 2870 3810 a
2901 3757 3083 3829 Moyse
3111 3757 3459 3829 pmdicatutn
3490 3756 3772 3821 docentes,

2176 3848 2242 3905 ad
2268 3852 2424 3905 unius
2452 3850 2544 3904 Dei
2587 3866 2769 3907 veram
2800 3861 2855 3906 et
2888 3852 3193 3922 religiosam
3239 3850 3631 3907 confessionem
3664 3850 3775 3919 pia,

2175 3946 2421 4015 quamvis
2464 3944 2877 4013 inconsiderata,
2941 3945 3283 4002 festinatione
3338 3944 3776 4001 descendimus:

2180 4048 2235 4095 et
2265 4054 2404 4095 nunc
2446 4054 2656 4112 quoque
2704 4041 2930 4095 alterius
2982 4039 3296 4110 qumstionis
3328 4039 3547 4111 negotio
3578 4040 3773 4094 immo-

2182 4142 2383 4198 rautes,
2434 4148 2539 4188 non
2571 4135 2839 4190 tenuimus
2869 4133 3113 4188 ordinent
3145 4134 3531 4197 constitutum;
3563 4142 3616 4185 ct
3642 4130 3773 4185 dum

2185 4225 2252 4281 de
2268 4227 2375 4282 Deo
2394 4242 2523 4283 vero
2541 4228 2631 4282 Dei
2665 4227 2775 4284 lilio
2806 4229 3094 4299 loquimur,
3114 4243 3279 4299 usque
3295 4227 3358 4283 ad
3375 4226 3768 4283 confessionem

2188 4322 2280 4377 Dei
2327 4323 2437 4377 veri
2489 4324 2539 4378 in
2580 4324 2738 4379 Patre
2777 4335 2829 4380 et
2876 4323 3015 4379 Filio
3053 4322 3307 4379 ferventis
3336 4322 3556 4393 spiritus
3584 4322 3785 4377 ardore

2190 4417 2555 4487 prorupituus.
2588 4416 2693 4472 Sed
2739 4418 2987 4472 tractatui
3037 4433 3135 4471 suo
3182 4416 3303 4473 fidei
3347 4424 3543 4470 nostrrc
3585 4416 3786 4469 veritas

2189 4518 2497 4565 reservetur
2540 4526 2552 4563 :
2593 4526 2711 4581 qum
2760 4526 2880 4565 cum
2926 4509 3173 4565 incltoala
3223 4510 3292 4566 sit
3332 4507 3398 4564 ad
3440 4509 3784 4564 securitatem

2192 4601 2437 4673 legentis,
2482 4603 2754 4658 tractanda
2803 4612 2978 4660 tamen
3011 4613 3170 4673 atque
3216 4603 3542 4661 absolvenda
3574 4601 3786 4673 plenius

487 4704 710 4774 angelus
734 4703 826 4759 Dei
859 4710 957 4757 est.
988 4700 1257 4756 Inferioris
1308 4700 1450 4755 enim
1483 4708 1684 4755 natum
1726 4697 1938 4753 videtur
1982 4697 2086 4753 hoc
2114 4688 2163 4747 D
2189 4708 2269 4754 est
2296 4697 2360 4753 ad
2385 4697 2818 4769 desperationem
2848 4698 3289 4756 eontradicentis.

563 4889 609 4960 (1
628 4892 644 4957 )
674 4885 759 4943 Ea:
792 4898 1020 4951 utroque.

564 4960 647 5032 (‘2)
676 4961 766 5016 Illi
789 4960 1026 5016 ministri.

494 5174 617 5302 V‘at.
663 5171 781 5228 bas.
826 5169 996 5227 codex
1045 5184 1166 5225 cum
1216 5169 1403 5234 Carm,
1454 5184 1586 5224 unus
1637 5180 1709 5225 est
1754 5168 2085 5225 ltontomon

494 5254 692 5302 uacet.

494 5254 692 5317 placet.

566 5342 641 5411 (ιι)
678 5340 768 5395 Er.
799 5338 947 5411 Lips.
982 5349 1033 5392 et
1058 5336 1225 5411 Par,
1248 5338 1302 5391 in
1344 5348 1605 5411 utroque:
1648 5337 1776 5392 Bad.
1823 5353 1943 5393 cum
1973 5337 2089 5409 plna

503 5413 652 5469 ribus
687 5427 819 5465 mss.
850 5410 911 5466 ex
942 5420 1172 5477 utroque.
1211 5410 1550 5464 Pra‘fcrimus
1578 5425 1641 5462 ea:
1680 5426 1797 5466 vero
1835 5427 1959 5466 cum
2006 5426 2092 5465 ve-

500 5483 815 5540 tusuoribus
843 5483 1020 5547 Colb.,
1056 5482 1235 5547 Item,
1266 5482 1475 5545 Gerun,
1508 5491 1613 5537 etc.

575 5580 649 5650 (bl
682 5578 737 5632 1ιι
762 5576 1012 5650 vulgatis,
1047 5575 1121 5629 iiii
1172 5576 1419 5650 ministri,
1450 5586 1577 5650 etc,
1614 5588 1748 5643 tum,
1796 5578 1876 5633 sui
1921 5586 2093 5633 autem

503 5648 712 5720 spiritus
737 5667 753 5702 .·
786 5650 871 5702 ιιΙιι
905 5648 957 5703 in
988 5664 1117 5721 mss.
1148 5648 1335 5711 Cum,
1372 5663 1476 5702 uno
1503 5649 1623 5703 Vat.
1656 5662 1707 5704 et
1736 5650 1907 5709 Prat..
1933 5662 1982 5705 et
2021 5654 2094 5721 [ιι-

506 5719 641 5777 ciens
668 5724 877 5794 spiritus
904 5738 921 5771 .’
957 5723 1009 5794 in
1038 5719 1337 5794 a.its_vero,
1386 5730 1431 5773 ct
1460 5723 1659 5775 rrniens
1706 5725 1941 5794 spiritus,
1994 5719 2095 5778 lt'oe

508 5806 612 5857 est,
656 5792 875 5864 spiritus
921 5793 1012 5864 qui
1063 5791 1207 5849 venit
1250 5793 1445 5847 missus
1485 5794 1550 5848 ad
1598 5791 1797 5866 aliquid
1847 5806 2097 5851 nunttan-

506 5872 649 5923 dum.

2270 4887 2347 4961 (3)
2372 4884 2645 4943 Ministerii
2676 4888 2912 4959 ofﬁcium.

2263 5169 2345 5242 (ε)
2370 5168 2486 5224 Duo
2511 5182 2643 5223 mss.
2674 5165 2829 5224 Colb.
2852 5208 2868 5235 ,
2896 5176 2951 5223 ut
2973 5169 3190 5233 nuntiet,
3238 5168 3509 5226 ministerii
3548 5170 3786 5241 oﬁicmm.

2193 5241 2295 5297 hoc
2326 5241 2632 5296 faventibus
2659 5242 2894 5309 exteris,
2919 5242 3064 5312 quod
3114 5256 3279 5313 prope
3322 5257 3514 5298 omnes
3554 5243 3792 5301 haltcattl

2195 5314 2465 5368 ministerii
2515 5313 2754 5383 omnium.
2806 5313 3115 5368 Proximum
3164 5314 3460 5370 Psalmisrm
3508 5316 3683 5369 locum
3725 5333 3789 5371 ex

2197 5385 2383 5441 Hilarii
2417 5386 2864 5453 interpretatimie
2906 5384 2980 5439 ita
3016 5386 3421 5456 intelligendum
3454 5387 3658 5455 liquet:
3694 5389 3793 5454 Qui

2197 5459 2422 5529 spiritus
2454 5467 2499 5511 et
2544 5458 2714 5526 ignem
2759 5468 2987 5512 urentem
3029 5460 3149 5525 facit
3197 5458 3407 5529 angelos
3449 5471 3497 5513 et
3530 5461 3794 5514 ministros

2198 5546 2336 5585 suos.
2384 5528 2538 5587 Unde
2565 5530 2751 5593 sumit,
2783 5544 2880 5584 eos
2909 5530 3127 5598 spiritus
3160 5528 3281 5585 non
3316 5543 3501 5585 natura
3556 5534 3605 5584 id
3649 5549 3791 5596 c~se,

2200 5601 2343 5671 quod
2377 5601 2527 5668 fiunt,
2564 5616 2657 5656 seu
2688 5601 2830 5672 quod
2858 5604 2938 5656 eis
2961 5603 3072 5672 jam
3103 5604 3411 5658 constitutis
3439 5603 3795 5659 adventitiuut

2204 5682 2304 5728 est.

2207 5744 2356 5874 (mgf?
2397 5742 2557 5801 Editi.
2608 5743 2702 5801 Dei
2750 5746 2931 5813 ﬁlium.
2980 5746 3307 5805 Concinnius
3351 5762 3481 5805 mss.
3530 5746 3695 5804 Deum
3737 5749 3799 5819 ρ-

2279 5891 2349 5964 (ετ)
2380 5890 2666 5963 Exemplar
2687 5891 2849 5951 Carn.
2878 5890 3017 5960 quod
3041 5909 3101 5950 ex
3129 5910 3247 5950 uno.
