4048 6478
239 300 342 357 145

1456 308 1544 365 DE
1582 307 1957 369 TRINITATE
1988 310 2194 369 LIBER
2254 314 2317 367 ν.

3428 326 3531 382 HG

242 430 348 477 tcnt
377 422 505 478 adiit
544 423 564 496 (
598 421 735 479 Ibid.
783 423 852 480 24
876 424 924 497 );
957 423 1263 482 divinorum
1309 436 1363 482 et
1398 427 1696 485 ctelestium
1737 443 1825 483 sa-
1857 433 1904 489 A
1936 428 2101 485 Deum
2126 430 2214 487 lex
2253 435 2628 499 essetloeuta;
2663 444 2719 490 ut
2748 446 2995 493 naturam
3025 440 3263 495 nominis
3282 455 3378 512 per
3402 456 3532 498 aue-

237 526 637 572 crameutnrum
687 518 1049 589 cognitionem
1098 518 1450 591 quadraginta
1511 520 1720 575 dierum
1768 535 1830 576 ac

238 608 475 664 noctium
501 618 745 681 tempore
768 608 997 679 adeptus
1033 620 1149 678 est,
1171 612 1350 667 omnia
1382 612 1676 669 secundum
1710 628 1831 685 spe-

238 701 375 759 ciem
422 710 657 757 ostensio
687 702 789 758 sibi
822 704 876 758 in
924 714 1108 760 monte
1154 705 1399 761 veritatis
1446 706 1700 771 instituit,
1737 722 1831 778 per

237 795 653 852 familiaritatem
692 796 963 867 loquentis
991 796 1058 852 ad
1104 811 1164 852 se
1192 797 1283 853 Dei
1305 839 1319 863 ,
1361 800 1589 868 gloriam
1615 798 1829 854 clarita-

237 888 308 943 tis
351 888 789 957 inconspicabilis
834 889 1094 961 sumpsit,
1140 898 1195 944 et
1238 891 1599 961 corruptivam
1652 894 1829 947 vultus

235 979 316 1034 sui
344 979 581 1050 speciem
614 980 708 1036 lux
755 980 1113 1038 intolerabilis
1142 982 1332 1037 vicina:
1383 984 1686 1051 maiestatis
1739 985 1831 1038 int-

234 1073 416 1143 plevit,
450 1072 613 1127 Deum
664 1081 934 1139 testatur.
965 1075 1037 1130 de
1093 1076 1203 1131 Deo
1250 1077 1525 1146 loquitur,
1571 1076 1637 1132 ad
1687 1077 1829 1132 lnmc

234 1166 564 1222 adorandum
595 1181 718 1222 cum
771 1166 952 1222 lzetitia
1000 1168 1241 1237 gentium
1281 1170 1503 1239 angelos
1536 1170 1627 1225 Dei
1658 1170 1827 1225 advo-

232 1267 336 1323 cat,
363 1257 523 1329 bnjns
553 1259 779 1330 placitas
826 1260 1229 1318 benedictiones
1256 1260 1457 1331 Josenlt
1485 1263 1675 1318 vertici
1730 1262 1829 1316 im-

230 1361 479 1422 preeatur
504 1349 687 1426 (Deut.
718 1368 891 1409 sum
914 1394 929 1418 ,
977 1353 1103 1424 lli):
1135 1364 1191 1409 et
1236 1363 1355 1425 post
1404 1353 1521 1410 hac
1549 1354 1667 1410 solo
1693 1369 1826 1409 con-

229 1459 386 1501 cesso
415 1446 464 1501 ei
496 1445 738 1515 nomine,
766 1445 929 1502 audet
956 1447 1239 1520 quisquam
1269 1461 1469 1519 negare
1494 1446 1639 1518 quod
1665 1460 1826 1503 verus

230 1540 364 1593 est?

296 1630 388 1687 24.
422 1631 640 1689 Samum!
664 1650 841 1689 eorum
858 1648 976 1706 quc
1002 1635 1155 1690 hocce
1177 1634 1310 1690 libro
1339 1636 1585 1690 hactenus
1610 1633 1822 1704 probata

226 1736 363 1781 sunt.
396 1756 465 1767 —
503 1726 657 1783 Nunc
681 1729 803 1799 quia
852 1728 1000 1784 omni
1046 1727 1150 1785 hoc
1197 1744 1453 1787 sermone
1502 1740 1688 1785 nostro
1728 1730 1822 1786 de-

1934 522 2205 577 toritatem
2251 523 2380 580 dicti
2414 527 2710 596 prophetici
2751 542 3013 601 negaret,
3043 531 3239 602 adjecit
3264 574 3280 598 ,
3311 532 3535 589 Benedi-

1933 624 2045 669 cent
2069 624 2117 667 te
2156 613 2319 670 Deum
2361 633 2535 672 verum
2568 618 2738 689 (Erai.
2772 637 2895 685 ων.
2925 620 3051 689 16):
3083 632 3142 679 ut
3162 638 3258 694 per
3283 624 3336 679 id
3367 642 3531 681 unttm

1937 706 2101 761 Deum
2127 707 2303 763 locuta
2338 710 2417 765 lex
2443 721 2585 766 esset
2613 755 2627 777 ,
2665 723 2917 783 essetque
2949 716 2998 767 in
3031 714 3141 768 tilio
3168 716 3265 772 Dei
3295 717 3405 773 Deo
3432 734 3531 774 no-

1933 814 2056 854 tnen
2090 803 2265 870 potius
2290 817 2452 871 quam
2485 815 2685 858 vetitas
2706 847 2719 871 ,
2750 821 2855 860 uno
2886 806 2965 874 (ά)
2990 817 3197 863 tantum
3244 824 3371 864 vero
3415 811 3526 867 Deo

1934 892 2303 958 intelligendo.
2352 894 2417 950 Et
2466 896 2604 950 forte
2625 898 2999 955 contradicere
3021 914 3119 954 nus
3150 900 3309 956 dictis
3338 905 3465 970 tnis,
3496 918 3529 958 ο

1931 986 2117 1051 stulte,
2144 988 2458 1046 arbitraris.
2502 1000 2558 1043 ut
2609 1005 2863 1059 negemus
2892 1007 3057 1046 unum
3108 992 3276 1048 Deum
3310 1010 3523 1050 verum.

1930 1078 2049 1134 Non
2083 1082 2240 1149 plane
2280 1098 2539 1154 negamus
2586 1087 2878 1141 secundum
2911 1096 2961 1141 te
3008 1089 3085 1160 (id
3112 1098 3218 1155 est,
3256 1088 3416 1146 sicuti
3447 1090 3524 1160 tu)

1930 1172 2260 1228 conﬁtendo.
2291 1174 2414 1229 llaec
2434 1178 2579 1230 enim
2614 1177 2747 1232 tides
2779 1188 2957 1232 nostra
2990 1220 3005 1243 ,
3029 1179 3146 1235 lucc
3170 1182 3525 1245 conscientia,

1929 1264 2019 1319 hic
2048 1281 2227 1320 sermo
2253 1274 2355 1321 est.
2380 1268 2485 1322 Sed
2517 1269 2860 1340 intelligimus
2886 1270 3055 1326 Deum
3085 1288 3270 1339 unum,
3294 1280 3351 1327 el.
3378 1288 3527 1327 cum-

1929 1356 2051 1414 dem
2079 1358 2247 1413 Deuut
2276 1375 2482 1415 verum.
2516 1361 2625 1417 Nec
2676 1362 2948 1419 confessio
2975 1375 3159 1419 nostra
3197 1365 3530 1434 periclitatur

1927 1449 1984 1506 in
2013 1453 2254 1517 nomine,
2286 1469 2405 1519 qttre
2450 1455 2502 1508 in
2533 1468 2720 1510 natura
2771 1455 2843 1527 (ε)
2874 1456 2992 1511 Filii
3043 1473 3205 1512 unum
3236 1469 3290 1513 et
3338 1475 3526 1514 verum

1928 1544 2096 1600 Deum
2138 1547 2415 1615 pra-dicat.
2468 1548 2623 1605 Disce
2665 1552 3026 1606 confessionis
3068 1560 3171 1606 tua:
3218 1553 3527 1624 intelligen—

1928 1638 2094 1703 tiam,
2122 1649 2183 1701 et
2223 1655 2384 1697 unum
2425 1655 2488 1695 ac
2519 1656 2704 1698 verum
2738 1644 2900 1699 Deum
2931 1660 3232 1717 cognosce,
3266 1657 3322 1700 ut
3362 1663 3527 1703 unum

1926 1744 1990 1787 ac
2017 1747 2201 1786 verum
2233 1732 2398 1788 Deum
2427 1734 2511 1803 pie
2554 1735 2831 1804 praedices.
2862 1736 3028 1803 Rapis
3071 1738 3215 1792 enim
3241 1738 3310 1792 ad
3339 1740 3528 1808 impie-

226 1827 581 1874 munstratum
608 1822 1000 1886 existimamus,
1034 1822 1238 1878 nullam
1268 1823 1637 1894 interpositam
1660 1824 1817 1879 intel-
1850 1832 1895 1892 Β
1925 1833 2086 1880 tatem
2112 1835 2255 1878 tuam
2298 1826 2570 1894 religionis
2600 1839 2800 1883 nostra:
2846 1830 3264 1899 professionem:
3292 1840 3348 1885 et
3383 1831 3525 1900 quod

224 1908 458 1980 ligentitc
478 1913 742 1966 rationem
773 1912 941 1969 fuisse
960 1956 974 1980 ,
1018 1922 1076 1968 ut
1122 1915 1260 1971 Deus
1290 1931 1443 1971 verus
1469 1926 1521 1971 et
1557 1917 1699 1971 Deus
1720 1915 1819 1971 falv

224 2020 313 2062 sus
344 2010 397 2064 in
430 2023 647 2071 sensum
673 2011 921 2067 humana:
951 2014 1147 2068 mentis
1175 2014 1460 2083 incideret,
1491 2030 1615 2071 cum
1647 2014 1816 2071 Deum

224 2113 270 2158 et
300 2102 513 2170 Deum,
542 2115 593 2160 et
630 2104 918 2161 Dominum
962 2116 1017 2162 et
1065 2105 1348 2163 Dominum
1394 2108 1478 2165 lex
1507 2109 1683 2164 locuta
1706 2110 1815 2177 sit;

223 2184 397 2269 neque
429 2199 481 2253 in
511 2199 821 2254 nominibus
864 2200 1177 2273 naturisque
1225 2201 1587 2272 significatam
1632 2203 1817 2260 diver-

218 2290 434 2346 sitatem
466 2288 631 2348 fuisse
656 2334 670 2358 ,
702 2308 771 2349 ne
801 2310 907 2349 non
952 2295 1249 2351 secundum
1296 2297 1456 2370 119
1498 2312 1696 2354 nomen
1728 2314 1817 2353 na-

222 2392 353 2439 tura:
382 2393 439 2441 et
468 2395 661 2443 natura
689 2387 927 2443 nominis
974 2399 1156 2458 posset
1184 2388 1442 2461 intelligi;
1484 2405 1606 2447 eum
1643 2392 1816 2448 virtus

220 2476 351 2543 Dei,
383 2488 625 2548 potestas
660 2480 782 2546 Dei,
818 2496 915 2538 res"
935 2483 1047 2548 Dei,
1081 2498 1281 2540 nomen
1311 2484 1402 2539 Dei
1450 2485 1503 2539 in
1531 2500 1600 2540 eo
1630 2495 1777 2541 esset
1797 2530 1812 2550 ,

218 2589 373 2644 quem
409 2574 575 2630 Deum
606 2575 689 2631 lex
712 2576 1072 2645 pra-dicabat:
1115 2577 1196 2650 (η)
1227 2594 1348 2648 qua:
1393 2580 1692 2635 secundum
1721 2597 1811 2637 sa-

216 2666 479 2721 crantenti
502 2668 800 2739 evangelici
847 2670 1280 2729 diStributionem
1307 2714 1322 2738 ,
1366 2672 1437 2728 ad
1467 2681 1712 2744 persona
1740 2678 1812 2732 si-

216 2761 616 2829 gniﬁcationem
643 2805 659 2829 ,
708 2763 1103 2820 demonstraret
1151 2774 1205 2820 et
1254 2766 1306 2820 in
1347 2768 1582 2822 creando
1611 2768 1813 2824 mundo

215 2855 557 2910 obedientem
584 2856 743 2911 dietis
775 2856 868 2912 Dei
901 2856 1092 2927 Deum,
1126 2871 1180 2914 et
1208 2859 1259 2914 in
1289 2860 1569 2929 ligurando
1594 2861 1811 2917 nomine

213 2951 520 3006 communis
558 2965 740 3006 secum
769 2961 825 3006 et
873 2950 966 3006 Dei
999 2952 1245 3024 imaginis
1272 2954 1347 3026 (ὁ)
1396 2954 1561 3010 Deum
1593 2965 1807 3011 creato-

212 3057 322 3098 rem
343 3086 361 3112 ,
383 3055 445 3101 et
474 3044 528 3099 itt
554 3043 860 3115 judicandis
882 3046 1178 3102 Sodomitis
1194 3047 1429 3117 iudicem
1463 3049 1747 3104 Dominum
1778 3065 1806 3105 a

211 3134 446 3192 Domino
467 3179 482 3202 ,
515 3144 571 3191 et
598 3140 653 3192 in
706 3138 998 3209 largiendis
1028 3138 1495 3197 benedictionibus
1522 3150 1577 3196 et
1611 3144 1664 3197 in
1713 3144 1806 3199 dcc

1921 1927 2005 1973 est
2065 1933 2228 1989 negas
2252 1961 2267 1985 ,
2318 1919 2446 1973 dunt
2516 1922 2660 1990 quod
2700 1932 2917 1976 estnon
2948 1938 3130 1991 negas.
3160 1921 3251 1978 Sic
3278 1923 3349 1992 (ι’)
3393 1922 3527 1977 stul-

1924 2020 2029 2066 tam
2082 2013 2399 2081 sapientiam
2447 2011 2588 2068 fallis
2625 2056 2639 2079 ,
2691 2023 2751 2069 ut
2795 2019 3072 2071 veritatem
3119 2017 3356 2087 perimas
3398 2032 3517 2085 spe-

1920 2102 2004 2157 cie
2059 2104 2316 2157 veritatis.
2392 2104 2566 2160 Unum
2618 2105 2776 2178 120
2823 2122 3009 2162 verum
3071 2107 3238 2162 Deum
3304 2109 3522 2161 conlitc-

1920 2195 2033 2263 ris,
2114 2206 2171 2251 ut
2235 2212 2425 2252 unum-
2478 2214 2662 2254 verum
2744 2202 2909 2256 Deum
2963 2202 3216 2271 deneges.
3252 2201 3525 2256 Prolessio

1918 2290 2060 2345 enim
2101 2300 2199 2350 tua
2249 2293 2327 2346 sic
2390 2303 2607 2363 putatur
2661 2295 2781 2364 pia,
2830 2295 2974 2364 quod
3017 2296 3187 2362 magis
3216 2295 3374 2366 impia
3400 2306 3520 2357 est;

1918 2385 1997 2437 sic
2046 2398 2174 2439 vera
2225 2386 2368 2454 quod
2415 2386 2544 2442 falsa
2587 2398 2689 2443 est.
2748 2387 2838 2445 Sic
2890 2404 2916 2441 a
2974 2397 3027 2443 te
3066 2402 3207 2443 unus
3263 2398 3318 2443 et
3360 2403 3523 2442 verus

1921 2476 2063 2532 Deus
2089 2477 2446 2549 prazdicatnr,
2476 2491 2534 2534 ut
2575 2496 2683 2536 non
2732 2481 2822 2536 sit.
2855 2480 3028 2551 Negas
3058 2483 3202 2537 enim
3239 2481 3326 2534 Dei
3354 2482 3520 2534 tilium

1918 2573 2085 2629 Deum
2132 2591 2340 2641 verum,
2371 2588 2496 2631 cum
2537 2586 2714 2631 tamen
2768 2578 2935 2632 Deum
2970 2590 3074 2631 non
3122 2591 3320 2647 neges;
3355 2575 3520 2630 Deum

1917 2679 2097 2727 tamen
2124 2686 2230 2727 non
2259 2681 2448 2725 natura
2476 2668 2815 2735 conﬁtendo,
2845 2668 2940 2724 sed
2971 2668 3211 2751 nomine.
3242 2667 3296 2725 Si
3328 2669 3522 2722 nativi-

1918 2775 1999 2822 tas
2025 2768 2165 2835 ejus,
2198 2764 2433 2821 nominis
2462 2765 2640 2835 potius
2663 2772 2751 2819 est
2775 2779 2932 2835 quam
2963 2751 3224 2829 veritatis,
3252 2773 3405 2835 potes
3427 2779 3518 2818 au—

1916 2861 2055 2915 ferre
2097 2860 2296 2914 numini
2345 2859 2661 2914 veritatem:
2695 2858 2743 2913 si
2782 2863 2961 2913 autem
3013 2874 3139 2915 rere
3184 2858 3324 2913 Dens
3353 2867 3511 2912 natus

1914 2962 2019 3020 est,
2042 2968 2230 3025 qumru
2281 2950 2552 3022 quomodo
2582 2956 2753 3022 possit
2794 2968 2901 3007 non
2932 2967 3061 3008 vero
3104 2968 3224 3009 esse
3253 2953 3394 3023 quod
3425 2968 3523 3007 na-

1916 3053 2001 3099 tns
2021 3047 2136 3101 est?
2159 3048 2262 3101 Aut
2284 3062 2415 3114 nega
2438 3059 2580 3109 esse,
2606 3060 2673 3100 ne
2693 3045 2794 3111 sit;
2818 3057 2905 3102 aut
2932 3046 2977 3100 si
3006 3056 3112 3103 e5t.
3140 3046 3221 3116 it)
3244 3046 3519 3116 quomodo

1912 3141 2054 3211 quod
2080 3150 2163 3195 est
2190 3154 2296 3193 non
2321 3140 2426 3193 erit
2446 3180 2462 3205 ,
2490 3153 2612 3193 cum
2636 3140 2776 3205 quod
2816 3127 2909 3194 est
2928 3154 3034 3193 non
3065 3140 3232 3210 possit
3274 3154 3429 3205 esse,
3462 3149 3518 3195 ut

208 3230 500 3287 cernendis
529 3232 800 3302 mysteriis
830 3233 962 3303 legis
990 3234 1238 3303 angelum
1290 3235 1382 3291 Dei
1416 3235 1621 3290 Deum:
1653 3246 1713 3291 ut
1739 3236 1805 3291 ad
1835 3241 1881 3305 ο
1914 3248 2020 3289 non
2050 3236 2118 3287 sit
2139 3233 2243 3303 (9)?
2267 3233 2344 3289 Ac
2370 3233 2439 3286 de
2471 3232 2748 3286 uativitate
2777 3230 2993 3301 quidem
3023 3247 3144 3286 mox
3179 3233 3285 3288 erit
3312 3247 3517 3287 sermo.

209 3325 503 3379 salutarem
532 3324 931 3382 confessionem
964 3327 1015 3381 in
1052 3336 1205 3397 patre
1249 3328 1359 3383 Deo
1386 3338 1443 3385 et
1472 3329 1526 3384 in
1558 3329 1667 3384 lilio
1697 3329 1806 3386 Deo

210 3417 353 3473 Deus
374 3433 597 3483 semper
644 3427 893 3474 ostensus
926 3463 941 3485 ,
988 3432 1193 3475 natura!
1240 3422 1521 3477 veritatem
1553 3423 1669 3491 ipso
1704 3436 1803 3475 na-

209 3520 340 3566 tura:
367 3511 591 3566 nomine
615 3510 869 3566 edoceret
891 3554 905 3575 ,
933 3525 1056 3566 cum
1102 3512 1186 3568 lex
1212 3513 1380 3568 Deum
1411 3525 1700 3589 utrumque
1727 3514 1801 3568 si-

206 3602 490 3675 gnificans,
524 3602 926 3672 ambiguitatem
957 3618 1065 3659 non
1097 3605 1427 3674 relinqueret
1470 3606 1730 3660 veritatis.

273 3695 364 3752 25.
398 3694 705 3751 Occurritur
726 3698 976 3751 luet-elicis
1007 3695 1199 3751 Filium
1231 3696 1394 3752 Dirum
1420 3714 1590 3753 rerum
1611 3715 1802 3767 negan-

204 3790 356 3845 tibus.
374 3787 553 3843 Filius
572 3792 668 3844 ltoc
696 3800 768 3843 est
797 3805 908 3843 cere
930 3794 1063 3861 quod
1086 3803 1236 3844 natm
1262 3791 1669 3856 cst—Tempus
1689 3792 1800 3861 jam

203 3894 348 3939 nunc
383 3892 505 3946 est,
530 3892 595 3938 ut
624 3884 770 3955 quod
798 3885 886 3953 pie
916 3894 968 3939 et
998 3884 1246 3954 religiose
1290 3886 1377 3940 lex
1416 3884 1631 3945 docuit,
1692 3902 1797 3940 non

205 3976 366 4048 impie
414 3978 563 4033 furto
591 3978 857 4035 Ita‘rctica!
903 3979 1145 4034 stultitia:
1197 3980 1477 4049 ιιι-πάξαιτὶ
1525 3996 1796 4047 smamus,

199 4088 319 4142 quso
349 4073 444 4129 Dei
479 4072 650 4128 filium
680 4072 755 4143 (ε)
785 4084 1040 4144 negatura
1070 4075 1147 4127 sic
1186 4074 1347 4137 coepit
1373 4093 1385 4127 ε
1413 4074 1571 4137 Audi,
1593 4072 1762 4127 lsrarl
1786 4114 1799 4137 ,

201 4160 455 4219 Dominus
486 4164 626 4220 Deus
648 4177 763 4220 tuus
788 4181 923 4220 unus
941 4183 1007 4221 est
1040 4165 1217 4235 (Di-ut.
1248 4183 1318 4229 γι,
1344 4166 1419 4235 αἱ).
1457 4166 1525 4221 Et
1555 4168 1673 4233 quia
1699 4167 1801 4221 im-

194 4259 368 4329 pietas
390 4259 515 4330 ejus
564 4259 963 4329 periclitaretur
989 4261 1040 4316 in
1089 4261 1304 4316 nomine
1330 4303 1345 4327 ,
1379 4276 1500 4316 cum
1545 4262 1711 4316 Deum
1745 4271 1796 4318 et

269 4421 349 4489 (ll
372 4420 431 4477 lu
464 4420 726 4477 δηιοτῑωί
754 4460 771 4486 ,
799 4422 1054 4489 quomodo
1093 4420 1232 4493 quod
1261 4432 1334 4476 est
1361 4438 1464 4476 non
1500 4424 1662 4493 possit
1686 4437 1792 4476 esse

197 4508 373 4547 senon
395 4499 483 4548 ait.
516 4495 797 4550 Consentit
824 4493 1139 4549 Erasmiana
1164 4492 1254 4549 ed.
1274 4509 1396 4549 cum
1415 4492 1555 4550 libro
1582 4503 1786 4549 nostro.

194 4632 449 4702 loquitur,
478 4644 538 4687 ut
568 4629 756 4687 audire
782 4644 907 4687 eum
953 4638 1007 4685 et
1039 4629 1221 4686 videre
1258 4629 1462 4701 absque
1503 4627 1793 4686 formidine
1816 4628 1872 4690 D
1971 4626 1990 4697 (

191 4701 295 4774 jam
354 4708 575 4771 possis,
622 4718 718 4758 seu
749 4712 807 4758 ut
831 4703 1056 4758 audiens
1100 4717 1223 4757 eum
1268 4701 1392 4758 vita
1432 4710 1535 4757 tuae
1567 4716 1677 4759 non
1724 4704 1792 4757 ti-

195 4794 338 4831 meas
361 4781 385 4830 ζ’

194 4919 208 4973 Ι
263 4851 338 4917 (a)
372 4848 525 4919 Lips.
561 4857 619 4905 et
649 4846 792 4914 Ρη,
824 4861 994 4918 quem.
1027 4844 1131 4901 Alii
1160 4859 1289 4903 vero
1318 4844 1466 4905 libri.
1494 4860 1636 4917 quia,
1666 4853 1793 4916 puta

213 4938 298 4973 CX.

213 4938 298 4975 CX.

262 4992 336 5063 (tu)
384 4992 442 5047 In
484 4991 702 5063 esensis
748 4987 1050 5063 Domitiani.
1098 4986 1294 5063 Verius
1324 4988 1377 5046 in
1406 4988 1611 5060 aliquot
1656 5001 1787 5044 mss.

194 5059 376 5117 Deum.
410 5063 493 5119 Ex
526 5062 625 5116 liae
655 5076 758 5117 una
797 5059 1061 5118 sententia
1092 5060 1331 5131 cernitur
1359 5059 1519 5131 quam
1548 5063 1600 5114 in
1628 5066 1788 5114 czrte-

190 5137 265 5193 l‘is
292 5151 516 5204 pressus
548 5135 617 5190 sit
640 5133 822 5190 Hilarii
848 5146 1082 5204 sermo:
1101 5131 1233 5189 Dicit
1265 5130 1793 5204 Deumdcrcawrgm;

192 5200 311 5273 qnia
341 5210 415 5262 de
451 5206 594 5263 l-‘ilio
620 5207 878 5271 scriptum
923 5213 1006 5258 est
1045 5200 1182 5259 Gen.
1217 5203 1385 5275 t,_27:
1422 5202 1486 5259 Et
1506 5204 1625 5275 fecit
1651 5200 1793 5275 Deus

194 5272 471 5335 hominem.
524 5276 685 5333 Addit
727 5275 1010 5332 communis
1042 5291 1213 5330 acuunt
1255 5272 1543 5346 imaginis:
1589 5275 1713 5342 quia
1742 5274 1791 5329 ei

193 5350 321 5404 dixit
352 5350 519 5408 Pater
544 5390 561 5415 ,
588 5346 861 5404 Faciamus
888 5346 1142 5401 hominem
1164 5348 1232 5402 ad
1246 5345 1789 5415 imaginemrmtraiu.

194 5363 321 5404 otxtt
352 5363 519 5408 t'ater
544 5390 561 5415 ,
588 5363 861 5404 faciamus
888 5363 1142 5401 uommem
1164 5363 1230 5402 aa
1246 5363 1789 5471 tmaztncmnostram.

194 5418 316 5477 Post
336 5422 628 5477 communis
676 5435 844 5475 aecum
872 5460 885 5480 ,
927 5417 1201 5489 sulijttttgit
1243 5428 1292 5471 et
1389 5418 1475 5471 ei:
1507 5419 1629 5488 quia
1674 5431 1794 5486 que

196 5496 339 5561 prius
370 5496 554 5561 imago
577 5494 877 5547 communis
900 5532 915 5556 ,
949 5488 1145 5559 postea
1168 5488 1264 5561 Dei
1289 5490 1447 5561 unius
1473 5502 1595 5544 esse
1624 5490 1789 5561 signi-

198 5557 381 5619 ficatur
410 5557 508 5619 his
523 5565 700 5619 verbis
728 5604 742 5631 ,
783 5562 864 5632 4d
910 5557 1182 5632 imaginem
1229 5557 1325 5615 Dei
1354 5560 1476 5632 fecit
1493 5576 1625 5615 eum.
1659 5557 1794 5615 Hinc

199 5637 511 5707 particulattt
538 5643 585 5688 rt
604 5676 619 5699 ,
638 5644 762 5707 ante
784 5630 879 5687 Dei
898 5630 1135 5703 imaginis
1160 5673 1175 5693 ,
1203 5646 1269 5686 ne
1294 5630 1584 5703 ex‘puttgas,
1610 5646 1801 5703 quam-

203 5703 284 5762 vis
310 5711 361 5763 in
390 5708 499 5764 ins.
536 5707 648 5760 tias.
689 5703 806 5760 Vat.
841 5718 948 5760 non
978 5713 1244 5758 occurrat.

271 5779 343 5847 (τ)
374 5780 489 5844 Er.,
526 5777 673 5849 Lips.
711 5786 761 5831 et
791 5776 911 5831 Par.
947 5771 1114 5830 Deum
1144 5784 1412 5846 negatura.
1450 5773 1614 5831 Abest
1643 5770 1806 5829 Deum

204 5863 231 5904 a
259 5850 379 5913 Bari.
422 5863 470 5911 et
507 5862 609 5909 ms.

1911 3322 2132 3379 Interim
2163 3334 2339 3379 tamen
2392 3324 2461 3377 tle
2506 3324 2729 3378 veritate
2787 3330 2987 3377 natura:
3040 3323 3136 3377 Dei
3183 3324 3518 3394 impietatem

1910 3415 2177 3472 mendacii
2216 3417 2290 3470 tui
2323 3415 2634 3485 prophetica
2659 3413 2738 3487 (2)
2785 3414 3125 3470 confessione
3149 3418 3469 3472 c0nvincatn
3500 3436 3512 3481 ;

1911 3513 1979 3567 ita
2006 3522 2209 3576 tamen,
2232 3520 2294 3565 ut
2321 3525 2487 3565 unum
2535 3520 2590 3565 et
2614 3525 2800 3564 verum
2832 3510 2998 3564 Deum
3050 3511 3326 3580 praedicari
3355 3527 3383 3564 a
3417 3527 3513 3565 no-

1910 3605 2013 3671 bis,
2041 3619 2213 3674 neque
2233 3605 2313 3674 (lt)
2342 3602 2561 3659 Sabellii
2596 3603 2818 3659 limresis
2850 3605 3022 3672 ipsum
3076 3602 3289 3658 Patrem
3329 3604 3428 3658 sibi
3458 3615 3514 3658 et

1910 3700 2107 3756 Filium
2126 3702 2362 3770 professa
2386 3708 2694 3769 praesumat,
2714 3712 2887 3766 neque
2921 3706 2977 3752 tu
2996 3698 3275 3755 veritatem
3306 3698 3373 3753 de
3404 3697 3516 3752 lilio

1912 3794 2006 3850 Dei
2030 3810 2195 3849 unum
2242 3800 2447 3848 tantum
2479 3792 2645 3848 Deum
2675 3808 2863 3847 verum
2888 3792 3188 3860 przedicans
3212 3793 3509 3847 mentiaris.

1980 3888 2071 3944 26.
2100 3886 2340 3943 [heretici
2363 3886 2571 3942 subdole
2604 3886 2929 3954 Scripturam
2952 3890 3311 3956 interpolatum
3338 3889 3491 3940 citan-

1905 3993 1981 4036 tea
2009 3983 2352 4035 revincuntur.
2376 4009 2447 4021 -—
2475 3979 2613 4035 Nihil
2646 3980 2802 4049 plane
2828 3980 2881 4034 in
2928 3994 2986 4034 se
3014 3980 3189 4034 'ltabet
3231 3981 3511 4049 sapientia:

1908 4076 2190 4143 impietas:
2227 4084 2281 4129 et
2332 4073 2426 4128 Dei
2462 4073 2639 4135 timor,
2672 4072 3061 4142 quisapientiae
3115 4071 3324 4126 initium
3372 4086 3456 4129 est

1910 4168 1996 4223 ubi
2028 4167 2205 4232 deest,
2235 4164 2412 4221 aufert
2435 4178 2618 4220 secum
2666 4181 2828 4219 omne
2873 4164 3155 4219 exordium
3186 4165 3510 4234 prudentiae.

1906 4262 1987 4319 Ad
2018 4258 2392 4316 inﬁrmandam
2423 4261 2566 4315 enim
2601 4257 2693 4314 Dei
2724 4259 2833 4313 veri
2860 4259 2911 4313 in
2939 4256 3076 4313 Filio
3098 4257 3255 4315 iidem
3281 4262 3511 4331 prophe-

1968 4418 2049 4490 (2)
2072 4416 2422 4489 Profectiones.

2083 4626 2196 4682 Hoc
2223 4634 2328 4691 est,
2352 4624 2475 4696 quia
2514 4637 2653 4679 unus
2677 4631 2883 4678 tantum
2935 4622 3078 4681 Deus
3097 4635 3259 4679 verus
3301 4623 3503 4681 intelli-

1901 4708 2118 4775 SCIlQIIE
2140 4708 2241 4754 est.
2844 4765 2878 4775 Α
2922 4766 2954 4775 η
3036 4764 3135 4775 _I‘_
3385 4770 3396 4775 _
3490 4744 3493 4745 ν

1975 4769 2049 4843 (ε)
2079 4770 2301 4843 Cat-not.
2354 4784 2459 4824 ms.
2518 4781 2793 4843 cum‘uno
2836 4765 2995 4843 Colb.
3028 4764 3271 4843 Filium:
3327 4770 3507 4843 minus

1900 4836 2131 4898 sincere.
2165 4841 2303 4899 Illud
2329 4843 2383 4895 in
2418 4850 2603 4894 natura
2643 4836 2769 4892 Filii
2802 4880 2815 4903 ,
2850 4838 2901 4891 id
2929 4848 3013 4893 est
3040 4879 3056 4902 ,
3092 4838 3143 4892 in
3192 4842 3503 4897 assertione

1901 4911 2025 4985 Filii
2052 4957 2064 4971 .
2091 4915 2180 4985 qui
2209 4929 2316 4969 non
2347 4924 2552 4985 tantum
2573 4927 2647 4985 ex
2681 4910 3083 4979 nuncupatione
3103 4921 3160 4966 et
3186 4912 3501 4981 ad0jitione,

1896 4984 1993 5040 sed
2025 5000 2090 5039 ex
2111 4983 2298 5040 natura
2331 4985 2403 5039 sit
2427 4984 2517 5039 Dei
2563 4983 2722 5037 littus.

1974 5057 2042 5129 (ι’)
2067 5057 2136 5110 Ita
2166 5055 2270 5129 Par
2295 5067 2415 5129 cum
2450 5068 2609 5118 mss,
2638 5055 2688 5107 id
2713 5063 2818 5129 est,
2847 5054 2923 5106 sic
2958 5050 3216 5129 lallisﬂeos
3236 5093 3266 5129 _,_
3288 5056 3377 5129 qui
3407 5057 3503 5110 liu-

1899 5125 2073 5182 manis
2112 5128 2426 5182 ratiunculis
2452 5130 2571 5196 plus
2598 5128 2823 5180 credunt
2851 5167 2863 5184 ,
2895 5140 3055 5193 quam
3095 5126 3185 5179 Dei
3216 5125 3395 5179 dictis.
3431 5130 3499 5182 At

1900 5198 2032 5254 Bad.
2058 5241 2073 5263 ,
2109 5199 2201 5283 [σξτ.
2249 5206 2306 5282 et
2334 5199 2480 5283 Lips.
2507 5241 2524 5265 ,
2559 5197 2723 5283 stulta
2774 5197 2951 5283 mundi
3005 5198 3300 5283 sapientiai
3332 5197 3498 5283 .quo‘d

1896 5271 2182 5396 infDIIIOde
2208 5271 2370 5327 etiam
2396 5270 2453 5326 in
2482 5271 2671 5339 quinto
2706 5282 2769 5323 ac
2791 5277 2948 5324 sexto
2974 5281 3105 5322 casu
3128 5274 3304 5337 pateat
3332 5270 3494 5324 intel-

1938 5359 2006 5396 in.

1917 5341 2006 5396 iui.

1938 5359 2057 5487 8'(-g)
2083 5414 2249 5479 Editi,
2272 5422 2329 5487 ut
2348 5429 2470 5467 non.
2492 5410 2841 5487 Pra‘leritnus
2858 5424 2995 5487 _r_nss.
3022 5410 3503 5487 lectionem,_qttam

1909 5482 2089 5542 tamen
2118 5501 2226 5540 non
2256 5486 2359 5540 alia
2383 5488 2592 5540 ratione
2620 5485 2699 5537 sic
2743 5483 3109 5553 intelligimus,
3144 5485 3297 5553 quasi
3328 5482 3506 5552 legi-re

1910 5568 2082 5613 ηερε·
2124 5572 2246 5613 cum
2288 5572 2393 5611 non
2446 5556 2609 5626 possit
2659 5554 2774 5608 ﬁeri
2807 5598 2821 5618 ,
2851 5552 3155 5624 ut’altquid
3187 5568 3294 5608 non
3336 5555 3407 5608 sit
3454 5554 3502 5605 id

1911 5629 2054 5702 quod
2080 5640 2178 5702 est
2465 5699 2476 5702 _
2954 5695 2983 5702 ﬂ
3029 5695 3039 5702 Δ
3492 5697 3499 5702 ‹

1986 5701 2068 5771 (li)
2097 5699 2316 5771 Aliquot
2361 5699 2544 5771 proba
2589 5707 2730 5751 nutat
2779 5695 3207 5771 mss._Sabetlia:
3250 5710 3333 5771 cut
3386 5697 3503 5749 uri

1911 5767 2058 5829 mss.
2085 5767 2214 5825 Vat.’
2229 5773 2342 5827 bas.
2361 5767 2425 5824 ’τι
2450 5770 2667 5825 Carnnt.
2703 5767 3015 5835 particulam
3041 5769 3168 5821 sicut
3200 5768 3503 5838 prirtignnt.

1917 5859 2036 5913 qua:
2067 5843 2262 5899 melius
2288 5842 2439 5896 abest
2468 5840 2535 5893 ali
2561 5842 2679 5893 aliis
2712 5839 2882 5893 lituis.
