4048 6496
482 212 575 266 151

484 437 711 492 persona
741 420 832 476 Dei
858 422 1025 491 patris
1048 419 1356 483 mentietur,
1382 433 1447 473 ne
1473 418 1527 473 in
1552 417 1717 472 Deum
1744 415 2074 471 (illiumdicti

482 515 643 585 hujus
665 513 1013 583 intelligentia
1033 510 1233 581 suscipi
1267 510 1469 580 possit:
1492 511 1674 565 audiat
1701 507 1969 564 mendacii
1992 508 2075 562 sui

485 609 552 661 ab
581 606 826 678 apostolo
854 616 909 661 ct
936 606 1158 661 doetore
1192 603 1434 674 gentium
1469 614 1712 667 reatum;
1746 603 1927 657 omnia
1960 600 2077 657 tunc

484 707 551 758 ad
586 711 981 758 sacramentum
1014 700 1283 771 passionis
1324 697 1608 754 dominicae
1653 706 1708 751 et
1754 695 2079 766 evangelica:

486 794 609 850 fidei
641 806 884 865 tempora
916 791 1261 861 prtcdicante,
1297 798 1412 845 tum
1442 803 1568 845 cum
1598 787 1968 843 inﬁdelitatem
2002 785 2079 841 ls-

489 887 602 941 rael
641 884 931 941 adventum
973 883 1182 939 Domini
1225 883 1279 938 in
1318 895 1537 936 carnem
1579 895 1683 935 non
1724 879 2082 953 intelligentis

485 979 795 1047 ειμι-οἰκίη.
842 975 935 1032 Ait
977 976 1119 1030 enim
1161 975 1230 1028 ita
1260 990 1273 1026 .‘
1328 972 1508 1027 Omnis
1554 974 1723 1037 enim,
1779 972 2083 1042 quicumque

484 1070 787 1125 invocaverit
809 1084 988 1123 nomen
1008 1065 1235 1131 Domini,
1258 1066 1556 1121 minabitur.
1589 1064 1857 1132 Quomodo
1874 1065 2079 1117 invoca-

486 1166 607 1219 bunt
639 1180 753 1218 eum
789 1164 841 1217 in
882 1178 1031 1233 quem
1062 1176 1161 1214 non
1195 1157 1563 1215 crediderunt?
1609 1156 1878 1223 Quomodo
1912 1166 2082 1210 autent

488 1260 692 1313 credent
724 1259 771 1311 ei
797 1273 945 1322 quem
974 1272 1075 1310 non
1112 1252 1432 1310 audierunt?
1471 1250 1742 1318 Quomodo
1782 1262 1949 1305 autem
1985 1267 2081 1304 au-

490 1354 627 1407 dient
670 1355 778 1407 sine
826 1350 1177 1424 praedicante?
1223 1346 1494 1415 Quomodo
1535 1357 1703 1399 autem
1731 1346 2085 1415 praedicabunt

488 1431 586 1500 nisi
636 1445 776 1500 missi
821 1442 1045 1512 fuerint?
1072 1441 1223 1497 sicuti
1250 1442 1499 1509 scriptum
1529 1448 1598 1493 est
1622 1454 1639 1493 :
1663 1436 1737 1510 (a)
1774 1437 1941 1504 Quam
1967 1452 2085 1507 spe-

487 1538 614 1592 ciosi
645 1537 797 1608 pedes
835 1552 1012 1590 eorum
1055 1535 1143 1606 qui
1182 1534 1490 1588 annuntiant
1538 1546 1735 1603 pacem,
1784 1546 1959 1585 eorum
1999 1529 2087 1595 qui

489 1631 794 1685 annuntiant
832 1628 963 1683 bona
1006 1626 1177 1698 (Esai.
1220 1640 1310 1692 ιιι,
1343 1625 1440 1695 7):
1473 1624 1579 1679 Sed
1617 1640 1718 1679 non
1771 1639 1943 1677 omnes
1973 1623 2090 1677 obe~

1669 202 1913 263 SANC'I‘I
1945 200 2201 260 IIILARII
2239 199 2545 259 lzl‘lSCOPl

486 331 701 384 tendum
757 329 1066 399 ignorantes
1109 324 1604 395 sumplicioresque,
1646 322 1789 379 dicta
1833 338 1954 378 esse
2005 336 2073 377 ex
2100 321 2151 379 Λ

3669 201 3768 258 152

2247 317 2338 375 55.
2367 316 2579 373 Esaiam
2609 334 2673 373 ea:
2705 317 2871 374 Esaia
2896 318 3047 373 dictis
3075 323 3443 391 interpretatur
3468 320 3765 391 Apostolus.

2181 408 2365 465 Esaias
2396 411 2516 464 sidit
2560 408 2725 465 Desint
2745 452 2760 478 ,
2794 427 2952 480 neque
2989 413 3149 469 alium
3175 413 3299 467 ridit
3329 423 3515 483 praeter
3554 411 3767 469 Filium.

2182 536 2249 547 --
2274 506 2386 561 Nisi
2410 507 2548 562 forte
2579 506 2869 577 Apostolus
2919 506 3076 561 dictis
3115 506 3443 577 praplieticis
3468 523 3578 565 non
3604 506 3677 579 (Γ)
3704 522 3767 564 es

2181 598 2477 670 prophetia:
2521 600 2713 670 spiritu
2763 600 3071 669 usurpatis,
3104 600 3425 656 temerarius
3467 600 3627 657 alieni
3655 614 3774 656 sero

2183 694 2359 748 tuouis
2386 693 2653 763 interpres
2672 706 2774 747 esu
2807 694 3000 749 Omnia
3019 693 3235 766 quidem
3265 708 3363 765 per
3389 694 3770 749 revelationem

2182 785 2381 841 Clu-isti
2418 785 2709 856 Apostolus
2752 786 2926 841 dicit:
2956 786 3051 841 sed
3103 785 3278 841 Esaia:
3306 786 3451 841 dicta
3502 801 3565 841 es
3620 786 3774 841 dictis

2186 879 2357 936 Esaia:
2384 881 2550 949 ipsius
2587 880 2754 936 novit.
2786 880 2841 935 lu
2878 881 3103 936 exordio
3146 884 3290 937 enim
3330 880 3599 935 sermonis
3622 880 3776 951 ejus,

2186 979 2237 1031 in
2266 993 2372 1044 quo
2407 975 2546 1029 Deus
2576 987 2736 1029 verus
2778 990 2809 1028 a
2839 972 3202 1030 servientibus
3248 972 3349 1028 sibi
3378 972 3777 1030 benedicendus

2183 1080 2343 1141 atque
2363 1068 2622 1138 iurandus
2660 1078 2779 1133 est,
2813 1066 2928 1123 hmc
2955 1068 3229 1141 propheta:
3264 1068 3438 1122 oratio
3466 1067 3663 1137 legitur
3688 1082 3703 1120 :
3732 1064 3777 1119 Δ

2186 1162 2373 1218 stvcula
2398 1179 2501 1216 non
2527 1162 2839 1227 audivimus,
2871 1177 2962 1214 nec
2986 1160 3123 1215 oculi
3152 1162 3312 1215 nostri
3349 1159 3582 1215 viderunt
3616 1157 3779 1213 Desint

2188 1267 2468 1332 prieterte,
2514 1269 2561 1312 et
2589 1274 2745 1328 opera
2771 1267 2859 1311 tua
2902 1257 2983 1330 (g)
3008 1273 3125 1323 qua:
3168 1258 3327 1328 [acies
3367 1255 3779 1326 exspectantibus

2186 1351 2590 1405 misericordiam
2618 1360 2755 1404 tuam
2781 1348 2932 1419 (Esa.
2968 1364 3118 1415 utv,
3143 1348 3222 1423 4).
3266 1348 3530 1422 Loquitur
3558 1348 3779 1413 Esaias,

2190 1452 2385 1515 praeter
2413 1442 2555 1499 hunc
2604 1457 2665 1497 se
2693 1445 2962 1499 neminem
2997 1442 3166 1498 Deum
3205 1444 3422 1498 vidisse.
3473 1442 3618 1497 Vidit
3639 1443 3782 1499 enim

2187 1538 2412 1609 gloriam
2464 1536 2596 1604 Dei,
2643 1539 2799 1606 cujus
2842 1534 2925 1609 (Ιι)
2971 1537 3423 1607 ρηπιιιιιιιίωνρηι
3469 1536 3786 1608 mysterium

2192 1633 2587 1703 corporationis
2610 1646 2678 1688 ex
2712 1631 2934 1703 virgine.
2962 1632 3039 1686 Ac
3078 1632 3123 1685 si
3154 1641 3209 1685 tu
3245 1630 3501 1686 barretice
3536 1631 3785 1700 ignoras,

494 1725 641 1777 diunt
684 1721 987 1792 Evangelia.
1029 1718 1217 1776 Esaias
1255 1719 1391 1773 enim
1444 1718 1622 1782 dicit,
1653 1712 1911 1780 Domine,
1975 1715 2089 1785 quis
2122 1733 2168 1794 Β
2193 1729 2334 1803 quod
2378 1730 2430 1783 ίη
2478 1742 2539 1781 οε
2590 1728 2759 1796 gloria
2802 1726 3131 1797 unigenitum
3181 1723 3347 1779 De...“
3376 1724 3609 1788 viderit;
3665 1722 3788 1778 audi

494 1816 711 1871 credidit
775 1815 975 1869 auditui
1022 1823 1193 1869 nostra
1259 1810 1430 1885 (Esai.
1459 1823 1573 1879 Litt,
1611 1809 1706 1881 l)?
1746 1808 1928 1878 Itaque
1962 1808 2091 1875 ﬁdes

492 1935 557 1973 ea:
584 1918 790 1983 auditu,
833 1915 1043 1970 auditus
1086 1922 1255 1967 autem
1302 1927 1393 1981 per
1418 1909 1626 1964 uerbum
1665 1908 1763 1979 (ὁ).
1808 1908 1913 1965 Sed
1951 1910 2092 1970 dico,

496 2011 747 2081 numquid
769 2026 869 2063 non
892 2008 1160 2062 audierunt
1178 2005 1203 2049 ?
1256 2002 1372 2058 Ima
1421 2003 1475 2056 in
1505 2018 1705 2057 omnem
1726 2010 1916 2054 terram
1941 2000 2094 2055 exiuit

492 2120 649 2157 sonus
679 2119 877 2167 eorum,
910 2111 956 2156 et
995 2099 1063 2153 ad
1085 2098 1322 2153 terminos
1347 2096 1482 2150 orbis
1499 2093 1573 2166 (c)
1594 2094 1741 2149 verba
1762 2108 1960 2148 eorum.
1989 2091 2097 2147 Sed

496 2198 637 2251 dico:
665 2194 932 2265 Numquid
960 2193 1130 2248 Israel
1157 2208 1260 2245 non
1285 2190 1471 2244 sciuit?
1495 2187 1704 2242 Primus
1730 2185 1933 2257 Moyses
1950 2185 2093 2249 dicit,

495 2287 612 2360 Ego
645 2287 867 2343 incstaba
893 2305 979 2342 vos
1009 2290 1062 2342 in
1088 2302 1191 2342 non
1213 2294 1413 2358 gentem
1432 2326 1446 2349 ,
1478 2283 1532 2338 in
1560 2293 1759 2356 gentem
1786 2284 2099 2337 insensatant

495 2386 805 2441 cxacerbabo
828 2398 929 2438 vos.
966 2380 1154 2438 Esaias
1182 2390 1354 2436 autem
1377 2378 1531 2433 audet
1568 2386 1617 2432 et
1662 2380 1817 2443 dicit,
1864 2376 2099 2446 Apparui

496 2488 665 2531 autem
692 2477 771 2531 Itis
795 2476 883 2546 qui
912 2491 992 2529 me
1018 2490 1119 2529 non
1148 2472 1228 2546 (ά)
1248 2481 1506 2542 quierunt,
1536 2473 1769 2527 inventus
1790 2486 1900 2524 sum
1931 2469 1992 2523 iis
2012 2469 2100 2537 qui

497 2585 578 2623 me
604 2586 704 2624 non
728 2566 1107 2639 interrogabant
1126 2566 1328 2636 (Esaia.
1359 2580 1490 2629 ων,
1516 2565 1591 2635 1).
1629 2564 1708 2617 Ad
1734 2561 1905 2617 Israel
1931 2573 2099 2616 autem

497 2666 622 2734 quid
649 2665 814 2718 dicit?
836 2663 967 2718 Tota
993 2665 1075 2716 die
1102 2660 1182 2733 (1)
1208 2660 1411 2715 extendi
1432 2674 1615 2715 manus
1642 2675 1779 2713 nscas
1817 2659 1884 2711 ad
1945 2656 2101 2730 125

500 2758 749 2827 populum
762 2772 865 2810 non
881 2752 1394 2825 audientem(Rom.x
1406 2752 1497 2820 ,15
1514 2762 1561 2807 et
1576 2752 1708 2823 seq.)
1720 2795 1731 2804 .
1743 2750 1951 2822 (e)Quis
1978 2753 2100 2806 caeli

502 2848 759 2912 circulos,
788 2848 1056 2902 incertum
1086 2846 1443 2914 incorporeus
1474 2859 1543 2898 an
1571 2858 1890 2915 corporeus,
1919 2857 2100 2915 egres-

500 2954 615 3005 sus,
642 2940 855 2994 lideltor
886 2939 1051 2993 Paulo
1077 2937 1347 2995 dictorum
1370 2938 1810 3008 proplteticomm
1834 2940 2102 3007 interpres

504 3032 760 3087 exstitisti
783 3029 851 3101 (ιι
872 3029 991 3087 Cor.
1019 3044 1118 3095 sn,
1138 3028 1197 3098 2)
1214 3028 1237 3081 7
1253 3028 1385 3097 Quis
1412 3027 1770 3085 ineuarranda
1796 3029 2100 3085 cmleStium

2195 1824 2458 1879 Joannem
2500 1819 2883 1890 evangelistam
2933 1818 3199 1872 dicentem
3234 1818 3365 1890 (stt,
3396 1816 3525 1887 M);
3553 1814 3680 1870 IIa-c
3700 1831 3790 1869 au-

2199 1929 2298 1971 tem
2328 1916 2456 1969 dixit
2488 1913 2692 1977 Esaias,
2732 1913 2937 1984 quando
2957 1912 3082 1966 uidit
3105 1911 3169 1981 (i)
3202 1912 3444 1964 honorem
3466 1911 3609 1979 eius,
3640 1920 3689 1963 et
3716 1910 3791 1962 la-

2198 2022 2347 2065 cutus
2384 2017 2457 2063 est
2501 2008 2565 2061 de
2590 2024 2647 2061 eo
2692 2004 2846 2076 (Esa.
2874 2020 2961 2071 vt,
2993 2006 3072 2073 1).
3102 2005 3238 2060 Hinc
3279 2004 3589 2076 apostolicis
3612 2045 3627 2067 ,
3670 2004 3792 2059 hinc

2200 2100 2546 2171 evangelicis,
2577 2099 2701 2153 ltiuc
2732 2096 3061 2167 pmpheticis
3087 2097 3247 2153 dictis
3272 2140 3287 2162 ,
3318 2096 3479 2167 impie
3502 2095 3752 2150 hmretice
3775 2138 3790 2160 ,

2200 2195 2562 2251 concluderis.
2592 2192 2782 2248 Esaias
2804 2194 2947 2247 enim
2978 2192 3144 2247 Deum
3175 2191 3339 2255 vidit;
3382 2198 3438 2245 et
3462 2204 3585 2244 cum
3627 2191 3794 2258 scrip-

2203 2300 2313 2344 tum
2339 2291 2409 2344 sit
2439 2310 2452 2343 :
2481 2286 2649 2342 Deum
2680 2302 2833 2341 sterno
2859 2285 2984 2341 uidit
3016 2284 3096 2357 (2)
3128 2287 3200 2359 (j)
3228 2299 3469 2355 umquam
3492 2326 3508 2351 ,
3536 2285 3638 2337 nisi
3673 2283 3793 2336 snti-

2201 2384 2405 2455 genitus
2450 2381 2593 2451 ﬁlius
2618 2424 2632 2446 ,
2678 2380 2763 2450 qui
2790 2390 2860 2434 est
2902 2386 2960 2433 in
2984 2380 3105 2433 sinu
3153 2377 3360 2443 I’atris,
3392 2377 3503 2443 ipse
3537 2377 3795 2429 enarravit

2204 2475 2385 2548 (Joan.
2417 2491 2471 2540 t,
2524 2472 2651 2546 l8);
2683 2474 2860 2529 Deum
2897 2481 3076 2528 tamen
3106 2470 3368 2543 propheta
3396 2470 3566 2537 vidit,
3592 2479 3650 2525 et
3681 2471 3799 2541 glo-

2205 2570 2337 2625 riam
2368 2568 2485 2639 ejus
2517 2582 2688 2635 usque
2740 2564 2807 2621 ad
2855 2565 3117 2621 invidiam
3149 2563 3477 2635 prophetica
3518 2562 3797 2634 dignitatis

2203 2664 2474 2734 adspexit.
2504 2661 2638 2716 Nam
2669 2662 2723 2715 in
2746 2660 3003 2732 judicium
3030 2659 3223 2715 mortis
3242 2658 3313 2712 ob
3342 2656 3483 2713 hanc
3507 2671 3727 2713 uuam
3766 2671 3798 2712 λ

2201 2756 2405 2811 Iudaeis
2425 2764 2576 2810 actus
2607 2766 2711 2807 est.
3383 2787 3410 2815 .

2286 2848 2445 2921 126
2472 2849 2563 2903 34.
2592 2845 2832 2901 Pressius
2848 2844 3131 2900 ostenditur
3154 2842 3352 2899 Filium
3373 2844 3435 2898 ab
3455 2841 3614 2917 Esaia
3637 2841 3799 2896 Deum

2203 2958 2377 2997 verum
2402 2940 2733 3010 praedicatum
2760 2955 2886 2993 esse.
2916 2936 3287 2993 [hereticorum
3312 2938 3366 2991 id
3393 2938 3685 3007 negantium
3707 2935 3802 2988 do-

2204 3034 2305 3087 lus.
2333 3062 2401 3074 σ-
2432 3031 2597 3088 Deum
2630 3032 2809 3102 itaque
2841 3030 3039 3085 nemini
3069 3032 3240 3086 visum
3263 3073 3280 3097 ,
3309 3030 3619 3100 unigenitus
3658 3028 3802 3083 lilius

502 3125 883 3198 mysteriorum
911 3124 1136 3179 audiens
1162 3131 1499 3178 sacramenta
1536 3130 1592 3177 et
1633 3132 1818 3196 tacens
1840 3162 1857 3189 ,
1898 3122 2103 3193 majore
2128 3120 2173 3184 C
2204 3128 2296 3198 qui
2325 3128 2377 3181 in
2404 3128 2527 3183 sinu
2556 3126 2731 3183 Patris
2756 3136 2840 3179 est
2880 3127 3171 3181 enarravit.
3215 3128 3315 3180 Aut
3345 3125 3578 3179 dissolve
3609 3124 3800 3195 unige-

505 3220 624 3275 hzcc
646 3219 836 3276 ﬁducia
865 3220 1115 3275 revelata:
1145 3218 1240 3273 tibi
1285 3232 1314 3271 a
1348 3218 1457 3272 Deo
1500 3218 1740 3271 scientim
1768 3218 2104 3287 praedicasti?

507 3314 640 3381 Quis
666 3313 733 3367 ad
775 3312 1165 3384 plenitudinem
1211 3310 1497 3374 dominica:
1542 3311 1807 3382 passionis
1842 3314 1993 3368 cruci
2022 3329 2108 3369 re-

505 3406 826 3473 servandus,
849 3417 1006 3461 antea
1024 3408 1075 3459 in
1094 3404 1401 3475 paradisum
1421 3416 1608 3471 raptus
1633 3409 1891 3473 evadens,
1914 3408 2108 3465 melius

505 3500 576 3555 de
614 3499 812 3555 divinis
846 3498 1144 3568 Scripturis
1182 3498 1466 3553 electionis
1503 3512 1633 3554 vase
1681 3499 1940 3568 docuisti,
1991 3502 2105 3557 haec

510 3594 759 3647 nesciens
778 3592 921 3647 dicta
946 3601 1205 3661 gestaque
1234 3604 1357 3644 esse
1387 3604 1416 3643 s
1442 3589 1552 3644 Deo
1580 3606 1732 3657 vero,
1760 3600 1814 3646 et
1843 3591 1909 3645 ad
1950 3592 2109 3649 intet-

510 3685 787 3754 ligentiam
818 3682 913 3739 Dei
940 3683 1054 3740 veri
1080 3697 1109 3737 a
1141 3695 1269 3738 vero
1289 3682 1408 3753 ejus
1430 3691 1483 3739 et
1504 3680 1679 3740 electo
1697 3684 1944 3753 apostolo
1973 3702 2109 3755 pric-

511 3776 729 3834 dicata?

599 3920 679 3992 (1)
710 3919 984 3995 Expandi,
1013 3921 1166 3995 justa
1198 3923 1303 3977 vim
1343 3924 1501 3995 ει·ωυί
1532 3922 1776 3978 vocabuli
1803 3924 2103 3990 ἐξεπέτασα.

587 3999 669 4073 (‘2)
703 3992 957 4067 Umquam
976 3994 1129 4051 abest.
1156 4012 1183 4048 a
1218 4011 1317 4051 ms.
1350 3992 1553 4050 Veron.

586 4113 664 4185 (a)
683 4110 744 4185 i_n
769 4126 869 4166 ms.
897 4106 1065 4185 Caro.
1092 4122 1121 4185 ξι
1151 4108 1320 4185 prima
1346 4124 1537 4185 manu,
1556 4124 1710 4177 quam
1732 4107 1924 4185 veloces
1945 4108 2114 4177 pedes.

587 4177 660 4256 (ὁ)
684 4182 1029 4237 Removimus
1052 4180 1178 4236 hinc
1197 4181 1416 4235 verbum
1442 4177 1559 4244 Dei,
1587 4189 1828 4236 veterum
1857 4180 2114 4235 librorum

512 4257 853 4311 auctoritate.

609 4326 661 4396 r)
689 4326 744 4380 ln
768 4322 997 4394 vulgatis
1022 4322 1109 4378 hic
1133 4322 1349 4377 additur
1371 4322 1718 4396 terrmriquod
1737 4322 1891 4377 abest
1920 4337 1950 4377 a
1979 4337 2110 4379 mss.

609 4329 661 4396 r)
689 4329 744 4380 In
768 4329 997 4394 vulgatis
1022 4329 1109 4378 hic
1133 4329 1349 4377 additur
1371 4332 1549 4377 terrm:
1577 4329 1718 4390 quod
1737 4329 1823 4377 :lbt‘

586 4329 669 4470 id)
702 4396 865 4470 Editi,
890 4396 1212 4470 maerebant:
1246 4395 1667 4470 repugnantibus
1692 4409 1823 4470 mss.

593 4464 666 4541 (ε)
701 4465 1027 4541 Bad._et_Er.
1053 4481 1177 4541 cum
1207 4465 1374 4541 unico
1404 4480 1503 4541 tus.
1535 4464 1690 4518 (λιιι).
1724 4465 1963 4518 minima:
1984 4480 2111 4520 auc-

513 4520 747 4597 toritatis
772 4558 785 4591 :
821 4537 950 4604 Quis
974 4538 1025 4590 in
1050 4538 1254 4591 tertium
1280 4538 1461 4593 caelum
1484 4538 1817 4603 incorporeus
1838 4554 1904 4589 an
1924 4553 2105 4608 corpo-
2139 4520 2189 4579 1)

516 4630 632 4666 reus
656 4613 937 4681 ingressus.
973 4608 1328 4681 lniedit.aliis
1352 4618 1621 4681 retentum
1658 4618 1740 4681 est
1779 4609 2000 4662 verbum
2029 4611 2108 4661 in-

516 4678 736 4755 gressus.
770 4681 923 4748 Quod
951 4689 1005 4734 et
1035 4680 1221 4733 habuit
1243 4694 1342 4755 tus.
1380 4678 1545 4755 Carn.
1576 4696 1603 4755 ξι
1631 4680 1802 4747 prima
1838 4683 2116 4755 manu._At

515 4750 545 4809 ᾖ
578 4755 810 4811 secunda
836 4754 1182 4805 causentiens
1207 4750 1323 4804 aliis
1350 4764 1479 4805 mss.
1508 4751 1689 4814 habet,
1724 4766 1980 4819 egressus.
2016 4751 2114 4804 Pa-

518 4826 624 4881 lam
670 4832 757 4879 est
798 4822 881 4876 hic
912 4822 1107 4889 respici
1155 4821 1303 4875 Pauli
1348 4834 1559 4887 raptum
1600 4837 1767 4891 usque
1798 4825 1847 4874 in
1896 4822 2111 4875 tertium

518 4898 715 4953 castum
771 4893 895 4964 (qui
946 4893 1162 4962 quidem
1194 4892 1246 4946 in
1276 4892 1409 4964 psal.
1441 4907 1615 4947 cxxxv
1641 4934 1656 4957 ,
1693 4910 1749 4948 n.
1784 4892 1869 4953 l0,
1906 4892 1985 4947 sic
2015 4909 2114 4947 ex-

526 4962 787 5038 primitur
809 4962 831 5021 :7
856 4962 985 5038 Cum
1015 4976 1195 5038 raptus
1222 4962 1292 5038 ad
1332 4966 1483 5038 catos
1523 4969 1629 5034 est)
1658 4982 1670 5016 :
1701 4978 1977 5038 mouvcro
2005 4964 2114 5038 ubi

517 5034 799 5108 Subjicitur
820 5078 834 5101 ,
872 5034 1096 5108 Quis-ad
1123 5035 1513 5108 plenitudinem,
1547 5035 1855 5092 etcualluili
1884 5035 1949 5089 ad
1969 5036 2115 5108 _lt:ec

514 5104 696 5163 ϐαιὸς.
718 5126 753 5172 t,
776 5107 845 5161 Ἥ
874 5125 887 5159 :
922 5105 1190 5171 Adimpleo
1205 5121 1275 5174 ea
1293 5122 1407 5173 quis
1431 5108 1612 5161 desunt
1634 5108 1931 5174 passionum
1954 5104 2105 5158 Clari-

515 5183 602 5235 sti.
627 5182 699 5235 lta
719 5181 770 5234 in
791 5179 872 5233 Itis
895 5176 1127 5231 Hilarius
1150 5173 1518 5233 adversarium
1540 5173 1661 5232 cum
1686 5177 1946 5245 Apostolo
1963 5192 2110 5231 com-

517 5265 689 5323 parat,
724 5260 783 5306 ut
826 5262 947 5321 qua:
989 5249 1136 5303 Pauli
1182 5257 1343 5317 sunt,
1376 5250 1429 5303 in
1476 5250 1623 5304 illum
1653 5250 1902 5305 conferre
1930 5249 2110 5304 videa-

521 5335 626 5379 tur.

588 5394 659 5466 (f)
686 5392 916 5466 Quidam
943 5406 1073 5466 mss.
1101 5406 1166 5466 es
1184 5390 1447 5466 prophetis
1472 5392 1676 5466 spiritu.

590 5461 667 5535 (ᾖ)
700 5464 871 5530 Editi,
901 5477 1017 5533 qua!
1048 5463 1177 5532 lacis
1206 5461 1590 5518 reluctantibus
1624 5478 1753 5519 mss.
1784 5473 1837 5520 et
1868 5479 2045 5535 greco
2073 5466 2107 5521 ἃ

518 5558 768 5596 ποιήσεις.

589 5610 671 5676 (ἡ)
701 5606 853 5673 Apud
908 5605 1037 5660 ΒΜ.
1091 5613 1144 5659 et
1188 5603 1307 5666 En,
1341 5607 1802 5672 pronuntiaverat:
1841 5608 1979 5663 male
2047 5606 2110 5661 In

516 5682 702 5733 codice
730 5688 907 5731 autem
944 5676 1057 5729 Vat.
1096 5677 1209 5731 bas.
1256 5679 1650 5743 prtenuntiabat.
1702 5678 1757 5732 In
1808 5679 1927 5733 aliis
1982 5693 2111 5733 vero

518 5751 699 5816 libris,
731 5748 1159 5819 prienuntiavcrat
1193 5763 1212 5803 :
1261 5750 1458 5803 verius.
1500 5746 1636 5804 Tum
1664 5752 1879 5812 excusi.
1922 5760 2107 5821 myste-

2212 3221 2309 3274 niti
2334 3222 2740 3275 enarrationem
2762 3261 2778 3285 ,
2808 3220 2889 3289 (ὅ)
2930 3230 3026 3273 aut
3070 3218 3230 3274 crede
3259 3218 3355 3287 qui
3379 3219 3525 3273 visus
3566 3228 3645 3273 est
3664 3259 3681 3283 ,
3711 3219 3801 3286 qui

2210 3313 2460 3384 apparuit
2486 3328 2593 3368 non
2622 3312 3047 3383 iutelligentibus
3080 3327 3141 3368 se
3161 3354 3177 3377 ,
3213 3310 3295 3382 (4)
3324 3310 3401 3381 (It)
3426 3320 3481 3365 et
3520 3309 3694 3365 lactus
3721 3321 3805 3365 est

2208 3409 2449 3477 gentium
2473 3422 2579 3462 non
2609 3406 2971 3462 invocantium
3000 3420 3080 3469 se,
3108 3414 3163 3460 et
3183 3404 3440 3474 expandit
3461 3418 3651 3457 manus
3679 3412 3806 3457 ante

2211 3501 2471 3572 populum
2499 3500 2961 3556 contradicentem
2993 3515 3009 3553 :
3037 3498 3109 3553 ita
3162 3507 3338 3552 tamen
3364 3504 3424 3551 ut
3464 3504 3519 3549 et
3557 3494 3805 3550 servien-

2214 3596 2353 3650 libus
2392 3595 2494 3653 sibi
2535 3609 2733 3650 nomen
2766 3608 2966 3649 novum
3000 3600 3253 3658 vocetur,
3287 3602 3340 3646 et
3378 3591 3432 3646 in
3469 3586 3628 3644 lenis
3663 3589 3810 3653 Deus

2213 3703 2372 3743 verus
2421 3687 2774 3743 benedicatur
2820 3695 2981 3754 autne
3022 3684 3255 3755 juretur.
3304 3682 3375 3751 (Ι)
3412 3680 3699 3752 Prophetia
3729 3679 3809 3733 lo-

2212 3782 2418 3853 quitur,
2442 3778 2791 3853 Evangeliutn
2816 3788 3063 3843 testatur,
3087 3775 3380 3847 Apostolus
3396 3775 3806 3846 interpretatur,

2289 3924 2366 3993 (3)
2400 3925 2500 3980 Aut
2526 3922 2689 3978 Deum
2718 3924 2886 3977 crede.

2288 3996 2367 4068 (4)
2411 3996 2475 4049 Et
2502 3996 2674 4066 palam
2697 3996 2867 4065 factus
2892 4005 2964 4050 est
2990 3993 3131 4068 genti
3150 4008 3253 4048 non
3275 3992 3533 4048 invocanti
3551 4010 3628 4050 se.

2222 4113 2357 4163 riunt
2382 4110 2829 4176 incorporationis.
2866 4111 3175 4177 Elegantius
3206 4124 3339 4165 mss.
3379 4113 3676 4180 mysterium
3697 4129 3814 4166 cor-

2224 4184 2524 4249 porationis.
2570 4181 2637 4237 Ut
2679 4194 2857 4237 autem
2912 4182 3094 4237 llilarii
3142 4192 3516 4248 argumentum
3570 4190 3813 4251 apertius

2226 4262 2445 4321 pateat,
2502 4255 2579 4307 sic
2629 4270 2734 4306 uno
2783 4254 3097 4324 syllogismo
3147 4260 3319 4324 potest
3376 4254 3808 4323 Comprehendi:

2224 4327 2406 4379 l-Lsaias
2433 4324 2565 4379 vidit
2591 4324 2777 4382 Deum.
2801 4321 2853 4379 vt
2874 4367 2889 4389 ,
2927 4326 2950 4379 1
2982 4366 2997 4388 ,
3042 4324 3159 4378 Vidi
3197 4321 3473 4377 Dominum
3504 4321 3768 4379 sedentem
3795 4370 3809 4389 ,

2217 4397 2498 4463 (ξιτ-..διψῶ
2531 4410 2637 4450 non
2665 4396 2823 4449 aliam
2852 4396 2944 4450 Dei
2969 4410 3252 4465 personam
3282 4405 3480 4465 pneth
3500 4412 3660 4462 quam
3686 4397 3814 4453 Filii

2218 4462 2509 4539 vidittx’tv,
2541 4469 2574 4522 4
2606 4486 2619 4520 :
2657 4465 2766 4520 Nec
2796 4470 2934 4522 oculi
2960 4462 3119 4523 nostri
3151 4462 3385 4521 uiderunt
3415 4462 3578 4521 Deum
3626 4480 3815 4539 pfer

2215 4550 2263 4593 te
2284 4555 2303 4591 :
2332 4538 2497 4593 Filius
2531 4540 2691 4602 igitur
2720 4548 2804 4592 est
2835 4540 2996 4594 Deus.

2298 4608 2362 4680 (i)
2394 4608 2450 4662 lu
2482 4610 2735 4675 vulgatis,
2768 4610 2988 4682 gloriam
3022 4627 3040 4665 :
3068 4625 3097 4663 a
3125 4626 3226 4680 qua
3254 4626 3387 4665 voce
3416 4625 3525 4682 non
3549 4610 3809 4668 abhorret

2220 4679 2473 4736 Hilarius.
2508 4679 2835 4752 [inponimus
2868 4695 3043 4737 tamen
3073 4679 3316 4737 honorent
3340 4697 3407 4737 ex
3434 4679 3541 4736 ﬁde
3572 4698 3701 4738 mss.

2289 4753 2357 4823 (i)
2390 4754 2469 4807 Ab
2492 4750 2741 4823 omnibus
2770 4750 2883 4808 lere
2912 4770 3039 4808 mss.
3074 4754 3158 4808 hic
3183 4754 3332 4809 abest
3361 4768 3621 4819 umquam,
3654 4770 3816 4809 secus

2218 4838 2349 4877 vero
2377 4823 2416 4879 l.
2448 4841 2495 4882 ν,
2531 4840 2583 4877 n.
2610 4822 2701 4885 42,
2734 4838 2785 4877 et
2814 4825 2846 4877 l.
2875 4841 3020 4889 vr,n.
3052 4825 3312 4895 39.Quud
3338 4823 3465 4895 (col.
3501 4823 3626 4890 127,
3655 4828 3816 4881 not.b

2219 4895 2374 4967 hujus
2402 4895 2661 4963 editionis)
2686 4895 3029 4951 observatum
3057 4906 3163 4960 est,
3188 4894 3279 4951 Dei
3309 4894 3529 4949 numine
3549 4938 3565 4959 ,
3591 4896 3679 4950 ttbi
3700 4897 3817 4952 haec

2221 4966 2323 5021 vox
2344 4966 2662 5034 simpliciter
2690 4969 2959 5034 occurrit,
2993 4967 3205 5023 Patrem
3235 4968 3303 5021 ab
3330 4967 3566 5033 antiquis
3590 4969 3814 5037 intelligi

2216 5040 2412 5098 solere.
2444 5042 2675 5092 maxime
2705 5040 2758 5091 in
2788 5039 2940 5093 hisce
2963 5039 3188 5094 Ioannis
3218 5038 3396 5093 verbis
3421 5038 3599 5091 locum
3630 5038 3811 5094 habet.

2217 5108 2306 5164 Sic
2348 5126 2510 5180 porro
2552 5108 2785 5163 Hilarius
2834 5111 3223 5165 ratiocinatur:
3260 5108 3448 5163 Esaias
3495 5125 3560 5163 ex
3592 5109 3817 5166 Joannis

2217 5182 2523 5235 testimonio
2564 5182 2732 5235 Deum
2774 5181 2907 5236 vidit
2957 5199 2970 5234 :
3004 5190 3058 5236 at
3088 5182 3256 5239 Deum
3291 5180 3506 5235 Patrem
3536 5194 3568 5233 a
3598 5184 3818 5237 nemine

2213 5251 2388 5307 visum
2428 5252 2704 5307 Iohannes
2736 5252 2878 5307 idem
2928 5262 3153 5309 testatur
3187 5270 3201 5305 :
3234 5251 3366 5306 vidit
3415 5252 3576 5322 igitur
3627 5252 3820 5308 Esaias

2217 5322 2382 5377 Demn
2416 5322 2630 5377 Filium.

2286 5394 2362 5461 (lt)
2393 5394 2535 5450 Editi
2564 5408 2685 5448 cum
2740 5396 2981 5463 pluribus
3023 5410 3154 5452 mss.
3178 5436 3190 5457 ,
3218 5404 3268 5451 et
3298 5394 3471 5464 palam
3518 5394 3688 5463 factus
3744 5406 3818 5450 est

2212 5468 2351 5535 genti
2378 5484 2478 5519 non
2510 5467 2763 5521 invocanti
2792 5484 2863 5521 se.
2897 5467 3186 5538 Exemplar
3208 5466 3372 5522 Carn.
3400 5508 3416 5531 ,
3449 5466 3727 5538 factus‘est
3769 5468 3821 5521 in

2215 5534 2382 5609 inedia
2401 5539 2650 5609 gentium,
2683 5549 2788 5593 etc.
2828 5538 3018 5595 Verius
3063 5534 3389 5593 vetustiores
3432 5552 3561 5592 mss.-
3611 5534 3770 5593 Cnlb.
3799 5578 3816 5603 ,

2218 5608 2426 5679 lieutig.
2461 5620 2513 5663 et
2539 5610 2750 5680 Germ,
2781 5612 2946 5680 factus
2971 5622 3043 5665 est
3077 5611 3305 5680 gentium
3335 5626 3435 5663 non
3467 5610 3815 5664 invocantium

2218 5696 2291 5743 se,
2322 5678 2538 5747 supple,
2572 5678 2713 5733 Deus
2737 5678 2999 5749 proprius.

2292 5752 2357 5821 (Ι)
2412 5753 2497 5804 Sic
2523 5768 2651 5807 mss.
2684 5754 2754 5807 At
2777 5751 2930 5821 editi,
2956 5751 3237 5823 Prop/tela.
3261 5750 3397 5810 Nota
3417 5752 3503 5809 hic
3531 5768 3637 5809 non
3658 5752 3821 5808 modo
