4048 6472
512 287 614 342 159

1721 285 1965 345 SANCTI
2007 284 2119 343 llll.
2133 289 2160 341 ‘\
2173 285 2263 344 [ill
2306 285 2610 347 EPISCOPi

3709 293 3810 350 160

511 402 723 458 Patrem
751 403 839 476 qui
871 401 1010 458 misit
1030 404 1181 458 illum
1203 401 1385 476 (Joan.
1424 418 1478 464 v.
1510 401 1627 474 95),
1650 402 1718 457 ad
1743 402 2108 458 honorifican-
2134 405 2185 465 Α
2211 402 2387 468 Pater,
2439 414 2490 459 et
2536 403 2843 472 divisibilis,
2881 415 2937 461 ct
2978 406 3373 475 convertibilis,
3402 414 3459 463 et
3504 406 3584 479 (ἀ)
3612 420 3810 478 corpus

508 494 634 549 dum
665 494 880 550 Patrem
908 510 1002 564 per
1029 495 1292 550 honorem
1315 494 1437 550 Filii
1468 510 1527 552 se
1552 494 1840 550 referrent.

580 589 635 644 ὅ.
673 586 902 645 Hier-esis
933 589 1141 644 Ariona:
1169 589 1303 645 lues.
1326 618 1399 631 —-
1428 589 1661 645 Emersit
1685 589 1829 644 enim
1852 589 2106 659 pestifera

508 689 564 737 et
587 681 763 736 letalis
789 681 1003 752 populis
1026 681 1101 753 (α)
1131 682 1383 755 proxime
1414 682 1550 748 lues,
1580 697 1702 754 qua!
1730 682 1929 753 ingenti
1960 697 2109 753 gras»

508 784 622 830 sata
649 775 897 845 contagio
916 775 1126 830 ruinam
1159 774 1483 830 miseranda:
1512 776 1705 830 mortis
1729 774 1955 829 inveait.
1991 774 2108 830 Non

509 868 656 922 enim
681 874 891 923 tantum
939 874 1030 922 aut
1065 866 1458 924 considentium
1486 866 1552 937 (f.
1590 866 2016 939 concidentium)
2056 867 2108 921 in

511 959 679 1016 chaos
715 975 839 1016 cum
871 960 1084 1029 populis
1115 962 1227 1015 suis
1263 974 1459 1031 repens
1488 959 1699 1015 urbium
1724 961 1974 1023 vastitas,
2019 970 2112 1014 aut

511 1051 824 1123 frequentes
841 1051 1109 1108 bellorum
1131 1064 1185 1108 et
1208 1052 1463 1110 funebres
1487 1062 1709 1116 mortes,
1734 1061 1828 1106 aut
1856 1051 2107 1108 immedi-

510 1155 648 1203 catze
674 1145 1011 1216 :egritodinis
1040 1146 1302 1217 populosa
1342 1147 1589 1217 contagia
1627 1146 2013 1213 desierierunt,
2056 1149 2107 1201 in

510 1249 772 1311 quantum
798 1239 864 1293 ad
892 1240 1117 1294 exitium
1142 1238 1360 1309 generis
1383 1240 1600 1293 humani
1632 1241 1857 1295 hmresis
1886 1238 2003 1295 bzec
2030 1238 2106 1293 fu-

514 1342 669 1385 nesta
695 1339 938 1401 grassata
960 1342 1047 1387 est
1104 1330 1213 1386 lico
1261 1331 1430 1397 enim,
1461 1331 1546 1385 cui
1575 1332 1756 1385 omnia
1790 1333 1841 1386 in
1885 1332 2114 1387 mortuis

513 1424 721 1492 vivunt,
754 1424 855 1479 hoc
885 1425 1057 1480 solum
1100 1426 1238 1496 perit
1270 1426 1412 1496 quod
1456 1426 1559 1482 sibi
1599 1426 1833 1497 deperit.
1866 1425 1998 1481 Nam
2025 1426 2113 1496 ju»

512 1517 789 1573 dicaturos
814 1521 929 1589 ipse
957 1519 1025 1573 de
1040 1519 1313 1584 omnibus,
1345 1528 1400 1576 et
1431 1536 1529 1591 pro
1559 1522 1856 1593 majestatis
1878 1536 1990 1577 suae
2021 1522 2113 1576 mi-

516 1611 814 1669 sericordia
845 1626 1021 1683 pinum
1044 1612 1291 1669 meritum
1326 1615 1590 1685 ignoranti
1619 1615 1998 1672 moderaturus
2022 1629 2112 1670 ero

512 1706 647 1771 rori,
682 1714 943 1775 negantes
990 1719 1049 1760 se
1090 1721 1197 1761 non
1219 1705 1328 1777 jam
1363 1707 1627 1778 iudicabit
1658 1709 1861 1781 utique,
1891 1708 1984 1764 sed
2018 1724 2109 1764 nc-

511 1796 659 1868 gabit
688 1796 906 1866 (Matth.
942 1813 995 1865 x,
1027 1799 1117 1867 55;
1148 1800 1252 1853 vid.
1276 1798 1371 1855 Tr.
1405 1798 1539 1873 psal.
1567 1816 1695 1866 cn,
1715 1819 1766 1856 η.
1789 1804 1867 1874 8).

587 1889 645 1944 4.
699 1887 869 1955 Quam
909 1889 1123 1945 subdole
1164 1892 1304 1947 virus
1350 1910 1499 1947 suum
1548 1892 1802 1958 enuntiat.
1834 1925 1907 1937 -
1942 1894 2113 1967 Negat

511 1984 679 2050 enim,
723 1995 880 2056 negat
914 1983 1096 2040 furens
1118 1983 1344 2044 hmresis
1367 1998 1766 2043 sacramentum
1795 2005 1938 2045 verte
1960 1991 2107 2056 fidei,

512 2074 579 2131 ad
610 2076 903 2144 impietatis
928 2093 1040 2134 sum
1060 2078 1360 2135 doctrinam
1390 2080 1665 2151 religionis
1690 2095 1782 2135 usa
1808 2081 2107 2153 principiis,

509 2182 633 2223 cum
664 2168 997 2225 infidelitatis
1024 2185 1137 2227 suae
1183 2174 1599 2244 expositionem,
1632 2186 1691 2230 ut
1740 2176 2111 2245 superioribus

511 2261 663 2319 libris
692 2265 1021 2333 continetur,
1057 2267 1125 2322 ita
1167 2268 1331 2340 capit
1360 2289 1373 2323 :
1407 2288 1427 2320 α
1456 2268 1714 2325 Novimus
1746 2287 1909 2327 unum
1942 2274 2107 2329 Deum

510 2355 689 2411 solum
736 2354 1018 2426 infectum,
1060 2360 1236 2418 solum
1279 2364 1668 2433 sempiternum
1703 2408 1715 2429 ,
1768 2367 1942 2421 solum
1990 2370 2110 2423 sine

510 2451 686 2517 initio,
718 2453 892 2508 solum
937 2470 1149 2523 verum,
1196 2458 1373 2512 solum
1411 2459 1869 2515 immortalitatem
1912 2461 2106 2517 haben-

507 2554 639 2613 tem,
663 2546 837 2603 solum
867 2551 1130 2621 optimum
1150 2594 1165 2617 ,
1188 2553 1366 2609 solum
1396 2561 1690 2624 potentem.
1727 2571 1747 2605 ι
1777 2552 1856 2607 Ad
1880 2554 1930 2608 id
1963 2554 2106 2610 enim

510 2656 823 2715 usurpatum
862 2648 1072 2718 prolicit
1114 2651 1215 2721 pize
1259 2652 1622 2707 confessionis
1659 2654 1967 2720 exordium,
2001 2669 2108 2721 quo

507 2736 627 2791 ait:
666 2756 686 2790 ς
730 2735 908 2792 Unum
955 2736 1145 2801 Deum,
1196 2745 1250 2790 et
1295 2736 1467 2792 solum
1501 2736 1780 2802 infectum,
1829 2750 1885 2792 et
1931 2740 2104 2795 solum

508 2830 628 2886 sine
654 2831 808 2886 initio
836 2850 849 2885 ;
880 2851 899 2884 ι
932 2842 989 2888 ut
1012 2848 1109 2903 per
1137 2832 1273 2899 lucc,
1305 2849 1424 2904 qnzo
1448 2833 1699 2908 religiose
1728 2834 1909 2890 verbis
1927 2847 2107 2891 osten-

513 2933 778 2990 tarentur,
808 2935 1003 2981 caetera
1029 2926 1191 2996 impie
1222 2927 1599 2985 subderentur.
1624 2927 1756 2982 Nam
1783 2939 1902 2999 post
1942 2931 2104 2984 multa

511 3019 642 3086 alia,
682 3033 800 3089 qum
838 3018 907 3075 de
932 3018 1072 3077 Filio
1100 3023 1213 3091 pari
1258 3034 1470 3091 quoque
1514 3022 1783 3075 simulans
1831 3023 2107 3093 religionis

514 3112 674 3187 135
702 3114 1035 3183 professione
1059 3115 1377 3182 pretulcrat,
1433 3114 1662 3185 subjecit
1694 3135 1708 3171 :
1741 3134 1759 3168 ‹
1790 3115 2101 3171 Creaturam

2210 496 2507 553 secundum
2536 498 2676 563 illos,
2707 510 2761 553 et
2782 509 3041 570 quantum
3070 500 3124 555 in
3159 502 3289 571 ipsis
3322 510 3428 564 εει,
3462 516 3802 571 consequen-

2214 588 2285 643 tia
2312 590 2560 660 corporis
2597 588 2872 647 sustinens
2912 590 3033 647 sine
3066 604 3300 661 corpore
3342 592 3505 647 Deus.
3545 612 3565 646 ι
3595 593 3661 648 Et
3682 594 3805 662 quia

2211 683 2365 738 nobis
2386 699 2454 739 es
2482 685 2695 755 integro
2709 684 2994 740 adversum
3024 686 3160 741 hanc
3179 685 3522 756 impiissimae
3546 685 3807 742 doctrinm

2209 777 2601 847 expositionem
2640 778 2985 849 evangelicum
3025 793 3166 835 nunc
3203 771 3311 835 erit
3346 795 3567 845 sermo;
3610 794 3806 835 conse-

2211 885 2384 940 quens
2410 872 2837 926 existimavimus
2867 885 3083 926 omnem
3106 872 3221 941 jam
3244 871 3329 944 (2)
3353 871 3426 944 (e)
3450 872 3506 928 in
3540 873 3717 941 primo
3747 872 3808 926 lio

2209 973 2299 1019 cet
2350 963 2489 1019 libro
2531 963 2827 1021 editionem
2878 966 3043 1037 hujus
3094 965 3367 1021 haereseos
3414 966 3803 1036 conscriptam,

2212 1072 2353 1113 nunc
2368 1074 2583 1128 quoque
2605 1058 2727 1113 huic
2754 1070 2908 1115 sexto
2933 1061 3177 1115 inserere
3206 1078 3216 1113 ;
3244 1070 3303 1114 ut
3333 1072 3523 1115 recens
3544 1058 3727 1123 lectio,
3754 1070 3806 1112 et

2212 1153 2583 1221 responsionis
2619 1152 2683 1207 ad
2721 1152 2927 1224 singula
2971 1154 3214 1223 subjecta
3241 1153 3481 1217 collatio,
3506 1167 3604 1221 per
3644 1167 3805 1206 eran-

2211 1244 2413 1318 gelicas
2437 1256 2599 1315 atque
2631 1248 2956 1316 apostolicus
2998 1248 3366 1303 institutiones
3396 1247 3577 1301 lﬂ\‘lil3
3603 1248 3728 1301 licet
3755 1260 3809 1301 et

2211 1339 2706 1399 contradicentibus
2759 1354 2981 1396 sensum
3044 1342 3285 1395 veritatis
3337 1339 3535 1395 eliciat.
3606 1340 3808 1394 Dicunt

2212 1445 2365 1502 ergo.

2568 1504 2647 1577 (ὅ)
2668 1504 2737 1575 (f)
2767 1502 3077 1575 Exemplum
3099 1505 3449 1577 blasphemiae.

2284 1616 2340 1672 5.
2373 1617 2485 1673 Arii
2514 1628 2562 1674 et
2590 1620 2903 1674 assertorqu
2931 1623 3044 1693 ejus
3083 1619 3153 1672 ad
3183 1617 3534 1673 Alexandrum
3564 1617 3805 1685 epistola.

2209 1728 2324 1763 -ι
2353 1708 2609 1767 Novimus
2661 1726 2823 1766 unum
2854 1713 3045 1777 Deum,
3093 1713 3266 1768 solum
3314 1711 3589 1775 infectum,
3630 1709 3805 1764 solum

2141 1801 2191 1861 Β
2217 1803 2627 1873 sempiternum,
2660 1804 2837 1859 solum
2877 1806 2996 1860 sine
3025 1804 3199 1867 initio.
3228 1806 3403 1859 solum
3440 1804 3811 1858 immortalita-

2216 1905 2325 1952 tem
2368 1896 2674 1963 babcntem.
2724 1897 2901 1953 solum
2950 1899 3237 1969 optimum,
3281 1898 3454 1953 solum
3508 1908 3804 1968 potentem,

2212 1993 2454 2045 omnium
2512 2001 2816 2048 creatorem
2844 2034 2857 2059 ,
2904 1991 3272 2047 ordinatorcm
3316 2000 3370 2044 et
3423 1990 3806 2061 diSpositorem

2212 2082 2701 2151 inconvertibilem,
2754 2084 3170 2150 immutabilem,
3199 2084 3404 2153 justum
3447 2094 3503 2139 et
3543 2085 3807 2152 Optimum

2214 2172 2346 2245 legis
2366 2184 2421 2230 et
2448 2175 2834 2245 prophetarum
2855 2185 2910 2230 et
2933 2178 3056 2230 novi
3079 2175 3436 2232 Testatnenti.
3465 2176 3616 2230 llnnc
3641 2175 3806 2230 Deum

2210 2284 2502 2341 generasse
2528 2269 2696 2325 lilium
2725 2270 3064 2341 unigenitum
3100 2278 3229 2325 ante
3252 2269 3434 2323 omnia
3461 2270 3682 2334 saecula,
3707 2282 3801 2338 per

2209 2382 2370 2436 quem
2406 2375 2461 2421 et
2490 2365 2746 2421 tusculum
2773 2376 2827 2420 et
2863 2365 3044 2420 omnia
3072 2364 3220 2420 fecit.
3250 2363 3445 2419 Natum
3485 2371 3666 2418 autem
3697 2378 3801 2416 non

2211 2460 2471 2531 putstive,
2494 2459 2589 2515 sed
2609 2473 2735 2515 vere
2759 2460 3075 2514 obsecutum
3103 2458 3362 2513 voluntati
3391 2471 3525 2521 sum,
3551 2458 3789 2511 immuta.

2212 2553 2374 2610 bilem
2401 2563 2456 2609 et
2502 2552 2994 2619 iuconvertibilem,
3028 2559 3329 2607 creaturam
3358 2549 3799 2620 Deiperfectam,

2208 2647 2306 2703 sed
2340 2661 2446 2703 non
2470 2644 2551 2719 (ι)
2580 2647 2738 2702 sicuti
2768 2662 2931 2701 unum
2962 2644 3031 2700 de
3074 2645 3372 2709 creaturis;
3397 2644 3681 2707 facturam.
3710 2644 3804 2699 sed

2210 2755 2316 2795 non
2348 2739 2507 2795 sicuti
2529 2746 2744 2794 exterae
2771 2739 2989 2793 factura:
3011 2754 3027 2800 ;
3052 2751 3151 2792 nec
3184 2746 3241 2791 ut
3276 2735 3591 2792 Valentinus
3615 2736 3801 2808 prola-

2208 2835 2410 2890 tionem
2454 2832 2644 2889 Natum
2692 2832 2867 2888 Patris
2910 2840 3323 2888 commentatus"
3354 2839 3473 2893 est;
3516 2846 3619 2887 nec
3666 2831 3805 2888 sicut

2208 2925 2535 2982 Manichacus
2567 2936 2773 2996 partem
2799 2928 2957 2981 unius
2984 2924 3296 2981 substantia
3324 2923 3481 2996 135
3509 2923 3681 2979 Patris
3702 2922 3805 2979 Na-

2209 3031 2317 3078 tum
2346 3022 2625 3091 exposuit;
2654 3035 2755 3077 nec
2802 3022 2960 3076 sicuti
2992 3018 3282 3084 Sabrllius,
3326 3016 3418 3087 qui
3444 3017 3702 3073 unionem
3727 3017 3805 3090 (ῃ)

2208 3117 2420 3182 dividit,
2449 3118 2623 3186 ipsum
2648 3114 2784 3171 dixit
2810 3114 3003 3169 Filium
3035 3128 3193 3184 quem
3221 3122 3277 3168 et
3297 3111 3548 3173 Patrem:
3575 3111 3674 3167 sed
3709 3128 3805 3167 nec

508 3206 602 3261 Dei
632 3205 948 3277 perfectam,
978 3206 1076 3263 sed
1104 3206 1306 3279 non(l)
1332 3207 1491 3263 sicuti
1516 3224 1681 3262 unum
1708 3208 1773 3264 de
1804 3208 2097 3267 creaturis:
2130 3200 2175 3264 C
2206 3209 2361 3266 sicuti
2394 3206 2646 3264 Hieracas
2686 3208 2958 3264 lucernam
2987 3205 3058 3261 de
3101 3207 3340 3269 lucerna,
3371 3204 3455 3259 vel
3496 3205 3802 3275 lammdi-m

504 3302 789 3366 iacturam,
822 3300 918 3357 sed
958 3317 1065 3356 non
1113 3299 1272 3356 sicuti
1314 3309 1523 3355 ca‘term
1562 3302 1798 3356 facturae.
1832 3322 1851 3355 ι
1884 3301 1951 3356 Et
1980 3310 2100 3369 post

505 3394 672 3451 multa
712 3394 840 3460 alia,
882 3394 1099 3465 quibus.
1132 3394 1381 3450 veritatis
1414 3394 1711 3470 interiectis
1738 3395 2097 3452 confessioni-

505 3486 628 3549 bus.
654 3488 733 3553 (ὁ)
774 3488 1045 3543 luereticte
1076 3487 1367 3558 impietatis
1408 3487 1821 3544 obumbraretur
1849 3488 2096 3549 intentio,

507 3589 567 3635 ut
590 3578 886 3635 subsistere
913 3592 1036 3633 cum
1078 3578 1149 3633 de
1186 3593 1293 3633 non
1320 3577 1656 3633 exstantibus
1694 3586 1899 3649 argutia
1930 3578 2096 3633 inter-

506 3670 823 3743 pretationis
851 3670 1147 3726 subtilitate
1175 3668 1510 3736 delendcret,
1537 3671 1613 3725 ait
1639 3692 1652 3728 :
1688 3690 1707 3723 ι
1739 3670 1803 3726 Et
1834 3679 1959 3726 ante
2000 3686 2097 3724 sm-

505 3766 623 3822 cula
654 3771 871 3832 creatus
900 3773 958 3821 et
980 3761 1252 3827 fundatus.
1284 3778 1394 3819 non
1421 3771 1541 3818 erat
1567 3771 1693 3817 ante
1726 3778 1886 3835 quam
1914 3778 2103 3818 nasce-

508 3868 679 3915 retur.
715 3874 735 3911 ι
771 3857 1055 3913 Postremo
1079 3859 1233 3926 quasi
1261 3858 1423 3913 rebus
1448 3857 1558 3926 jam
1600 3858 1851 3914 omnibus
1881 3857 2099 3913 validis-

507 3954 647 4007 sime
687 3949 755 4006 ad
795 3944 1087 4020 impietatis
1108 3950 1182 4019 (c)
1212 3949 1580 4006 defensionem
1622 3951 1991 4018 communitis,
2032 3966 2098 4005 ne

508 4044 590 4096 vel
624 4040 767 4098 ﬁlius
792 4043 873 4097 vel
913 4042 1053 4097 Deus
1100 4043 1510 4113 intelligeretur,
1543 4042 1760 4111 adjecit,
1812 4062 1833 4095 ι
1858 4043 1915 4099 Si
1955 4046 2096 4098 enim

505 4133 649 4204 quod
676 4152 740 4189 ex
767 4135 899 4203 ipso,
928 4136 1142 4205 etquod
1166 4152 1227 4189 ex
1254 4145 1418 4198 utero.
1452 4146 1507 4192 et
1532 4136 1675 4207 quod
1705 4153 1765 4191 ea:
1791 4136 1950 4193 Patre
1970 4140 2100 4192 exivi

506 4238 555 4282 et
582 4229 714 4292 veni,
739 4228 883 4281 velut
915 4236 1119 4296 partem
1156 4227 1273 4298 ejus
1299 4229 1457 4283 unius
1485 4230 1822 4297 substantize,
1868 4238 1923 4285 et
1948 4232 2099 4301 quasi

506 4321 861 4393 prolationem
904 4320 1202 4377 extendens
1238 4322 1591 4394 intelligitur;
1639 4325 1969 4396 compositus
1994 4328 2099 4381 erit

575 4467 655 4535 (1)
688 4466 852 4523 Sicuti
869 4483 1025 4520 imum
1051 4466 1114 4520 de
1134 4477 1387 4522 creatura.

577 4538 654 4610 (2)
688 4538 752 4591 In
776 4549 955 4604 quarto
979 4538 1255 4638 tangebatur:
1286 4541 1337 4619 in
1367 4549 1551 4622 nostro
1578 4538 1793 4605 codice;
1824 4537 1922 4594 sed
1948 4540 2084 4594 anti—
2111 4577 2163 4638 Β

502 4608 605 4682 qua
630 4626 788 4664 manu
818 4608 1156 4665 emendatum
1178 4619 1259 4665 est
1284 4612 1336 4664 in
1363 4612 1546 4683 primo.

579 4748 653 4819 (τι)
684 4749 740 4803 In
773 4748 913 4817 vulg.
945 4750 1196 4816 proxima.
1227 4748 1288 4804 At
1322 4750 1374 4803 in
1406 4765 1536 4805 is.
1562 4750 1815 4819 proxime,
1847 4749 1988 4820 quod
2012 4764 2094 4804 re-

505 4819 677 4875 fertur
706 4821 772 4875 ad
823 4822 1042 4874 emersit.
1094 4820 1166 4874 ltu
1201 4820 1295 4873 lib.
1327 4836 1363 4877 ι.
1398 4837 1452 4874 n.
1480 4822 1573 4882 25.
1604 4821 1717 4876 Arii
1757 4820 1824 4877 ad
1869 4822 2097 4877 Alexan-

504 4892 662 4946 drum
690 4892 917 4956 epistola
948 4892 1145 4945 dicitur
1165 4907 1265 4944 non
1296 4891 1418 4946 olim
1444 4892 1609 4947 edita.

579 4964 653 5030 (bi
707 4963 879 5029 Editi,
938 4965 1093 5038 hujus
1138 4962 1410 5019 harenae.
1462 4963 1682 5020 Rectius
1729 4963 1885 5020 abest
1939 4966 2098 5038 hujus

506 5049 535 5088 a
568 5051 696 5090 mss.

578 5108 651 5175 (ε)
679 5108 770 5163 Sic
797 5121 924 5161 mss.
964 5106 1107 5161 Etliti
1140 5121 1294 5168 vero,
1329 5107 1723 5174 professionem.

580 5182 658 5251 (Α)
690 5181 825 5234 Editi
843 5178 948 5245 hic,
967 5194 1272 5248 corporeus;
1291 5187 1363 5244 et,
1390 5177 1547 5246 infra,
1568 5195 1777 5247 corpus.
1797 5179 1959 5251 Magis
1987 5180 2094 5235 sibi

506 5261 752 5306 coiistant
777 5266 906 5304 mss.

581 5323 650 5391 (ei
681 5321 1030 5377 nocentiores
1056 5333 1185 5374 mss.
1215 5334 1338 5376 cum
1372 5320 1622 5390 vulgatis.
1665 5322 1718 5376 in
1743 5331 1926 5390 quarto
1954 5322 2090 5375 licet.

509 5390 623 5447 Duo
654 5394 918 5457 Vaticani,
948 5393 1001 5446 in
1041 5391 1216 5456 primo
1250 5393 1326 5445 vel
1365 5402 1549 5462 quarto
1588 5392 1705 5447 licet
1746 5394 1895 5448 libro.
1945 5393 2098 5448 Anti-

506 5466 728 5533 quiores
757 5473 962 5525 autem,
1003 5465 1149 5535 iique
1195 5479 1424 5519 numero
1449 5464 1648 5534 plures,
1688 5466 1741 5520 in
1780 5465 1945 5534 primo
1980 5464 2097 5519 licet

507 5537 657 5593 libro.
681 5538 816 5608 Quae
844 5536 1006 5590 lectio
1041 5536 1201 5592 nobis
1229 5550 1295 5592 eo
1333 5535 1596 5592 sincerior
1622 5540 1734 5594 visa
1766 5549 1870 5600 est.
1911 5552 2020 5607 quo
2043 5539 2094 5593 in

509 5620 746 5667 mentem
776 5624 965 5665 eorum
996 5611 1172 5680 minus
1191 5608 1373 5677 cadat,
1403 5611 1490 5680 qui
1515 5610 1765 5678 antiquos
1794 5625 1861 5665 ex
1890 5610 2103 5679 conjec-

521 5682 653 5738 turis
685 5682 985 5750 corrigunt.
1034 5679 1133 5734 Cui
1167 5680 1308 5735 foret
1337 5679 1478 5751 quod
1513 5681 1646 5737 liber
1672 5682 1937 5749 superior.
1964 5698 2018 5736 n.
2052 5683 2106 5747 5,

512 5769 621 5809 non
652 5758 856 5823 quintus
884 5752 976 5809 sed
1006 5751 1258 5807 seriindns
1288 5753 1698 5824 appelletur;et
1725 5751 1850 5817 huc,
1875 5754 1947 5808 uti
1976 5752 2112 5811 dixi-

510 5840 665 5889 mus,
705 5825 827 5898 quia
853 5824 1120 5880 secundus
1170 5831 1253 5881 est
1292 5823 1475 5878 contra
1507 5823 1767 5895 perﬁdam
1793 5825 2111 5879 Arianorum

2210 3303 2265 3358 in
2293 3301 2426 3357 duas
2456 3310 2669 3371 partes;
2704 3315 2801 3355 nec
2822 3301 2911 3369 qui
2940 3300 3038 3354 fuit
3063 3308 3209 3362 ante,
3238 3298 3578 3370 postmodum
3618 3307 3805 3353 natum

2208 3394 2295 3450 vel
2325 3402 2731 3464 supercreatnm
2755 3394 2806 3446 in
2846 3391 3036 3457 ﬁlium,
3069 3390 3228 3447 sicuti
3264 3400 3402 3446 et-tu
3432 3390 3565 3457 ipse,
3606 3391 3807 3446 beatis-

2208 3490 2345 3545 sime
2369 3502 2525 3559 papa,
2557 3486 2732 3543 media
2760 3488 2811 3541 in
2844 3486 3071 3542 ecclesia
3102 3494 3157 3540 et
3184 3485 3239 3539 in
3264 3498 3525 3541 consessu
3554 3484 3807 3553 irequen-

2208 3591 2291 3639 ter
2316 3597 2413 3639 eos
2436 3583 2525 3650 qui
2541 3581 2664 3636 talia
2696 3580 3043 3635 introducunt
3067 3577 3290 3634 renuisti
3317 3595 3331 3632 :
3356 3578 3449 3631 sed
3480 3576 3640 3631 sicuti
3670 3577 3809 3631 dixi-

2208 3689 2353 3739 mus,
2378 3673 2657 3729 voluntate
2690 3674 2780 3728 Dei
2811 3684 2937 3730 ante
2963 3682 3205 3742 tempora
3233 3670 3512 3726 etestecula
3534 3678 3802 3734 creatum,

2204 3776 2261 3823 et
2281 3768 2463 3823 vivere
2484 3778 2540 3822 et
2566 3780 2688 3822 esse
2712 3767 2978 3835 accipiens
2997 3780 3030 3819 a
3056 3764 3302 3829 Patre,et
3317 3765 3398 3835 (5)
3420 3764 3503 3833 (Ii)
3531 3764 3734 3834 glorias
3754 3766 3805 3820 ei

2204 3862 2640 3918 consubsistente
2661 3860 2839 3916 Patre.
2866 3859 3049 3929 Neque
3085 3860 3231 3915 enim
3258 3859 3417 3913 Pater
3445 3858 3580 3913 dans
3601 3859 3651 3914 ei
3686 3876 3803 3913 oin-

2205 3955 2352 4011 nium
2381 3954 2772 4021 hatreditatem,
2800 3952 3066 4008 fraudavit
3099 3953 3448 4022 semetipsum
3472 3954 3543 4007 ab
3564 3950 3652 4006 his
3674 3967 3798 4023 quo

2207 4063 2312 4103 non
2337 4048 2474 4103 facta
2500 4047 2989 4116 abipsohahentur
3012 4045 3160 4101 :fons
3199 4056 3284 4099 est
3322 4055 3502 4100 autem
3535 4046 3804 4100 omnium.

2277 4141 2331 4197 6.
2370 4160 2388 4195 ι
2431 4140 2771 4212 Quapropter
2809 4149 2923 4196 tres
2958 4139 3273 4195 substantite
3309 4149 3455 4201 sunt.
3485 4136 3665 4202 Pater,
3722 4139 3808 4194 l-‘i-

2207 4234 2334 4297 lius.
2382 4234 2617 4305 Spiritus
2644 4245 2883 4289 sanctus.
2941 4232 3010 4288 Et
3057 4231 3275 4303 quidem
3332 4230 3476 4286 Deus
3520 4246 3686 4285 causa
3724 4243 3809 4286 est

2205 4327 2468 4391 omnium,
2499 4323 2723 4380 omnino
2748 4325 2865 4379 sine
2908 4324 3061 4379 initio
3087 4325 3379 4379 solitarius.
3416 4322 3586 4379 Filius
3621 4333 3805 4380 autem

2258 4468 2345 4601 ³5)
2376 4468 2499 4525 llaec
2524 4464 2828 4536 epigraphc
2857 4463 3016 4521 deest
3042 4465 3094 4519 in
3125 4472 3309 4518 nostro
3332 4462 3537 4519 codice.

2281 4540 2337 4601 «ii
2370 4539 2466 4596 llic
2494 4539 2689 4601 repetit
2720 4537 2869 4592 sicuti
2907 4554 3061 4591 unum
3092 4536 3153 4590 de
3180 4546 3431 4591 creatura.

2281 4536 2337 4607 Α)
2370 4539 2466 4596 llic
2494 4539 2689 4608 repetit
2720 4537 2869 4592 sicuti
2907 4554 3061 4591 unum
3092 4536 3153 4590 de
3180 4546 3431 4591 creatura.

2262 4613 2337 4685 (Pi)
2371 4608 2628 4664 Gloriam.

2201 4750 2323 4805 ﬁdei
2356 4749 2762 4811 professionem.
2794 4748 3128 4818 Quamquam
3170 4745 3270 4800 sub
3304 4744 3411 4799 alio
3434 4756 3692 4818 respectu
3721 4747 3804 4799 hic

2201 4822 2317 4892 ipse
2349 4820 2485 4875 liber
2513 4822 2760 4891 proxime
2803 4816 2997 4875 sextus
3028 4826 3393 4892 nuncupatur,
3431 4816 3688 4892 Erasmus
3720 4820 3804 4872 hic

2198 4886 2266 4948 ad
2299 4886 2592 4960 marginem
2629 4892 3013 4957 adscripserat.
3045 4888 3158 4959 Ego
3187 4904 3306 4942 sero
3332 4904 3439 4941 non
3467 4886 3649 4942 dubito
3678 4892 3803 4957 quin

2200 4964 2471 5035 legendum
2497 4966 2631 5019 sitin
2648 4973 2869 5035 quatuor
2897 4962 3059 5025 libris,
3083 4962 3243 5035 eique
3266 4970 3452 5023 postea
3481 4960 3805 5030 subscripsit

2201 5032 2338 5091 Lind.
2373 5037 2605 5091 Mirm-ns.
2650 5034 2913 5089 Nimirum
2955 5049 3061 5088 non
3098 5032 3447 5086 adverterunt
3495 5044 3801 5085 sermonem

2203 5108 2290 5162 hic
2320 5106 2503 5162 haberi
2532 5106 2600 5162 de
2624 5105 2824 5175 perﬁda
2851 5107 3171 5159 Arianorum
3192 5103 3443 5169 eiustola,
3471 5116 3595 5170 quis
3617 5102 3803 5159 hacte-

2204 5195 2304 5234 nus
2333 5180 2516 5240 unico,
2551 5195 2655 5232 non
2682 5186 2912 5244 quatuor
2941 5176 3090 5230 libris
3115 5175 3259 5228 edita
3286 5183 3388 5227 est.

2274 5251 2343 5323 (ri
2378 5250 2526 5305 Haiic
2571 5250 2905 5323 epigraphen
2945 5250 2998 5303 in
3053 5248 3203 5315 prius
3255 5245 3490 5316 vulgatis
3534 5248 3798 5301 omissam

2200 5321 2538 5378 restituimur;
2564 5336 2631 5377 es
2668 5321 2965 5387 potioribus
2990 5332 3121 5373 mss.

2275 5393 2353 5466 (g)
2386 5393 2676 5466 Editi,qui,
2701 5392 2794 5447 lib.
2820 5388 3799 5466 Iv,praeferebantunioneni‘iudstrit,

2201 5458 2835 5522 hie'oxhibont'unionem
2861 5463 3089 5518 dividens
3119 5477 3138 5514 :
3168 5461 3456 5529 utrobique
3483 5458 3803 5532 refraganti»

2205 5538 2306 5593 bus
2338 5551 2467 5590 mss.

2280 5607 2362 5678 (It)
2412 5607 2468 5663 In
2499 5606 2756 5679 vulgatis,
2806 5607 2902 5663 lib.
2946 5620 3043 5679 iv,
3074 5604 3340 5679 gloriari,
3376 5601 3473 5679 hic
3513 5618 3801 5679 verorum

2210 5674 2464 5740 clunibus
2486 5674 2623 5753 ⁸ιιιεεῖ
2657 5679 2884 5753 glorians
2909 5698 2927 5733 .-
2955 5676 3049 5733 sed
3076 5674 3631 5753 error-ellilirariornni
3660 5676 3801 5753 litto-

2212 5766 2388 5825 ramn
2434 5745 2698 5825 adlectam
2748 5750 2860 5825 jam
2906 5747 3215 5806 monuimus
3266 5747 3387 5815 (col.
3443 5745 3569 5815 106,
3620 5748 3775 5817 non]

2215 5824 2449 5881 editionis
2475 5822 2710 5891 νάπην.)
