4048 6482
169 377 254 434 161

1388 365 1475 422 DE
1515 348 1888 422 Tamiram
1929 359 2135 416 uetat
2171 359 2254 415 γι.

3347 356 3369 408 ~t
3382 351 3452 408 «δῦ.

163 494 270 548 sine
296 501 546 561 tempore
588 489 764 545 editus
789 503 818 542 a
843 486 1025 554 Patre,
1052 491 1108 541 et
1147 491 1275 540 ante
1302 481 1498 538 smeula
1534 490 1750 536 creatus
1774 475 2190 544 AQuatnqttam
2219 473 2377 545 igitur
2410 471 2785 542 superioribus
2824 470 3022 527 libellis
3055 468 3191 539 (scil.
3222 482 3276 524 tv
3314 476 3362 524 et
3391 464 3454 536 γ)

165 597 210 638 et
232 586 505 651 t‘uudatns,
532 598 640 639 no
669 591 786 638 erat
804 588 929 634 ante
950 593 1112 650 quam
1139 586 1449 632 nasceretur
1476 591 1488 628 :
1513 573 1608 629 sed
1635 572 1752 627 sine

168 685 398 748 tempore
427 687 556 731 ante
582 675 763 730 omnia
793 685 974 739 natus,
1014 670 1163 726 solus
1213 683 1245 723 a
1300 668 1421 724 solo
1465 665 1542 740 (α)
1597 666 1754 722 Patre

167 769 240 843 (l)
272 769 534 826 substitit.
567 767 831 824 Necenim
853 772 1182 822 estteternus
1206 771 1302 818 aut
1320 769 1642 825 coaeternus,
1663 765 1755 813 aut

167 863 315 918 simul
343 877 450 918 non
464 863 640 918 lactus
668 874 789 916 cum
817 858 974 914 Patre
1001 855 1102 929 (tr),
1131 869 1234 912 nec
1259 853 1416 909 simul
1444 867 1565 907 cum
1595 851 1755 906 Patre

168 955 320 1011 habet
339 969 486 1019 esse,
516 954 674 1010 sicuti
705 951 924 1023 quidam
949 951 1156 1014 dicunt,
1179 958 1272 1004 aut
1296 945 1485 1017 aliqui,
1515 945 1624 1001 duo
1645 960 1752 1000 non

169 1059 283 1107 nata
312 1049 579 1121 principia
607 1047 1049 1104 introducentes:
1078 1042 1174 1100 sed
1200 1044 1340 1099 sicut
1372 1043 1502 1097 unio
1529 1049 1583 1097 et
1606 1041 1754 1111 prin-

170 1145 360 1215 cipium
385 1144 653 1209 omnium,
681 1143 761 1198 sic
786 1151 842 1197 ct
868 1140 1008 1196 Deus
1036 1151 1162 1196 ante
1188 1138 1370 1193 omnia
1393 1146 1496 1192 est.
1531 1137 1759 1205 Propter

169 1237 302 1310 quod
329 1251 384 1293 et
407 1247 535 1293 ante
557 1235 750 1292 Filium
773 1243 878 1303 est,
904 1235 1045 1290 sicut
1069 1241 1248 1288 etate
1268 1230 1553 1287 didicimus
1581 1230 1757 1285 media

172 1337 218 1389 in
239 1333 472 1392 ecclesia
496 1331 846 1405 praedicante.
876 1327 1184 1386 Secundum
1212 1325 1356 1398 quod
1388 1328 1567 1397 itaque
1597 1337 1625 1376 a
1649 1324 1760 1379 Deo

170 1443 284 1484 esse
317 1426 505 1491 habet,
533 1428 609 1498 (ι)
638 1434 690 1482 et
710 1425 932 1496 glorias,
960 1431 1015 1479 et
1050 1424 1250 1488 vivere,
1270 1429 1326 1478 et
1348 1419 1529 1476 omnia
1556 1421 1604 1476 ei
1635 1427 1762 1475 sunt

173 1519 395 1585 tradita,
436 1517 735 1576 scentulum
774 1516 897 1580 hoc,
936 1516 1258 1586 principium
1306 1514 1425 1584 ejus
1465 1522 1550 1568 est
1596 1511 1758 1567 Deus.

173 1612 505 1685 Principatur
529 1618 710 1666 autem
734 1611 808 1677 ei,
841 1617 1030 1679 utpote
1055 1608 1195 1664 Deus
1223 1606 1364 1676 ejus,
1396 1621 1518 1660 cum
1547 1604 1619 1661 sit
1638 1611 1763 1658 ante

175 1709 365 1776 ipsum.
389 1703 446 1760 Si
477 1704 624 1759 enim
659 1700 803 1773 quod
853 1715 919 1756 ea:
962 1701 1098 1770 ipso,
1145 1709 1202 1756 et
1223 1699 1366 1770 quod
1412 1713 1477 1753 ex
1509 1706 1673 1762 utero,
1709 1705 1765 1751 et

172 1799 396 1870 quodex
424 1797 582 1853 Patre
619 1798 749 1852 exitii
773 1806 823 1852 et
861 1795 992 1861 reni,
1027 1795 1170 1850 velut
1196 1804 1402 1866 partem
1439 1793 1558 1864 ejus
1605 1791 1765 1847 unius

1854 569 1923 624 de
1949 570 2058 623 Deo
2079 579 2130 622 et
2159 565 2619 631 De0,etlieovet‘o
2640 578 2703 620 ac
2733 565 2841 621 Deo
2868 579 3018 629 vero,
3037 562 3162 619 etin
3183 562 3292 619 Deo
3319 574 3453 616 vero

1855 671 2008 733 patre
2036 670 2090 717 et
2117 661 2171 715 in
2201 659 2313 714 Deo
2338 674 2468 715 vero
2510 657 2620 714 lilio
2648 672 2756 714 uno
2781 673 2911 716 vero
2941 656 3054 712 Deo
3101 653 3454 727 intelligendo

1855 754 2153 810 secundum
2188 761 2396 808 natura:
2423 751 2708 818 unitatem,
2745 767 2851 806 non
2882 749 3179 807 secundum
3207 762 3457 821 personae

1857 849 2131 913 unionem,
2178 862 2243 903 ex
2272 846 2411 915 legis
2450 852 2506 901 et
2551 843 2934 916 prophetarum
2978 841 3453 913 pnedieationibus

1857 941 2242 1004 docuerimus;
2272 938 2718 1010 tamen-perfecta
2743 937 2822 1011 (vi)
2853 937 2978 993 tidei
3005 936 3164 1006 hujus
3191 934 3461 992 absolutio

1858 1050 1923 1090 ex
1954 1033 2286 1103 evangelicis
2322 1041 2487 1102 atque
2515 1030 2828 1101 apostolicis
2869 1040 2953 1085 est
2993 1028 3296 1101 praestanda
3323 1026 3453 1081 doc-

1860 1127 2041 1188 trinis.
2071 1137 2127 1180 ut
2155 1141 2315 1181 verus
2364 1125 2456 1179 Dei
2488 1123 2634 1180 filius
2671 1122 2812 1178 Deus
2849 1137 2955 1177 non
2985 1123 3178 1176 aliena:
3222 1138 3251 1174 a
3300 1118 3460 1175 Patre

1859 1219 2198 1291 diversaeque
2229 1231 2454 1283 naturai,
2485 1219 2580 1274 sed
2609 1217 2850 1287 ejusdem
2876 1231 2999 1273 esse
3021 1214 3343 1279 divinitatis,
3365 1229 3462 1283 per

1860 1316 2140 1372 veritatem
2183 1314 2481 1370 nativitatis
2525 1314 2782 1376 existens,
2827 1311 2999 1383 possit
3053 1309 3301 1381 intelligi.
3350 1308 3462 1366 Nec

1859 1429 1990 1470 sane
2028 1427 2351 1484 quemquam
2378 1421 2486 1466 tam
2526 1418 2795 1466 amentem
2836 1423 2999 1482 posse
3027 1421 3151 1464 esse
3176 1407 3458 1472 existimo,

1861 1511 1951 1582 qui
1977 1511 2067 1566 Dei
2093 1509 2164 1566 de
2199 1525 2258 1565 se
2303 1509 2669 1579 professiones
2700 1519 2792 1577 aut
2833 1508 3080 1580 cognitas
3109 1522 3215 1561 non
3259 1506 3461 1561 intelli-

1861 1615 1974 1678 gat,
1999 1615 2092 1661 aut
2120 1604 2424 1660 intellectas
2453 1619 2483 1658 a
2513 1619 2571 1660 se
2598 1603 2679 1676 (ῃ)
2702 1602 2866 1658 nollet
2898 1601 3142 1672 intelligi,
3161 1608 3253 1655 aut
3278 1614 3464 1656 emen-

1863 1701 2070 1755 dandas
2093 1707 2245 1769 putet
2270 1699 2519 1753 humanae
2544 1695 2796 1768 opinione
2823 1695 3138 1765 prudentiae.
3173 1694 3280 1750 Sed
3309 1703 3466 1751 ante-

1864 1809 2026 1865 quam
2079 1809 2167 1850 res
2189 1794 2365 1868 tipsas
2404 1793 2717 1849 salutarium
2784 1801 3251 1848 sacramentorum
3311 1791 3461 1862 loqui

173 1891 480 1946 substantia
503 1899 560 1947 et
582 1888 738 1962 quasi
764 1886 1123 1960 prolationem
1167 1884 1463 1941 extendens
1508 1883 1764 1955 intelligi-
1796 1906 1842 1968 Β
1872 1888 1950 1958 (5)
1983 1888 2332 1959 incipiamus;
2360 1904 2427 1944 ne
2453 1889 2504 1943 in
2525 1888 2707 1958 aliquo
2731 1887 2854 1955 sibi,
2877 1887 3036 1942 editis
3082 1886 3464 1942 luereticorum

176 1993 290 2049 tur;
332 1981 671 2054 compositus
717 1982 823 2038 erit
847 1981 1029 2048 Pater,
1050 1990 1106 2037 et
1129 1977 1438 2041 divisibilis,
1461 1988 1516 2033 et
1540 1991 1767 2033 conver-

177 2079 332 2134 tibilis
356 2077 466 2149 (Ξ).
495 2087 554 2134 et
573 2090 776 2148 corpus
817 2076 1112 2132 secundum
1144 2073 1289 2137 illos,
1319 2080 1398 2137 et,
1429 2083 1688 2144 quantum
1713 2072 1766 2127 in

177 2171 302 2244 ipsis
321 2183 434 2238 est,
475 2170 864 2242 consequentia
898 2169 1145 2240 corporis
1170 2167 1448 2224 sustinens
1488 2167 1604 2222 sine
1648 2180 1769 2220 cor-

179 2280 306 2336 pore
337 2264 486 2319 Deus
507 2262 608 2334 (tl).
622 2281 648 2314 ι

242 2359 294 2412 'l.
337 2356 604 2418 Venenum
630 2356 688 2412 in
713 2355 812 2410 hac
825 2354 1044 2425 epistola
1074 2354 1256 2409 tatem.
1285 2381 1357 2394 —-
1384 2350 1516 2421 Quis
1543 2365 1652 2407 non
1690 2351 1774 2409 his

179 2452 374 2508 sentiat
421 2449 661 2506 lubricos
689 2448 1017 2519 serpentium
1065 2444 1165 2500 viae
1207 2444 1399 2510 ﬂexus,
1441 2446 1526 2501 vel
1557 2444 1628 2518 (e)
1665 2456 1776 2499 tor—

181 2546 350 2602 tuosis
395 2544 562 2613 spiris
608 2541 780 2598 nodos
807 2541 1058 2610 vipereos
1097 2555 1205 2594 non
1248 2537 1535 2608 intelligat,
1581 2536 1776 2607 quibus

178 2639 431 2697 venenati
459 2639 575 2694 oris
606 2637 766 2710 136
791 2634 1102 2705 principalis
1135 2642 1372 2703 potcsms
1416 2632 1647 2688 collecto
1691 2635 1777 2686 in-

178 2733 298 2788 ﬂexi
318 2731 574 2801 corporis
601 2731 734 2785 orbe
775 2726 1155 2784 conduditur?
1202 2726 1305 2781 Sed
1331 2726 1572 2782 extensis
1606 2725 1780 2780 onmi—

183 2828 282 2882 bus
307 2836 479 2895 atque
505 2823 788 2888 absolutis,
824 2831 993 2876 totum
1020 2820 1272 2876 occultati
1296 2821 1488 2890 capitis
1515 2819 1661 2876 virus
1685 2835 1781 2887 pa-

180 2921 332 2977 tebit.
366 2919 694 2990 lngcrnntur
710 2915 854 2972 enim
883 2914 1039 2970 nobis
1066 2915 1294 2985 primum
1323 2916 1540 2968 nomina
1590 2919 1784 2969 verita-

180 3015 271 3081 tis,
299 3014 387 3084 ('5)
424 3013 506 3084 (ί)
535 3021 600 3072 ttt
621 3011 768 3066 virus
798 3009 1049 3063 falsitatis
1078 3009 1328 3062 introeat.
1364 3007 1570 3062 Bonum
1602 3007 1653 3060 in
1690 3020 1785 3060 ore

175 3120 286 3177 est,
319 3122 382 3164 ut
423 3107 496 3164 de
531 3106 697 3164 corde
737 3103 939 3158 malum
977 3102 1192 3160 subeat.
1221 3101 1292 3158 Et
1335 3103 1472 3158 inter
1499 3102 1614 3156 hinc
1660 3117 1786 3157 nus-

175 3220 342 3276 quam
374 3202 546 3258 audio
567 3202 636 3257 ab
676 3199 759 3256 his
782 3199 950 3254 Deum
997 3198 1088 3252 Dei
1128 3195 1300 3252 lilium
1329 3196 1436 3251 dici
1467 3213 1481 3247 :
1522 3209 1787 3266 nusquam

1871 1981 2200 2048 nominibus,
2252 1981 2476 2037 bmresis
2520 1979 2791 2050 professio
2841 1980 3169 2046 blandiatur,
3207 1980 3468 2036 demons-

1873 2072 2120 2128 trandum
2148 2082 2231 2129 est
2252 2088 2414 2128 omne
2441 2072 2600 2141 hujus
2625 2081 2828 2144 arguta:
2852 2073 3071 2128 malitiae
3097 2071 3338 2128 velamen
3371 2091 3382 2118 τ
3413 2079 3471 2127 ut

1875 2183 1970 2238 per
1997 2166 2138 2237 quod
2185 2181 2244 2221 se
2286 2168 2435 2222 virus
2511 2166 2684 2222 latens
2741 2167 2998 2236 contegit,
3059 2181 3154 2236 per
3196 2166 3245 2219 id
3297 2169 3471 2236 ipsum

1874 2259 1958 2333 (6)
2001 2262 2268 2332 proditum
2293 2257 2374 2332 (lt)
2397 2259 2467 2315 sit
2503 2267 2559 2316 ct
2601 2261 2916 2326 revelatum,
2953 2269 3006 2316 et
3049 2261 3116 2314 ad
3145 2261 3476 2315 blandientis

1873 2354 2067 2408 veneni
2107 2352 2516 2425 intelligentiam
2544 2352 2771 2424 publicm
2798 2354 3146 2409 conscientia:
3165 2367 3358 2409 sensus
3390 2355 3476 2407 in-

1879 2455 2070 2500 troeat.

1950 2538 2004 2592 9.
2038 2536 2296 2594 Valentini
2322 2549 2627 2594 commenta.
2659 2537 2892 2594 Ecclesia
2929 2539 2991 2594 ab
3015 2541 3094 2595 lus
3114 2540 3304 2593 aliena.
3342 2537 3477 2595 Pro-

1881 2633 2089 2688 lationis
2132 2635 2338 2690 nomine
2384 2635 2610 2690 htcretici
2641 2636 2950 2689 nativitatem
2993 2635 3218 2689 nituntur
3254 2635 3479 2692 abolere.

1881 2757 1954 2768 --
1982 2726 2238 2783 Volentes
2283 2729 2441 2798 igitur
2466 2729 2709 2784 hteretici
2761 2729 2853 2785 Dei
2899 2727 3070 2784 lilium
3116 2745 3221 2784 non
3268 2744 3334 2782 ex
3369 2729 3480 2784 Deo

1884 2836 2027 2888 esse,
2077 2838 2252 2894 neque
2279 2822 2343 2892 (ἑ)
2374 2823 2441 2878 de
2474 2835 2662 2878 natura
2713 2833 2768 2880 et
2804 2825 2856 2880 in
2905 2835 3095 2881 natura
3146 2825 3240 2881 Dei
3279 2841 3345 2882 ex
3377 2827 3486 2882 Deo

1888 2913 2054 2970 Deum
2097 2926 2305 2984 natum,
2357 2931 2479 2971 cum
2515 2916 2626 2986 jam
2674 2920 2922 2989 superius
2966 2925 3491 2974 commemorassent

1890 3027 2046 3065 unum
2078 3009 2245 3068 Deum
2279 3012 2445 3066 solum
2481 3011 2637 3084 137
2665 3029 2856 3078 verum,
2889 3027 3063 3084 neque
3087 3011 3416 3084 adjecissent
3443 3021 3491 3067 ct

1891 3114 2084 3171 patrem
2111 3121 2128 3168 ;
2162 3116 2221 3160 ut
2250 3106 2408 3160 unius
2433 3105 2676 3160 veritatis
2703 3120 2826 3162 esse
2849 3105 3062 3161 Patrem
3095 3115 3149 3162 et
3175 3104 3370 3162 Filium
3391 3121 3490 3162 ex-

1891 3196 2037 3251 clusa
2057 3199 2986 3271 proprietatenativitatisnegarent,
3019 3197 3296 3266 dixerunt,
3332 3189 3494 3257 i'l‘lce

178 3297 383 3355 l-‘iliutn
409 3296 631 3352 invenio
658 3293 730 3349 ita
759 3290 1109 3363 prmdieatum
1153 3306 1298 3353 esse.
1343 3291 1485 3362 quod
1528 3289 1667 3346 illius
1697 3290 1786 3344 sit.
1817 3312 1863 3376 ρ
1895 3301 1952 3344 ut
1986 3289 2300 3346 Valentinus
2330 3291 2686 3362 prolationem
2718 3291 2911 3348 Natum
2942 3291 3117 3348 Patris
3153 3303 3496 3350 commenta-

177 3391 394 3448 Nomen
443 3390 543 3446 lilii
589 3390 872 3459 ingeritur,
923 3395 980 3441 ut
1029 3396 1217 3442 natura
1269 3398 1544 3451 taceatur;
1600 3395 1792 3442 natura

176 3484 470 3548 adimitur,
516 3491 576 3536 ut
615 3493 812 3535 nomen
852 3479 1089 3532 alienum
1142 3479 1233 3533 sit.
1281 3477 1524 3533 "iCI'CSCS
1581 3490 1793 3534 emterm

179 3577 628 3650 praetendunuar,
659 3583 714 3628 ut
742 3573 811 3627 de
845 3587 906 3627 se
937 3571 1158 3626 ιλιι-τρεῖς
1185 3573 1476 3627 mentiatur
1501 3570 1673 3641 (Ideni
1703 3589 1797 3628 no-

179 3679 253 3724 tat
279 3670 544 3726 Athenas.
580 3667 675 3719 0r.
713 3682 748 3730 ι,
784 3681 834 3734 ρ.
869 3663 1017 3734 513).
1056 3663 1204 3720 Unus
1223 3664 1374 3719 solus
1405 3663 1544 3719 Dens
1573 3674 1624 3720 et
1651 3666 1798 3720 solus

181 3777 345 3817 verus
376 3759 671 3831 ingeritur,
717 3773 784 3813 ne
809 3771 994 3812 verum
1031 3771 1095 3812 ac
1125 3757 1399 3828 proprium
1436 3757 1525 3813 Dei
1555 3756 1663 3813 lilio
1709 3772 1796 3813 re—

184 3854 477 3926 linquatur
501 3866 627 3909 esse
653 3849 797 3922 quod
830 3850 973 3906 Deus
1001 3859 1104 3907 est.

251 3952 307 4006 8.
341 3947 496 4014 Quid
518 3948 637 4018 jam
665 3945 761 3999 sibi
787 3944 1108 3999 tractandum
1152 3956 1406 4016 proponat
1453 3945 1708 4004 Hilarius.
1731 3979 1802 3989 -——

287 4074 340 4129 Ι)
375 4071 655 4129 Subsistil.
916 4115 922 4121 .

253 4075 340 4147 (l)
375 4075 655 4129 Subsistit.
916 4115 922 4121 .

253 4147 340 4219 (2)
388 4143 463 4201 Et
495 4142 782 4209 mutabilia,
805 4151 882 4219 _ut
916 4158 1076 4215 supra
1123 4143 1175 4219 in
1224 4149 1416 4219 Quarto
1448 4147 1613 4217 libro,
1645 4147 1808 4206 etiam

180 4213 542 4292 hieantigua
566 4229 728 4292 manu
754 4213 1020 4292 adjectum
1047 4226 1131 4271 est
1157 4218 1211 4272 in
1239 4218 1422 4269 nostro
1451 4213 1768 4292 οιθηίριεπί,

284 4293 345 4360 3)
383 4287 463 4348 Ut
491 4289 624 4360 vires
648 4286 894 4360 falsitatis
921 4289 1196 4360 introeant.

284 4293 345 4360 3)
383 4290 463 4348 Ut
491 4290 624 4342 vires
648 4290 894 4356 falsitatis
921 4290 1196 4344 introeant.
1615 4290 1626 4292 “

254 4290 344 4437 ξι)
372 4360 547 4416 Fidei
574 4358 729 4432 hujus
751 4357 1001 4414 absolutio
1021 4361 1323 4433 euangelicis
1346 4373 1498 4434 atque
1512 4365 1807 4437 apostolicis

252 4483 337 4555 (α)
367 4481 433 4538 1η
459 4475 863 4555 antiquissintis
890 4494 1037 4555 mss.)
1173 4479 1384 4538 Martini
1420 4483 1648 4555 Turon.,
1679 4483 1797 4539 Vat.

181 4551 324 4612 basf
348 4567 410 4610 et
441 4551 612 4610 Colb.
658 4567 688 4603 a
736 4551 846 4605 solo
882 4552 1101 4607 substitit
1143 4569 1159 4606 .·
1194 4569 1300 4610 nott
1338 4554 1500 4622 male,
1544 4555 1589 4612 si
1621 4556 1716 4611 lib.
1752 4573 1802 4611 tv

179 4630 286 4705 sibi
328 4632 685 4705 constarent.
749 4622 804 4705 lu
850 4639 1027 4694 grmco
1071 4634 1278 4692 autem,
1319 4627 1420 4682 ὑπὸ
1467 4635 1557 4684 τοῦ
1605 4631 1805 4705 πατρὸς

183 4703 421 4761 ὑπέστη.
451 4696 668 4752 omisso
695 4694 828 4748 solo.

255 4773 343 4846 (b)
381 4769 545 4846 Editi
575 4767 661 4822 hic
704 4766 980 4846 adjiciunt,
1033 4769 1132 4840 fuit
1171 4772 1573 4846 δειπνεῖς-(ιυοά
1618 4772 1711 4826 lib.
1762 4787 1812 4826 tv

182 4838 394 4903 manus
425 4842 717 4902 ritiiittunt,
747 4838 818 4895 ibi
840 4845 896 4894 et
925 4838 1014 4895 hic
1034 4838 1508 4898 consentientibus
1543 4859 1674 4900 mss.

259 4915 339 4988 (c)
367 4917 431 4970 In
465 4911 744 4988 vr_rlgatis,_
759 4920 804 4964 et
830 4911 1062 4988 gloriari.
1090 4909 1146 4988 In
1170 4928 1272 4988 ms.
1309 4911 1428 4967 Vat.
1461 4914 1604 4988 bas.,
1637 4925 1686 4988 et
1709 4915 1819 4986 gloo

182 4981 335 5046 tiens
368 4997 424 5043 et
476 4985 660 5039 uiscus
689 4997 706 5034 :
734 4983 785 5036 in
816 4983 958 5048 aliis,
1003 4991 1050 5038 et
1085 4981 1314 5053 glorians
1358 4993 1405 5041 et
1433 4986 1599 5042 viuere
1629 5005 1644 5043 :
1676 4981 1817 5043 idem

185 5059 469 5119 nitendum
503 5055 655 5124 quod
678 5068 860 5124 supra.

265 5132 354 5206 (ά)
380 5123 606 5206 [nuntio
635 5123 889 5206 ms.’pust
919 5139 1108 5206 vocem
1150 5123 1312 5195 Dm,
1343 5129 1647 5206 snbjicitur,
1674 5129 1822 5206 Veri-

189 5198 313 5263 tns':
333 5198 582 5259 'additio
605 5211 795 5252 manus
819 5198 1032 5263 alienun,
1055 5204 1161 5270 qua
1187 5202 1358 5260 sancti
1389 5198 1634 5259 Ductoris
1663 5202 1822 5259 verba

187 5285 258 5335 ab
287 5272 704 5332 haereticorum
726 5271 883 5326 dictis
903 5281 1274 5328 secernuntur.

266 5349 348 5424 (ε)
407 5345 870 5424 Eqiti,__tortnosi_
895 5343 1116 5424 spiritus
1153 5360 1173 5396 .'
1201 5346 1532 5424 castigantur
1571 5363 1634 5402 ex
1689 5362 1820 5424 tuss.

196 5413 414 5480 sane...
450 5413 820 5473 similitudine
849 5413 1064 5469 fallaces
1104 5418 1327 5474 haeresis
1342 5413 1570 5474 'At-iana:
1602 5417 1824 5474 tccltnas

196 5500 278 5551 sic
312 5495 707 5562 reprnmentit
737 5485 1078 5562 Athanasius,
1109 5486 1254 5562 0r."
1277 5503 1460 5545 contra
1474 5491 1572 5547 Ar.
1607 5507 1657 5562 p.
1679 5491 1782 5544 516
1809 5508 1822 5543 τ

201 5570 306 5637 Qui
337 5558 446 5620 ista
483 5561 710 5616 haeresis
735 5575 855 5637 non
895 5558 1050 5628 digna
1096 5558 1213 5637 odio
1251 5566 1428 5632 fuerit,
1470 5581 1584 5618 cum
1608 5558 1718 5617 'illu
1752 5577 1840 5630 per

202 5631 572 5710 iii/ﬁdentiam
611 5649 642 5684 a
665 5633 770 5685 suis
789 5632 942 5685 etiam
964 5631 1266 5702 ocmltetur,
1291 5643 1339 5689 et
1357 5639 1501 5705 quasi
1523 5651 1732 5710 serpens
1760 5638 1841 5704 [οι

199 5721 381 5768 ventur
414 5713 433 5765 .’

281 5787 361 5854 (ί)
415 5782 500 5837 lta
560 5778 818 5854 perpauci
867 5777 1202 5854 recentiorfs
1235 5792 1546 5854 _ms_s._cum
1588 5777 1840 5854 vulgatis.

204 5846 416 5911 (miihi
447 5846 599 5906 vero
630 5846 846 5914 habent,
885 5859 936 5901 ut
965 5852 1097 5903 rit-ca
1124 5850 1366 5916 falsitatis
1393 5846 1845 5908 introeantflluic

215 5929 448 5986 lectioni
485 5924 648 5979 favet
677 5920 826 5988 illttd,
856 5923 1084 5975 vt'ttcttttlt
1129 5924 1233 5980 ovis
1264 5923 1568 5995 principalia
1604 5934 1850 5992 potestas;

1897 3394 1982 3438 tus
2011 3394 2094 3438 est
2122 3404 2135 3438 :
2172 3403 2190 3437 ο
2221 3392 2280 3439 ut
2303 3386 2403 3440 sub
2424 3387 2603 3456 specie
2637 3385 2907 3442 brereseos
2939 3385 3005 3462 (j)
3036 3385 3360 3456 Valentiam,
3399 3402 3495 3444 no-

1898 3477 2043 3530 tniuc
2066 3477 2379 3546 prolationis
2405 3479 2732 3548 improbata,
2777 3481 3114 3537 nativitatem
3151 3480 3341 3537 Deiex
3387 3478 3498 3536 Deo

1906 3572 2294 3643 improbarent.
2340 3571 2659 3629 Valentinus
2705 3575 2849 3630 enim
2893 3574 3114 3632 ridicula
3161 3575 3408 3647 quaedam
3445 3585 3502 3632 et

1907 3667 2046 3724 lmtla
2069 3679 2462 3736 commentans,
2496 3685 2616 3724 cum
2653 3680 2850 3741 prseter
2876 3670 3170 3740 principem
3201 3673 3392 3737 Deum,
3424 3669 3502 3725 fa-

1908 3763 2110 3818 miliam
2137 3761 2362 3818 deorum
2391 3775 2445 3820 et
2473 3780 2790 3819 numerosas
2812 3764 2890 3836 (Ἰ)
2918 3763 2994 3836 (Ιί)
3017 3765 3380 3820 αξιθτηίιειυιιι
3409 3777 3506 3833 po—

1909 3865 2133 3913 testates
2177 3856 2586 3920 introduxisset.
2627 3856 2712 3930 (8)
2753 3867 2878 3914 tunc
2922 3859 3187 3928 prolatum
3219 3858 3504 3914 Dominum

1907 3965 2151 4008 nostrum
2184 3951 2366 4010 losum
2398 3952 2673 4008 Christum
2705 3953 2964 4024 mysterio
2988 3953 3216 4010 occulta:
3254 3952 3506 4008 volunta-

1911 4089 1982 4133 ρει
2014 4079 2342 4147 pnedirando
2363 4079 2624 4134 doctrinis.

1983 4151 2060 4221 (5)
2089 4149 2392 4222 incipimus.

1983 4220 2060 4291 (ti)
2090 4220 2359 4277 I’roditum
2387 4232 2431 4278 ct
2461 4223 2758 4289 revelatum,
2785 4223 2854 4278 ad
2872 4223 3201 4290 blandientis,
3233 4231 3342 4279 etc.

1985 4296 2065 4361 (7)
2097 4293 2355 4348 ditatum.

1985 4366 2066 4438 (8)
2093 4363 2226 4421 Tum
2249 4362 2531 4438 prolatum.

1909 4485 2066 4540 alteri
2099 4492 2300 4550 autem,
2335 4495 2496 4540 totum
2538 4484 2781 4540 occultati
2809 4484 2992 4553 capitis
3019 4487 3157 4541 uirus
3183 4500 3202 4539 :
3229 4499 3348 4556 qua:
3376 4498 3506 4555 quo-

1912 4557 2056 4612 niam
2085 4558 2336 4623 obttnuit,
2371 4573 2470 4612 nec
2497 4573 2524 4610 τι
2555 4559 2710 4612 nobis
2744 4568 3002 4612 mutatur.

1992 4631 2070 4701 (gl
2099 4628 2262 4692 Editi,
2287 4629 2425 4701 nolit
2451 4630 2669 4699 intelligi
2697 4649 2710 4684 ;
2746 4640 2801 4684 et
2823 4644 2968 4695 mox,
2992 4627 3234 4685 Immanis
3259 4628 3515 4698 opinionis

1842 4697 2213 4771 Dpt‘tidcntia.
2271 4697 2885 4770 Conrinniusoptimus
2940 4703 3110 4757 codex
3162 4697 3315 4756 tiolb.
3391 4715 3514 4756 cum

1918 4772 2110 4844 Colb.,
2137 4784 2270 4844 etc.,
2302 4775 2459 4830 nollet
2492 4791 2509 4825 ς
2539 4787 2603 4829 ac
2627 4783 2812 4844 postea
2841 4772 3260 4844 suifragantibus
3286 4773 3439 4828 Matt.
3463 4781 3517 4828 ct

1920 4843 2109 4910 Cum,
2149 4842 2388 4899 humana:
2415 4842 2656 4914 opinione
2703 4842 3028 4914 prudentum
3059 4845 3356 4899 lltttnanant
3383 4861 3514 4914 pru~

1923 4915 2186 4981 dentiam,
2226 4933 2344 4986 quae
2385 4920 2547 4971 variis
2594 4917 2941 4984 opinionibus
3003 4915 3208 4971 incerta
3251 4917 3469 4971 ﬂuctuat
3499 4959 3514 4981 ,

1927 4988 2384 5109 titlei|certitudini
2422 5004 2710 5060 numquam
2754 4988 3169 5058 pt'utp«,ittendattt
3207 5000 3521 5044 constanter

1927 5074 2050 5109 tncu
2073 5071 2180 5109 cat-

1927 5071 2156 5114 IIICUICM
2167 5102 2180 5114 .

1999 5129 2229 5214 (li)_b_l_ss._
2254 5133 2530 5214 proditum,
2560 5132 2929 5214 elfevelanent,
3059 5132 3385 5214 blandientis,
3415 5142 3520 5189 etc.

2024 5203 2063 5270 i)
2093 5202 2230 5258 Illud
2258 5205 2321 5257 de
2352 5214 2556 5268 natura,
2583 5205 2632 5258 id
2656 5213 2758 5268 est,
2796 5205 2859 5256 de
2887 5204 3193 5258 substantia.

2024 5215 2063 5270 ι)
2093 5215 2230 5258 Illud
2258 5215 2321 5257 de
2352 5215 2556 5268 natura,
2583 5215 2632 5258 td
2656 5215 2758 5268 est,
2796 5215 2859 5256 de
2887 5215 3193 5258 substantia.

2000 5215 2074 5348 ὃ)
2126 5273 2363 5348 Excttsi',
2405 5271 2805 5348 Valentinianum
2839 5277 3194 5348 renitentibus
3249 5292 3381 5332 mss.
3437 5277 3528 5333 Sic

1927 5346 2033 5402 lib:
2059 5363 2112 5412 Il,
2145 5365 2199 5400 ιι.
2232 5346 2288 5412 4,
2342 5346 2567 5418 vulgatis
2597 5352 2762 5404 etiam
2791 5347 3255 5404 cuttseutinnttbns
3284 5391 3299 5414 ,
3347 5349 3530 5414 tegere

1927 5426 2013 5474 est
2047 5418 2343 5473 Valentino:
2369 5461 2386 5484 ,
2421 5435 2527 5474 non
2569 5419 2966 5474 Valentinianus.
3017 5418 3091 5473 Ita
3121 5419 3253 5474 etin
3301 5421 3440 5474 libto
3465 5421 3532 5476 de

1945 5490 2178 5558 Synodis
2206 5492 2311 5544 Arii
2341 5506 2446 5546 non
2486 5491 2665 5545 Ariani
2710 5491 2873 5560 ipsius
2910 5490 3016 5545 Arii
3050 5491 3288 5545 fautores
3332 5506 3535 5546 trunco-

1947 5571 2162 5632 pantur.
2193 5572 2247 5617 et
2275 5578 2458 5632 supra,
2493 5564 2580 5618 lib.
2616 5580 2666 5631 v,
2701 5581 2753 5616 n.
2780 5563 2868 5624 iiii,
2906 5563 2954 5614 in
2977 5563 3178 5634 aliquot
3202 5565 3537 5634 proba-nota:

1949 5648 2079 5689 mss.
2098 5635 2382 5691 exhibetur
2411 5635 2642 5692 Sabellin
2673 5638 2898 5688 lttt’t'rais.

2025 5705 2099 5778 (Ις)
2129 5706 2185 5763 In
2217 5707 2534 5778 quibusdam
2565 5725 2696 5763 tnss.
2727 5718 2982 5778 (attinuit.
3005 5703 3058 5761 In
3088 5707 3206 5762 aliis
3234 5707 3506 5763 nonnullis
3527 5746 3542 5770 ,

1952 5776 2248 5834 vanitotum?
2311 5777 2529 5835 Rectius
2577 5781 2629 5835 iu
2677 5791 2889 5835 cietcrts
2931 5776 3121 5845 libris,
3169 5783 3544 5834 teternitntnnt:

1956 5851 2097 5921 quod
2143 5851 2364 5904 latinum
2409 5865 2600 5908 nomen
2632 5861 2718 5907 est
2745 5848 2892 5908 vocis
2918 5861 3109 5920 gratae
3136 5855 3259 5909 αἰών
3286 5893 3300 5920 ,
3345 5866 3408 5906 ex
3448 5865 3553 5921 qua

1959 5938 2126 5981 aranea
2155 5923 2485 5980 denominati
2511 5932 2630 5982 sunt
