4048 6450
447 388 550 443 1117

1621 365 1868 425 SANCTI
1906 361 2167 421 HILARII
2207 359 2518 417 EPISCOPI

3642 362 3736 418 168

443 504 647 573 genuit.
701 500 816 557 Non
846 497 1189 554 continentur
1215 535 1231 562 ,
1280 502 1335 548 ut
1361 492 1566 560 lampas
1592 497 1646 543 et
1674 487 1877 555 lampas
1902 525 1917 551 ,
1952 491 2042 536 aut
2068 483 2113 542 Α
2146 495 2211 534 ex
2242 479 2352 535 Deo
2382 488 2566 533 natum
2605 475 2922 547 praedicaret
2944 519 2959 539 ,
2991 475 3321 530 nativitatem
3356 474 3475 544 ejus
3494 476 3561 532 ad
3591 493 3739 533 crea-

444 604 669 673 lyehuus
696 606 750 652 et
794 594 1020 666 lychnus
1043 632 1058 655 .
1094 589 1364 647 exteriore
1390 594 1603 641 natura.
1655 578 1924 651 Unigeniti
1969 592 2034 632 ex

445 696 556 749 Deo
584 694 674 748 Dei
706 690 954 745 nativitas
985 700 1091 742 nun
1122 684 1291 739 series
1312 690 1427 745 est,
1454 677 1550 735 sed
1577 673 1860 747 progenies
1885 711 1901 736 ,
1930 686 2036 724 non

443 796 649 842 tractus
676 793 759 840 est
783 826 798 851 ,
826 782 925 839 sed
953 796 1020 837 ex
1054 779 1257 835 lumine
1288 773 1367 847 (t)
1420 773 1624 845 lumen.
1668 767 1749 842 (si
1794 764 2041 821 Luminis

447 890 655 936 natura:
686 877 865 933 unitas
888 886 996 939 est,
1023 890 1130 929 non
1154 888 1220 928 ex
1249 867 1588 926 connexione
1616 859 1908 935 porrectio.

529 978 616 1032 t3.
658 974 755 1028 Dei
790 989 857 1028 ex
906 970 1016 1027 Das
1050 967 1283 1024 nativitas
1304 968 1641 1034 impugnata,
1680 954 1943 1012 asseritur.
1969 978 2046 992 -ο

444 1069 561 1124 lam
590 1082 719 1123 vero
750 1068 803 1119 in
827 1079 895 1120 eo
918 1070 1116 1131 quanta
1139 1056 1408 1113 haereticus
1430 1038 1643 1108 astutia:
1664 1056 1718 1104 et
1744 1060 1903 1117 quam
1931 1042 2042 1097 cal—

448 1163 551 1219 lida
588 1158 852 1231 professio
889 1157 988 1211 fuit
1014 1172 1027 1207 :
1058 1171 1076 1206 ι
1114 1150 1225 1207 Nec
1252 1148 1341 1219 qui
1375 1147 1472 1203 fuit
1511 1150 1668 1209 ante,
1699 1134 2039 1210 postmodum

443 1265 627 1313 natum
662 1254 749 1309 vel
786 1256 1193 1321 supercreatum
1241 1244 1294 1301 in
1334 1240 1523 1298 ﬁlium.
1557 1257 1575 1291 ι
1623 1236 1800 1299 Deus,
1842 1232 1932 1301 qui
1973 1244 2040 1285 ex

446 1352 556 1408 Deo
583 1362 742 1405 natus
762 1357 843 1401 εει
860 1388 875 1411 ,
908 1359 1017 1398 non
1039 1343 1220 1411 utique
1248 1347 1407 1393 natus
1434 1349 1501 1391 ex
1534 1328 1706 1387 nihilo
1724 1335 1811 1382 est
1828 1368 1843 1391 ,
1869 1337 2043 1394 neque

443 1445 511 1501 de
552 1458 659 1498 non
699 1440 1034 1496 exstantibus
1076 1441 1233 1490 natus
1270 1437 1382 1495 est;
1424 1425 1522 1482 sed
1583 1420 1875 1479 nativitatis
1930 1432 2043 1473 suae

443 1539 711 1594 viventem
742 1533 928 1587 habuit
958 1538 1228 1584 naturam.
1257 1521 1365 1578 Nec
1394 1520 1535 1575 idem
1563 1518 1738 1580 Deus,
1767 1513 1860 1585 qui
1888 1519 2041 1574 erat;

447 1632 543 1687 sed
581 1630 721 1683 Deus
753 1639 817 1680 ex
860 1624 998 1687 Deo,
1030 1619 1122 1689 qui
1161 1625 1311 1680 erat,
1346 1619 1505 1667 natus
1542 1619 1622 1664 est
1648 1626 1663 1662 :
1693 1615 1751 1661 et
1793 1602 2045 1659 nativitas

448 1722 634 1777 habuit
677 1718 903 1789 originis
938 1728 1049 1768 sua!
1081 1712 1135 1766 in
1168 1710 1279 1780 ipsa
1317 1719 1412 1762 sua
1452 1701 1733 1758 nativitate
1770 1706 2039 1751 naturam.

2145 572 2305 627 tionis
2328 571 2570 625 reierens
2591 568 2658 623 de
2680 585 2786 623 non
2811 567 3154 623 exstantibus
3182 568 3532 629 voluntatem.

2215 665 2306 721 Μ.
2345 663 2461 730 Qua
2491 671 2605 716 arte
2631 659 2829 716 Filium
2854 676 2920 718 ις
2941 660 3105 715 nihilo
3133 662 3368 716 innatant.
3397 691 3469 702 —
3501 664 3740 727 Denique

2145 766 2264 827 post
2302 757 2468 811 multa
2498 754 2565 811 ad
2611 753 2662 809 id
2702 763 2976 825 tamquam
3010 768 3079 810 ex
3111 765 3414 826 preparato
3450 755 3551 811 sibi
3590 758 3736 812 aditu

2146 851 2391 923 prorupit
2419 849 2640 904 dicens:
2670 845 2835 902 Filius
2863 856 3043 902 autem
3071 848 3188 904 sine
3217 859 3457 919 tempore
3483 849 3661 907 editus
3686 861 3742 907 et

2142 955 2267 999 ante
2310 942 2502 998 smcula
2534 953 2747 997 creatus
2776 954 2833 997 et
2870 939 3156 1005 fundatus,
3187 957 3296 997 non
3323 940 3422 997 fuit
3450 954 3737 1015 antequam

2145 1046 2476 1094 nasceretur.
2505 1034 2849 1105 Temperavit
2885 1047 2972 1098 se,
3006 1031 3088 1104 (ἀ)
3115 1043 3373 1103 quantum
3416 1046 3591 1113 putat,
3624 1036 3739 1092 lue-

2146 1131 2347 1187 reticns
2374 1143 2554 1185 sermo
2574 1139 2630 1185 et
2657 1129 2723 1183 ad
2756 1126 3047 1199 impietatis
3068 1126 3533 1185 conﬁrmationem
3551 1173 3567 1196 ,
3589 1139 3645 1186 et
3674 1132 3738 1186 ad

2142 1223 2425 1279 calumnia:
2449 1264 2466 1288 ,
2514 1221 2559 1275 si
2600 1218 2831 1292 quaestio
2865 1202 3260 1284 intenderetur,
3302 1223 3737 1288 excusationem,

2142 1315 2361 1371 dicens:
2391 1331 2507 1393 non,
2541 1326 2649 1368 erat
2673 1324 2944 1384 antequam
2970 1323 3302 1369 nasceretur:
3334 1325 3394 1369 ut
3422 1317 3475 1371 in
3499 1331 3568 1372 eo
3592 1317 3736 1388 quod

2144 1425 2252 1464 non
2280 1407 2379 1463 fuit
2419 1408 2494 1479 (e)
2537 1418 2825 1478 antequam
2866 1407 3132 1472 nascitur,
3186 1419 3431 1462 naturam
3469 1409 3519 1464 ei
3564 1410 3739 1465 subsi-

2145 1500 2337 1557 stentix
2355 1499 2577 1571 originis
2596 1499 2887 1570 denegaret
2912 1540 2928 1565 ,
2949 1508 3005 1553 et
3024 1496 3277 1568 cepisset
3300 1514 3421 1556 esse
3438 1500 3510 1556 de
3539 1501 3707 1556 nihilo
3721 1544 3738 1568 ,

2144 1595 2231 1650 cui
2262 1603 2384 1650 ante
2421 1593 2760 1650 nativitatem
2783 1607 2934 1647 suam
2963 1592 3206 1650 existens
3230 1608 3337 1649 non
3363 1593 3586 1651 daretur
3615 1613 3742 1652 auc-

2145 1689 2371 1744 toritas:
2402 1697 2512 1742 tum
2556 1702 2719 1758 porro
2753 1686 2800 1742 si
2841 1686 3137 1758 irreligioso
3176 1687 3277 1745 hoc
3314 1688 3517 1745 dictum
3557 1692 3743 1748 existi-

451 1815 531 1887 (2)
566 1813 621 1868 Si
667 1828 735 1867 ex
763 1778 972 1864 vnostru
1010 1778 1311 1875 loquimur,
1355 1796 1653 1854 insolentes
1697 1804 1925 1847 sumus:
1959 1787 2041 1842 sin
2142 1788 2413 1844 mareiur,
2446 1780 2658 1869 adesset
2680 1781 2731 1835 ei
2762 1790 3008 1851 prompta
3038 1778 3314 1849 defensio,
3341 1782 3406 1851 (ι’)
3438 1783 3561 1855 quia
3593 1785 3740 1841 nasci

442 1872 571 1966 icio
609 1906 676 1961 ad
706 1902 1032 1975 loquendum
1077 1872 1300 1954 edoctus
1338 1906 1437 1948 nos
1466 1905 1562 1963 per
1610 1887 1775 1943 Deum
1820 1881 2042 1940 docebi-
2071 1880 2121 1941 B
2147 1875 2236 1947 qui
2265 1882 2381 1929 erat
2411 1889 2515 1929 nco
2544 1872 2745 1943 potuit;
2772 1888 2947 1944 neque
2974 1876 3064 1945 qui
3086 1883 3246 1931 antea
3273 1885 3418 1932 esset
3439 1917 3456 1942 ,
3486 1878 3741 1934 nascendi

444 2021 595 2072 mus,
619 2001 869 2057 nativitas
896 1998 987 2051 Dei
1024 1990 1321 2051 secundum
1354 1986 1657 2045 doctrinam
1688 1981 1779 2037 Dei
1805 1990 1887 2035 est
1912 1993 2041 2033 con-

446 2070 666 2156 ﬁtenda.
700 2095 849 2149 lianc
876 2092 1037 2163 igitur
1072 2089 1124 2142 in
1162 2085 1321 2141 Patre
1361 2092 1419 2137 et
1456 2078 1592 2135 Filio
1628 2086 1833 2132 natura:
1864 2070 2039 2128 unita-

448 2204 586 2257 tem,
618 2200 674 2244 et
709 2187 814 2242 hoc
858 2182 1087 2239 viventis
1117 2175 1405 2233 nativitatis
1454 2168 1815 2228 inenarrabile
1862 2179 2042 2221 sacra-

442 2292 685 2340 mentum
708 2277 997 2336 excludere
1020 2273 1304 2328 haereticus
1327 2268 1473 2323 furor
1501 2271 1715 2321 tentans
1736 2259 1845 2328 ait,
1871 2277 1893 2312 ι
1926 2256 2040 2313 Non

442 2393 599 2439 eum,
639 2376 729 2447 qui
767 2373 863 2427 iuit
913 2378 1073 2434 ante,
1108 2362 1451 2438 postmodum
1499 2366 1681 2415 uatum
1725 2353 1809 2410 vel
1853 2366 2041 2423 super-

443 2482 683 2528 creatum
713 2469 764 2522 in
799 2466 985 2521 litimu.
1019 2482 1038 2515 ι
1063 2459 1195 2529 Quis
1215 2458 1360 2514 enim
1393 2464 1503 2511 tam
1530 2464 1765 2508 vesanus
1801 2447 1906 2503 erit
1928 2487 1942 2511 ,
1984 2453 2043 2500 ut

443 2564 709 2621 defecisse
736 2576 768 2615 a
810 2574 871 2615 se
910 2558 1122 2614 Patrem
1163 2560 1344 2625 putet;
1387 2558 1446 2605 ut
1486 2546 1661 2610 idem,
1698 2544 1789 2615 qui
1826 2540 2037 2605 fuerat,

444 2670 630 2728 postea
698 2662 1009 2710 nasceretur
1035 2649 1117 2705 vel
1148 2654 1588 2716 supercrearetur
1632 2640 1683 2693 in
1741 2636 1943 2698 lilium;
1988 2641 2043 2689 et

443 2726 587 2807 esset
615 2747 839 2805 abolitio
861 2746 951 2800 Dei
970 2786 987 2809 .
1018 2753 1077 2798 ut
1103 2739 1415 2796 succederet
1434 2736 1504 2791 de
1529 2732 1821 2789 abolitione
1845 2726 2043 2783 nativi-

445 2851 529 2897 tas
548 2884 565 2909 ,
597 2857 719 2896 cum
750 2839 1001 2894 nativitas
1022 2841 1328 2889 manentem
1357 2837 1583 2886 testetur
1604 2820 1915 2879 auctorem?
1943 2816 2039 2875 Vel

445 2936 565 3005 quis
602 2945 709 2989 tam
735 2932 959 2989 demens
1001 2937 1118 2993 est.
1162 2935 1221 2981 ut
1260 2922 1563 2980 substitisse
1604 2917 1771 2974 lilium
1828 2913 1931 2970 nisi
1973 2926 2041 2969 ex

444 3029 727 3085 nativitate
752 3025 983 3080 fateatur
998 3020 1030 3075 ἵ
1048 3020 1181 3088 Quis
1210 3032 1376 3089 porro
1418 3025 1524 3069 tam
1555 3023 1745 3070 veCors
1764 3049 1780 3073 ,
1810 3007 1901 3079 qui
1931 3019 2039 3062 non

444 3121 719 3178 exsutisse
765 3117 933 3173 Deum
973 3129 1040 3169 ex
1086 3127 1153 3167 eo
1189 3110 1333 3182 quod
1378 3108 1520 3163 Deus
1568 3104 1807 3159 nascitur
1848 3098 2041 3156 audeat

442 3212 775 3287 praedicare?
818 3208 933 3265 Non
977 3206 1122 3264 enim
1168 3205 1257 3275 qui
1305 3200 1559 3259 manebat
1604 3198 1782 3261 Deus,
1836 3193 1931 3249 sed
1969 3207 2037 3249 ex

2143 1984 2361 2027 causam
2389 1968 2467 2044 (ρ)
2500 1984 2596 2040 per
2612 1984 2776 2039 quam
2802 1979 2945 2024 esset
2984 1969 3290 2034 habuisset;
3331 1986 3451 2027 cum
3493 1972 3745 2028 nativitas

2144 2061 2209 2117 ad
2234 2062 2284 2117 id
2310 2061 2580 2133 proﬁciat,
2617 2072 2673 2116 ut
2694 2061 2948 2117 subsistat
2969 2077 3089 2117 esse
3117 2062 3211 2132 qui
3236 2058 3493 2119 nascitur.
3516 2063 3563 2119 0
3582 2065 3746 2121 stulte

2143 2163 2307 2226 atque
2343 2155 2541 2224 impie,
2576 2156 2702 2225 quis
2741 2155 3071 2210 nativitatem
3102 2166 3379 2225 exsiiectet
3409 2158 3463 2211 in
3502 2171 3607 2225 eo,
3652 2159 3743 2230 qui

2143 2250 2261 2305 sine
2284 2248 2561 2303 nativitate
2587 2247 2884 2304 subsistat?
2916 2251 3021 2302 Aut
3047 2249 3318 2319 quomodo
3344 2254 3435 2321 qui
3468 2259 3556 2306 est
3591 2255 3743 2307 nasci

2144 2341 2531 2398 existimandus
2556 2351 2671 2407 est,
2701 2356 2824 2397 cum
2856 2342 3109 2397 nativitas
3136 2351 3325 2398 natura
3357 2345 3613 2401 nascendi
3642 2346 3747 2401 sit?

2141 2434 2247 2492 Sed
2268 2433 2497 2491 subdole
2529 2433 2596 2490 ad
2630 2434 2926 2506 negantiam
2954 2451 3021 2490 ex
3048 2435 3160 2492 Deo
3182 2444 3332 2506 patre
3357 2439 3616 2509 unigeniti
3651 2439 3743 2494 Dei

2144 2530 2475 2585 nativitatem
2519 2528 2892 2595 contendens,
2940 2543 3034 2598 per
3075 2530 3127 2583 id
3167 2529 3312 2601 quod
3352 2548 3454 2586 non
3485 2534 3583 2603 fuit
3623 2545 3745 2588 ante

2141 2638 2295 2693 quam
2325 2633 2618 2678 nasceretur
2649 2621 2881 2678 evadere
2908 2622 3151 2689 voluisti;
3177 2622 3261 2693 (It)
3291 2624 3432 2694 quod
3476 2624 3638 2694 Deus,
3677 2644 3745 2683 ex

2143 2733 2251 2787 quo
2274 2716 2363 2773 Dei
2389 2716 2529 2771 illius
2549 2725 2706 2772 natus
2724 2728 2829 2783 est,
2845 2726 2986 2783 erat;
3002 2726 3351 2788 maneretque
3380 2719 3471 2774 Dei
3510 2730 3701 2775 natura
3725 2762 3742 2788 ,

2142 2826 2210 2867 ex
2249 2825 2351 2882 qua
2393 2809 2533 2865 ﬁlius
2573 2809 2717 2865 Deus
2751 2809 3027 2864 nativitate
3069 2812 3339 2867 subsistit.
3382 2810 3439 2867 Si
3480 2813 3640 2882 igitur
3676 2830 3743 2871 ex

2143 2904 2253 2960 Deo
2283 2915 2439 2960 natus
2466 2914 2581 2970 est,
2612 2904 2881 2960 manentis
2908 2912 3120 2959 natum
3161 2903 3469 2962 conﬁtenda
3493 2908 3747 2963 nativitas

2141 3007 2262 3063 est;
2291 3012 2398 3053 non
2433 3005 2492 3053 ut
2528 2996 2668 3052 Deus
2694 2996 2787 3065 qui
2826 3006 2946 3053 erat
2973 3008 3313 3067 nasceretur,
3341 2999 3439 3054 sed
3462 3008 3518 3055 ut
3542 3014 3607 3056 ex
3634 3000 3747 3056 Deo

2140 3089 2209 3165 (i)
2230 3090 2320 3162 qui
2344 3100 2465 3145 erat
2496 3089 2591 3145 Dei
2626 3089 2877 3144 nativitas
2903 3089 3314 3161 intelligeretur.

2216 3183 2305 3239 {5.
2338 3180 2565 3237 Πατρὶς
2583 3180 2790 3247 audax,
2808 3181 2903 3236 sed
2928 3166 3247 3251 imprudens.
3273 3180 3302 3236 Ι
3306 3201 3338 3237 ιι
3365 3185 3548 3253 quibus
3566 3201 3705 3258 egre
3725 3229 3741 3253 ,

440 3274 693 3363 manente
724 3305 835 3361 Deo
869 3304 1011 3359 Deus
1048 3274 1205 3355 natus
1233 3306 1352 3361 est.
1386 3305 1577 3351 tenens
1602 3293 1656 3346 in
1699 3305 1758 3345 se
1784 3298 2031 3345 naturam
2059 3284 2105 3347 C
2136 3277 2382 3347 inquibus
2397 3277 2601 3348 {acilius
2616 3274 3040 3332 συνείητε-διξὰ
3065 3276 3396 3347 irreligiosos
3424 3287 3591 3335 testu;
3610 3294 3745 3336 suos

438 3399 705 3473 gigneuns
738 3398 792 3453 in
832 3395 1114 3451 nativitate
1147 3400 1374 3446 natum.
1402 3386 1666 3443 Nativitas
1690 3393 1871 3439 autem
1903 3380 2032 3446 Dei,

438 3508 559 3564 qua:
578 3508 646 3547 ex
678 3492 785 3547 lico
816 3491 867 3543 in
917 3487 1083 3543 Deum
1115 3484 1354 3547 exstitit,
1394 3494 1503 3536 non
1551 3492 1671 3548 qua:
1721 3490 1829 3530 non
1879 3472 2037 3545 142

442 3595 593 3641 erant
618 3592 793 3649 tenet,
817 3580 911 3637 sed
938 3578 1012 3649 (ὁ)
1035 3593 1153 3647 quae
1178 3574 1270 3630 Dei
1288 3572 1576 3628 manebant
1596 3572 1916 3628 etmaneat,
1936 3565 2035 3618 ob-

441 3678 601 3733 tinuit
630 3677 857 3729 veritate
884 3668 1156 3729 nascendi.
1191 3666 1306 3723 Non
1333 3678 1464 3735 ergo
1493 3664 1584 3733 qui
1625 3659 1699 3735 (c)
1730 3665 1848 3715 erat
1881 3666 2038 3712 natus

439 3781 551 3835 est.
572 3770 663 3827 sed
683 3786 749 3824 ex
769 3772 849 3825 his
868 3775 1028 3835 atque
1047 3765 1098 3818 in
1122 3762 1227 3829 his,
1251 3773 1369 3831 quze
1392 3755 1484 3813 Dei
1505 3759 1661 3810 erant
1677 3795 1692 3821 ,
1720 3753 1858 3809 Dens
1877 3758 2034 3806 natus

438 3865 662 3921 exstitit.
711 3861 899 3918 Omnis
948 3858 1108 3928 igitur
1153 3856 1239 3910 hic
1293 3851 1541 3923 superior
1584 3847 1849 3903 haeretica?
1891 3845 2035 3900 trau-

440 3958 695 4015 dolentia:
721 3967 902 4011 sermo
932 3952 1071 4007 hanc
1099 3948 1240 4004 viam
1270 3945 1601 4016 impiissima:
1631 3940 1894 3997 doctrina:
1919 3950 2034 3993 sua:

440 4048 793 4122 przeparavit:
819 4054 876 4101 nt
899 4043 1236 4114 Unigcnitum
1261 4038 1425 4093 Deum
1446 4042 1698 4106 negatura
1720 4076 1735 4099 ,
1760 4041 2031 4102 tamquam

438 4145 650 4201 ratione
672 4140 910 4197 veritatis
931 4145 1055 4193 ante
1078 4133 1353 4208 praemissa
1376 4172 1387 4195 ,
1412 4144 1480 4188 ex
1504 4128 1671 4183 nihilo
1693 4125 2027 4197 potiusquam

496 4291 579 4363 (t)
618 4287 787 4344 Abest
810 4288 1001 4341 (union.

509 4431 585 4502 (α)
625 4428 683 4484 lu
724 4426 979 4502 vulgatis,
1008 4438 1073 4478 ea:
1106 4421 1297 4502 (antiit:
1332 4417 1542 4502 luminis
1580 4425 1788 4502 ruitura.
1823 4412 2029 4496 Unitas.

434 4487 697 4559 Ad‘di'mus
724 4487 894 4555 tanien
922 4487 987 4553 ex
1022 4512 1122 4550 ms.
1152 4491 1307 4548 Colb.
1351 4492 1579 4562 aliisque
1622 4487 1835 4544 duobus
1857 4528 1873 4552 ,
1912 4487 2033 4556 qni-

438 4575 539 4631 bus
570 4575 658 4629 alii
688 4582 884 4626 ea'tera
910 4568 1271 4623 consentiunt.

503 4646 595 4727 (ὁ).
625 4644 701 4727 Ita]
731 4660 860 4727 mss.
894 4641 1036 4695 Editi
1073 4654 1231 4727 vero;
1254 4649 1368 4703 qua:
1389 4634 1442 4727 in
1482 4631 1594 4689 Dea
1638 4631 1925 4727 manebant.
1958 4628 2031 4713 tit

435 4700 637 4772 Hiiail‘io
680 4714 939 4770 l’amiliure
982 4721 1062 4792 est
1108 4700 1329 4765 verbum
1382 4702 1540 4795 Reus
1571 4704 1912 4795 pronl’atre,
1955 4700 2027 4795 ita
2056 4735 2110 4795 Β

434 4806 639 4843 manere
688 4801 782 4857 pro
812 4799 934 4840 esse
976 4784 1094 4837 sine
1139 4777 1432 4857 exstistendi
1473 4776 1642 4831 initio.
1676 4773 1838 4857 pnite
1886 4774 2027 4844 quod

435 4863 521 4915 hic
549 4876 664 4925 qum
690 4848 785 4912 Dei
817 4856 1117 4921 manebant,
1149 4868 1272 4905 mox
1302 4850 1495 4925 dicitur
1522 4863 1634 4917 quis
1788 4856 1954 4900 eratet.

505 4918 579 5003 (ε)
619 4931 675 4986 lu
722 4944 805 4983 ms
867 4918 1109 5003 Caruutr
1136 4939 1166 4977 ιι
1211 4921 1447 5003 εεειιιιάςι
1484 4934 1657 5003 .mann
1706 4918 1794 4972 hic
1834 4932 2027 5003 strper-

432 4989 629 5074 scripta
661 5012 741 5058 est
776 5002 1056 5074 particula
1084 5013 1217 5074 non,
1251 5010 1369 5074 qua:
1409 4991 1605 5046 deinde
1639 4994 1689 5045 in
1730 5005 1838 5074 uno
1869 4989 2023 5043 Coll).

434 5063 646 5132 necnon
671 5076 723 5127 in
752 5063 858 5128 edit
890 5071 978 5125 Er.
1003 5116 1016 5129 ,
1044 5069 1188 5135 Lips.
1217 5075 1270 5119 et
1301 5065 1420 5118 l’ar.
1448 5077 1727 5135 perperam
1755 5063 1986 5135 obtinuit
2010 5078 2022 5135 :_

431 5130 820 5205 reluctantibus
853 5144 973 5196 aliis
1019 5130 1189 5195 libris.
1231 5130 1491 5191 Dicebant
1531 5134 1750 5198 Ariani,
1797 5130 1910 5205 Nec
1942 5133 2028 5203 qui

430 5224 530 5291 fuit
564 5232 684 5273 ante
707 5260 721 5275 .
750 5214 1074 5287 postmodum
1105 5222 1312 5273 natum,
1342 5206 1545 5262 directe
1582 5206 1795 5291 quidem
1830 5204 2025 5260 adver-

427 5277 521 5347 sas
569 5277 897 5353 Sabellium,
947 5292 1279 5340 asserentem
1325 5295 1482 5353 eum,
1531 5278 1631 5353 qui
1671 5277 1830 5353 Pater
1866 5286 2022 5339 erat,

425 5380 548 5419 cum
578 5350 918 5431 postmodum
949 5369 1105 5412 natus
1132 5361 1306 5431 esset,
1339 5352 1433 5405 lilii
1460 5350 2025 5431 appellationem-esse

428 5418 675 5489 Stirltl'llttl
700 5453 713 5497 θ
742 5431 959 5500 oblique
987 5441 1163 5481 autem
1191 5424 1451 5500 adversus
1474 5418 1794 5500 catholicam
1823 5418 1988 5500 ﬁdem
2009 5461 2022 5484 ,

427 5507 621 5561 Filium
651 5490 714 5557 de
748 5520 852 5557 non
875 5490 1214 5557 exstantibus
1250 5497 1523 5551 insinuare
1553 5494 1855 5548 molientes.
1888 5490 2016 5558 Qui-

426 5581 526 5634 bus
558 5580 629 5632 ita
673 5574 967 5642 respondet
1011 5570 1368 5642 lidariusknt
1404 5567 1761 5642 et__ipsoruni.
1788 5562 2011 5632 repellat

424 5660 571 5705 artes
593 5692 607 5713 ,
638 5657 692 5702 et
713 5638 996 5701 catholicae.
1019 5642 1142 5697 ﬁdei
1170 5638 1305 5695 nihil
1325 5654 1444 5695 cum
1470 5638 1701 5691 Sabellio
1727 5650 2015 5713 commune

421 5736 543 5779 esse
590 5706 943 5775 dentonstret.
994 5715 1256 5785 Superius
1298 5714 1444 5785 enim
1490 5721 1675 5763 contra
1724 5706 2011 5785 Sabellium

421 5792 729 5861 praemittit,
769 5787 876 5843 Nec
919 5778 1349 5861 idem'Deusqui
1388 5792 1494 5861 erat
1538 5791 1688 5861 natus
1726 5789 1818 5834 est.
1857 5778 2011 5859 Quod

419 5851 507 5919 illi:
543 5851 815 5934 probavit.
844 5862 1070 5934 idipsum
1099 5855 1460 5933 tu‘tttulnsionis
1485 5854 1535 5929 in
1568 5851 1782 5907 modum
1814 5853 2011 5934 repetit

420 5939 504 5993 liis
544 5922 658 5992 itiil:
688 5936 863 5989 verbis
887 5922 1057 6002 [Non
1086 5945 1202 6002 ergo
1228 5928 1315 6000 qui
1341 5936 1449 5983 erat
1479 5926 1606 5993 (hoc
1633 5932 1747 5989 cst,
1778 5937 1884 5981 non
1915 5922 2009 5977 ιά-

2138 3374 2288 3430 calor
2314 3370 2598 3429 hmreticus
2623 3386 2731 3426 non
2755 3372 3024 3437 continet;
3046 3380 3101 3426 et
3128 3386 3223 3441 per
3240 3372 3291 3426 id
3320 3372 3464 3442 quod
3482 3375 3552 3427 ait
3572 3414 3589 3441 ,
3639 3392 3744 3430 non

2140 3477 2248 3521 erat
2275 3478 2543 3536 antequam
2571 3474 2884 3532 nasceretur,
2908 3464 2958 3519 id
2978 3464 3248 3531 laborans,
3277 3476 3335 3520 ut
3366 3465 3523 3540 ιω
3542 3468 3609 3524 de
3634 3485 3743 3524 non

2139 3560 2473 3617 exstantibus
2514 3568 2846 3627 nasceretur,
2882 3560 2931 3615 id
2977 3570 3089 3624 est,
3118 3576 3225 3615 non
3271 3577 3300 3615 a
3350 3561 3463 3620 Deo
3501 3572 3650 3631 patre
3689 3567 3741 3620 in

2142 3652 2314 3709 Deum
2347 3654 2517 3709 lilium
2548 3667 2676 3709 vera
2701 3662 2756 3714 et
2783 3653 3020 3722 perfecta
3057 3654 3337 3711 nativitate
3371 3668 3526 3711 natus
3554 3672 3739 3726 esset,

2144 3749 2197 3802 in
2222 3748 2333 3818 ipsa
2370 3750 2531 3805 totius
2564 3748 2919 3817 expositionis
2943 3748 3296 3805 Conclusione
3316 3748 3382 3803 ad
3409 3749 3654 3807 ultimum
3687 3765 3743 3810 et

2142 3842 2579 3913 profanissimum
2616 3842 2903 3913 irreligiosi
2946 3841 3143 3898 furoris
3189 3844 3270 3898 sui
3316 3846 3559 3917 prorupit
3583 3847 3744 3903 ardo-

2143 3950 2295 4000 rem,
2337 3934 2561 3990 dicens:
2598 3953 2617 3987 ι
2652 3934 2708 3992 Si
2760 3934 2907 3990 enim
2950 3935 3092 4004 quod
3126 3951 3188 3992 ea;
3214 3936 3363 4005 ipso,
3401 3946 3459 3994 et
3496 3940 3642 4009 quod
3682 3956 3745 3995 ea:

2140 4042 2318 4099 utero,
2356 4039 2411 4086 et
2447 4028 2590 4100 quod
2629 4044 2693 4085 ea:
2735 4026 2895 4083 Patre
2923 4030 3054 4084 exivi
3080 4037 3127 4083 et
3164 4030 3311 4097 ueni,
3346 4030 3489 4087 velut
3535 4042 3741 4102 partem

2139 4120 2365 4196 (ilejus
2396 4120 2555 4177 unius
2582 4119 2931 4189 subatantite,
2958 4130 3014 4177 et
3048 4121 3201 4193 quasi
3247 4122 3599 4193 prolationem
3641 4140 3743 4183 ει..

2194 4267 2275 4339 (2)
2314 4267 2375 4326 Si
2403 4268 2535 4323 enim
2562 4283 2623 4324 ex
2653 4273 2845 4323 nostra.

2136 4410 2244 4493 ter)
2275 4419 2519 4493 natusest
2541 4424 2562 4463 :
2589 4409 2677 4465 sed
2703 4424 2771 4467 ea:
2794 4407 2873 4464 his
2900 4423 3016 4479 quis
3050 4402 3151 4463 Dei
3185 4416 3329 4463 eram
3356 4404 3499 4464 Deus
3524 4406 3744 4481 (Filius)

2136 4492 2286 4539 natus
2314 4492 2533 4537 ιπιιιιιι.

2231 4555 2290 4623 d)
2330 4556 2490 4611 Solus
2514 4553 2690 4611 codex
2727 4552 2846 4607 Vat.
2876 4551 2992 4609 bas.
3012 4594 3028 4620 ,
3058 4562 3302 4621 quantum
3340 4553 3524 4620 potuit.

2232 4626 2279 4697 e)
2325 4626 2500 4693 Editi,
2549 4637 2823 4693 antequam
2892 4635 3200 4697 nasceretur.
3266 4624 3557 4697 Sequimur
3605 4641 3736 4680 mss.

2139 4694 2341 4755 Deinde
2380 4703 2657 4753 subsistens
2698 4700 2843 4770 origo
2885 4696 3017 4752 nihil
3060 4697 3205 4770 aliud
3252 4694 3547 4766 signiﬁcat,
3581 4714 3740 4765 quam

2135 4770 2276 4840 quod
2307 4787 2453 4833 mox.
2473 4772 2717 4826 exsisteus
2736 4767 3035 4823 auctoritas.
3064 4767 3168 4822 Pro
3194 4770 3277 4822 his
3303 4770 3549 4824 dicerent
3578 4771 3741 4825 modo

2136 4843 2393 4905 Theruingi
2413 4886 2425 4903 ,
2464 4843 2775 4911 principium
2806 4842 3073 4911 mineris.

2205 4915 2285 4984 (fl
2331 4910 2613 4983 Etcntplar
2638 4910 2803 4969 Corn.
2843 4910 3095 4984 secundis
3131 4911 3276 4965 euris
3313 4926 3435 4966 cum
3477 4927 3581 4966 ms.
3615 4912 3734 4968 Vat.

2132 4983 2274 5045 ᾔεις..
2296 4988 2418 5056 quia
2436 4990 2576 5040 nasci
2601 5001 2702 5039 non
2722 4983 2885 5055 potuit
2903 4983 3001 5038 nisi
3026 4983 3115 5051 qui
3132 5000 3232 5037 non
3258 4994 3369 5038 erat
3384 5023 3398 5049 ,
3428 4999 3607 5054 neque,
3631 4996 3737 5041 etc.

2206 5061 2257 5130 (θ
2324 5058 2378 5112 In
2419 5072 2521 5113 ms.
2550 5057 2668 5111 Vat.
2704 5057 2853 5119 bas.,
2890 5064 3151 5124 postquam
3179 5070 3327 5110 esset.

2206 5057 2282 5202 (hi
2329 5131 2443 5183 \‘at.
2476 5130 2592 5187 bas.
2623 5143 2723 5183 tus.
2746 5170 2761 5191 ,
2804 5143 2867 5202 ne
2892 5128 3027 5197 quod
3054 5125 3215 5190 Deus,
3246 5136 3301 5182 et

2203 5118 2282 5199 (ἦ)
2329 5131 2443 5183 \‘at.
2476 5130 2592 5187 bas.
2623 5143 2723 5183 ms.
2746 5170 2761 5191 ,
2804 5118 3027 5197 nequod
3054 5125 3215 5190 Deus,
3246 5136 3301 5182 et
3327 5142 3479 5189 mox,
3513 5140 3739 5183 incuteret

2129 5199 2333 5271 absque
2363 5205 2619 5268 particula
2642 5216 2739 5268 que
2760 5216 2778 5249 :
2809 5199 2895 5254 hic
2921 5209 2979 5253 ut
3005 5213 3167 5269 supra
3199 5208 3252 5254 et
3280 5214 3403 5255 mox
3434 5200 3740 5270 deprehen~

2130 5274 2273 5329 ditur
2303 5283 2614 5328 temeratus.

2205 5345 2266 5417 (ἑ)
2307 5346 2362 5399 lu
2409 5361 2511 5400 ms.
2554 5344 2675 5400 Vat.
2732 5342 2849 5397 bas.
2894 5343 3234 5400 desideratur
3270 5345 3365 5417 qui
3413 5354 3540 5396 erat.
3581 5345 3736 5408 Quod

2128 5416 2371 5500 proxime
2392 5417 2616 5500 dicitur,
2635 5417 2886 5500 manentis
2914 5429 3115 5470 natura:
3142 5416 3431 5485 conﬁtenda
3460 5418 3701 5469 nativims
3721 5460 3733 5475 .

2130 5491 2199 5543 ita
2237 5498 2413 5559 potest
2454 5488 2708 5558 intelligi,
2739 5487 2821 5542 vel
2857 5498 3037 5542 natum
3081 5501 3204 5543 esse
3243 5503 3310 5542 ex
3355 5502 3607 5542 manente
3639 5505 3733 5542 seu

2121 5564 2419 5617 exsistente
2446 5570 2633 5614 natura
2654 5600 2667 5621 ,
2692 5560 2775 5615 vel
2803 5574 2982 5613 natum
3015 5560 3212 5615 habere
3242 5571 3547 5615 manentem
3580 5572 3735 5614 natu-

2120 5647 2259 5693 ram,
2290 5634 2373 5686 vel
2421 5635 2583 5687 etiam
2613 5644 2917 5700 utrumque.

2192 5704 2265 5780 (ἀ)
2303 5703 2661 5780 ln_vulgatis,
2698 5703 2849 5780 unius
2885 5704 2996 5780 ejus
3029 5703 3328 5780 substantia:
3356 5718 3375 5757 .'
3401 5704 3572 5764 male,
3610 5720 3730 5757 t‘lllll

2117 5775 2324 5849 (νεώτιά
2373 5778 2617 5849 Patrem,
2651 5782 2706 5831 et.
2750 5776 2901 5829 unius
2935 5775 2998 5829 ad
3055 5776 3379 5831 vocabulum
3430 5778 3734 5829 substantia:

2116 5846 2398 5930 referatur.
2421 5848 2635 5930 Deinde;
2658 5848 2765 5916 jam
2793 5849 3216 5930 praenionuimus
3246 5849 3297 5902 in
3329 5846 3733 5917 exemplaribUs

2114 5922 2305 5992 graccis
2333 5921 2466 5993 legi,
2501 5943 2584 5976 rm.
2606 5923 2673 5983 (,5,-
2696 5921 2921 5985 προεοὶη
2958 5923 3056 5975 ὑπο
3088 5943 3254 5987 τινων,
3282 5935 3392 5975 non
3420 5932 3603 5977 autent
3639 5943 3726 5974 ναι
