4048 6478
236 292 336 353 169

1429 296 1518 352 DE
1559 293 1929 352 'l'lilNlTA'l'E
1971 295 2172 352 Lililill
2213 294 2297 350 Vt.

3423 305 3525 364 1⁸10

240 410 458 468 tendens
487 408 837 481 intelligitur;
870 411 1203 480 compositus
1239 415 1343 467 erit
1384 411 1543 468 Pater
1565 453 1578 473 .
1613 423 1666 469 et
1691 412 1826 468 divi-
1857 417 1900 470 Α
1933 413 2059 465 ralis
2102 413 2355 467 nativitas
2397 412 2707 468 decen-tur.
2743 417 3021 472 Postremo
3056 421 3197 490 quod
3236 420 3410 477 dixit.
3447 423 3526 478 Ei:

239 502 440 564 sibilis.
465 515 522 558 et
553 503 924 558 convertibilis
946 545 964 569 ,
997 511 1054 558 et
1093 518 1289 574 corpus
1329 504 1622 560 secundum
1671 505 1824 569 illus,

242 604 314 658 et,
343 606 601 667 quantum
633 596 688 651 in
719 593 851 666 ipsis
880 603 985 660 est,
1016 597 1402 666 consequentia
1441 596 1682 666 corporis
1710 612 1828 652 sus-

243 690 417 745 tinens
434 689 555 744 sine
602 701 834 759 corpore
855 687 1017 744 Deus.
1047 703 1072 742 ι
1103 685 1298 744 Gravis
1327 698 1381 744 et
1405 689 1585 745 multa:
1603 689 1830 745 difﬁcul-

241 780 365 838 tatis
387 781 540 838 labor
573 789 722 838 esset
748 781 1029 837 veritatem
1057 781 1331 854 religionis
1373 782 1657 838 adversum
1689 781 1833 838 falsi-

243 873 369 931 tatis
411 874 743 945 impietatem
776 875 946 940 tueri,
985 874 1031 930 si
1057 886 1317 945 quantum
1353 872 1520 930 audet
1553 875 1832 946 impietas,

245 968 296 1027 in
325 979 532 1027 tantum
560 969 867 1026 consuleret
890 968 966 1043 (α)
997 970 1305 1041 prudenter.
1333 968 1442 1026 Sed
1487 967 1626 1025 bene
1645 1012 1660 1036 ,
1691 968 1836 1041 quod

247 1063 660 1136 irreligiositatis
690 1063 941 1120 voluntas
968 1080 1036 1120 ex
1078 1063 1254 1134 inopia
1296 1063 1597 1134 prudentia:
1637 1072 1738 1120 est.
1770 1063 1834 1120 Et

251 1156 449 1216 idcirco
462 1172 586 1215 cum
605 1157 778 1213 facilis
797 1157 871 1213 sit
894 1156 1183 1214 adversum
1209 1157 1494 1212 stultitiam
1517 1159 1804 1227 responsio
1821 1199 1838 1226 ,

249 1250 554 1310 emendatio
585 1260 764 1306 tamen
791 1248 1028 1306 difﬁcilis
1061 1251 1346 1306 stultorum
1376 1260 1460 1306 est
1489 1267 1501 1303 :
1547 1265 1642 1319 per
1679 1264 1838 1317 quam

251 1346 481 1421 primum
508 1352 568 1401 et
595 1343 735 1400 ratio
765 1343 1130 1415 intelligentia
1155 1359 1264 1397 non
1288 1341 1591 1426 quieritur,
1608 1351 1662 1398 et
1691 1340 1843 1395 dein-

253 1457 374 1511 ceps
397 1441 467 1497 ab
486 1437 820 1510 intelligente
843 1435 1086 1492 intimata
1113 1451 1219 1492 non
1241 1435 1471 1506 capitur.
1501 1433 1608 1489 Sed
1637 1434 1684 1488 si
1709 1447 1846 1503 quos

170 1583 172 1585 .
254 1536 415 1590 timor
448 1532 544 1590 Dei
582 1541 635 1589 et
678 1529 1048 1600 intelligentia
1083 1527 1383 1601 ignoratio,
1412 1542 1519 1584 non
1557 1525 1848 1596 impietatis

256 1629 502 1685 voluntas
542 1641 643 1699 per
676 1627 918 1682 stultitia:
959 1639 1176 1680 sensum
1216 1620 1510 1681 detinuerit
1546 1621 1599 1678 in
1627 1635 1847 1688 errore,

257 1722 327 1797 (ft)
347 1737 508 1796 spero
527 1731 586 1778 ut
604 1718 674 1777 ad
695 1721 1126 1778 emendationem
1154 1719 1418 1790 proclives
1436 1717 1544 1773 sint
1565 1735 1580 1783 ;
1606 1732 1726 1772 cum
1744 1716 1851 1771 im-

1933 503 2092 560 l’utt'e
2112 507 2239 561 exivi
2260 547 2274 569 ,
2306 514 2352 560 cl
2377 509 2488 561 veni
2523 507 2666 579 (Job.
2699 525 2813 571 xvt,
2845 511 2974 581 27),
3004 521 3182 568 illl'lllll
3210 518 3529 586 ambiguitat-

1933 607 2040 653 tem
2069 599 2377 671 reliquerit,
2410 600 2537 670 quin
2570 601 2962 672 intelligeretur
2989 620 3096 659 non
3120 606 3341 663 aliunde
3367 625 3526 677 qtmm

1932 704 2000 747 ex
2023 691 2182 748 Patre
2204 706 2326 747 esse
2353 693 2496 762 quod
2526 691 2667 749 Deus
2692 704 2770 750 est
2789 693 2814 745 ?
2844 694 2918 750 Ex
2948 695 3104 751 Patre
3131 699 3274 753 cuitu
3310 699 3498 756 exiens
3516 742 3531 766 ,

1937 798 2110 853 neque
2131 783 2294 838 aliam
2319 786 2613 841 nativitatis
2651 785 2836 842 habuit
2875 797 3119 844 naturam
3142 830 3158 855 ,
3191 805 3364 861 neque
3408 793 3532 847 nulo

1937 877 2081 933 tam:
2112 875 2206 932 sed
2233 890 2357 932 eum
2383 877 2482 932 sibi
2513 885 2740 934 testatur
2764 891 3041 937 anetorem
3059 923 3075 948 ,
3095 898 3162 937 ex
3188 899 3296 954 quo
3323 898 3383 940 se
3413 900 3536 955 pro-

1941 969 2120 1024 fitetur
2138 970 2334 1026 exisse.
2371 970 2445 1026 De
2474 971 2557 1027 his
2582 981 2761 1028 autem
2792 973 3227 1032 demonstrandis
3261 986 3423 1048 atque
3452 979 3537 1034 in-

1942 1061 2248 1134 telligendis
2270 1070 2535 1135 posterior
2554 1066 2684 1120 mihi
2705 1082 2882 1123 sermo
2902 1079 3003 1124 est.

2017 1154 2104 1210 i7.
2146 1153 2257 1210 Deo
2286 1156 2350 1210 de
2387 1173 2441 1212 se
2467 1173 2570 1213 non
2597 1161 2800 1214 credere
2830 1160 2992 1230 nefas.
3017 1191 3090 1202 —
3113 1162 3332 1218 lnteritn
3362 1173 3538 1222 tamen

1943 1248 2050 1306 hoc
2085 1249 2395 1317 videamus,
2435 1267 2539 1323 qua
2584 1253 2816 1310 hominis
2860 1253 3051 1312 ﬁducia
3098 1257 3443 1329 intelligenda
3477 1261 3544 1315 de

1948 1343 2059 1399 Deo
2081 1343 2424 1410 inhibentur,
2447 1361 2569 1417 quae
2598 1347 2739 1417 quod
2761 1362 2792 1402 a
2823 1347 2935 1404 Deo
2964 1349 3031 1404 de
3052 1365 3110 1405 se
3134 1351 3275 1405 dieta
3303 1353 3412 1405 sint
3439 1367 3544 1406 non

1950 1448 2230 1509 negantur.
2257 1437 2304 1494 0
2325 1440 2696 1508 gravissimum
2731 1442 2980 1497 humana:
3004 1442 3246 1498 stultitiae
3271 1455 3434 1515 atque
3467 1449 3548 1499 in-

1951 1533 2193 1587 solentia:
2219 1531 2486 1599 dedecus,
2518 1533 2868 1605 professionis
2900 1551 3012 1590 sua:
3040 1534 3110 1591 de
3141 1551 3199 1591 se
3237 1536 3402 1592 Deum
3441 1553 3548 1592 non

1952 1625 2116 1682 modo
2143 1641 2368 1699 arguere
2408 1642 2517 1682 non
2559 1628 2864 1694 credendo,
2897 1629 2992 1684 sed
3035 1629 3374 1686 emendando
3401 1632 3553 1685 datu-

1955 1737 2120 1788 nare,
2151 1730 2207 1776 et
2233 1721 2363 1777 illud
2392 1721 2661 1779 ineffabile
2690 1724 2744 1778 in
2768 1737 2833 1778 eo
2860 1731 3064 1800 natura;
3091 1737 3204 1778 suae
3232 1725 3554 1795 virtutisque

257 1816 471 1891 pietatis
509 1813 794 1872 stultitiam
830 1813 1078 1870 absolute
1102 1812 1347 1869 veritatis
1369 1812 1441 1866 sit
1463 1809 1851 1866 demonstratio
1881 1815 1930 1877 B
1955 1822 2256 1879 secretum,
2289 1812 2539 1868 humanis
2577 1816 2947 1869 contaminare
2979 1829 3030 1870 et
3060 1814 3377 1886 impugnare
3417 1815 3548 1870 doc-

255 1907 554 1983 prodituro.

327 2001 418 2060 16.
453 1999 620 2058 Filius
639 2009 694 2056 ut
709 2014 776 2057 ex
801 1999 918 2073 ipso
937 1997 1049 2054 Deo
1065 2013 1222 2069 neque
1249 1999 1360 2069 ipse
1374 1997 1463 2068 qui
1491 1994 1662 2062 Pater,
1694 2011 1854 2066 neque

259 2095 426 2164 aliud,
445 2109 609 2161 neque
624 2109 690 2150 ea:
709 2092 966 2149 nihilo.—
980 2090 1224 2158 Dixistis,
1240 2105 1276 2147 o
1300 2091 1470 2155 stulti,
1485 2090 1558 2164 (c)
1577 2090 1666 2160 qtti
1689 2098 1742 2144 ct
1759 2089 1856 2143 ho-

259 2188 347 2247 die
375 2187 520 2246 idem
537 2184 748 2254 dicitis,
772 2185 1072 2244 nescientes
1096 2187 1150 2240 in
1174 2184 1341 2241 Deum
1370 2198 1559 2254 sapere
1580 2225 1594 2248 ,
1625 2186 1672 2238 si
1713 2185 1854 2239 enim

265 2283 406 2355 quod
435 2298 498 2338 cc
524 2282 660 2352 ipso,
683 2279 904 2352 etquod
931 2295 996 2336 ea:
1019 2289 1184 2346 utero,
1213 2287 1270 2334 et
1296 2277 1439 2351 quod
1462 2293 1527 2333 ea:
1551 2273 1708 2331 Pater
1729 2276 1860 2332 exivi

266 2386 312 2432 et
337 2368 472 2432 tt'cni.
504 2373 702 2444 Quare
725 2390 754 2429 a
785 2382 872 2440 te,
895 2371 997 2428 boc
1021 2365 1192 2428 totum
1231 2371 1433 2443 dictum
1475 2384 1505 2426 a
1541 2368 1686 2436 Deo,
1722 2384 1863 2425 anne

267 2483 371 2526 non
405 2469 612 2527 dictum
648 2467 753 2523 sit?
777 2466 985 2524 Dictum
1016 2465 1204 2538 utique
1247 2474 1331 2522 est
1396 2473 1452 2519 et
1487 2477 1709 2519 necesse
1742 2469 1826 2518 est
1847 2503 1864 2528 ,

265 2576 386 2619 cum
413 2576 446 2618 ι
471 2559 586 2617 Deo
613 2560 684 2617 de
702 2573 764 2617 se
787 2558 990 2616 dictum
1016 2558 1115 2624 sit,
1151 2570 1259 2613 non
1287 2555 1444 2612 aliter
1461 2554 1864 2625 intelligendum

267 2670 390 2716 esse
417 2671 580 2730 quam
612 2654 816 2712 dictum
855 2661 958 2710 est.
991 2651 1070 2708 De
1095 2649 1260 2706 dictis
1298 2664 1399 2706 suo
1431 2647 1588 2714 loco.
1613 2648 1868 2704 demons.

267 2748 426 2808 tratis
446 2747 777 2822 singulorum
792 2759 1131 2818 quorumque
1148 2742 1437 2799 virtutibus
1451 2783 1468 2806 ,
1493 2741 1864 2798 tractabimus.

269 2841 492 2900 Interim
514 2851 696 2898 tamen
723 2838 1146 2911 uniuscujusque
1175 2835 1589 2908 intelligentiam
1613 2833 1869 2902 consulo,

268 2934 398 3009 quid
421 2933 699 2992 existimet
721 2933 776 2990 in
800 2946 888 3000 eo,
916 2946 1039 2988 cum
1056 2929 1259 2988 dictum
1279 2930 1350 2984 sit
1372 2943 1437 2984 ea:
1457 2931 1605 3000 ipso:
1621 2938 1874 2984 utrumne

223 3018 234 3029 ’
269 3046 337 3088 ex
362 3029 542 3086 altero
572 3025 984 3099 intelligendum
1015 3024 1119 3090 sit,
1146 3037 1215 3079 an
1246 3037 1316 3079 ne
1336 3035 1402 3077 ex
1425 3021 1606 3092 nullo,
1641 3036 1709 3077 an
1745 3034 1875 3076 vero

269 3125 388 3196 ipse
406 3122 506 3179 ille
520 3118 818 3179 cretkndus
836 3117 1036 3179 siti-Ex
1055 3116 1227 3174 altero
1250 3129 1357 3172 non
1379 3123 1463 3171 est
1486 3133 1500 3172 :
1531 3114 1654 3185 quia
1675 3129 1740 3169 ea:
1757 3116 1874 3184 ipso

1953 1905 2144 1970 trinis,
2200 1911 2256 1960 et
2302 1904 2417 1961 lucc
2460 1904 2661 1961 audere
2705 1905 2851 1976 loqui
2880 1929 2891 1961 ;
2923 1905 3013 1972 Si,
3057 1907 3267 1977 inquit,
3316 1922 3384 1962 ex
3442 1910 3554 1961 Deo

1956 2009 2038 2054 est
2076 1997 2276 2063 Filius,
2305 1997 2653 2054 demutabilis
2679 2007 2734 2054 et
2776 2012 3070 2069 corporeus
3110 2000 3252 2055 Deus
3299 2009 3420 2063 est,
3467 1999 3557 2069 qni

1956 2108 2025 2149 ex
2067 2108 2126 2147 se
2159 2091 2446 2162 protulerit
2471 2093 2559 2149 vel
2606 2092 2946 2158 ostenderit,
2976 2093 3120 2164 quod
3167 2095 3268 2150 sibi
3311 2103 3460 2150 esset
3506 2096 3558 2148 in

1959 2183 2158 2240 ﬁlium!
2191 2185 2327 2252 Quid
2372 2186 2636 2241 sollicitus
2666 2199 2754 2251 es,
2789 2203 2856 2241 ne
2885 2184 3228 2241 demutabilis
3264 2185 3406 2243 Deus
3443 2187 3555 2241 sit?

1961 2275 2071 2333 Nos
2111 2279 2442 2334 nativitatem
2471 2279 2819 2344 confitemur,
2854 2293 2952 2334 nos
2983 2279 3312 2350 unigenitum
3362 2279 3558 2349 praedi-

1963 2387 2149 2429 camus
2167 2388 2230 2428 ex
2254 2373 2363 2428 Deo
2382 2372 2526 2428 docti
2551 2393 2559 2402 ι
2583 2382 2638 2427 ιιι
2657 2413 2670 2434 ,
2697 2388 2764 2427 ηε
2796 2371 3046 2432 nativitas
3074 2383 3317 2442 maneat,
3354 2389 3420 2428 ne
3443 2373 3562 2427 nni-

1965 2466 2179 2538 genitus
2208 2465 2348 2520 Deus
2382 2465 2435 2519 in
2472 2464 2727 2520 Ecclesiae
2759 2463 2864 2518 ﬁde
2895 2463 2960 2518 sit
2981 2505 2994 2529 ,
3028 2471 3274 2519 naturam
3317 2463 3561 2520 indemu-

1970 2557 2148 2614 tabilis
2176 2557 2266 2613 Dei
2293 2573 2411 2627 quae
2434 2571 2533 2612 nec
2551 2555 2766 2612 extendi
2791 2571 2891 2611 nec
2913 2556 3160 2628 protendi
3187 2557 3353 2626 possit
3373 2557 3446 2630 (e)
3469 2572 3569 2626 op-

1969 2654 2146 2725 ponis.
2182 2651 2445 2707 Afl'errem
2491 2651 2622 2716 tibi,
2667 2649 2852 2706 infelix
2893 2667 3075 2715 error,
3108 2651 3270 2707 etiam
3307 2666 3372 2706 ex
3403 2651 3570 2707 rebus

1971 2746 2156 2802 mundi
2189 2743 2543 2815 quarumdam
2575 2754 2886 2798 naturarum
2915 2759 3037 2812 quae
3066 2743 3358 2815 gignuntur
3383 2760 3568 2800 exent-

1973 2840 2118 2911 plum
2142 2880 2157 2906 ,
2186 2853 2255 2894 ne
2287 2836 2623 2893 nativitatem
2658 2838 3064 2908 protensiouem
3094 2838 3474 2906 existimares,
3513 2856 3582 2897 ne

1978 2934 2312 2991 nascentium
2338 2942 2558 2988 naturas
2577 2932 2900 2990 detrimenta
2929 2931 3186 2990 crederes
3212 2949 3334 2990 esse
3358 2936 3584 3006 gignen-

1978 3027 2144 3089 tium,
2174 3034 2231 3081 ut
2267 3026 2428 3082 etiam
2472 3025 2637 3080 multa
2677 3025 2797 3081 sine
2835 3026 3107 3096 corporali
3141 3027 3475 3084 admixtione
3512 3043 3580 3084 ex

1978 3118 2286 3173 viventibus
2310 3117 2362 3172 in
2389 3119 2633 3173 viventes
2657 3131 2864 3173 animas
2884 3117 3230 3189 gignerentur
3254 3137 3267 3174 :
3298 3119 3402 3175 nisi
3433 3120 3582 3176 nefas

268 3227 374 3282 est,
393 3215 456 3273 id
475 3226 559 3272 est
578 3213 677 3289 (ita
691 3222 751 3270 ut
769 3207 923 3286 non),
949 3225 1018 3269 ne
1035 3209 1272 3277 aliunde,
1295 3217 1663 3278 praeterquam
1683 3221 1748 3263 ex
1771 3205 1885 3263 Deo
1909 3207 1954 3269 C
1987 3220 2161 3275 esset,
2190 3210 2299 3265 Deo
2324 3209 2392 3264 de
2413 3223 2473 3265 se
2497 3209 2569 3281 (f)
2600 3225 2704 3264 non
2736 3209 3065 3276 credidisse;
3095 3221 3146 3267 et
3180 3212 3351 3268 ultimi
3383 3213 3579 3269 furoris

260 3311 418 3368 Deus
445 3312 540 3368 sit.
571 3310 649 3366 Ex
671 3306 842 3365 nihilo
861 3321 968 3362 non
987 3312 1108 3364 est:
1132 3305 1256 3376 quia
1282 3318 1346 3357 ea:
1367 3305 1485 3372 ipso
1507 3313 1620 3367 cst;
1652 3299 1878 3355 demon-

272 3414 494 3463 stratur
519 3403 663 3460 enim
691 3412 878 3458 natura
907 3399 1052 3457 unde
1072 3398 1324 3454 nativitas
1348 3405 1451 3452 est.
1485 3395 1605 3466 Ipse
1627 3408 1730 3449 non
1752 3403 1835 3450 est
1860 3411 1872 3448 :

267 3499 399 3570 quia
429 3494 528 3566 ubi
558 3510 626 3552 ea:
647 3494 760 3566 ipso
783 3502 870 3551 est
888 3535 904 3560 ,
937 3493 1189 3548 nativitas
1217 3490 1314 3545 ﬁlii
1351 3489 1582 3544 refertur
1607 3501 1672 3543 ex
1703 3496 1876 3558 patre.

269 3589 486 3649 Deinde
515 3604 642 3647 cum
672 3587 1006 3660 signiﬁcatur
1033 3601 1096 3642 ea:
1130 3593 1304 3650 utero,
1333 3583 1607 3652 interrogo
1635 3595 1703 3636 an
1733 3579 1880 3636 credi

270 3686 456 3759 possit
477 3697 608 3744 esse
644 3691 803 3741 natus
839 3698 908 3738 ex
947 3679 1153 3746 nihilo,
1180 3693 1303 3734 cum
1352 3675 1650 3732 nativitatis
1683 3675 1884 3730 veritas

273 3799 369 3856 per
390 3782 760 3856 corporalium
781 3777 1191 3837 efﬁcientiarum
1213 3775 1433 3832 nomina
1449 3770 1745 3828 reveletur?
1765 3768 1881 3825 Non

270 3882 423 3936 enim
474 3875 736 3935 membris
774 3872 1150 3942 corporalibus
1187 3869 1494 3926 consistens
1538 3863 1719 3928 Deus,
1760 3876 1886 3918 cum

270 3973 691 4046 generationem
727 3965 886 4044 ια
911 3965 1029 4024 Filii
1055 3963 1139 4037 (ά)
1163 3967 1633 4024 commemoraret,
1664 3958 1740 4012 ait
1764 3974 1778 4012 :
1804 3953 1890 4011 Ex

270 4082 427 4126 utero
456 4076 584 4124 ante
621 4062 896 4136 luciferum
927 4062 1078 4134 genui
1122 4070 1169 4115 te
1195 4056 1316 4128 (Ps.
1357 4070 1442 4112 ctx
1463 4097 1478 4120 ,
1504 4053 1602 4127 5);
1636 4051 1730 4109 sed
1776 4050 1891 4106 ine-

273 4161 618 4220 nambilem
648 4159 794 4216 illam
828 4153 1083 4228 unigeniti
1116 4169 1182 4208 ex
1222 4166 1283 4208 se
1320 4149 1411 4206 ﬁlii
1453 4147 1782 4203 nativitatem
1817 4160 1886 4202 ex

276 4259 598 4318 divinitatis
636 4272 750 4314 suae
775 4255 1000 4312 veritate
1035 4251 1395 4315 confirmans,
1425 4247 1492 4303 ad
1528 4243 1894 4315 intelligentia:

275 4353 446 4410 ﬁdem
476 4354 695 4410 locutus
717 4356 830 4414 est;
854 4356 911 4403 ut
930 4347 999 4403 de
1023 4343 1218 4401 divinis
1244 4342 1356 4398 suis
1377 4339 1539 4396 rebus
1557 4381 1572 4406 ,
1597 4335 1892 4393 secundum

270 4450 587 4506 bumanam
612 4452 892 4509 naturam,
923 4441 1171 4498 humana:
1195 4447 1399 4493 natura:
1427 4447 1645 4492 sensum
1673 4431 1738 4488 ad
1770 4429 1894 4485 ﬁdei

271 4542 580 4598 scientiam
610 4535 889 4594 erudiret:
921 4541 984 4590 ut
1021 4548 1144 4590 cum
1173 4530 1250 4586 ait
1282 4546 1347 4586 ex
1376 4538 1551 4592 utero,
1586 4540 1694 4581 non
1723 4539 1789 4580 ex
1819 4537 1899 4578 m-

1977 3303 2192 3359 vesania
2211 3302 2575 3373 judicaretur,
2606 3303 2845 3360 adimere
2878 3305 3251 3362 auctoritatem
3279 3305 3344 3362 ad
3382 3306 3578 3374 ﬁdem,

1977 3397 2064 3453 cui
2098 3396 2500 3451 venerationem
2541 3394 2847 3466 proﬁtearis
2877 3395 2944 3450 ad
2974 3399 3159 3453 vitam.
3193 3395 3249 3454 Si
3289 3398 3432 3455 enim
3475 3415 3583 3454 non

1981 3491 2082 3546 nisi
2121 3503 2219 3562 per
2247 3504 2370 3544 eum
2399 3489 2506 3545 vita
2541 3497 2652 3554 est,
2684 3488 2957 3560 quomodo
2991 3505 3097 3544 non
3145 3503 3240 3559 per
3275 3505 3398 3546 eum
3441 3490 3579 3549 ﬁdes

1981 3585 2106 3640 vita:
2145 3582 2268 3638 est?
2293 3581 2452 3638 Fides
2479 3591 2657 3637 autem
2704 3583 2828 3637 vitae
2863 3582 3135 3654 quomodo
3169 3583 3224 3640 in
3249 3599 3316 3639 eo
3337 3593 3453 3650 est,
3492 3585 3585 3656 qui

1984 3674 2086 3731 sibi
2112 3676 2180 3731 de
2205 3691 2265 3731 se
2292 3674 2444 3732 testis
2465 3673 2698 3730 inﬁdelis
2722 3673 3022 3730 habeatur?
3244 3671 3249 3678 ’

2062 3767 2217 3842 145
2248 3769 2330 3825 i8.
2365 3765 2493 3822 Filii
2521 3769 2926 3838 nuncupatione:
2953 3785 3038 3838 qut
3065 3769 3131 3823 ab
3155 3770 3411 3825 ltwreticis
3440 3770 3595 3826 intel-

1986 3865 2148 3918 lecta.
2168 3893 2239 3903 --
2257 3861 2498 3932 Usurpas
2525 3861 2702 3927 enim,
2737 3860 3054 3931 impiissime
3087 3863 3371 3929 lituretice,
3402 3863 3595 3918 nativi—

1989 3965 2154 4013 tatem
2187 3955 2306 4012 Filii
2335 3955 2402 4010 ad
2429 3955 2728 4012 creationis
2758 3954 3130 4021 voluntatem;
3163 3967 3220 4011 ut
3250 3973 3355 4014 non
3387 3975 3450 4014 ex
3486 3961 3593 4014 Deo

1991 4059 2152 4108 natus
2180 4052 2288 4116 sit,
2318 4049 2413 4106 sed
2442 4050 2662 4106 volente
2691 4064 2760 4106 eo
2797 4052 2887 4122 qui
2929 4050 3166 4118 creavit,
3213 4068 3278 4108 ex
3319 4056 3594 4112 creatione

1991 4146 2313 4203 substiterit.
2343 4143 2412 4200 Et
2439 4157 2614 4201 tecum
2646 4145 2847 4200 idcirco
2874 4160 2981 4200 non
3011 4145 3151 4201 Deus
3176 4155 3258 4202 est
3280 4185 3296 4212 ,
3328 4148 3452 4217 quia
3481 4164 3586 4202 ma-

1996 4247 2160 4295 nente
2186 4237 2298 4294 Deo
2320 4251 2447 4302 uno,
2473 4252 2578 4292 non
2601 4245 2782 4292 teneat
2803 4233 2972 4291 Filius
2993 4237 3216 4308 originis
3236 4254 3349 4294 suae
3373 4240 3426 4294 in
3451 4241 3591 4294 nati-

1994 4333 2157 4388 vitate
2178 4337 2461 4394 naturam;
2493 4329 2590 4386 sed
2622 4329 2675 4384 in
2702 4327 3060 4387 substantiam
3091 4330 3318 4385 alteram
3353 4332 3428 4403 (g)
3458 4347 3586 4387 cott-

1998 4425 2154 4490 ditto,
2184 4427 2298 4496 ipse
2327 4433 2598 4494 tamquam
2627 4422 2936 4493 unigenitus
2959 4422 3358 4480 conditionibus
3397 4435 3448 4480 et
3485 4426 3592 4482 l'ac-

2001 4521 2136 4574 turis
2163 4517 2378 4573 caeteris
2406 4515 2752 4588 praeSIantior
2779 4514 2848 4570 sit
2876 4533 2881 4543 '
2925 4515 3248 4573 substitutus
3291 4527 3505 4584 tamen,
3538 4528 3597 4574 ut

271 4638 392 4696 hilo
419 4634 642 4694 creatio
670 4630 1004 4695 substitisse,
1035 4627 1129 4685 sed
1158 4641 1224 4682 ex
1250 4639 1312 4683 se
1337 4620 1608 4696 Unigeniti
1634 4625 1717 4677 sui
1739 4629 1895 4676 natu-
1919 4603 1972 4666 Β
1997 4616 2285 4673 creationis
2309 4613 2532 4670 indultae
2551 4612 2630 4686 (Ii)
2649 4611 2753 4668 sibi
2773 4610 2972 4668 habeat
2991 4612 3429 4670 substitutionem
3446 4655 3462 4679 ,
3489 4629 3598 4670 non

270 4785 346 4847 ὡς
394 4776 1026 4855 προϐοᾏὴν-ἆποτιὶναξν..
1073 4769 1345 4842 quomodo
1389 4767 1650 4824 Hilarium
1704 4764 1904 4836 legisse

278 4847 464 4933 ιίαιιςί
488 4850 769 4933 six-ipsius
788 4847 1185 4933 e¥|ttt§ili0ne.‘.
1299 4921 1316 4933 Δ
1339 4927 1385 4933 Α*
1417 4926 1476 4933 ﬂ
1507 4909 1688 4933 ,ΑΔ-,ε

352 4927 440 4994 (η)
488 4915 680 4994 Editi.
714 4918 986 4994 prudentia
1008 4933 1026 4972 :
1050 4915 1386 4994 castigantur
1410 4926 1476 4967 ex
1505 4915 1740 4994 scriptis.
1849 4979 1860 4991 .

349 4985 435 5074 ibi
481 4985 782 5074 tis-Fat“-
811 4990 962 5074 ςτειὲο
1002 4997 1077 5074 νει
1112 4985 1247 5074 Alii:
1281 4985 1900 5074 tntt13‘_‘-éf-"§9‘ifi:

273 5054 440 5138 spero
468 5065 639 5131 quod.
677 5063 787 5118 tloe
823 5063 874 5116 in
909 5063 1028 5117 loco
1063 5057 1242 5138 prodit
1283 5054 1547 5138 Hilarius,
1571 5067 1680 5136 quo
1706 5055 1904 5138 animo

274 5124 677 5202 eratrat'fecws
706 5149 829 5206 erga
849 5148 988 5206 eos,
1020 5124 1110 5206 qui
1153 5126 1450 5206 ignorantia
1478 5137 1531 5206 et
1563 5124 1905 5206 simplicitate

277 5195 419 5272 Χέίὸ
440 5195 716 5268 favebant
737 5195 860 5279 ,vuti
883 5195 992 5279 jam
1023 5195 1282 5279 adversus
1303 5197 1510 5279 Erasini
1543 5195 1778 5279 argutias
1807 5195 1907 5279 ob-

274 5268 583 5344 servatum
619 5287 700 5334 est
741 5268 796 5333 in
839 5268 1046 5347 pra-fat.
1070 5274 1160 5329 27.
1193 5270 1544 5347 Haud_ali_t_er
1580 5268 1908 5347 Athanasius

415 5339 465 5414 tl
506 5360 666 5407 cont.
700 5339 906 5417 Ar.,'p
933 5347 1055 5419 βὶὶ
1082 5389 1098 5412 ,
1137 5358 1304 5414 agens
1339 5341 1408 5397 de
1455 5341 1642 5419 iis‘qui
1685 5339 1908 5419 sobolem

277 5412 576 5502 propriam
605 5412 898 5502 substantia"
924 5418 1099 5502 Patris
1145 5412 1332 5502 negant
1353 5456 1368 5498 τ
1393 5413 1541 5502 φεᾳεὶ
1817 5426 1910 5502 tte-

277 5485 444 5574 Quin
465 5542 480 5563 ,
516 5495 629 5574 nisi
676 5502 841 5562 partes
867 5485 1252 5574 inltrflig‘ttntur.
1282 5486 1368 5556 qui
1390 5485 1454 5539 dc
1480 5487 1783 5574 incorporeo
1805 5498 1912 5574 egr-

281 5551 726 5648 pbieo'rogitoitt
747 5605 762 5627 ,
800 5573 847 5644 et
877 5563 939 5618 ob
980 5551 1388 5648 tn't'beciilita'eml
1419 5551 1755 5648 naturarum
1788 5551 1906 5608 adi-

279 5627 441 5701 irritant
475 5627 638 5695 Fiiio
663 5635 1020 5709 praprietatem
1048 5644 1272 5703 patet-nte
1301 5627 1596 5709 Cilbitaﬂlite
1616 5670 1629 5686 .
1663 5631 1788 5709 dum
1819 5641 1904 5709 so.

283 5698 460 5774 boiietn
489 5698 684 5767 Patris
710 5698 853 5760 stulti
891 5722 953 5761 ea:
973 5721 1025 5760 se
1047 5698 1320 5758 metiuntur
1345 5743 1354 5752 .
1383 5698 1631 5756 (Steterunt
1649 5739 1662 5762 ,
1707 5698 1907 5768 inquit.

283 5792 417 5846 mox
451 5786 529 5842 ad
561 5783 719 5850 istum
743 5777 948 5832 modum
971 5776 1213 5850 aﬂ’ectos,
1245 5787 1612 5850 persuasusth
1638 5785 1736 5850 non
1767 5784 1913 5837 posse

287 5879 397 5919 esse
423 5859 616 5928 filium
642 5846 769 5915 Dei,
795 5865 996 5917 coquunt
1020 5848 1221 5918 quidem
1237 5858 1310 5904 est
1331 5855 1386 5901 ut
1411 5846 1758 5901 ntisertcordia
1786 5857 1912 5908 pro-

773 5945 1049 6008 Ρηιιοι.
1087 5942 1146 6005 Χ

2005 4777 2280 4828 sequamur
2327 4776 2335 4801 μ·
2383 4765 2779 4828 consentaneum
2823 4768 3024 4821 tanien,
3073 4769 3130 4812 ut
3170 4761 3514 4828 sriscttenmr,
3556 4772 3604 4816 et

2005 4827 2287 4888 rationibus
2326 4834 2707 4885 convincamus.
2740 4827 2984 4883 Forsitan
3016 4830 3092 4884 vel
3119 4847 3176 4884 et;
3206 4831 3357 4890 modo
3385 4835 3453 4887 ad
3489 4827 3606 4888 ge..-

2005 4923 2118 4960 sum
2148 4907 2368 4974 aliquem
2400 4903 2616 4974 perduci
2642 4911 2896 4968 poterunt.

2082 4976 2154 5049 (ε)
2201 4973 2270 5031 Er
2302 5018 2316 5042 ,
2342 4973 2488 5045 Lips.
2513 4984 2567 5029 et
2593 4973 2742 5039 Pan,
2770 4979 2892 5043 quin
2921 4983 2968 5030 et
2999 4974 3150 5029 hodie
3231 4974 3384 5030 nullo
3411 4973 3607 5031 sull'ra-

2007 5059 2170 5122 gante
2199 5063 2302 5122 tua.

2082 5122 2164 5191 id)
2205 5119 2327 5174 Par.
2354 5133 2477 5175 cunt
2510 5116 2812 5189 antiquiore
2834 5133 2936 5175 ms.
2961 5117 3114 5175 Colb.
3142 5125 3199 5174 et
3220 5115 3404 5175 Germ.
3428 5160 3444 5186 ,
3468 5134 3608 5174 cont-

2006 5201 2334 5248 υιεηιοταεεει

2103 5267 2153 5330 e)
2195 5262 2311 5318 Vat.
2339 5264 2454 5318 bas.
2483 5277 2586 5316 ms.
2606 5305 2619 5326 ,
2652 5279 2866 5331 exponis
2893 5279 2907 5314 :
2936 5263 3116 5317 minus
3145 5261 3298 5317 bene.

2103 5275 2153 5330 e)
2198 5275 2311 5318 vat.
2339 5275 2454 5318 uas.
2483 5277 2586 5316 ms.
2606 5305 2619 5326 ,
2652 5279 2866 5331 exponis
2893 5279 2907 5314 :
2936 5275 3116 5317 minus
3145 5275 3298 5317 nene.

2081 5275 2166 5407 if)
2209 5335 2348 5407 Lips,
2386 5337 2471 5388 Ine
2499 5332 2697 5403 adjecit
2725 5336 2930 5389 testauli
2952 5376 2960 5384 .
2996 5334 3136 5404 quod
3185 5331 3337 5388 abest
3363 5347 3394 5387 a
3441 5331 3568 5388 Bad.
3592 5374 3607 5396 ,

2013 5408 2103 5464 Er.
2132 5416 2186 5462 et
2213 5406 2482 5474 plerisque
2511 5421 2640 5458 mss.
3230 5424 3236 5431 -

2087 5480 2162 5550 (g)
2197 5478 2335 5532 I‘Zdttt
2353 5519 2368 5541 ,
2397 5478 2631 5550 conditur
2680 5477 3031 5533 renitentibus
3052 5475 3305 5532 omnibus
3328 5490 3457 5550 mss.
3481 5476 3614 5550 Seti-

2016 5546 2299 5617 sus'ttorro
2326 5563 2402 5602 (νει
2424 5590 2438 5609 ,
2467 5547 2686 5612 Tecum,
2720 5552 2818 5603 hoe
2845 5559 2926 5604 est
2947 5593 2962 5610 ,
2993 5551 3042 5603 in
3071 5560 3158 5603 tua
3186 5546 3448 5602 sententia
3469 5588 3484 5613 ,
3519 5546 3612 5600 Fr-

2020 5625 2119 5678 lius
2148 5638 2247 5674 non
2274 5637 2345 5675 est
2379 5618 2517 5674 Deus
2536 5661 2548 5679 .
2581 5621 2670 5674 sed
2697 5623 2955 5675 COildfllo.‘
2986 5621 3073 5676 ubi
3106 5623 3356 5673 advertas
3386 5621 3611 5686 particu-

2019 5696 2126 5750 lam
2155 5709 2269 5746 ruttt
2301 5691 2386 5745 hic
2417 5702 2473 5746 ut
2500 5691 2624 5746 alibi
2655 5706 2751 5762 pm
2781 5693 3057 5762 secundum
3084 5691 3272 5752 accipi.

2095 5765 2172 5826 (Iit
2207 5762 2373 5818 Abest
2402 5763 2497 5815 sibi
2523 5779 2550 5815 ει
2585 5761 2665 5817 ms
2735 5764 2827 5817 has
2883 5761 2979 5819 Vat
3038 5763 3270 5818 \‘erhttnt
3314 5763 3618 5814 substituere

2020 5827 2236 5896 Atinius
2279 5835 2530 5892 usitatum
2551 5833 2855 5905 colligimus
2896 5851 2958 5892 es
3009 5833 3286 5897 Faustino,
3313 5848 3431 5904 cap.
3462 5847 3500 5900 t,
3535 5835 3618 5886 ubi

3011 5927 3050 5982 ii
