4048 6488
230 318 332 378 177

1482 317 1572 376 DE
1607 314 1980 377 TRINITA‘I‘E
2021 318 2223 379 LIBER
2263 323 2347 381 Vl.

3436 328 3537 390 178

231 433 484 502 frequens
534 448 644 487 non
679 433 839 488 habet
887 433 991 489 hoc
1034 433 1333 489 insolentiae
1380 433 1590 499 vitium,
1624 442 1681 488 ιιι
1723 432 1823 487 sibi
1854 435 1902 496 Α
1931 445 2033 490 est.
2068 435 2200 492 Tam
2226 440 2536 508 ignorabilis
2566 450 2649 496 est
2684 440 2868 507 Filius,
2904 457 3062 510 quam
3093 452 3147 498 et
3177 442 3354 498 Pater.
3405 442 3537 499 0m-

235 526 408 580 aliena
433 524 514 598 (Ι)
549 526 797 582 vendicet
823 569 836 591 ,
868 537 923 582 et
951 544 1056 582 non
1083 542 1182 582 sua
1219 525 1510 593 defendat,
1536 534 1592 582 et
1618 525 1833 595 proprie

237 620 349 677 Deo
375 620 705 690 coaquanda
736 629 1044 691 prmumas.
1073 620 1187 677 Nec
1210 622 1326 692 pari
1362 621 1699 686 temeritate,
1730 633 1833 689 qua

237 723 445 785 patrem
474 724 749 785 nuncupat
771 756 787 781 ,
819 732 880 772 se
919 732 1138 787 quoque
1183 716 1348 772 filium
1380 713 1697 786 proﬁteatur
1741 715 1832 771 di-

232 820 368 862 cens
397 826 412 861 :
446 804 559 863 Nec
585 807 722 862 enim
747 808 886 862 misit
911 804 1051 862 Deus
1073 808 1242 878 ﬁlium
1264 824 1417 862 sitmst
1442 808 1499 862 in
1525 807 1661 862 hunc
1684 822 1835 861 mun-

233 903 385 966 dus,
414 912 470 955 at
486 901 687 973 judicot
713 902 983 969 mundam,
1009 904 1098 964 sed
1119 912 1173 957 stt
1192 903 1367 956 salsus
1388 902 1483 972 ﬁat
1500 900 1722 957 mundus
1743 916 1833 970 per

233 1013 351 1052 eam
372 994 580 1069 (Im,
628 1011 711 1062 ιιι,
759 994 881 1068 1ης
908 997 993 1053 vel
1020 998 1214 1052 iterum
1245 1013 1257 1049 :
1291 994 1368 1050 Tu
1387 994 1552 1050 credis
1589 995 1642 1048 in
1665 994 1833 1064 ﬁlium

235 1088 336 1145 Dei
359 1087 569 1161 (Ιοσιιη
598 1104 675 1154 is,
718 1086 851 1159 δεμ
875 1087 1016 1158 Quid
1042 1102 1185 1143 stunc
1209 1089 1441 1158 agimus,
1472 1086 1835 1142 concedentes

237 1188 447 1237 tantum
471 1176 551 1250 (ts)
580 1177 712 1236 Jests
737 1177 960 1237 Christo
986 1193 1184 1237 nomen
1212 1179 1552 1250 adoptionis?
1570 1194 1666 1249 per
1689 1178 1834 1250 quod

233 1282 293 1328 et
328 1272 385 1329 in
416 1283 572 1342 patro
594 1272 697 1329 sibi
747 1272 901 1347 151
959 1272 1072 1329 Deo
1118 1273 1483 1340 nuncupanda
1532 1272 1833 1329 temeraria:

232 1379 363 1422 eum
393 1365 671 1436 argnimus
710 1365 1167 1436 prasomptioais.
1203 1365 1431 1421 Paterna
1459 1364 1527 1421 de
1554 1365 1696 1421 cmlo
1732 1380 1833 1418 vox

234 1468 353 1514 est.
376 1456 532 1513 Hunc
546 1457 723 1513 audito
744 1457 983 1529 (Ηωιιιη
1010 1458 1233 1525 ινιι,5).
1258 1457 1434 1513 Audio
1462 1477 1476 1512 :
1504 1456 1681 1520 Pater,
1711 1473 1836 1528 gra-

233 1552 336 1608 tias
381 1568 478 1623 ago
507 1552 597 1607 tibi
622 1549 805 1627 (Im.
834 1566 897 1619 ll,
926 1550 1023 1623 41)
1067 1570 1082 1605 ;
1108 1551 1293 1617 audio,
1328 1550 1515 1607 Dicitis
1544 1552 1664 1619 quia
1691 1550 1832 1606 blas-

233 1646 492 1718 phemasi,
520 1647 761 1716 quoniam
790 1647 923 1710 disi,
948 1644 997 1701 F
996 1646 1117 1701 ilius
1133 1644 1232 1701 Dei
1255 1663 1369 1700 sum
1396 1646 1605 1717 (Joan.,
1624 1662 1677 1709 ι.
1701 1644 1831 1719 36):

231 1740 279 1793 si
333 1751 444 1792 non
486 1736 656 1793 credo
688 1739 1019 1802 nominibus.
1065 1738 1112 1793 si
1155 1747 1402 1793 naturam
1437 1737 1513 1810 (ὁ)
1558 1738 1833 1793 vocabulis

1940 530 2025 583 uia
2058 529 2108 585 ei
2141 532 2332 587 tradita
2378 543 2503 589 sunt
2535 552 2549 590 :
2579 543 2633 590 ct
2676 534 2726 588 iu
2758 536 3011 590 omnibus
3055 536 3186 592 nihil
3220 536 3536 607 intelligitur

1938 632 2247 691 exceptum.
2297 626 2351 681 Si
2401 634 2640 696 potestas
2689 639 2966 698 exmquata
3009 640 3115 695 est,
3172 628 3217 685 si
3260 640 3536 686 secretum

1936 717 2260 787 cognitionis
2290 720 2495 790 aequale
2522 728 2627 785 est,
2658 719 2704 776 si
2734 734 2920 774 natura
2964 721 3017 775 in
3063 720 3375 778 nominibus
3406 732 3491 778 est
3521 740 3536 775 :

1937 824 2126 879 quaero
2157 814 2431 882 quomodo
2477 812 2619 880 quod
2652 823 2914 866 vocantur
2947 828 3051 867 non
3101 824 3228 869 sunt
3249 856 3266 879 ,
3307 829 3536 883 quorum

1937 910 1993 957 et
2021 901 2100 975 (εί)
2133 902 2209 973 (Ῑ)
2239 905 2319 957 vis
2346 907 2401 958 in
2428 914 2713 973 potestate.
2740 914 2794 961 et
2832 904 3120 964 difﬁcultas
3152 906 3203 961 in
3232 908 3537 978 cognitione

1938 993 2279 1050 noudiﬂ'ert.
2311 995 2426 1053 Non
2456 999 2590 1054 fallit
2628 999 2806 1067 itaque
2841 1000 2892 1052 in
2916 999 3192 1061 vocabulis
3226 1000 3366 1055 Deus
3392 1041 3408 1066 ,
3440 1016 3540 1055 nec

1936 1102 1998 1141 se
2025 1096 2118 1141 aut
2150 1088 2307 1143 Pater
2331 1093 2611 1156 mentitur,
2636 1100 2729 1146 aut
2749 1090 2919 1147 Filius
2954 1109 2965 1145 :
2990 1098 3043 1146 ct
3068 1093 3251 1162 accipe
3274 1091 3351 1164 (g)
3377 1108 3539 1163 quam

1940 1178 1993 1233 itt
2023 1180 2107 1233 bis
2143 1180 2277 1235 tides
2304 1182 2582 1239 nominum
2610 1184 2700 1237 sit.

2015 1269 2171 1344 152
2196 1271 2289 1325 27.
2326 1271 2499 1342 Opera
2525 1283 2779 1329 testantur
2809 1274 2975 1345 filium
2996 1291 3109 1329 eum
3131 1291 3256 1331 esse.
3282 1274 3379 1329 Nit
3395 1276 3542 1330 aliud

1937 1373 2121 1415 asserit
2170 1361 2347 1417 Putris
2388 1365 2756 1420 testimonium.
2811 1365 3047 1421 Christus
3076 1384 3108 1420 a
3135 1368 3261 1436 ﬁliis
3288 1369 3542 1439 adoptivis

1938 1454 2242 1509 secernitur.
2285 1486 2351 1495 ———-
2383 1454 2474 1511 Ait
2517 1457 2662 1513 enim
2694 1476 2707 1511 ε
2745 1456 2916 1529 Opera
2942 1460 3077 1512 enim
3106 1475 3222 1530 qua:
3247 1460 3385 1512 dedit
3416 1459 3544 1513 mihi

1939 1545 2120 1609 Pater,
2151 1546 2232 1617 (It)
2256 1558 2311 1602 ut
2342 1550 2606 1619 perﬁciam
2632 1567 2714 1615 ea,
2746 1553 2861 1620 ipsa
2891 1567 3047 1619 opera
3074 1568 3188 1621 quin
3210 1552 3367 1619 facio,
3402 1554 3544 1606 testi-

1940 1641 2171 1695 monium
2208 1642 2470 1711 perhibent
2513 1642 2701 1703 dune,
2732 1646 2975 1714 quoniam
2999 1644 3158 1705 Pater
3187 1646 3325 1699 misit
3350 1660 3470 1699 me:
3499 1652 3545 1697 et

1936 1734 2022 1802 qui
2042 1734 2180 1794 misit
2202 1751 2283 1792 me
2313 1733 2489 1801 Pater,
2512 1737 2623 1805 ipse
2651 1737 2951 1805 testiﬁcatus
2976 1751 3049 1792 est
3070 1738 3231 1793 deme
3249 1736 3454 1809 (Joan.,
3482 1754 3541 1804 γ,

232 1844 343 1884 non
374 1827 623 1899 intelligo
646 1868 664 1894 ,
714 1830 804 1899 qui
855 1827 1186 1887 credendum
1230 1837 1288 1884 et
1328 1827 1745 1898 intelligendum
1766 1831 1839 1885 sit
1868 1832 1917 1892 Β
1943 1824 2016 1881 36
2038 1836 2094 1880 et
2118 1828 2233 1897 57).
2263 1826 2585 1900 Unigenitus
2615 1831 2759 1886 Deus
2805 1846 2911 1886 non
2942 1830 3177 1908 nominis
3204 1841 3408 1885 tantum
3434 1844 3545 1886 tes-

230 1922 592 1995 quarmﬂou
628 1924 760 1979 mihi
790 1923 1112 1995 relinquitur
1147 1922 1252 1977 alia
1280 1922 1538 1992 suspicio.
1584 1925 1834 1980 Auctorio

235 2028 319 2070 tas
346 2026 568 2087 paterna
593 2016 664 2071 de
706 2016 847 2072 ctelo
872 2024 960 2071 est
988 2034 1001 2070 :
1034 2014 1133 2070 Hic
1155 2025 1232 2071 est
1253 2016 1397 2085 ﬁlius
1414 2033 1579 2072 oscus.
1606 2015 1831 2073 Profes-

232 2108 320 2164 εἰσ
364 2107 463 2164 ωιί
490 2106 560 2167 de
605 2123 671 2166 se
693 2120 777 2166 est
794 2108 874 2181 (2)
901 2108 972 2181 (τ)
1005 2126 1020 2163 :
1044 2105 1273 2163 Domum
1298 2096 1463 2180 patris
1486 2109 1611 2178 nisi,
1636 2117 1694 2167 et
1722 2108 1833 2166 Pa-

235 2210 315 2255 ter
338 2216 505 2257 meas.
550 2200 822 2267 Protessio
846 2199 1084 2258 nominis
1111 2200 1264 2257 salus
1307 2211 1413 2267 est.
1454 2216 1579 2258 cum
1603 2202 1835 2259 interro-

234 2293 381 2366 gatio
410 2294 575 2356 ﬁdem
609 2294 876 2365 postulat,
905 2295 1132 2351 dicens:
1166 2293 1249 2350 Tu
1273 2296 1442 2351 credis
1464 2298 1520 2349 in
1538 2294 1709 2367 ﬁlius
1734 2294 1836 2352 Dei

236 2385 451 2457 μου..
477 2400 556 2453 ιι,
591 2384 682 2458 ιι)
713 2386 737 2440 i
770 2386 854 2457 (ὅ)
876 2384 1223 2457 Proprietatis
1255 2387 1474 2443 nomina
1498 2397 1833 2458 sequuntur,

238 2478 329 2535 ubi
354 2494 496 2536 meus
522 2486 625 2534 est.
664 2477 785 2534 Tibi
812 2492 1021 2548 quacro,
1055 2476 1342 2545 hreretice,
1395 2479 1540 2537 unde
1566 2479 1671 2537 alia
1698 2493 1835 2549 pra:-

238 2573 478 2642 suiuptio
506 2572 599 2641 sit,
630 2571 844 2628 Aditnis
872 2573 1015 2627 Patri
1046 2572 1232 2640 fidem,
1258 2572 1369 2629 lilio
1397 2574 1791 2645 professionem
1818 2616 1834 2641 ,

240 2663 553 2731 nominibus
597 2673 882 2731 naturam:
910 2663 1020 2720 vim
1067 2663 1249 2722 verbis
1288 2664 1387 2721 Dei
1416 2663 1612 2734 aﬂ‘ers,
1641 2681 1709 2721 ne
1727 2666 1839 2721 sint

237 2754 383 2829 quod
403 2754 703 2817 enuntiarit.
734 2755 1031 2824 impietatis
1071 2766 1175 2812 tua:
1205 2756 1318 2813 sola
1347 2755 1677 2828 impudentia
1702 2770 1787 2815 est
1818 2798 1835 2825 ,

241 2858 299 2904 ut
327 2851 611 2904 mentitum
642 2850 712 2905 de
734 2863 801 2905 se
828 2850 998 2907 Deum
1029 2866 1244 2924 arguas.

311 2943 403 3000 26.
440 2942 787 3015 Proprietates
812 2946 911 3013 [itii
938 2946 1006 2999 ad
1038 2963 1223 3003 nomen
1251 2948 1487 3021 adjectw.
1523 2946 1696 3018 Opera
1736 2958 1837 3004 tes-

242 3045 423 3092 tantur
450 3034 619 3106 ﬁlium
638 3052 753 3093 estut
778 3052 907 3095 esse.
935 3067 1005 3079 -—
1024 3038 1361 3107 Quamquam
1396 3041 1556 3110 igitur
1574 3040 1687 3095 sola
1708 3041 1838 3095 sitn-

1940 1917 2191 1982 timonio,
2216 1919 2312 1973 sed
2336 1920 2498 1975 etiam
2540 1923 2609 1992 (ἕ)
2649 1921 2858 1979 'virtotis
2877 1965 2891 1988 ,
2919 1923 3080 1980 docet.
3099 1939 3159 1979 se
3182 1938 3304 1979 esse
3328 1923 3495 1979 lilium
3523 1943 3538 1980 :

1937 2023 2101 2080 opera
2129 2012 2272 2066 enim
2290 2012 2429 2082 ejus,
2455 2027 2575 2084 quae
2601 2013 2746 2079 facit,
2768 2023 3031 2070 tesmntur
3074 2029 3105 2070 a
3135 2015 3295 2071 Patre
3325 2032 3384 2071 se
3408 2016 3540 2072 uiis-

1937 2117 2081 2162 sum.
2128 2105 2364 2175 Quaero,
2397 2121 2558 2177 quam
2600 2122 2715 2163 rem
2763 2122 2926 2177 opera
2978 2108 3284 2174 testentur?
3316 2108 3538 2164 Missum

1939 2210 2171 2267 namque
2206 2212 2349 2253 esse.
2386 2197 2462 2270 (ί)
2484 2198 2666 2270 Itaque
2690 2210 2746 2254 et
2773 2198 2897 2254 Filii
2916 2199 3220 2256 obedientia
3243 2210 3300 2256 et
3318 2212 3542 2271 paterna

1939 2291 2232 2347 auctoritas
2254 2292 2482 2350 docetur
2505 2293 2557 2348 in
2599 2294 2786 2359 misso,
2814 2293 2943 2351 dum
2972 2293 3196 2351 alterius
3216 2309 3382 2365 opera
3411 2310 3536 2353 esse

1940 2399 2049 2441 non
2078 2396 2303 2455 possunt
2336 2400 2459 2455 quze
2486 2386 2652 2453 facit,
2694 2387 2797 2442 nisi
2826 2387 2946 2456 ejus
2976 2389 3067 2457 qui
3101 2388 3299 2444 missa
3319 2403 3349 2442 a
3380 2387 3543 2445 Patre

1939 2478 2029 2534 sit.
2079 2477 2186 2535 Sed
2222 2494 2388 2547 Opera
2430 2494 2536 2534 non
2586 2480 2862 2536 sufﬁciunt
2901 2479 2985 2550 (ὅ)
3011 2480 3087 2554 (Ιι)
3136 2480 3541 2537 incredibilibus

1938 2571 2006 2627 ad
2037 2572 2425 2638 testimonium,
2485 2572 2629 2643 quod
2675 2586 2737 2629 se
2788 2573 2947 2629 Pater
2990 2575 3219 2630 miserit.
3283 2574 3540 2645 Sequitur

1940 2680 2167 2735 namque
2196 2682 2214 2719 :
2243 2663 2316 2720 Et
2337 2666 2426 2737 qui
2453 2666 2591 2720 misit
2632 2683 2714 2722 nte
2746 2664 2922 2734 Pater,
2966 2668 3079 2738 ipse
3118 2667 3423 2738 testiﬁcatus
3464 2678 3541 2725 εει

1939 2759 2003 2812 de
2030 2773 2111 2813 me
2134 2776 2152 2823 ,'
2192 2775 2355 2826 neque
2375 2773 2545 2814 vocem
2569 2760 2683 2829 ejus
2710 2760 2931 2814 audistis
2949 2801 2965 2827 ,
2998 2775 3161 2831 neque
3184 2760 3405 2831 ﬁguram
3426 2765 3541 2833 ejus

1939 2850 2136 2916 vidistis
2163 2848 2369 2922 (Joan.,
2401 2866 2456 2914 v,
2485 2852 2598 2921 37).
2632 2851 2830 2919 Quaero
2866 2851 3012 2921 quod
3042 2854 3410 2907 testimonium
3440 2853 3541 2906 Pa-

1941 2943 2038 2999 tris
2069 2943 2133 3013 (ι)
2161 2942 2230 2998 de
2252 2943 2523 2999 coluerit.
2562 2943 2769 3009 Evolve
2800 2945 3111 3013 evangelica
3159 2944 3453 3009 volumina,
3485 2955 3543 3001 et

1942 3043 2113 3091 totum
2150 3050 2337 3091 eorum
2358 3050 2496 3106 Opus
2531 3051 2774 3094 recense.
2816 3037 2889 3091 Da
2922 3038 3289 3094 testimonium
3340 3038 3537 3107 Patris,

239 3130 364 3201 ptes
403 3127 679 3198 confessio
708 3139 915 3187 natura
952 3134 1168 3187 nomina
1212 3133 1506 3199 ostendat,
1545 3144 1606 3189 ut
1630 3133 1701 3189 de
1728 3151 1836 3206 quo
1947 3138 2145 3201 prater
2167 3144 2332 3200 quam
2360 3130 2501 3201 quod
2541 3130 2783 3185 auditum
2812 3137 2935 3189 est:
2990 3130 3088 3185 ilic
3113 3145 3188 3186 est
3232 3133 3373 3201 ﬁlius
3396 3151 3542 3189 incus

237 3222 446 3281 dictum
467 3230 552 3279 est
578 3240 591 3275 :
630 3221 731 3278 Hic
769 3233 845 3279 est
869 3224 1013 3295 ﬁlius
1051 3241 1212 3291 meus,
1245 3235 1299 3282 et
1333 3225 1404 3284 ad
1433 3241 1597 3296 quem
1624 3228 1828 3285 dictum
1859 3226 1907 3289 C
1935 3222 2175 3289 dilectus,
2201 3224 2257 3277 in
2281 3240 2382 3290 quo
2412 3224 2699 3293 complacui
2716 3222 2959 3292 (Manta.
2988 3239 3068 3288 ut.
3110 3224 3225 3297 t7),
3256 3235 3311 3282 et
3340 3246 3351 3281 :
3385 3225 3463 3281 Tu
3489 3246 3542 3283 es

238 3323 361 3383 est,
391 3312 553 3371 Pater
577 3331 741 3383 meus,
768 3313 874 3373 hoc
900 3316 1012 3371 sint
1037 3315 1181 3388 quod
1213 3329 1623 3387 nuncupantur:
1652 3327 1831 3375 tamen
1937 3317 2080 3388 ﬁlius
2105 3333 2248 3372 meus
2272 3316 2490 3388 (item,
2510 3334 2548 3382 ι,
2576 3318 2685 3385 lt).
2711 3316 2826 3373 Hoc
2845 3317 3082 3373 Joannes
3113 3320 3235 3375 licet
3258 3334 3365 3375 non
3391 3322 3542 3391 igua-

238 3422 311 3463 ne
336 3416 430 3462 aut
454 3408 763 3480 adoptionis
792 3408 847 3465 in
873 3408 913 3464 F
920 3410 1011 3466 ilio
1037 3424 1236 3466 nomen
1280 3411 1373 3477 sit,
1401 3420 1493 3466 aut
1525 3411 1747 3468 honoris
1777 3415 1831 3467 in
1940 3422 2037 3463 rus
2057 3408 2284 3474 audivit,
2335 3419 2511 3472 tatuen
2542 3408 2610 3463 ad
2657 3409 2960 3466 doctrinam
3002 3418 3244 3465 nostram
3297 3423 3538 3483 paterna:

240 3501 401 3559 Patre
420 3544 437 3557 .
467 3500 751 3558 videamus
779 3519 897 3574 qua:
923 3502 1005 3575 (ἀ)
1036 3504 1392 3574 proprietates
1419 3520 1515 3575 per
1538 3505 1734 3562 Filium
1764 3506 1834 3562 ad
1938 3502 2091 3557 vocis
2120 3503 2488 3557 testiinonium
2530 3502 2761 3557 mittitur
2794 3522 2807 3556 :
2840 3518 2939 3557 nec
2969 3505 3072 3558 hoc
3099 3503 3319 3559 sufﬁcit.
3377 3504 3540 3560 Joan-

241 3597 336 3653 alii
354 3611 553 3654 nomen
577 3596 804 3668 adjecta
828 3598 956 3652 sint.
989 3597 1075 3651 Αιι
1103 3615 1118 3652 :
1144 3595 1333 3653 Omnia
1357 3598 1486 3653 mihi
1505 3599 1698 3654 tradita
1716 3610 1834 3655 sunt
1941 3607 2040 3648 nes
2068 3593 2285 3661 quidem
2326 3593 2381 3649 iu
2422 3593 2642 3649 deserto
2670 3594 2864 3665 dignus
2894 3593 2994 3648 hac
3041 3609 3173 3650 voce
3202 3606 3306 3660 est.
3349 3595 3445 3652 sed
3484 3607 3543 3653 ct

237 3707 272 3746 ο
305 3689 462 3745 Patre
500 3704 629 3754 meo,
658 3699 710 3745 et
738 3705 886 3744 nano
928 3689 1064 3743 novit
1092 3687 1287 3744 Filiam
1315 3689 1416 3743 nisi
1446 3688 1607 3746 Pater
1628 3731 1643 3756 ,
1675 3708 1838 3764 neque
1939 3687 2172 3757 apostoli
2210 3686 2288 3759 (tt)
2326 3697 2434 3742 non
2465 3686 2683 3745 fuerunt
2710 3688 2869 3758 hujus
2891 3692 3184 3746 testimonii
3216 3691 3539 3749 auctoritate

240 3781 457 3847 partem
478 3785 592 3853 qui.
617 3784 758 3839 ηουει
785 3784 885 3838 ηξοί
910 3781 1100 3847 nam,
1123 3793 1171 3838 ει
1196 3784 1279 3837 cui
1308 3783 1521 3840 νοιιαξι
1557 3782 1723 3839 Fui...
1749 3802 1832 3838 γε.
1944 3778 2213 3848 privandi.
2246 3778 2448 3833 Eadem
2475 3779 2543 3835 de
2571 3781 2713 3836 cmlo
2738 3781 2804 3836 ad
2827 3796 2923 3837 eos
2965 3797 3071 3835 vox
3094 3782 3247 3837 adest
3280 3802 3294 3835 :
3323 3786 3419 3839 sed
3446 3799 3542 3839 ac-

238 3874 408 3931 selare
439 3872 653 3943 (lauit.
686 3888 747 3942 tt,
776 3874 894 3944 27).
925 3874 1008 3930 Ad
1062 3873 1114 3927 id
1158 3873 1301 3944 quod
1325 3873 1530 3930 dictant
1570 3890 1651 3930 est
1688 3893 1700 3928 :
1736 3874 1835 3929 Hic.

238 3976 316 4020 est
352 3965 496 4036 ﬁlius
511 3981 675 4032 naeus,
694 3975 749 4021 et
779 3964 937 4019 Pater
957 3981 1122 4030 mens,
1148 3973 1399 4019 utrumne
1420 3966 1521 4020 sibi
1542 3968 1830 4021 convenit:

241 4055 412 4112 Nemo
439 4056 577 4112 novit
600 4054 793 4110 Filium
822 4056 925 4111 nisi
947 4064 1112 4125 pater,
1145 4071 1305 4125 neque
1332 4052 1541 4110 Patrem
1562 4057 1678 4125 quis
1696 4057 1833 4110 novit

237 4151 342 4205 nisi
371 4148 588 4204 Filius?
613 4148 731 4205 Non
776 4149 920 4205 enim
954 4149 1054 4203 nisi
1083 4162 1178 4218 per
1208 4158 1447 4203 mutuam
1478 4148 1549 4221 (e)
1583 4151 1835 4206 testifica-

239 4244 446 4297 tiouem
483 4242 738 4314 cognosci
766 4241 849 4296 vel
878 4256 973 4311 per
1014 4240 1230 4296 Patrem
1262 4239 1429 4296 Filius
1451 4279 1468 4307 ,
1518 4241 1599 4297 vel
1627 4256 1723 4311 per
1743 4241 1833 4297 [θί-

240 4333 370 4389 lium
394 4332 555 4391 Pater
576 4333 774 4404 potuit.
797 4331 915 4389 Vos
940 4348 971 4389 e
990 4332 1144 4389 caelis
1167 4343 1252 4388 est
1279 4351 1291 4387 :
1318 4347 1503 4389 sermo
1522 4334 1689 4391 etiam
1716 4332 1838 4390 Filii

338 4493 394 4560 ι)
430 4490 687 4547 Vindicet.

334 4563 395 4633 ε)
426 4560 692 4635 ΡνοῙταὶο
723 4562 893 4635 ﬁdelis
910 4571 1005 4620 est.

339 4636 394 4706 3)
420 4632 787 4707 Proprietates.

315 4770 392 4843 (α)
419 4769 543 4845 Par.
596 4786 732 4845 cuni
760 4772 1144 4845 vetustioribus
1172 4786 1304 4830 mss.
1334 4770 1516 4841 Colb.,
1544 4770 1754 4845 Remig.
1786 4782 1843 4829 et

244 4840 431 4897 Curru.
445 4885 459 4905 .
486 4840 661 4899 lestmt
692 4841 972 4899 Christum.

317 4914 397 4985 (li)
425 4914 616 4970 Επειιεί
648 4954 665 4980 .
699 4926 936 4971 naturain
957 4916 1207 4972 vocabuli.
1234 4915 1454 4971 Rectius
1473 4931 1604 4985 mss:
1623 4916 1841 4972 vocabit»

243 4976 337 5069 lis;
362 4976 549 5069 supine
576 4976 879 5069 signiﬁcari.
911 4987 1002 5069 Sic
1025 4990 1117 5069 lib:
1149 5004 1188 5055 ι,
1220 5004 1369 5043 nunt.
1411 4986 1472 5042 21
1501 5007 1515 5042 :
1554 4976 1726 5058 Neque
1751 5003 1837 5042 vo-

243 5056 441 5131 cabulis
464 5056 852 5131 intelligentiam
871 5058 1211 5131 confundant.

318 5125 391 5199 (c)
419 5126 477 5182 In
526 5125 654 5199 mss:
696 5126 879 5194 Culb.,
909 5125 1087 5197 Mam,
1118 5130 1281 5185 Corb.
1315 5139 1370 5184 et
1409 5130 1558 5195 aliis,
1588 5128 1841 5199 professio

246 5197 418 5270 uno
444 5207 536 5253 est.
565 5197 622 5256 lu
648 5200 808 5256 Caro.
834 5202 1084 5272 professio
1113 5200 1243 5272 fides
1272 5211 1367 5259 est.
1398 5200 1454 5256 ln
1487 5200 1610 5256 aliis
1636 5197 1808 5255 tribus
1828 5239 1844 5265 ,

246 5273 498 5343 professio
648 5280 745 5329 est.

322 5341 406 5412 (tt)
450 5341 564 5397 Vat.
614 5343 729 5415 bas.
788 5355 892 5398 ms.
939 5344 1318 5415 professiones:
1346 5344 1435 5413 qui
1479 5342 1639 5398 etiam
1685 5342 1844 5411 paulo

246 5425 373 5468 ante
398 5414 581 5486 habet,
605 5414 977 5483 professionum
1004 5415 1216 5470 nomina
1249 5424 1552 5486 sequuntur,
1584 5429 1689 5469 nou
1717 5431 1840 5484 pro-

249 5485 487 5555 prietatis
516 5488 723 5541 nonsina
744 5496 1047 5555 sequantur.

322 5557 397 5629 (e)
418 5556 473 5631 ln
503 5557 694 5631 eodem
720 5556 906 5614 codice
939 5571 1147 5615 necnon
1177 5558 1332 5614 Mart.
1364 5557 1794 5631 signiﬁcationem
1822 5574 1836 5611 τ

1942 3872 2144 3942 cipiunt
2170 3872 2288 3939 plus
2312 3871 2540 3928 Joanne.
2565 3873 2803 3929 Joannes
2828 3876 2970 3931 enim
2993 3876 3103 3944 jam
3135 3876 3203 3931 ab
3235 3888 3391 3933 utero
3416 3892 3530 3945 pro-

1942 3963 2174 4033 phetans
2219 3982 2327 4022 non
2353 3969 2499 4037 eguit
2532 3968 2629 4023 hac
2677 3984 2807 4023 voce
2843 3988 2853 4022 :
2888 3969 3040 4023 llum:
3068 3971 3264 4024 audite.
3310 3971 3539 4026 Audiam

1945 4058 2150 4127 plane:
2201 4073 2301 4114 nec
2337 4074 2660 4129 quemquam
2707 4072 2901 4128 praeter
2946 4062 3089 4117 hunc
3136 4063 3389 4129 audiam,
3438 4065 3542 4119 nisi

1943 4164 2066 4203 eum
2094 4149 2184 4216 qui
2229 4149 2462 4206 audierit
2503 4162 2561 4206 ut
2588 4151 2830 4208 doceret.
2865 4152 2919 4208 Si
2963 4154 3166 4209 nullum
3196 4154 3339 4209 aliud
3365 4154 3542 4209 Patris

1942 4241 2012 4298 de
2036 4240 2175 4297 Filio
2202 4245 2569 4300 testimonium
2596 4254 2773 4301 exstat
2798 4245 2851 4301 in
2880 4248 3054 4313 libris,
3090 4263 3250 4319 quam
3278 4250 3423 4319 quod
3454 4249 3542 4303 hic

1945 4333 2090 4390 filius
2116 4349 2246 4391 suus
2272 4335 2346 4391 sit
2372 4354 2387 4391 :
2415 4338 2709 4394 testimonii
2735 4338 2897 4409 hujus
2921 4343 3121 4396 veritas
3146 4350 3250 4405 est,
3274 4352 3333 4399 ut
3376 4356 3541 4413 opera

2013 4492 2095 4568 (ξ)
2126 4492 2226 4568 ,με
2250 4493 2454 4568 diserte
2476 4495 2737 4566 scriptum
2762 4506 2849 4553 est
2876 4498 2930 4553 in
2958 4506 3147 4553 nostro
3171 4495 3378 4555 codice.

2012 4563 2097 4633 (⁷5)
2129 4563 2161 4619 1
2162 4566 2445 4622 ncredulis.

1858 4618 1913 4680 Ι)
2010 4618 2094 4712 (65
2126 4618 2500 4710 uanitas...

2020 4773 2114 4858 (Ιιλ
2133 4774 2737 4858 Esemplar_\fat.__bas.,
2776 4788 2831 4832 ut
2853 4780 3081 4858 faciam,
3110 4780 3312 4858 omisso
3347 4778 3546 4837 deinde

1947 4862 2067 4909 qua:
2084 4848 2261 4918 facio:
2296 4848 2436 4917 quod
2472 4850 2524 4902 in
2562 4848 2715 4903 Mart.
2753 4848 3254 4918 pariteromittitur.

2025 4918 2089 4989 ti)
2136 4918 2311 4988 Apud.
2356 4918 2484 4973 Bad.
2518 4930 2571 4974 et
2605 4919 2694 4973 Er.
2732 4930 2789 4974 ut
2812 4922 2866 4975 in
2903 4935 3205 4977 recentiore
3232 4937 3334 4977 ms.
3362 4922 3544 4987 (Tolb.,

1949 4990 2194 5065 veritatis.
2231 4989 2289 5043 lo
2319 4992 2603 5065 mss.__‘1at.
2631 4990 2745 5065 bas.
2772 5004 2825 5065 et
2854 4992 3350 5065 Mart.,uirtutibus.
3380 4993 3547 5065 Magis

1951 5060 2267 5132 placetcum
2293 5062 2412 5114 aliis
2442 5062 2613 5125 libris,
2642 5064 2866 5126 uirtutis,
2895 5064 3084 5132 supple
3113 5065 3418 5119 testimonio.

2025 5130 2092 5200 (ἱ)
2114 5130 2439 5205 Particul-irn
2462 5134 2631 5201 itaque
2646 5149 2931 5205 perperam
2959 5130 2988 5188 ἐι
3018 5134 3202 5205 Lipsio
3222 5148 3545 5204 expunetam

1950 5205 2283 5257 restituimus
2310 5216 2375 5258 ex
2408 5202 2536 5257 Bad.
2561 5246 2577 5268 ,
2622 5204 2710 5261 Er.
2736 5202 2788 5259 et
2815 5220 2949 5261 mss.

2023 5272 2099 5344 (k)
2132 5272 2275 5341 Lips.
2297 5274 2647 5344 cumaliqnot
2674 5291 2803 5331 mss.
2833 5275 3135 5331 incredulis.
3164 5276 3234 5329 At
3262 5275 3418 5344 Bad.,
3451 5277 3522 5332 Er

1946 5353 2003 5400 et
2034 5343 2152 5399 Par.
2179 5360 2300 5400 cum
2331 5343 2652 5413 potioribus,
2676 5347 3060 5402 incredibilibus
3085 5367 3098 5398 :
3123 5343 3409 5409 sincerius,
3438 5352 3540 5404 etsi

1945 5431 2054 5471 non
2082 5416 2187 5469 alio
2212 5430 2391 5471 sensu.
2428 5418 2517 5487 Sic
2553 5419 2603 5471 in
2628 5418 2815 5473 Matth.
2842 5460 2856 5481 ,
2899 5434 2947 5473 c.
2974 5434 3102 5481 svn.
3134 5435 3187 5471 ιι.
3218 5418 3272 5480 6.
3304 5420 3544 5487 Apostoli

1944 5488 2211 5561 generatio
2258 5486 2574 5561 incredibilis
2620 5499 2667 5540 et
2718 5506 2953 5559 peruersa
3014 5500 3385 5559 nuncupantur
3447 5492 3554 5545 lia-

1951 5562 2074 5616 dem
2108 5575 2209 5613 vox
2246 5560 2449 5632 eadem
2511 5561 2719 5615 ratione
2766 5562 2824 5615 in
2859 5561 3077 5632 Vulgata
3124 5572 3305 5632 nostra
3354 5563 3549 5615 usitata

248 5643 350 5682 vos
381 5630 561 5685 minus
588 5628 810 5698 diserta.
1415 5628 1427 5631 ⁷
1951 5640 2059 5696 est,
2108 5640 2164 5684 ut
2205 5630 2391 5686 videre
2432 5639 2514 5686 est
2562 5632 2721 5686 Eccli.
2761 5653 2800 5698 ι,
2849 5628 3053 5695 562'",
3091 5632 3190 5696 l8;
3251 5631 3459 5687 Buruclt
3511 5650 3545 5695 ι,

321 5698 394 5771 (η
429 5698 492 5775 |n_
514 5715 645 5775 mss.
676 5697 797 5775 haec
840 5714 941 5757 vos
971 5701 1043 5757 ita
1074 5700 1313 5774 pingitur
1335 5743 1351 5771 ,
1402 5708 1462 5758 ut
1478 5703 1571 5775 jus
1601 5713 1755 5770 atque
1780 5714 1846 5757 ac
1957 5702 2046 5768 l9,
2077 5711 2165 5775 etc
2378 5771 2425 5775 __
2572 5772 2584 5775 _
2614 5774 2620 5775 ί
3184 5742 3187 5745 -

248 5770 782 5846 vispossitadmittl.
855 5844 895 5846 __
1077 5770 1093 5774 ⁷
1172 5770 1193 5774 ⁷
1286 5844 1294 5846 Α
1337 5770 1341 5771 ⁷
1478 5770 1493 5775 ⁷
1704 5842 1714 5846 _
1783 5842 1794 5846 _
2035 5773 2101 5844 (Ι)
2148 5772 2207 5828 1η
2242 5788 2343 5827 ms.
2378 5771 2533 5846 Mart.
2572 5772 2657 5828 hic
2711 5775 2985 5839 occurrit,
3031 5786 3217 5846 prater
3236 5790 3388 5844 quam
3415 5773 3556 5842 quod

322 5842 402 5914 ty)
435 5840 601 5912 Edlti,
624 5858 740 5914 aure
764 5842 816 5898 in
844 5844 923 5900 liis
960 5844 1089 5910 ﬁdes
1115 5862 1127 5900 :
1165 5844 1493 5916 castigantur
1517 5858 1581 5898 es
1612 5842 1845 5915 scriptis.
1961 5840 2198 5899 auditum
2228 5860 2325 5913 est,
2353 5845 2496 5913 quod
2524 5862 2588 5901 ex
2618 5846 2873 5913 subjectis
2904 5840 3115 5902 videiur
3143 5840 3474 5914 expresso-ii.
