4316 6480
660 311 766 370 185

1879 315 2121 373 SANC’I‘I
2163 315 2415 374 lllLARll
2454 316 2763 377 EPISCOPI

3861 328 3966 385 184

654 433 705 485 ci
728 473 749 498 ,
771 438 825 487 et
847 428 1078 497 adesse,
1110 437 1319 486 tantum
1348 445 1378 485 a
1407 444 1469 486 se
1495 439 1723 502 uterque
1769 445 1953 486 sermo
1987 432 2251 489 discerni-
2279 440 2332 495 Α
2357 434 2453 488 hoc
2473 435 2727 490 credimus
2749 436 2871 502 quia
2892 454 2923 492 ιι
2953 435 3063 491 Deo
3101 440 3249 492 misti
3298 437 3479 510 (Jotm.
3516 455 3631 508 xvi,
3658 438 3775 513 29).
3808 442 3960 512 Quae,

660 538 762 579 tur.
793 523 928 579 Cum
955 524 1100 579 aliud
1140 526 1214 579 sit
1257 540 1288 579 a
1323 525 1434 580 Deo
1464 528 1517 579 in
1549 525 1905 581 subsuntiam
1963 528 2259 583 nativitatis

655 619 866 683 exisse,
895 618 1039 672 aliud
1070 628 1207 674 esta
1238 618 1401 673 Patre
1432 619 1483 674 in
1515 619 1659 675 hunc
1699 622 1958 676 mundum
2013 622 2079 677 ad
2124 635 2259 677 con-

655 710 978 770 summanda
1002 710 1193 765 salutis
1222 722 1423 766 nostra:
1452 727 1794 769 sacramenta
1817 716 2052 771 venisse.

733 805 820 862 32.
851 803 1084 861 Christus
1113 806 1177 861 ab
1197 807 1450 875 apostolis
1491 809 1634 875 ﬁlius
1687 826 1753 864 ex
1805 820 1996 864 natura
2050 826 2150 864 non
2200 825 2261 865 ex

658 901 939 967 adeptione
967 899 1213 955 creditus.
1236 929 1309 941 —
1334 900 1403 954 Et
1427 901 1645 969 quidem
1676 904 1976 959 secundum
2007 904 2261 976 proposi-

663 1004 728 1047 tae
755 1010 784 1047 a
831 994 987 1048 nobis
1045 993 1422 1063 responsionis
1468 995 1712 1049 ordinem
1765 996 2264 1064 opportunissimus

664 1088 751 1142 llic
782 1086 941 1141 nobis
970 1086 1122 1141 locus
1148 1096 1272 1153 est,
1303 1095 1361 1140 ut
1392 1088 1554 1141 tertio
1586 1103 1727 1141 nunc
1753 1086 2048 1142 doceamus
2093 1086 2263 1142 ﬁlium

665 1180 757 1233 Dei
812 1178 1095 1233 Dominum
1126 1188 1371 1234 nostrum
1393 1179 1579 1235 Jesum
1612 1179 1885 1234 Christum
1910 1180 1979 1233 ab
2006 1181 2268 1251 apostolis

662 1274 926 1328 creditum
962 1270 1039 1346 (a)
1068 1288 1173 1328 non
1206 1289 1272 1327 ex
1297 1274 1732 1343 nuncupatione,
1766 1274 1863 1328 sed
1916 1290 1983 1329 ex
2034 1282 2221 1327 natura
2249 1290 2263 1339 ;

669 1384 842 1437 neque.
866 1382 931 1421 ex
962 1368 1255 1437 adoptione
1276 1408 1291 1433 ,
1326 1367 1423 1421 sed
1452 1382 1521 1421 ex
1567 1367 1865 1421 nativitate.
1927 1366 2265 1437 Quamquam

671 1463 815 1514 enim
841 1461 1021 1529 plures
1047 1470 1101 1514 et
1128 1460 1202 1531 (b)
1232 1462 1479 1515 maxima:
1508 1458 1683 1513 adhuc
1710 1458 1970 1529 unigeniti
1998 1459 2065 1514 de
2089 1472 2150 1513 se
2175 1458 2267 1512 Dei

663 1562 881 1607 exstent
914 1552 1283 1620 professiones
1307 1594 1322 1618 ,
1349 1552 1543 1622 quibus
1569 1552 1934 1620 generationis
1959 1566 2073 1606 sua:
2132 1550 2269 1605 veri-

667 1656 832 1701 tatem
862 1648 979 1699 sine
1010 1646 1114 1699 levi
1144 1645 1337 1699 saltem
1394 1645 1757 1700 ementiendae
1802 1646 1927 1698 licet
1985 1644 2271 1698 calumnia:

664 1738 953 1792 occasione
986 1745 1217 1792 testetur
1244 1756 1255 1789 :
1280 1745 1458 1791 tamen
1492 1736 1646 1809 157
1670 1737 1796 1806 quia
1850 1752 2025 1807 neque
2086 1736 2269 1807 legen-

2363 543 2513 598 rogo,
2541 527 2658 583 lnee
2683 530 2834 585 verbi
2866 529 3027 599 hujus
3054 530 3342 585 admiratio
3390 542 3496 598 est,
3529 532 3672 602 quod
3698 548 3759 587 se
3787 534 3968 590 exisse

2360 634 2390 672 a
2418 618 2528 674 Deo
2556 619 2831 689 professus
2869 620 2980 676 sit?
3008 621 3179 679 Tanta
3225 633 3281 680 et
3309 634 3417 679 tam
3466 623 3576 679 Deo
3604 624 3821 695 prepria
3847 640 3961 693 vos,

2364 726 2397 764 ο
2425 714 2594 767 sancti
2618 720 2674 766 et
2698 712 2840 767 beati
2872 714 2992 779 viri,
3020 725 3075 770 et
3103 716 3175 771 ob
3204 716 3328 771 ﬁdei
3352 724 3545 772 vestra
3571 720 3825 773 meritum
3847 717 3965 773 cla-

2338 819 2460 861 ~ves
2485 804 2564 877 (ι’)
2598 808 2747 875 regni
2778 808 3041 865 etelorum
3088 811 3287 878 sortiti,
3317 819 3373 866 et
3402 811 3602 881 ligandi
3628 826 3694 867 ac
3719 811 3967 867 solvendi

2367 898 2421 951 in
2434 899 2574 954 cmlo
2594 911 2647 954 et
2677 901 2727 953 in
2762 910 2902 955 terra
2915 902 3003 971 jus
3021 901 3222 972 adepti,
3254 914 3405 975 gesta
3423 918 3545 959 esse
3573 919 3666 974 per
3681 904 3968 959 Dominum

2368 1000 2609 1045 nostrum
2633 991 2815 1048 lesum
2845 994 3119 1051 Christum
3171 998 3260 1053 Dei
3292 996 3459 1051 ﬁlium
3492 997 3747 1054 videralis
3775 1018 3789 1051 ε
3818 1009 3873 1053 et
3900 997 3969 1052 ad

2370 1083 2444 1151 id,
2476 1084 2618 1154 quod
2640 1100 2668 1138 a
2697 1087 2805 1142 Deo
2830 1086 3009 1143 exisse
3030 1102 3091 1142 se
3116 1086 3271 1155 dixit,
3304 1103 3445 1144 nunc
3477 1091 3706 1159 primum
3738 1104 3837 1146 vos
3858 1088 3970 1146 veri

2370 1175 2782 1247 intelligentiam
2810 1177 3025 1247 assequi
3054 1179 3456 1248 protestamini?
3477 1178 3752 1237 Videntis
3781 1182 3967 1253 utique

2372 1270 2641 1341 nuptiales
2686 1285 2876 1341 aquas,
2928 1272 3004 1343 (g)
3046 1281 3100 1327 et
3128 1272 3345 1328 easdem
3379 1274 3618 1344 nuptiale
3660 1275 3869 1342 vinum,
3918 1285 3977 1337 et

2371 1376 2577 1417 numne
2602 1363 2654 1417 in
2680 1373 2924 1418 naturam
2948 1364 3030 1419 vel
3053 1363 3502 1432 demutationem,
3530 1368 3614 1422 vel
3646 1367 3971 1437 proiectum,

2372 1455 2456 1510 vel
2485 1456 2814 1513 creationem
2857 1456 3037 1528 (Joan.
3070 1459 3152 1531 tt).
3196 1459 3448 1529 Quinque
3478 1460 3643 1516 etiam
3692 1475 3859 1529 panes
3905 1461 3972 1515 ad

2371 1548 2553 1603 cibum
2582 1554 2745 1603 tanta:
2776 1547 3136 1604 multitudinis
3182 1548 3487 1619 fregeratis,
3537 1560 3594 1606 et
3618 1552 3831 1608 satiatis
3855 1566 3976 1608 om-

2380 1641 2537 1696 nibus
2581 1642 2635 1697 in
2685 1642 3076 1712 plenitudinem
3131 1640 3418 1698 duodecim
3448 1642 3806 1713 cephinorum
3837 1645 3980 1715 frag-

2378 1746 2560 1789 menta
2591 1733 2672 1807 (It)
2704 1734 2784 1805 (2)
2827 1749 3023 1806 panum
3054 1744 3357 1803 creverant,
3389 1743 3445 1790 et
3490 1744 3699 1792 natura:
3745 1737 3980 1807 parvitas

670 1831 802 1885 tium
833 1829 1144 1884 onerandus
1196 1836 1283 1885 est
1329 1844 1523 1883 sensus
1553 1828 1893 1884 cencervatis
1937 1827 2007 1882 ad
2059 1828 2271 1898 copiam
2302 1845 2351 1906 Β
2378 1826 2574 1881 famem
2616 1827 2824 1896 pellens
2865 1827 3165 1897 proiecerat
3205 1826 3259 1881 in
3308 1827 3469 1900 158
3495 1828 3740 1897 ejusdem
3764 1828 3975 1897 cupiam

667 1924 859 1987 dictis,
884 1930 938 1975 et
958 1936 1077 1975 cum
1105 1922 1218 1991 jam
1253 1922 1511 1975 nonnulla
1559 1921 1629 1975 de
1659 1920 1991 1991 proprietate
2022 1920 2273 1974 nativita-

666 2016 736 2069 tis
766 2026 983 2069 ostensa
1013 2014 1120 2068 sint
1142 2056 1156 2079 ,
1178 2024 1375 2068 caetera
1398 2016 1581 2068 omnia
1611 2013 1732 2069 aliis
1758 2024 1921 2068 erunt
1949 2013 2271 2085 qumstioui-

668 2108 769 2161 bus
793 2106 1141 2161 reservanda.
1177 2104 1331 2168 Nunc
1361 2121 1492 2161 vero
1516 2105 1640 2175 quia
1671 2106 1758 2160 hic
1787 2105 2062 2160 sermonis
2090 2105 2265 2159 nostri

670 2200 807 2254 ordo
839 2200 1117 2255 institutus
1144 2208 1230 2255 est
1251 2240 1264 2264 ,
1315 2207 1375 2254 ut
1402 2206 1528 2270 post
1575 2197 1754 2253 Patris
1781 2197 2236 2254 contestationetn
2257 2236 2273 2263 ,

671 2306 796 2363 post
820 2295 937 2348 Filii
964 2294 1393 2363 professionem,
1453 2291 1527 2364 (ι)
1576 2290 1684 2347 ﬁde
1736 2307 1957 2363 quoque
1985 2291 2277 2363 Apostolo-

676 2404 798 2443 rum
847 2390 915 2443 de
956 2402 1084 2443 vero
1130 2396 1187 2442 et
1239 2386 1536 2442 secundum
1586 2385 1920 2441 nativitatem
1972 2384 2279 2440 conﬁtendo

680 2480 774 2538 Dei
821 2481 929 2535 ﬁlio
957 2482 1314 2543 doceremur,
1349 2480 1640 2534 videndum
1663 2488 1749 2532 est
1773 2521 1787 2544 ,
1819 2492 1886 2531 an
1918 2479 1971 2532 in
2028 2492 2095 2532 eo
2135 2476 2282 2548 quod

679 2574 754 2627 ait
784 2573 1044 2628 Dominus
1073 2618 1082 2636 ,
1108 2570 1192 2626 Ea:
1224 2570 1334 2625 Deo
1363 2572 1495 2625 exivi
1517 2614 1532 2636 ,
1563 2570 1710 2625 aliud
1738 2571 1791 2625 in
1824 2585 1891 2625 eo
1926 2568 2131 2641 aliquid
2180 2583 2281 2640 po-

678 2659 970 2739 tius'quam
1002 2678 1249 2722 naturam
1283 2666 1648 2721 intellexerint
1671 2665 1991 2721 nativitatis.

744 2762 835 2817 53.
882 2761 1019 2828 Quid
1044 2764 1110 2814 stt
1136 2760 1273 2830 quod
1295 2763 1521 2827 primum
1544 2761 1755 2815 credunt
1776 2776 1889 2814 eum
1909 2754 2075 2813 a‘Deo
2096 2759 2275 2814 exisse.

673 2884 744 2895 —-
775 2854 899 2908 Post
931 2855 1128 2909 inultas
1177 2868 1409 2925 namque
1442 2853 1851 2922 proverbiorum
1897 2852 2277 2918 obscuritates,

673 2945 870 3015 quibus
914 2945 966 2998 in
997 2945 1267 3014 parabolis
1294 2945 1504 3000 locutus
1552 2955 1732 3011 esset,
1778 2959 1941 3013 quem
1979 2946 2091 3014 jam
2124 2952 2283 3001 antea

674 3039 951 3095 Christum
977 3039 1219 3095 sciebant
1238 3041 1620 3093 annuntiatum
1642 3054 1670 3091 a
1698 3038 1879 3109 Moyse
1905 3047 1961 3092 et
1984 3038 2281 3108 prophetis,

676 3130 992 3186 confessum
1019 3146 1235 3202 quoque
1254 3146 1285 3187 a
1311 3130 1614 3187 Natbanael
1638 3141 1694 3186 et
1715 3130 1809 3185 Dei
1831 3131 2001 3186 ﬁlium
2027 3139 2079 3186 et
2102 3146 2284 3202 regem

2376 1928 2581 1972 natur-.e
2610 1915 2823 1989 (Matth.
2858 1917 2997 1987 xxv).
3046 1916 3358 1975 Reviruisse
3399 1934 3593 1974 manus
3642 1920 3825 1976 aridas
3848 1935 3981 1976 con-

2375 2010 2715 2085 spexeratis,
2746 2019 2803 2066 et
2833 2011 2888 2066 in
2912 2028 3098 2067 vocem
3131 2022 3401 2067 mutorum
3429 2012 3641 2084 linguas
3670 2015 3898 2081 solutas,
3927 2023 3987 2069 et

2376 2104 2433 2159 in
2474 2118 2695 2159 cursum
2739 2102 3054 2159 dandorum
3105 2105 3272 2176 pedes
3321 2106 3565 2172 alacres,
3612 2115 3670 2163 et
3715 2120 3983 2164 morum

2377 2198 2565 2253 oculos
2608 2207 2922 2267 cernentes,
2956 2206 3012 2253 et
3040 2209 3379 2255 mortuorum
3427 2201 3567 2256 vitas
3607 2210 3977 2259 revertentes.

2380 2290 2600 2349 Ftetens
2623 2290 2859 2349 martis
2886 2294 3209 2350 constiterat
3235 2295 3303 2351 ad
3334 2310 3545 2363 vocem,
3584 2305 3641 2353 et
3673 2312 3706 2371 e
3734 2298 3983 2369 sepulcro

2381 2392 2625 2447 vocatus,
2652 2384 2802 2440 nullo
2832 2385 3115 2442 intervallo
3134 2387 3285 2443 vocis
3307 2397 3361 2443 et
3388 2388 3532 2473 vitai,
3559 2388 3624 2459 (il
3645 2389 3788 2445 citus
3811 2390 3984 2448 fuerat

2382 2489 2653 2548 egressus,
2685 2487 2740 2531 et
2759 2476 2937 2535 adhuc
2957 2480 3184 2535 odorem
3215 2481 3405 2536 mortis
3436 2481 3489 2537 in
3519 2495 3738 2539 sensum
3772 2485 3984 2541 narium

2384 2571 2579 2640 spiritu
2609 2580 2826 2642 agente,
2882 2573 2999 2643 ipse
3035 2573 3145 2643 jam
3175 2573 3329 2631 vivus
3358 2574 3638 2631 adstiterat
3678 2574 3861 2651 (Joan.
3909 2594 3988 2647 xt,

2381 2660 2500 2733 44).
2532 2661 2713 2718 Taceo
2739 2663 2808 2721 de
2853 2666 3063 2722 czeteris
3093 2680 3406 2737 magnarum
3452 2668 3708 2724 virtutum
3756 2678 3815 2726 et
3855 2670 3993 2727 divi-

2384 2770 2577 2811 narum
2603 2758 3030 2828 operationibus.
3059 2758 3212 2815 Nunc
3256 2775 3388 2832 ergo
3417 2760 3649 2831 primum
3682 2761 3992 2834 iutelligitls

2386 2857 2475 2925 qui
2505 2854 2574 2909 sit
2604 2852 2690 2907 hic
2739 2855 2939 2909 missus
2990 2868 3021 2909 e
3048 2852 3222 2919 uelis,
3274 2864 3558 2927 postquam
3609 2856 3836 2911 audistis
3866 2875 3878 2911 :
3912 2855 3990 2914 De

2388 2946 2551 3002 Patre
2574 2946 2704 3000 exivi
2720 2946 2747 2999 .’
2777 2946 2843 3001 Et
2869 2948 2971 3001 hoc
2991 2946 3145 3001 vobis
3172 2947 3400 3016 primum
3420 2948 3534 3018 jam
3558 2948 3676 3003 sine
3696 2948 3992 3021 proverbio

2386 3041 2591 3096 dictum
2612 3048 2717 3110 est,
2738 3050 2793 3096 et
2825 3055 2920 3109 per
2944 3050 3151 3097 natura;
3178 3039 3435 3097 virtutem
3468 3042 3768 3114 intelligitis
3799 3059 3989 3099 verum

2389 3147 2508 3189 esse
2533 3133 2676 3205 quod
2705 3148 2736 3187 a
2767 3132 2876 3189 Deo
2918 3133 3105 3199 exivit,
3132 3148 3255 3188 cum
3283 3133 3619 3190 voluntatum
3650 3134 3729 3209 (3)
3757 3133 3831 3210 (j)
3865 3152 3986 3193 ves-

676 3226 840 3283 lsrael
887 3226 1065 3298 (locu.
1098 3242 1137 3289 ι,
1168 3225 1285 3296 49),
1337 3224 1624 3296 objurgato
1661 3224 1828 3280 etiam
1855 3223 2126 3296 Philippo,
2159 3238 2281 3279 cum
2307 3227 2355 3290 C
2390 3234 2591 3282 trarum
2612 3223 2965 3300 cogitationes
2994 3228 3187 3284 tacitus
3207 3226 3609 3294 iutuetur,cum
3637 3226 3714 3301 (lt)
3737 3227 3809 3283 de
3832 3230 3993 3285 nullis

672 3322 746 3375 de
772 3319 932 3374 Patre
958 3330 1251 3390 quaereret,
1283 3332 1380 3372 cur
1410 3332 1507 3387 per
1530 3331 1758 3387 operum
1782 3318 2035 3371 virtutem
2067 3316 2283 3371 Patrem

675 3415 730 3468 in
759 3426 818 3466 se
849 3409 929 3483 (l)
961 3410 1043 3485 (ά)
1069 3427 1192 3467 esse
1216 3420 1271 3466 et
1290 3426 1350 3466 se
1376 3411 1429 3465 in
1460 3410 1619 3465 Patre
1646 3410 1824 3466 inesse
1848 3411 2108 3477 nesciret,
2133 3425 2288 3466 cum-

674 3521 784 3575 que
810 3522 871 3561 se
901 3522 932 3560 a
963 3505 1123 3561 Patre
1164 3505 1388 3560 missum
1434 3504 1809 3574 frequentibus
1836 3504 1996 3559 dictis
2025 3514 2149 3558 ante
2188 3503 2288 3559 do-

678 3600 881 3654 cuisset
909 3599 1089 3669 (loan.
1137 3614 1247 3665 xiv,
1278 3598 1442 3668 9-l‘2)
1481 3616 1493 3652 :
1549 3606 1727 3654 tamen
1777 3613 1900 3653 cum
1941 3597 2283 3668 proﬁtentem

680 3706 803 3745 eum
833 3691 1112 3747 audissent
1153 3706 1215 3748 se
1242 3706 1273 3745 a
1307 3693 1418 3746 Deo
1443 3692 1642 3756 exisse,
1676 3690 1793 3745 haec
1834 3705 2025 3746 eorum
2055 3705 2286 3760 respon-

680 3783 774 3837 sio
811 3784 908 3838 luit
961 3784 1261 3855 (connexus
1304 3783 1449 3839 enim
1498 3782 1585 3838 hic
1632 3783 1736 3839 sibi
1781 3797 1961 3839 sermo
1988 3782 2096 3854 est)
2141 3781 2287 3837 :Di-

686 3885 805 3929 cunt
827 3877 900 3947 (ε)
929 3878 977 3930 ei
1003 3876 1243 3948 discipuli
1274 3882 1407 3950 ejus,
1439 3875 1600 3930 Nunc
1625 3877 1798 3944 palam
1824 3877 2063 3949 loqueris,
2093 3888 2141 3933 et
2167 3894 2288 3949 pro—

683 3969 910 4031 verbium
942 3970 1146 4025 nullum
1191 3971 1339 4025 dicis.
1399 3968 1551 4023 Nunc
1596 3986 1716 4042 ergo
1763 3971 1951 4025 scimus
1993 3972 2113 4040 quia
2156 3975 2290 4026 nosti

683 4063 877 4127 omnia,
908 4071 955 4117 et
979 4078 1085 4116 non
1110 4061 1264 4117 habet
1288 4078 1489 4117 necesse
1509 4070 1562 4115 ut
1589 4060 1777 4132 aliquis
1809 4072 1856 4116 te
1879 4065 2156 4135 interroget
2186 4080 2204 4118 :
2234 4067 2289 4119 in

759 4199 843 4344 (lg
882 4201 1161 4257 Omittitur
1186 4217 1293 4256 esse
1320 4202 1375 4255 in
1403 4206 1592 4255 nostro
1619 4212 1723 4254 ms.

763 4272 819 4344 (‘2
888 4272 1198 4343 Fragmenta
1223 4272 1453 4344 puniunt.

763 4272 843 4344 (‘2)
888 4272 1198 4343 Fragmenta
1223 4272 1453 4344 puniunt.

764 4414 845 4486 (a)
873 4416 997 4470 Par.‘
1018 4422 1144 4484 post
1168 4411 1443 4486 Lipsium.
1481 4410 1740 4486 (traditum
1770 4428 1785 4465 :
1813 4410 1950 4486 male
1990 4420 2045 4467 et
2090 4420 2291 4486 prmtcr

693 4482 923 4542 aliorum
955 4482 1216 4539 librorum
1254 4483 1438 4555 ﬁdem.
1472 4482 1680 4555 Quippe
1727 4482 1966 4538 nondum
2015 4482 2290 4555 apestolo—

689 4574 808 4613 rum
830 4556 1071 4613 doctrina
1103 4553 1446 4626 expenditur,
1478 4553 1573 4608 sed
1598 4553 1749 4626 tides.
1857 4625 1866 4626 ί
1973 4624 1982 4626 _
2011 4624 2021 4626 μ
2052 4553 2062 4555 ἡ
2140 4588 2141 4591 η

763 4630 841 4701 (b)
894 4627 950 4681 ιη
998 4629 1147 4701 prius
1178 4624 1442 4701 vulgatis,
1493 4625 1748 4701 maxime,
1805 4624 2289 4701 advet'bium.‘llic

697 4693 1047 4764 maximat,“
1073 4707 1191 4761 est,
1237 4693 1553 4750 clarissimae.
1609 4693 1747 4750 Tum
1804 4696 1857 4749 in
1904 4697 2289 4752 vetustissimis

695 4773 1096 4839 exemplaribus
1116 4768 1266 4824 Colb.
1294 4776 1350 4821 et
1394 4766 1557 4821 Carn.
1607 4766 1863 4822 scribitur
1908 4767 2135 4838 adhunc,
2185 4784 2292 4823 non

698 4844 807 4897 alio
830 4857 1015 4898 sensu.

765 4916 840 4986 (ε)
878 4914 1035 4986 ltain
1064 4925 1197 4986 mss.
1229 4912 1298 4967 At
1324 4910 1376 4964 in
1400 4912 1634 4976 excusis,
1663 4911 1837 4986 fidem.

769 4981 852 5058 id)
896 4984 1036 5039 Editi
1087 4984 1404 5058 bic_omisso
1452 4998 1578 5058 esse,
1624 4981 1998 5058 subjiciebant,
2051 4991 2097 5036 et
2144 4999 2200 5058 se
2244 4984 2297 5037 in

700 5053 858 5112 Patre
903 5072 1010 5111 esse
1063 5055 1302 5119 nesciret,
1337 5069 1443 5108 non
1494 5054 1676 5108 inesse.
1725 5053 2051 5110 Concinnior
2080 5065 2163 5109 est
2190 5054 2297 5110 Iec—

695 5131 773 5185 tio
804 5144 934 5189 mss.

773 5197 847 5270 (ρ)
891 5199 1009 5255 Par.
1041 5212 1163 5252 cum
1206 5204 1421 5252 vetusto
1453 5210 1552 5250 tus.
1587 5194 1768 5263 Colb.,
1818 5191 2011 5250 Dicunt
2039 5212 2160 5267 ergo
2190 5196 2301 5250 dis-

702 5272 864 5325 εἰναιὶ
882 5316 885 5321 ,

753 5291 941 5414 Ὗῧιίη
980 5339 1373 5414 antiquioribus
1397 5353 1529 5414 mss.
1573 5336 1663 5414 llic
1702 5336 2191 5414 clavem._»lnl'erius
2221 5348 2299 5392 ta—

704 5409 830 5468 men
857 5413 974 5467 haec
1001 5427 1100 5466 vox
1128 5419 1306 5466 exstat
1336 5412 1387 5464 in
1417 5409 1607 5481 plurali
1631 5424 1863 5464 numero
1895 5410 2153 5465 librorum
2183 5428 2297 5463 om-

705 5501 853 5539 ﬂllllll
881 5497 1168 5537 COIISCDSU.

780 5556 855 5626 (g)
890 5555 1045 5619 Bad.,
1078 5553 1147 5607 Er
1200 5562 1253 5606 et
1276 5556 1603 5626 recentiores
1631 5567 1762 5626 mss.
1791 5562 1836 5606 et
1864 5553 1916 5606 in
1941 5551 2152 5626 eisdem.
2178 5551 2294 5626 Me-

707 5622 820 5681 lius
855 5627 945 5678 alii
994 5625 1135 5687 libri,
1181 5633 1226 5676 et
1256 5623 1480 5686 easdem,
1530 5624 1719 5695 supple
1751 5622 2087 5694 [actam-nisi
2136 5624 2294 5679 malis

707 5714 827 5752 cum
857 5696 1071 5751 Martio.
1095 5706 1144 5749 et
1172 5710 1235 5748 ea:
1262 5695 1473 5747 eisdem.

786 5767 863 5835 (li)
904 5767 1245 5835 Antiquior-es
1293 5779 1417 5819 ηυδε.
1460 5782 1691 5837 primum.
1743 5765 1877 5821 Tum
1912 5766 2166 5821 Erasmus
2213 5767 2290 5822 le-

708 5842 938 5909 gendum
968 5846 1118 5907 putat
1139 5847 1188 5891 et
1214 5838 1439 5893 materia:
1458 5842 1701 5907 patritus,
1736 5853 1842 5893 non
1871 5848 1922 5892 et
1949 5847 2163 5893 natura.
2196 5838 2292 5895 Cui

2390 3332 2663 3391 tamquam
2692 3318 2911 3388 ignarus
2938 3318 3255 3389 interrogat,
3297 3332 3417 3375 cum
3466 3320 3709 3376 omnium
3735 3322 3992 3392 cognitor

2388 3412 2511 3467 est?
2540 3411 2644 3467 Per
2674 3411 2790 3468 hzec
2815 3410 2960 3468 enim
2985 3414 3190 3478 omnia,
3221 3427 3341 3484 quae
3368 3412 3568 3469 virtute
3586 3426 3650 3469 ac
3674 3421 3866 3470 natura
3898 3412 3992 3471 Dei

2388 3506 2522 3574 agit,
2553 3518 2582 3557 a
2608 3503 2719 3559 Deo
2745 3506 2927 3559 exisse
2953 3502 3257 3560 credendus
3285 3512 3387 3560 est.

2459 3598 2548 3654 54.
2570 3596 2728 3654 Prius
2746 3608 2992 3654 noverant
3008 3616 3040 3654 a
3060 3596 3169 3656 Deo
3183 3600 3393 3657 misum
3411 3616 3431 3656 :
3444 3600 3536 3656 sed
3553 3600 3831 3659 nativitatis
3844 3603 3997 3661 ratio-

2393 3710 2507 3747 nem
2526 3709 2631 3748 non
2647 3701 2964 3763 acceperant.
2998 3723 3068 3734 --
3097 3693 3211 3748 Non
3237 3693 3324 3749 llic
3368 3696 3541 3751 sancti
3569 3697 3797 3768 apostoli
3817 3712 3847 3752 a
3879 3698 3991 3755 Deo

2392 3788 2591 3859 exisse,
2619 3787 2672 3842 id
2697 3797 2802 3854 est,
2833 3804 2865 3841 a
2888 3787 3000 3845 Deo
3026 3788 3250 3845 missum
3278 3803 3400 3846 esse
3427 3790 3838 3859 intellexerunt;
3868 3808 3990 3852 nam

2394 3878 2542 3934 omni
2564 3879 2847 3949 superiore
2874 3894 3127 3936 sermone
3160 3879 3508 3937 conﬁtentem
3535 3881 3761 3938 missum
3782 3897 3907 3941 esse
3934 3900 3994 3941 se

2396 3972 2706 4044 frequenter
2745 3971 3028 4031 audierant
3059 3990 3074 4028 :
3101 3973 3197 4028 sed
3241 3974 3524 4030 audientes
3555 3987 3585 4028 a
3632 3973 3746 4032 Deo
3790 3976 3990 4044 exisse,

2400 4076 2647 4122 naturam
2706 4067 2761 4121 in
2806 4080 2875 4122 eo
2922 4065 3018 4123 Dei
3066 4081 3132 4122 ex
3176 4066 3431 4139 cperibus
3451 4076 3759 4137 cernentes,
3785 4077 3993 4127 natura:

2467 4203 2548 4277 (3)
2591 4201 2921 4259 Nostrarum.

2398 4412 2540 4482 lavet
2582 4410 2727 4482 quod
2769 4408 2839 4465 de
2875 4406 3315 4482 eodem_Chr_isti_
3353 4405 3507 4482 (laeto
3552 4407 3627 4463 ait
3668 4406 3901 4466 Hilarius
3942 4413 3993 4464 in

2400 4477 2661 4538 Matthfc.
2695 4497 2801 4542 xiv.
2838 4497 2893 4536 n.
2925 4480 2993 4534 12
3024 4500 3031 4529 :
3067 4477 3260 4534 Crescit
3280 4479 3465 4535 deinde
3494 4482 3734 4537 materies
3762 4491 3857 4535 :et
3879 4493 3998 4549 post

2401 4571 2461 4625 pa
2471 4570 2590 4613 non.
2614 4553 2887 4609 Auctorem
2905 4552 3043 4607 enim
3066 4553 3219 4625 hujus
3241 4550 3585 4625 universitatis
3611 4560 3998 4625 tantuspauum

2397 4623 2659 4699 profectus
2684 4625 2927 4699 ostendit,
2952 4638 3042 4699 per
3064 4623 3216 4691 quem
3233 4624 3331 4699 Lali
3346 4624 3660 4699 incremento
3679 4623 3861 4699 niodus
3882 4639 4000 4693 per-

2322 4723 2373 4783 D
2397 4692 2629 4751 troitum:
2656 4696 2883 4783 materne
2905 4696 3201 4783 adde-retur.
3233 4692 3678 4783 Facilius-itaque
3708 4695 3757 4749 ei
3787 4692 3997 4783 annue-

2398 4783 2602 4833 remus,
2634 4770 2733 4822 nisi
2764 4768 2931 4823 verbo
2961 4777 3161 4821 natura:
3186 4779 3309 4820 mox
3342 4768 3593 4835 repetito,
3624 4766 3674 4819 ei
3705 4768 3997 4833 prtemitte—

2401 4852 2546 4911 retur
2596 4840 2844 4911 ejusdem.
2923 4838 3048 4911 Haec
3100 4837 3363 4911 sententia
3409 4852 3438 4890 a
3493 4836 3839 4911 prgccedenti
3889 4854 3995 4911 non

2398 4910 2580 4966 diﬁert
2617 4906 2726 4965 'nisi
2774 4909 3068 4965 vocabulis.
3105 4906 3307 4963 Deinde
3332 4907 3385 4964 in
3416 4923 3519 4963 ms.
3551 4906 3655 4964 Vat
3703 4907 3817 4963 bas.
3867 4910 3998 4964 revi-

2400 4983 2565 5037 ruisse
2602 4998 2817 5037 manum
2863 4981 3060 5035 aridam
3089 4995 3108 5034 .'
3137 4978 3279 5049 quod
3332 4992 3365 5036 a
3407 4979 3664 5035 subnexis
3708 4978 3953 5037 dissonat
3978 5023 3995 5049 ,

2402 5053 2669 5123 inquibus
2692 5062 2894 5111 caetera
2932 5051 3133 5109 Christi
3157 5057 3309 5123 gesta
3340 5049 3534 5122 plurali
3571 5064 3797 5109 numero
3824 5066 3997 5109 enun-

2401 5125 2623 5180 tiantur.

2476 5196 2539 5267 (i)
2580 5196 2669 5267 Sic
2706 5209 2838 5252 mss.
2866 5195 2939 5251 At
2956 5193 3110 5259 editi,
3142 5194 3262 5249 cito.

2472 5264 2541 5339 ii)
2581 5266 2831 5337 Plerique
2873 5282 2935 5321 ³ο
2966 5270 3214 5339 Δνουυτθδ
3244 5278 3374 5339 ¹¹¹.⁵⁸·
3430 5271 3739 5321 “omam”
3788 5264 3911 5323 MM
3941 5268 3995 5324 in

2401 5335 2650 5395 omnibus
2680 5335 2899 5404 tacitus;
2927 5336 3013 5392 ubi
3042 5337 3094 5391 in
3123 5335 3336 5391 excusis
3365 5339 3564 5390 tacitas.

2479 5410 2554 5479 (lt)
2594 5409 2755 5474 Editi,
2788 5414 2852 5465 de
2886 5406 3165 5464 nonnullis.
3208 5407 3425 5479 Rectius
3470 5421 3598 5479 mss.
3648 5410 3908 5479 potiores,
3936 5412 3998 5466 de

2407 5476 2592 5544 nullis;
2620 5481 2901 5547 respicitur
2943 5482 3084 5535 enim
3134 5479 3284 5542 illud,
3340 5476 3461 5534 Non
3505 5476 3661 5534 habes
3700 5476 3904 5535 necesse
3944 5493 3995 5535 ut

2405 5553 2589 5620 aliquis
2631 5563 2677 5605 tc
2697 5554 2991 5622 interroget.
3028 5550 3215 5604 Postea
3248 5549 3368 5622 vat.
3400 5551 3651 5622 bas._ms.
3685 5570 3698 5603 :
3731 5550 3859 5607 Cum
3886 5568 3996 5607 om-

2403 5626 2541 5677 nium
2570 5620 3138 5693 occultorum'cognitor
3160 5632 3266 5687 est;
3291 5620 3444 5676 Mart.
3473 5641 3486 5674 :
3511 5620 3636 5676 Cum
3656 5624 3884 5679 omnium
3911 5641 3995 5679 oc—

2403 5696 2541 5748 t'alta
2571 5697 2806 5749 conditor
2831 5702 2906 5749 est
2933 5711 2951 5749 :
2982 5693 3159 5747 minus
3179 5695 3420 5755 sincere;
3448 5707 3568 5747 cum
3593 5693 3646 5745 in
3668 5708 3824 5747 sacro
3847 5704 3991 5751 texm

2405 5767 2455 5819 in
2490 5782 2646 5834 quem
2680 5768 2765 5822 hic
2794 5766 3095 5837 respicitur,
3128 5763 3445 5832 simpliciter
3487 5774 3683 5831 exstet,
3713 5765 3836 5835 quia
3863 5780 3991 5822 nom

2402 5853 2593 5892 omnm.
