4316 6482
600 293 700 351 187

1805 292 2051 352 SANCTI
2090 292 2347 350 HILARII
2371 292 2678 353 EPISCOPI

588 408 874 465 tediﬁeatio
899 416 980 464 est
1007 406 1162 481 (Viti.
1190 407 1281 464 tib.
1310 424 1454 475 ιινιι.
1482 407 1577 477 23,
1600 416 1646 464 et
1671 425 1788 482 cap.
1818 406 1888 463 16
1906 409 1959 463 in
1988 406 2177 462 Matth.
2205 412 2260 473 Α
2284 408 2389 465 hoc
2413 408 2603 468 beatus
2630 420 2738 468 est.
2768 412 2896 470 Hec
2926 415 3188 473 revelatio
3215 417 3391 475 Patris
3422 430 3525 488 est,
3558 420 3661 477 hoc
3688 420 3882 480 εοςιε.

587 517 642 556 ιι.
677 502 756 573 1).
789 500 894 557 Sed
922 515 1115 557 sensus
1156 501 1339 557 carnis
1383 511 1440 557 et
1476 501 1777 572 sanguinis,
1824 500 2186 557 confessionis

586 595 748 669 hujus
774 594 1190 667 intelligentiam
1222 610 1328 652 non
1368 597 1596 653 revelat.
1625 596 1740 653 Hoc
1762 606 1847 652 est
1867 597 2063 651 divina:
2093 612 2181 650 re-

586 687 874 745 velationis
914 701 1355 756 sacramentum,
1403 686 1680 745 Christum
1715 690 1809 746 Dei
1859 690 2029 745 ﬁlium
2076 704 2184 743 non

585 783 761 839 solum
784 796 1121 853 nuncupare,
1153 783 1251 838 sed
1281 784 1527 837 credere.
1561 782 1668 839 Aut
1694 782 1953 855 numquid
1980 796 2189 837 nuncu-

589 878 731 947 patio
760 876 940 946 potius
967 888 1128 946 quam
1156 886 1346 931 natura
1371 874 1532 931 Petro
1554 874 1789 931 revelata
1812 877 1934 930 est?
1961 874 2020 932 Si
2048 891 2183 930 nun-

585 971 836 1040 cupatio;
879 970 990 1039 jam
1036 969 1175 1025 hanc
1218 984 1248 1022 a
1279 968 1508 1024 Domino
1552 968 1867 1039 frequenter
1911 967 2180 1034 audierat,

589 1077 711 1119 esse
740 1078 801 1119 se
824 1063 919 1119 Dei
944 1062 1113 1118 ﬁlium
1136 1061 1452 1118 conﬁtente.
1479 1062 1537 1118 ln
1564 1078 1670 1133 quo
1690 1077 1821 1133 ergo
1841 1062 2186 1118 revelationis

583 1163 667 1214 est
694 1154 906 1228 gloria?
937 1153 1013 1229 (α)
1060 1152 1275 1210 Naturae
1301 1154 1532 1221 scilicet,
1582 1170 1691 1210 non
1734 1155 2009 1219 nominis;
2058 1169 2183 1210 cum

583 1245 925 1319 frequentata
953 1247 1191 1303 nominis
1215 1246 1481 1318 professio
1507 1248 1617 1319 jam
1648 1248 1858 1305 fuisset.

660 1341 750 1396 57.
794 1339 938 1396 Petri
962 1341 1094 1411 ﬁdes
1118 1342 1528 1398 commendatur.
1557 1369 1628 1383 ε-
1652 1342 1778 1399 Huic
1804 1344 1957 1405 ﬁdes.
1992 1343 2181 1400 Eccle-

581 1432 677 1489 sia!
714 1431 1117 1489 fundamentum
1162 1442 1248 1489 est
1275 1452 1287 1487 :
1318 1448 1413 1506 per
1445 1434 1583 1490 hanc
1616 1434 1777 1492 ﬁdem
1821 1437 2062 1492 inﬁrmes
2085 1436 2179 1509 (at.

581 1525 835 1598 inﬁrma)
875 1524 1135 1583 adversus
1169 1541 1290 1583 eam
1332 1535 1458 1582 sunt
1504 1535 1676 1597 porta:
1705 1525 2023 1583 inferorum.
2056 1527 2184 1585 Hinc

583 1618 717 1676 ﬁdes
740 1620 888 1690 regni
932 1618 1172 1676 caelestis
1217 1618 1381 1675 habet
1405 1618 1605 1676 claves.
1638 1618 1764 1678 Hac
1809 1622 1943 1677 ﬁdes
1981 1637 2101 1693 qua:
2128 1623 2182 1677 in

583 1714 745 1769 terris
770 1713 998 1770 solverit
1024 1722 1115 1768 aut
1140 1712 1409 1784 ligaverit,
1437 1721 1493 1771 et
1522 1714 1685 1787 ligata
1723 1715 1778 1771 in
1799 1713 1954 1773 colis
1977 1723 2107 1769 sunt
2131 1723 2187 1771 et

2286 506 2383 560 site
2411 504 2815 564 fundamentum
2840 519 2943 576 est,
2976 509 3092 566 inec
3122 516 3387 569 securitas
3428 516 3751 574 aeternitatis
3776 528 3881 574 est.

2287 595 2425 652 Hinc
2451 599 2599 669 regni
2634 600 2895 657 caelorum
2944 603 3106 659 habet
3130 605 3328 673 claves,
3364 607 3491 664 hinc
3522 619 3737 667 terrena
3766 611 3884 682 ejus

2283 688 2506 759 judicia,
2538 691 2607 765 (ῃ
2644 692 2844 763 judicia
2875 698 3115 754 cmlestia
3138 710 3283 755 sunt.
3326 701 3741 762 Sacrameotum
3778 723 3873 762 oc-

2285 784 2487 840 cultum
2505 783 2601 853 (at.
2624 790 2973 863 occultatum)
2994 806 3023 846 a
3044 794 3255 850 seculis
3276 795 3353 869 (ρ)
3379 811 3476 867 per
3497 799 3883 858 revelationem

2287 877 2496 946 didicit,
2530 880 2689 936 fidetn
2721 882 2933 940 locutus
2970 896 3073 952 eat,
3128 895 3374 944 naturam
3405 895 3734 961 enuntiavit,
3787 895 3883 953 Dei

2287 970 2456 1024 tilium
2480 971 2761 1030 confessus
2800 987 2903 1031 est.
2938 976 3051 1033 lloc
3074 980 3166 1050 qui
3193 992 3496 1039 creaturam
3541 987 3721 1057 potius
3753 1000 3886 1042 con-

2288 1061 2448 1121 ﬁtens
2488 1076 2666 1137 negat,
2712 1067 2861 1139 prius
2886 1080 2970 1125 est
3008 1080 3069 1137 ut
3096 1080 3257 1142 neget
3300 1070 3447 1131 Petri
3494 1078 3881 1148 apostolatum,

2287 1155 2470 1223 ﬁdem,
2521 1160 2943 1227 beatitudinem,
2990 1166 3395 1238 sacerdotium,
3442 1174 3757 1245 martyrium
3788 1192 3799 1227 :
3827 1181 3885 1230 et

2288 1264 2408 1323 pou
2435 1255 2551 1309 tneo
2587 1270 2645 1310 se
2676 1257 2911 1312 alienum
2938 1273 2968 1312 a
3008 1259 3229 1316 Christo
3271 1276 3393 1318 esse
3434 1266 3722 1337 intelligat,
3755 1268 3880 1338 quia

2288 1343 2482 1400 Pettus
2509 1361 2630 1400 eum
2662 1346 2827 1403 ﬁlium
2856 1350 3137 1406 confessus
3164 1351 3277 1409 hare
3297 1356 3512 1411 meruit.

2358 1436 2449 1495 38.
2488 1438 2856 1494 Hareticarnnt
2886 1444 3134 1498 sententia
3182 1444 3339 1502 Petro
3367 1449 3563 1519 ignota.
3614 1450 3735 1506 Non
3777 1454 3882 1509 alia

2288 1533 2386 1585 nisi
2418 1530 2558 1587 Petri
2586 1534 2812 1603 ﬁdes.-—-
2839 1538 2919 1590 An
2945 1552 3033 1603 ne,
3056 1552 3089 1593 ο
3120 1540 3306 1606 miser,
3338 1542 3580 1612 quisquis
3606 1544 3768 1601 hodie
3787 1561 3875 1614 es,

2288 1622 2561 1690 ha-retiee,
2585 1625 2880 1683 beatiorem
2902 1630 3116 1685 Petrum
3140 1629 3376 1690 futurum
3401 1633 3568 1691 fuisse
3584 1638 3877 1703 existimas.

2287 1717 2332 1770 si
2364 1716 2619 1773 dixisset:
2651 1718 2732 1775 Tu
2762 1736 2821 1775 es
2858 1722 3105 1779 Christus
3134 1726 3369 1795 perfecta
3401 1728 3495 1784 Dei
3526 1742 3795 1797 creatura,
3823 1743 3881 1789 et

582 1805 758 1861 soluta
809 1804 1021 1878 (Matth.
1053 1820 1163 1873 ut,
1199 1803 1268 1860 l8
1310 1814 1360 1895 et
1411 1804 1527 1875 19).
1581 1806 1708 1862 Haec
1764 1807 1899 1862 ﬁdes
1944 1818 2185 1880 paternae
2215 1819 2263 1880 Β
2288 1812 2695 1880 supereminens
2719 1812 2939 1869 factoris
2963 1818 3214 1873 omnibus
3255 1819 3479 1889 factura,
3508 1831 3565 1878 et
3594 1824 3683 1895 qui
3708 1840 3775 1880 es
3800 1824 3879 1881 ni-

582 1897 932 1952 revelationis
955 1906 1037 1952 est
1068 1910 1285 1963 munus,
1314 1894 1592 1954 Christum
1623 1898 1700 1972 (tt)
1726 1913 1833 1954 non
1874 1909 2178 1956 creaturam

580 2002 648 2046 ex
675 1988 844 2043 nihilo
861 1990 1099 2055 mentiri,
1119 1988 1216 2044 sed
1236 1988 1532 2045 secundum
1558 1990 1908 2061 proprietatis
1929 2000 2177 2047 naturam

581 2082 675 2141 Dei
700 2082 866 2139 ﬁlium
896 2083 1161 2138 conﬁteri.
1189 2080 1238 2140 0
1258 2083 1471 2139 miserm
1499 2085 1743 2140 stultitim.
1771 2083 1922 2140 furor
1950 2083 2170 2157 impius,

581 2191 689 2234 non
715 2174 1025 2248 intelligens
1054 2177 1227 2232 beata:
1265 2178 1564 2243 senectutis
1593 2176 1827 2247 ﬁdeique
1857 2185 2178 2251 martyrem,

585 2266 660 2344 (ι’)
684 2276 738 2324 et
765 2277 1057 2339 martyrem
1085 2268 1328 2334 Petrum,
1356 2284 1455 2340 pro
1478 2283 1585 2340 quo
1632 2269 1793 2325 Pater
1829 2280 2049 2342 rogatus
2074 2276 2178 2337 est,

585 2362 739 2439 161
769 2377 837 2419 ne
864 2361 998 2419 ﬁdes
1026 2363 1143 2434 ejus
1189 2365 1244 2419 in
1272 2364 1576 2420 tentationc
1602 2363 1863 2420 deﬁceret
1897 2382 1909 2419 :
1941 2364 2031 2437 qui
2076 2365 2178 2421 ite-

579 2440 695 2512 rata
718 2472 747 2511 a
772 2471 831 2513 se
861 2458 1173 2514 dilectionis
1210 2458 1262 2513 in
1302 2457 1468 2513 Deum
1499 2458 1782 2529 postulatae
1822 2456 2179 2528 professione,

582 2542 780 2608 tentari
820 2567 882 2608 se
904 2550 1084 2608 adhuc
1138 2562 1412 2621 tamquam
1454 2553 1765 2623 ambiguum
1814 2562 1871 2608 et
1914 2553 2180 2607 incertum

584 2647 742 2701 tertia
772 2646 1195 2718 interrogatione
1213 2648 1524 2717 congemuit
1557 2644 1734 2717 (Joan.
1766 2660 1885 2713 ut,
1922 2644 2017 2715 i7)
2044 2660 2060 2711 ;
2085 2659 2186 2717 per

581 2738 637 2796 id
665 2755 880 2810 quoque
906 2754 935 2795 a
968 2739 1196 2795 Domino
1225 2738 1303 2810 (ι)
1354 2748 1477 2809 post
1506 2738 1720 2791 tertiam
1750 2737 1834 2808 (τι)
1865 2736 2185 2793 tentationis

582 2834 957 2905 purgationem
986 2833 1381 2897 iuﬁrmitatum,
1435 2832 1599 2888 Pasce
1624 2848 1738 2887 oves
1765 2849 1925 2897 meas,
1955 2841 2039 2889 ter
2064 2847 2183 2889 me-

582 2927 719 2982 ritus
747 2925 933 2983 audire
960 2943 972 2981 :
1002 2927 1095 2998 qui
1136 2927 1189 2982 in
1219 2935 1535 2982 cunctorum
1560 2927 1929 2995 apostolorum
1961 2926 2182 2983 silentio

584 3018 681 3074 Dei
711 3018 879 3074 ﬁlium
912 3020 1241 3076 revelatione
1267 3018 1443 3075 Patris
1468 3018 1799 3090 intelligens,
1834 3022 1969 3078 ultra
1994 3021 2183 3078 huma-

581 3129 669 3171 ns
713 3112 1046 3170 inﬁrmitatis
1091 3114 1310 3170 modum
1337 3156 1352 3181 ,
1411 3113 1907 3183 superemincntem
1954 3114 2178 3185 gloriam

2288 1902 2394 1956 hilo
2426 1917 2546 1958 esse
2572 1907 2803 1975 sapisti,
2826 1916 2881 1963 et
2911 1920 3008 1977 per
3034 1908 3327 1965 bonitatem
3354 1912 3470 1978 Dei,
3487 1914 3575 1983 qui
3598 1916 3771 1971 bonus
3793 1931 3880 1971 so-

2285 1994 2366 2051 lus
2395 2004 2499 2063 est,
2523 2012 2718 2052 nomen
2748 1997 2841 2052 ﬁlii
2872 1999 3161 2070 adoptione
3190 2005 3454 2070 meruisti,
3488 2006 3566 2078 (It)
3589 2009 3753 2078 etqui
3775 2024 3879 2065 non

2284 2103 2349 2145 es
2384 2088 2497 2146 Deo
2533 2102 2692 2153 natus
2720 2094 2820 2149 es?
2850 2094 2917 2150 Et
2942 2110 3132 2165 qua-ro
3154 2113 3180 2149 a
3207 2105 3281 2162 te,
3313 2097 3440 2166 quid
3467 2099 3749 2157 auditurus
3772 2104 3882 2156 fne-

2284 2184 2352 2239 rit
2386 2185 2542 2263 ιω
2564 2184 2680 2243 Isaac
2702 2186 2910 2256 dicens,
2933 2190 3024 2259 qui
3044 2190 3222 2247 audita
3245 2192 3498 2262 passione
3525 2196 3877 2265 respondens,

2283 2274 2365 2348 (Ξ)
2394 2276 2662 2350 Propitius
2686 2280 2750 2354 (ι)
2793 2282 2907 2350 tibi,
2936 2282 3195 2353 Domine,
3246 2301 3349 2341 non
3375 2288 3472 2342 erit
3497 2288 3634 2344 istud
3665 2288 3876 2358 (Matth.

2283 2384 2390 2437 va,
2412 2369 2529 2444 22),
2561 2371 2792 2429 audierit
2812 2374 2913 2431 sibi
2936 2374 3039 2430 dici
3064 2394 3077 2429 :
3108 2375 3253 2431 Vade
3270 2388 3403 2432 retro
3428 2378 3502 2453 (j)
3530 2391 3641 2449 post
3672 2397 3772 2450 me,
3795 2398 3878 2435 so-

2284 2470 2455 2530 tanas,
2480 2465 2780 2522 scandalum
2807 2468 2934 2521 mihi
2952 2484 3007 2523 es
3033 2467 3198 2540 (ibid.
3215 2467 3353 2542 ιδῃ
3381 2471 3491 2527 Nec
3512 2471 3674 2527 Petro
3700 2484 3881 2530 tamen

2285 2558 2520 2614 humana
2551 2560 2851 2633 ignorantia
2881 2560 3109 2632 profecit
3148 2563 3214 2618 ad
3237 2567 3445 2621 crimen
3471 2582 3489 2633 ;
3537 2581 3642 2621 non
3664 2567 3809 2621 enim
3832 2568 3881 2621 ei

2286 2650 2444 2705 Pater
2468 2650 2642 2708 adhuc
2669 2669 2829 2709 omne
2860 2656 3131 2725 passionis
3156 2657 3471 2729 mysterium
3506 2658 3832 2715 rere-laverat
3865 2679 3880 2714 :

2284 2742 2380 2798 sed
2408 2742 2541 2799 ﬁdes
2570 2746 2646 2817 (ὅ)
2673 2744 2750 2817 (ι)
2784 2760 2948 2817 parva
2983 2751 3309 2804 sententiam
3341 2748 3700 2805 damnationis-
3726 2766 3885 2806 exce-

2286 2835 2382 2906 pit.
2405 2835 2515 2891 Cur
2545 2832 2701 2908 igitur
2729 2854 2835 2895 non
2863 2840 3001 2895 hanc
3022 2840 3380 2900 confessionis
3403 2842 3560 2898 ﬁdem
3593 2843 3756 2901 Pater
3782 2844 3882 2900 Pe-

2285 2938 2371 2984 tro
2393 2930 2664 2997 revelavit,
2696 2944 2999 2989 creaturam
3027 2933 3235 2990 scilicet
3257 2942 3314 2989 et
3330 2934 3721 3006 adoptionem?
3746 2934 3885 2992 Invi-

2283 3022 2383 3087 dit,
2404 3022 2592 3092 credo,
2624 3023 2711 3079 hic
2750 3026 2911 3081 Petro
2940 3026 3101 3093 Deus,
3134 3028 3270 3082 utin
3304 3037 3544 3099 tempora
3582 3031 3881 3099 posteriora

2285 3116 2665 3183 dissimulans,
2718 3118 2833 3174 hinc
2884 3133 3026 3173 nunc
3066 3120 3217 3176 vobis
3260 3120 3415 3177 novis
3445 3120 3883 3190 pranlit‘atorihns

582 3207 758 3263 beata:
802 3206 930 3263 ﬁdei
975 3221 1087 3264 sum
1133 3205 1481 3263 confessione
1532 3208 1864 3279 promeruit!
1909 3206 1965 3263 In
2019 3224 2179 3279 quam
2208 3214 2252 3276 C
2288 3217 2607 3265 reservaret.
2654 3210 2736 3265 Sit
2775 3225 2906 3266 sane
2932 3210 3067 3266 ﬁdes
3095 3212 3234 3280 alia,
3267 3213 3309 3269 si
3348 3213 3470 3268 alia:
3518 3213 3700 3270 claves
3730 3216 3879 3283 regni

583 3315 729 3357 nunc
768 3298 1187 3369 interpretanda:
1218 3300 1369 3356 vocis
1399 3316 1510 3356 suae
1538 3300 1859 3357 deducimur
1884 3305 2181 3358 necessita-

584 3393 732 3449 tem?
762 3391 852 3449 Ille
878 3392 1160 3475 confessus
1188 3402 1271 3449 est
1293 3389 1568 3449 Christum
1598 3392 1767 3449 ﬁlium
1799 3393 1893 3449 Dei
1921 3410 1935 3448 :
1966 3403 2021 3449 at
2051 3393 2181 3450 mihi

585 3493 641 3541 tu
665 3483 852 3551 hodie,
880 3485 1005 3540 novi
1044 3472 1379 3556 apostolatus
1410 3484 1640 3541 mendax
1684 3486 2065 3553 sacerdotium,
2096 3488 2179 3540 in-

582 3577 728 3649 geris
758 3576 1027 3633 Christum
1068 3591 1133 3633 ex
1166 3576 1339 3631 nihilo
1370 3588 1697 3632 creaturam.
1746 3575 1919 3646 Quam
1970 3576 2073 3632 vim
2104 3576 2181 3632 af-

585 3668 696 3726 fers
739 3667 897 3725 dictis
928 3668 1006 3742 (e)
1034 3668 1329 3740 gloriosis?
1372 3665 1568 3724 Filium
1625 3668 1718 3724 Dei
1746 3667 2064 3735 confessus,
2111 3669 2181 3722 nh

660 3832 751 3903 (l).
781 3828 906 3887 Post
945 3828 1149 3886 tertiam
1182 3828 1475 3884 temtationis
1512 3830 1875 3901 purgationem
1903 3826 2182 3898 inﬁrmita-

590 3912 689 3961 tens
699 3944 711 3959 .

659 4044 735 4116 (ιι)
775 4044 899 4099 Mss.
930 4042 1093 4098 Vind.
1120 4049 1176 4097 et
1200 4040 1330 4095 Silv.
1353 4040 1417 4116 in
1446 4048 1633 4095 natura
1660 4038 2046 4116 sciticet,__quia
2088 4054 2180 4116 no-

586 4110 740 4174 minis
784 4116 1101 4185 frequentata
1144 4112 1418 4185 professio,
1468 4124 1600 4173 etc.,
1650 4112 1819 4185 male.
1860 4110 1949 4185 Sic
2002 4112 2180 4185 potius

586 4179 903 4250 vertendum
937 4187 1039 4245 hoc
1062 4179 1203 4241 foret
1229 4179 1252 4237 ε’
1276 4185 1328 4238 ἱιι
1355 4198 1422 4239 eo
1450 4185 1657 4239 scilicet
1680 4179 1822 4252 quod
1853 4179 2071 4240 factaei
2106 4182 2183 4239 sit

588 4260 849 4321 revelatio
875 4268 1101 4322 natum,
1133 4270 1239 4313 non
1274 4254 1530 4320 novninis,
1561 4263 1667 4309 etc.

662 4330 742 4401 (it)
782 4330 835 4385 In
884 4331 1031 4400 prius
1057 4326 1310 4400 vulgatis,
1355 4342 1457 4380 non
1481 4336 1771 4381 creaturam
1806 4325 1962 4382 novit.
2014 4323 2183 4381 Abest

588 4404 728 4459 novit
753 4419 780 4455 a
811 4416 938 4457 mss.

662 4474 832 4547 (ειιη
874 4471 1194 4547 quibusdam
1246 4483 1379 4547 mss.
1425 4482 1535 4524 non
1579 4468 1848 4547 repetitur
1891 4475 2184 4547 et_m_artg-

588 4538 725 4609 rem,
751 4538 1090 4601 librariorum
1141 4543 1347 4596 incuria
1373 4556 1388 4591 :
1414 4554 1520 4609 qua
1559 4552 1692 4595 voce
1721 4538 1808 4597 hic
1854 4539 1994 4595 testis
2023 4538 2183 4595 intel-

593 4617 794 4687 ligitnr.

2285 3301 2547 3356 castorum
2572 3311 2713 3357 sunt.
2746 3302 2827 3357 Sit
2850 3301 2982 3357 ﬁdes
3003 3303 3127 3365 alia,
3154 3305 3198 3357 si
3230 3302 3468 3361 Ecclesia
3501 3304 3607 3358 alia
3626 3314 3713 3360 est
3739 3303 3884 3359 futu-

2286 3408 2367 3457 ra,
2393 3392 2679 3449 adversum
2709 3408 2869 3465 quam
2909 3400 3077 3463 portae
3107 3393 3303 3449 inferni
3342 3408 3450 3451 non
3484 3395 3875 3465 praevalebunt.

2284 3481 2363 3539 Sit
2392 3482 2524 3538 ﬁdes
2554 3484 2657 3539 alia
2681 3526 2695 3550 ,
2744 3486 2789 3539 si
2822 3486 2928 3540 erit
2953 3484 3091 3538 alius
3115 3484 3471 3554 apostolatus,
3505 3485 3662 3556 ligata
3694 3496 3750 3541 et
3786 3502 3878 3541 so-

2286 3576 2391 3630 luta
2423 3591 2518 3645 per
2542 3591 2601 3630 se
2631 3576 2682 3631 in
2708 3585 2871 3639 terra,
2897 3574 3067 3645 ligans
3096 3575 3150 3630 in
3186 3576 3328 3631 cosio
3353 3586 3514 3648 atque
3540 3576 3775 3633 solvens.
3801 3579 3885 3634 Sit

2286 3667 2420 3726 ﬁdes
2444 3668 2570 3736 alia,
2612 3669 2658 3723 si
2696 3667 2943 3724 Christus
2973 3668 3110 3724 alius
3151 3668 3244 3723 Dei
3277 3667 3435 3737 ﬁlius,
3480 3676 3677 3741 pra-ter
3718 3686 3882 3741 quant

2357 3825 2439 3899 (2)
2472 3824 2731 3899 I_’ropitius
2758 3827 2845 3882 tibi
2865 3823 3137 3881 Dominus.

2357 3896 2438 3969 ('5)
2468 3896 2657 3954 Praua.

2283 4047 2461 4107 gatnm
2493 4056 2614 4095 esse
2639 4056 2668 4095 a
2696 4041 2831 4095 trina
2860 4042 3167 4111 negatione.
3194 4056 3296 4110 qua
3329 4047 3531 4095 tentata
3562 4055 3623 4095 ac
3648 4042 3873 4109 probata

2285 4112 2458 4167 fuerat
2491 4111 2658 4178 ipsius
2698 4113 3000 4167 inﬁrmitas.
3027 4111 3179 4179 Quod
3208 4113 3509 4173 illustratur
3531 4114 3614 4167 his
3644 4115 3873 4168 Anthro»

2285 4184 2348 4241 sii
2375 4184 2466 4239 lib.
2492 4199 2527 4238 ν
2551 4182 2619 4239 de
2642 4183 2773 4239 Fide
2803 4200 2854 4238 ιι.
2890 4184 2948 4249 2,
2979 4185 3187 4239 verbis:
3226 4182 3316 4239 Est
3345 4181 3530 4237 Petrus
3566 4184 3728 4251 ipsius
3765 4183 3875 4239 Do.

2286 4255 2411 4308 mini
2454 4256 2522 4308 ad
2564 4257 2871 4328 pascendum
2898 4271 3100 4328 gr_egern
3127 4258 3316 4328 eiectus
3336 4254 3570 4328 judicio,
3588 4326 3595 4328 ξ
3614 4256 3701 4322 qui
3728 4258 3879 4311 tertio

2283 4336 2522 4393 uteretur,
2558 4326 2738 4390 Posce,
2779 4337 2884 4382 clc.
2902 4325 2916 4328 ⁷
2938 4325 3201 4380 Ρέιιςριιάο
3226 4325 3352 4379 bene
3387 4326 3500 4380 cibo
3521 4326 3642 4395 ﬁdei
3667 4329 3877 4396 culpant

2285 4396 2461 4464 lapsus
2489 4399 2673 4469 prioris
2699 4398 2931 4469 aboleuit.
2952 4396 3019 4450 Et
3048 4398 3159 4451 ideo
3188 4400 3334 4451 tertio
3359 4397 3657 4451 admonetur
3682 4410 3734 4449 ιιι
3756 4416 3878 4466 pus-

2286 4480 2397 4532 cat,
2450 4467 2595 4523 tertio
2627 4479 2795 4523 utrum
2845 4467 3121 4525 Dominum
3165 4469 3346 4536 diligat
3400 4470 3748 4539 interrogatur
3778 4486 3796 4524 :
3823 4479 3878 4525 ut
3966 4471 3970 4475 ’

2285 4556 2432 4612 quem
2459 4542 2606 4612 tertio
2633 4549 2752 4595 ante
2783 4556 2982 4596 crucem
3009 4551 3297 4612 negauerat,
3331 4542 3474 4612 tertio
3502 4543 3764 4610 fateretur.

2359 4610 2431 4692 (e)
2463 4610 2582 4667 Vat.
2616 4612 2891 4692 insanis“
2926 4611 2981 4664 in
3008 4610 3174 4682 gloria
3200 4611 3332 4665 enim
3347 4610 3538 4679 lilium,
3564 4623 3693 4677 etc.,
3719 4612 3875 4667 Mart.

662 4688 741 4759 (ά)
776 4689 847 4744 Ita
879 4702 944 4759 ex
976 4701 1080 4759 ms.
1104 4683 1264 4759 (ΖΨ-ι).
1301 4680 1601 4759 faventibus
1647 4681 1784 4737 aliis.
1834 4678 2038 4759 Sensus
2068 4680 2184 4740 fere
2210 4748 2258 4759 h
2286 4678 2537 4759 gloriosus
2558 4683 2692 4759 enim
2717 4683 2900 4759 ﬁlium.

591 4748 736 4813 idem
755 4757 1039 4814 exhibetur
1068 4755 1123 4813 itt
1147 4754 1354 4811 duobus
1380 4754 1573 4819 Vatia,
1606 4768 1715 4818 post
1748 4756 1949 4808 tertiam
1989 4767 2181 4823 purga-
2210 4748 2264 4810 D
2287 4748 2309 4757 ’
2362 4756 2429 4822 (fi
2456 4754 2510 4809 In
2534 4748 2935 4822 priusvulgatis
2957 4752 3121 4809 semel
3159 4759 3365 4807 tantum
3383 4754 3629 4808 exstabat
3655 4752 3876 4821 indicia,

592 4832 777 4884 tionem
809 4830 1100 4884 tentationis
1126 4825 1439 4897 inﬁrmitatis
1464 4840 1482 4897 ξ
1511 4834 1565 4878 at
1595 4824 1908 4882 Vocabulum
1940 4825 2177 4897 ωηιωὲοτ

590 4905 668 4955 nis
699 4901 762 4955 ad
795 4902 1061 4968 duplicem
1112 4894 1253 4953 Petri
1293 4896 1643 4951 teutationetn
1684 4897 1910 4951 relatum
1938 4936 1952 4959 ,
2004 4894 2083 4968 sic
2110 4894 2177 4950 ad

593 4989 751 5027 unam
779 4965 1136 5041 restringitur.
1169 4968 1223 5041 lu
1266 4969 1561 5041 vetustiore
1595 4982 1695 5041 ltiti.
1725 4968 1879 5041 Coll».
1911 4976 1967 5020 et
1990 4965 2177 5041 Gertn.

594 5054 703 5111 ριιδι
733 5044 934 5097 tertiam
951 5038 1241 5111 téntationis
1267 5039 1626 5111 purgationum
1646 5039 2019 5111 itttirinittttuin.
2049 5038 2181 5093 Huic

590 5109 1081 5171 eunsentiuntalius
1095 5110 1252 5165 Colh.
1273 5126 1476 5164 necnon
1505 5109 1872 5174 Prat.,Vind.,
1902 5110 2032 5163 Silv.
2056 5124 2179 5164 cunt

591 5186 719 5244 edit.
758 5186 863 5237 Bad
918 5194 972 5239 et
997 5184 1118 5237 Par.
1144 5182 1239 5235 nisi
1271 5181 1414 5250 quod
1448 5181 1664 5239 habent.
1697 5180 2062 5251 inﬁnnitatem.
2089 5179 2182 5236 His

594 5258 802 5310 accedit
825 5256 1092 5325 antiquior
1126 5253 1329 5325 Remig.
1374 5262 1485 5321 post
1505 5252 1714 5325 tertiam
1745 5254 2034 5325 tentationis
2062 5268 2183 5325 pur-

589 5331 821 5400 gationia
862 5321 1228 5400 infirmitatem.
1285 5322 1355 5400 At
1398 5325 1450 5377 in
1479 5324 1726 5400 Caruut._,
1777 5323 1936 5387 Tell,
1971 5321 2178 5400 :l‘lteotl.

588 5394 644 5456 et
672 5402 778 5453 alio
808 5394 1037 5467 Remig,
1075 5407 1184 5463 post
1212 5396 1410 5467 tertiani
1447 5394 1739 5467 Mutationis
1781 5396 2134 5467 purgationem
2164 5411 2179 5446 ;

628 5487 687 5525 ro
706 5471 899 5540 quibus
926 5464 1375 5540 apudBad.,Er.,
1408 5468 1458 5526 in
1493 5482 1592 5522 tus.
1625 5464 1803 5528 Mart,
1838 5464 1894 5520 in
1920 5480 2027 5520 uno
2055 5464 2182 5540 Sor-

628 5487 687 5525 τυ
706 5487 899 5540 thtDus
926 5487 1063 5536 ιιι)υο
1089 5487 1375 5533 uztu.,nr.,
1408 5487 1458 5526 Ill
1493 5487 1592 5522 tus.
1625 5487 1803 5528 mart.,
1838 5487 1888 5520 ιιι
1921 5487 2027 5520 uno
2055 5487 2182 5519 aur-

589 5487 715 5599 gou.
758 5554 808 5595 et
843 5545 893 5595 in
927 5541 1033 5594 alio
1057 5539 1212 5595 Colh.
1261 5540 1486 5608 legitur,
1522 5546 1633 5605 post
1658 5540 1857 5592 tertitnn
1893 5537 2183 5593 tentationis

592 5616 959 5685 infirmitatem.
986 5620 1065 5667 his
1084 5610 1243 5665 variis
1265 5611 1369 5685 illis
1399 5610 1719 5667 lectionibus
1752 5609 1938 5685 seligat
1958 5612 2183 5685 qniSqne

594 5679 713 5757 qum
761 5686 929 5754 magis
957 5684 1220 5739 arriserit.
1256 5682 1633 5757 Quamautem
1683 5683 2035 5757 ill‘tltlllllllitls,
2080 5679 2180 5757 hoc

594 5753 773 5822 sonat,
804 5757 1018 5811 Petrum
1047 5763 1168 5827 post
1206 5756 1420 5810 tertiam
1444 5753 1943 5827 interrogationem,
1978 5768 2038 5806 ac
2066 5753 2178 5807 vel-

601 5832 676 5886 uti
707 5823 1079 5895 tentationeni,
1107 5841 1209 5903 qua
1236 5828 1457 5901 [uoluta
1485 5834 1567 5887 est
1591 5823 1736 5881 illius
1753 5823 1984 5884 Charitas
2002 5865 2018 5895 δ
2051 5839 2183 5896 pur-

2281 4824 2423 4897 quod
2448 4825 2747 4895 elegantius
2773 4842 2903 4880 mss.
2940 4832 3211 4893 repetunt.

2355 4894 2434 4967 lg)
2454 4897 2512 4953 In
2544 4894 2646 4950 ius.
2687 4897 2801 4951 \‘at.
2834 4899 2972 4963 has.,
3005 4911 3093 4966 per
3126 4895 3483 4954 reuelationem
3514 4894 3628 4948 Dei.

2354 4967 2435 5039 (lt)
2468 4968 2627 5030 Editi,
2658 4978 2703 5022 et
2726 4970 2847 5037 quia
2878 4985 2976 5022 non
3011 4982 3028 5021 :
3058 4967 3235 5023 minus
3260 4968 3605 5024 consentiunt
3632 4969 3881 5039 superio-

2286 5038 2456 5101 ribus.
2486 5050 2530 5092 et
2554 5041 2637 5103 qui
2663 5056 2722 5093 ea:
2752 5039 2935 5100 nihilo.
2969 5048 3072 5095 etc.

2356 5110 2417 5181 εἰ)
2440 5110 2513 5164 lta
2542 5112 2708 5164 codex
2741 5112 2855 5165 Vat.
2887 5111 3001 5166 bis.
3024 5110 3451 5181 juxtaigrzccum,
3480 5111 3627 5181 Dedi;
3648 5131 3748 5177 σοι,
3770 5111 3878 5165 2-S-

2286 5203 2384 5258 με,
2411 5181 2712 5258 faventibus
2741 5198 2869 5258 loss.
2905 5182 3141 5258 hinnitu,
3160 5179 3381 5258 _R_etuig.
3422 5180 3732 5258 et_'_l_‘lteiid:,
3760 5200 3881 5251 pro-

2289 5251 2443 5323 pitius
2486 5252 2579 5309 tibi
2606 5264 2734 5317 esto,
2762 5253 2995 5307 Domine.
3027 5251 3082 5307 In
3128 5253 3245 5323 altis
3273 5262 3448 5323 tamen
3485 5252 3635 5307 libris
3681 5254 3879 5316 fertur,

2289 5322 2643 5393 prapitinstibi
2665 5323 2934 5388 Dominus,
2964 5324 3060 5376 nisi
3088 5322 3232 5391 quod
3262 5324 3311 5373 in
3336 5322 3496 5376 Caro.
3530 5323 3878 5389 cxstetDens,

2289 5411 2392 5451 non
2418 5394 2685 5449 Dominus.
2722 5398 2789 5449 At
2812 5410 2930 5463 i-ap.
2966 5395 3052 5457 16,
3081 5394 3134 5447 in
3171 5393 3355 5448 Matth.
3392 5410 3539 5449 mnn.
3567 5396 3623 5461 9,
3652 5394 3880 5452 habetur

2281 5468 2431 5537 juxta
2463 5466 2766 5537 Vulgatam.
2792 5468 2920 5520 absit
2946 5485 2975 5518 α
3001 5477 3065 5529 te,
3100 5463 3337 5521 Domine.

2358 5538 2435 5611 (j)
2464 5539 2521 5594 In
2565 5536 2667 5594 ms.
2722 5538 2877 5611 Mart.
2917 5536 3253 5611 desideratur
3280 5546 3391 5611 post
3421 5553 3518 5611 nte.
3548 5536 3761 5611 Videsis
3787 5537 3881 5594 ad-

2288 5607 2467 5668 notata
2493 5611 2559 5666 ad
2594 5625 2743 5665 num.
2776 5610 2863 5671 10,
2894 5625 3014 5678 cap.
3043 5607 3109 5668 i6
3138 5624 3337 5662 comni.
3364 5609 3415 5663 in
3442 5608 3632 5666 Matth.

2362 5681 2438 5751 (lt)
2465 5682 2612 5747 Mss,
2640 5681 2830 5748 Carn.,
2852 5681 3057 5753 ltentig.
3085 5694 3147 5734 ae
3176 5679 3336 5753 ’lfell.,
3367 5696 3525 5752 prava
3558 5697 3575 5735 :
3604 5691 3877 5749 corrupte.

2295 5754 2369 5883 Eia
2395 5754 2593 5825 quippe
2618 5761 2754 5823 erat,
2806 5761 2863 5809 ut
2893 5755 3135 5825 proximo
3170 5752 3378 5810 dictum
3423 5759 3509 5811 est
3529 5792 3548 5824 ,
3591 5768 3625 5809 a
3652 5752 3881 5814 crimine

2295 5842 2316 5882 [ι
2345 5840 2483 5883 εθιιιι.

2290 5840 2490 5889 auena.
