4316 6486
292 337 388 393 197

1462 345 1548 404 DE
1590 345 1964 408 TRINITATE
1998 346 2204 408 LIBER
2248 349 2356 413 VII.

3470 359 3574 418 198

282 466 394 509 sius
414 454 553 522 [ilius
592 452 670 525 (α)
697 454 961 513 Beucdicti
981 456 1197 530 (item,
1243 474 1360 528 xiv,
1388 461 1482 536 (il)
1506 463 1530 517 ?
1550 461 1869 520 Sueramcn-
1898 471 1946 530 Α
1974 464 2098 521 audi
2121 465 2266 522 enim
2284 462 2430 524 inter
2448 477 2622 525 smvas
2650 468 2829 526 crucis
2857 468 3131 526 custodias
3150 470 3306 547 172
3321 469 3574 531 Romana:

283 555 395 601 tum
423 549 749 616 nescientes,
783 561 1025 606 naturain
1052 562 1229 607 tamen
1259 569 1361 610 nun
1394 556 1664 627 ignorant.
1692 557 1879 629 Neque

279 638 619 712 interrogant
645 656 717 698 an
741 641 991 702 Christus
1032 646 1126 701 Dei
1166 645 1311 702 tilins
1337 649 1427 716 sit,
1455 648 1550 706 sed
1598 666 1665 705 an
1695 652 1781 708 hic
1810 652 1883 708 sit

276 728 531 787 Christus
552 730 700 790 titius
729 732 844 791 Dei.
874 732 1045 793 Error
1073 737 1126 791 in
1153 737 1370 795 homine
1398 749 1498 809 est,
1531 756 1639 797 non
1684 744 1740 798 in
1783 741 1880 799 Dei

277 820 411 879 lilio.
454 821 589 881 Nam
619 840 727 883 non
756 828 900 897 quod
928 827 1179 888 Christus
1230 832 1323 888 Dei
1358 834 1498 890 illius
1539 835 1608 890 sit
1658 834 1881 909 ambigi-

278 926 595 990 tur:atquo
644 919 716 977 ita
758 919 888 978 dum
937 924 1301 996 interrogatur
1333 941 1401 982 an
1451 924 1539 982 hic
1578 928 1667 993 sit,
1698 939 1878 985 tamen

276 1010 423 1078 quod
442 1006 692 1067 Christus
718 1012 791 1068 sit
819 1014 913 1071 Dei
945 1014 1088 1085 ﬁlius
1112 1031 1219 1072 nun
1251 1029 1494 1090 negatur.
1528 1020 1591 1074 Et
1620 1035 1722 1090 qua
1756 1030 1876 1076 tan-

283 1103 429 1172 dem,
456 1120 610 1177 rugo,
630 1116 688 1163 tu
735 1108 877 1167 istud
908 1109 1015 1167 tide
1058 1110 1318 1184 deneges,
1340 1113 1485 1184 quod
1520 1130 1589 1171 ne
1617 1115 1718 1186 ipsi
1757 1114 1878 1186 qui-

274 1195 400 1251 dem
432 1209 627 1271 negant
656 1200 746 1271 qui
773 1201 1217 1261 nesciunt?Cum
1257 1206 1403 1262 enim
1435 1206 1676 1279 perlecta
1705 1209 1880 1264 scien-

275 1288 347 1345 tia
375 1291 466 1357 sit,
490 1291 761 1351 Christum
792 1293 884 1351 Dei
925 1296 1096 1353 ﬁlium
1122 1308 1251 1355 ante
1296 1302 1493 1357 saettla
1542 1313 1874 1367 manentem,

271 1382 438 1438 etiam
472 1399 541 1441 ex
573 1386 785 1459 virgine
832 1403 997 1446 nosse
1027 1400 1251 1458 natum;
1283 1392 1384 1466 ipsi
1412 1410 1650 1466 quoque,
1683 1395 1776 1467 qui
1804 1394 1876 1452 de

273 1475 441 1533 Maria
494 1488 680 1536 natum
729 1483 995 1548 nesciunt,
1044 1483 1141 1540 Dei
1173 1493 1351 1541 tamen
1400 1487 1568 1542 lilium
1600 1504 1721 1544 esse
1766 1504 1872 1544 non

271 1569 543 1628 nesciunt.
578 1574 645 1640 Et
670 1574 792 1632 vide
813 1576 867 1631 in
893 1574 1036 1648 quod
1068 1587 1141 1647 te,
1164 1579 1415 1651 negando
1440 1580 1612 1636 tilium
1640 1581 1756 1649 Dei,
1779 1581 1875 1640 Ju-

268 1661 440 1721 tlaica
487 1665 779 1738 impietatis
804 1671 1142 1728 consortium
1196 1674 1482 1730 miscuisti.
1515 1676 1689 1743 Quam
1729 1676 1872 1732 enim

268 1753 349 1812 illi
377 1756 743 1817 damnationis
788 1760 847 1818 in
876 1779 1001 1820 eum
1024 1780 1242 1821 causam
1272 1765 1558 1824 attulerint
1585 1776 1869 1836 testantur,

267 1848 514 1905 dicentes
546 1849 649 1908 :Et
668 1854 951 1911 secundum
978 1857 1139 1929 legent
1177 1859 1323 1914 debet
1363 1860 1516 1925 mori,
1548 1861 1786 1933 quoniam
1809 1863 1871 1933 ᾗ·
1901 1873 1947 1933 Β

268 1944 395 1997 lium
421 1942 520 1999 Dei
550 1960 608 2000 se
626 1949 747 2019 fecit
774 1944 983 2022 (10am,
1004 1967 1115 2019 aut,
1150 1952 1226 2024 7).
1255 1953 1415 2011 Anne
1441 1972 1549 2012 non
1581 1956 1685 2014 hoc
1704 1961 1867 2014 etiam

266 2036 447 2107 impia:
471 2048 576 2093 tua:
608 2039 759 2096 vocis
774 2042 1121 2113 opprobrium
1142 2055 1249 2116 est,
1283 2047 1362 2119 (t)
1387 2050 1466 2121 (b)
1487 2066 1585 2105 cur
1612 2067 1670 2107 se
1698 2051 1867 2108 lilium

263 2132 434 2198 dicat,
478 2148 641 2204 quem
692 2139 751 2191 tu
790 2150 915 2194 esse
977 2153 1194 2197 asseras
1230 2147 1578 2199 creaturam?
1610 2145 1726 2214 ille,
1775 2146 1870 2203 Dei

262 2224 574 2283 conﬁtendo
593 2242 654 2283 se
680 2226 1008 2297 lilium,reus
1030 2233 1221 2290 mortis
1244 2233 1418 2292 abhis
1441 2237 1719 2308 judicatur
1745 2255 1758 2291 :
1786 2248 1862 2308 tu,

265 2333 391 2373 eum
424 2319 519 2374 Dei
552 2319 719 2377 ﬁlium
751 2323 1015 2396 negando,
1044 2343 1230 2397 quaero
1275 2332 1401 2400 quid
1450 2331 1706 2404 iudices?
1737 2333 1869 2391 Pro-

265 2411 431 2467 fessio
445 2414 591 2469 enim
610 2413 730 2486 ejus
753 2415 826 2472 ita
848 2409 1075 2488 Inda-is,
1098 2430 1158 2477 ut
1183 2421 1281 2495 tibi
1299 2423 1568 2497 displicet.
1590 2428 1867 2499 Interrogo

260 2520 331 2559 an
356 2504 590 2563 diversa:
613 2508 684 2563 ab
702 2509 782 2565 eis
806 2514 1098 2570 sententia:
1120 2531 1366 2586 maneas,
1388 2534 1418 2573 a
1444 2520 1640 2591 quibus
1656 2536 1763 2580 non
1786 2523 1866 2579 di-

264 2615 456 2655 versus
500 2603 578 2657 sis
602 2603 914 2663 voluntate?
957 2608 1157 2667 Eadem
1198 2614 1342 2669 enim
1397 2616 1565 2673 lilium
1619 2618 1710 2676 Dei
1738 2636 1863 2676 eum

260 2706 386 2745 esse
413 2692 686 2764 impietate
717 2707 772 2753 tu
797 2696 1057 2772 denegas.
1098 2703 1182 2760 [lli
1216 2714 1396 2763 tamen
1422 2724 1489 2764 eo
1511 2710 1739 2768 crimine
1764 2711 1867 2769 mi-

260 2798 417 2845 nore.
439 2788 580 2855 quod
594 2790 856 2846 nesciunt.
872 2790 1128 2851 Nesciunt
1146 2797 1290 2854 enim
1301 2797 1368 2855 de
1389 2798 1550 2857 Maria
1566 2802 1863 2874 Christum,

266 2877 367 2971 sed
393 2875 667 2938 Christum
692 2884 787 2941 Dei
811 2885 976 2943 tilium
1007 2904 1129 2947 esse
1154 2908 1258 2948 non
1282 2895 1578 2967 ambigunt.
1618 2899 1698 2955 'l‘u
1738 2902 1865 2971 quia

256 2966 537 3027 Christum
566 2988 674 3029 non
700 2986 857 3046 potes
900 2983 1111 3037 nescire
1138 2981 1208 3038 de
1252 2966 1443 3054 Maria,
1479 2966 1863 3049 Christum—ta-

1981 557 2217 615 cohortis
2230 561 2528 617 edomitum
2550 562 2615 618 ad
2633 564 2791 620 tidem
2813 564 3052 619 militem.
3071 561 3334 638 L0quitur
3346 584 3580 639 namque

1979 654 2284 722 conspectis
2334 666 2495 713 tanta:
2548 659 2765 713 virtutis
2817 659 3225 729 operationibus
3277 664 3570 718 centurio:

1990 742 2116 801 Vere
2137 743 2238 801 Dei
2256 748 2398 819 ﬁlius
2422 758 2535 804 erat
2555 751 2649 807 iste
2671 748 2913 825 (Manta,
2944 763 3114 817 xxvn,
3138 751 3252 824 54).
3286 753 3419 822 Hoc,
3451 764 3577 827 post

1980 842 2240 899 emissum
2262 846 2530 914 spiritum,
2571 843 2858 904 discissum
2903 849 3088 921 templi
3120 849 3317 915 velum,
3348 858 3402 907 et
3428 858 3573 907 mota

1980 942 2148 1001 terra,
2174 945 2230 993 et
2254 940 2421 995 scissa
2469 953 2622 1007 saxa,
2666 951 2721 997 et
2747 941 2997 1013 sepulcra
3055 940 3314 1013 patentia,
3346 951 3401 998 et
3430 957 3572 999 mor-

1984 1032 2057 1084 tui
2090 1043 2434 1104 resurgentes
2482 1037 2769 1102 testantur,
2793 1044 2850 1092 et
2888 1037 3051 1091 homo
3073 1035 3290 1105 gentilis
3335 1034 3573 1106 perfidia:

1977 1125 2268 1184 conﬁtetur
2288 1146 2301 1185 :
2321 1131 2539 1186 virtutis
2562 1138 2805 1187 naturam
2825 1132 3069 1203 agnuscit
3090 1132 3143 1187 in
3159 1130 3348 1202 gestis,
3368 1139 3574 1188 natura:

1979 1221 2263 1277 veritatem
2294 1221 2585 1294 proﬁtetur
2607 1224 2664 1280 in
2686 1225 2927 1281 nomine.
2949 1219 3121 1279 Tanta
3148 1224 3286 1279 ratio
3305 1222 3569 1290 veritatis,

1977 1321 2036 1369 et
2063 1321 2206 1369 tanta
2236 1312 2319 1372 vis
2344 1316 2465 1371 tldei
2486 1325 2588 1382 est,
2612 1317 2860 1374 attineat
2886 1317 3216 1373 voluntatem
3236 1316 3351 1374 veri
3383 1333 3573 1372 neres»

1975 1404 2129 1474 sitas,
2152 1414 2207 1461 et
2227 1405 2502 1465 Christum
2532 1407 2816 1465 Dominum
2847 1409 3036 1481 gloriae
3078 1419 3296 1466 aeternae
3329 1423 3453 1466 vere
3478 1409 3569 1466 Dei

1978 1498 2146 1555 tilium
2173 1515 2315 1569 esse,
2340 1515 2439 1560 nec
2464 1502 2553 1575 qui
2575 1502 2922 1561 cruciﬂxerat
2948 1502 3258 1576 denegaret.

2273 1660 2630 1738 173-178.
2665 1662 2872 1721 LIBER
2896 1662 3254 1722 SEPTIMUS.

1976 1781 2042 1837 In
2069 1783 2283 1838 exordio
2319 1788 2599 1855 exponitur
2626 1786 2745 1840 libri
2779 1784 2938 1861 hujus
2968 1786 3289 1856 prastantia,
3315 1788 3567 1842 scribi-udi

2043 1891 2243 1944 cauete,
2288 1877 2603 1933 Arianorum
2632 1881 2883 1951 uafrilies,
2924 1882 3011 1951 qui
3056 1877 3158 1933 huc
3198 1898 3357 1951 usque
3386 1880 3566 1936 delusa

2042 1968 2108 2021 sit
2133 1985 2194 2022 ac
2214 1971 2423 2040 repulsa
2440 2014 2455 2038 ,
2477 1972 2785 2027 aduersandi
2815 1972 2887 2026 eis
2917 1973 3209 2040 discrimen,
3246 1988 3310 2027 ne
3336 1973 3568 2028 uidelicet

2042 2059 2229 2114 Arium
2256 2067 2537 2134 confutatis
2562 2065 2811 2131 Sabellio,
2839 2082 2900 2121 ac
2944 2082 3122 2120 rursus
3151 2066 3437 2121 Sabellium
3468 2070 3567 2120 im-

2041 2168 2281 2224 pugnans
2315 2151 2544 2211 Photino
2576 2161 2748 2226 {aven
2774 2157 3044 2224 uideatur;
3075 2166 3122 2212 et
3165 2159 3219 2212 in
3255 2157 3569 2214 renaEccler

2040 2245 2132 2299 sia:
2156 2248 2413 2315 quomodo
2445 2264 2500 2301 se
2524 2246 2744 2304 inuicem
2778 2247 2954 2315 Arius,
2989 2248 3269 2317 Sabellius,
3292 2266 3353 2304 ac
3389 2247 3570 2304 l’lzoli-

2043 2354 2141 2392 nus
2168 2339 2371 2395 uincant
2407 2353 2497 2395 aut
2530 2344 2820 2399 uincantur.
2857 2343 3056 2412 Quibus
3099 2345 3313 2400 breuiter
3340 2346 3570 2413 explica-

2041 2432 2136 2497 tis,
2166 2449 2283 2487 eum
2300 2474 2315 2499 ,
2346 2438 2437 2501 qui
2460 2450 2577 2490 uere
2601 2454 2667 2492 ea:
2694 2444 2881 2492 natura
2903 2438 3044 2506 [ilius
3068 2435 3167 2493 Dei
3185 2451 3280 2505 est,
3306 2455 3415 2494 vere
3442 2455 3571 2509 quo—

2039 2539 2140 2593 que
2171 2542 2263 2596 per
2286 2538 2545 2596 naturam,
2581 2528 2725 2584 salua
2762 2531 2915 2584 unius
2944 2538 2992 2584 et
3021 2548 3126 2585 non
3164 2531 3443 2602 singularis
3471 2528 3571 2587 Dei

2040 2616 2163 2685 fide,
2192 2616 2361 2674 Deum
2384 2638 2496 2676 esse
2514 2624 2899 2692 comprobatur,
2925 2634 2978 2678 ut
2998 2630 3115 2697 pote
3140 2626 3223 2679 cui
3245 2622 3345 2681 Dei
3363 2643 3568 2694 nomen,

2038 2711 2279 2767 natiuitas
2307 2729 2373 2768 ea:
2396 2713 2529 2780 Deo,
2563 2716 2738 2771 divina
2768 2733 2882 2770 cum
2910 2726 3129 2783 natura,
3160 2728 3265 2773 tum
3306 2726 3527 2787 potestas
3546 2761 3563 2789 ,

2037 2818 2100 2856 ac
2118 2802 2333 2873 denique
2354 2808 2479 2878 quia
2501 2825 2559 2862 se
2577 2809 2688 2876 ipse
2716 2804 2881 2863 Deum
2898 2808 3217 2881 proﬁteatur.
3251 2809 3572 2881 Quamquam

2037 2894 2225 2963 fatetur
2253 2895 2514 2967 Hilarius,
2554 2918 2668 2955 cum
2692 2912 2990 2973 argumento
3017 2921 3081 2957 ea:
3122 2904 3383 2958 natiuitate
3415 2905 3572 2973 petito

2034 2986 2106 3041 ita
2127 3002 2360 3044 connexa
2382 3008 2492 3048 esse.
2512 3005 2713 3060 cetera,
2738 3002 2799 3048 ut
2824 2996 3038 3049 seorsint
3063 2997 3276 3050 tractari
3300 3008 3567 3067 nequeant.

258 3075 388 3116 men
420 3061 510 3121 Dei
536 3064 707 3123 ﬁlium
747 3083 869 3128 esse
909 3087 1013 3129 nan
1041 3077 1330 3147 praedicas.
1379 3079 1514 3146 Illis.
1543 3084 1597 3138 in
1628 3099 1695 3140 eo
1719 3086 1863 3157 quod
1966 3080 2039 3132 Ac
2085 3081 2251 3148 primo
2288 3084 2497 3150 quidem
2528 3090 2711 3156 ponit,
2742 3089 2981 3140 naturam
3017 3088 3091 3141 rei
3131 3088 3340 3142 nomine
3367 3100 3571 3161 seraper

258 3155 532 3223 nesciunt,
574 3168 754 3230 potest
775 3161 952 3221 adhuc
974 3165 1028 3222 in
1056 3176 1171 3224 tuto
1192 3172 1341 3227 salus
1370 3188 1492 3229 esse
1512 3176 1557 3231 si
1585 3155 1812 3234 credant
1844 3196 1860 3233 τ

257 3244 357 3303 tibi
376 3246 494 3317 iam
519 3253 701 3307 munia
730 3255 914 3313 clausa
941 3268 1068 3314 sunt
1098 3260 1164 3315 ad
1193 3264 1446 3334 salutem,
1477 3267 1547 3337 (c)
1576 3273 1666 3339 qui
1700 3284 1862 3344 negas
1889 3274 1935 3337 Ω

256 3342 405 3412 quod
430 3343 681 3415 ignorare
708 3348 820 3419 jam
854 3368 960 3409 non
995 3364 1168 3426 potes.
1188 3356 1304 3413 Non
1334 3361 1477 3416 enim
1510 3365 1724 3434 ignoras
1741 3342 1863 3423 esse

255 3437 431 3494 tilium
471 3438 563 3497 Dei
590 3458 606 3506 ;
632 3459 804 3515 usque
850 3447 990 3505 adeo
1017 3460 1072 3506 ut
1112 3452 1421 3526 adoptionis
1448 3472 1643 3515 nomen
1689 3461 1864 3518 indul-

254 3545 414 3599 geas,
439 3541 494 3587 ttt
522 3543 829 3594 creaturam
853 3554 1322 3615 connuncupatam
1356 3548 1520 3604 ﬁlium
1556 3555 1859 3612 mentiaris.

252 3622 514 3682 Naturam
542 3639 722 3687 autem
751 3645 1008 3704 quantum
1032 3639 1085 3692 in
1124 3647 1177 3695 te
1206 3651 1289 3695 est
1315 3642 1593 3711 auferens,
1620 3646 1865 3707 auferres

252 3731 477 3788 quoque
504 3712 556 3776 si
576 3722 670 3777 tibi
700 3724 892 3783 liceret
931 3737 987 3785 et
1014 3745 1234 3787 nomen.
1267 3732 1370 3790 Sed
1399 3737 1522 3807 quia
1572 3738 1625 3795 id
1660 3755 1767 3797 non
1799 3741 1865 3798 li-

253 3820 365 3904 cet,
394 3822 637 3871 naturam
667 3815 745 3890 (d)
769 3823 972 3879 nomini
998 3828 1104 3881 non
1127 3827 1389 3900 relinquis
1414 3851 1424 3885 :
1451 3847 1521 3888 ne
1548 3836 1689 3904 quod
1723 3834 1863 3893 ﬁlius

252 3902 478 3969 dicitur.
511 3924 673 3967 verus
707 3912 800 3969 Dei
825 3912 967 3972 ﬁlius
994 3919 1087 3975 sit.

337 3999 856 4092 15!.Cbristum
870 4023 983 4064 uere
991 4010 1159 4080 ﬁlium
1172 4010 1270 4069 Dei
1281 4015 1857 4092 conﬁtenturApostoli.

255 4118 331 4132 σ-
345 4089 623 4150 Habueras
646 4097 699 4151 in
714 4097 1057 4159 confessione
1070 4118 1281 4168 eorum.
1299 4110 1517 4177 quibus,
1535 4089 1863 4169 desaevientc

257 4195 432 4238 vento
460 4194 516 4240 et
553 4188 768 4247 turbato
819 4194 977 4259 mari,
1003 4196 1055 4251 in
1082 4197 1235 4252 verbi
1256 4197 1411 4269 jussu
1453 4211 1575 4258 erat
1614 4205 1861 4261 restituta

255 4281 620 4350 tranquillitas
635 4324 650 4349 ,
680 4293 738 4341 ut
762 4295 818 4342 et
837 4294 893 4344 tu
916 4303 1103 4346 verum
1122 4290 1219 4348 Dei
1237 4291 1404 4349 lilium
1426 4293 1782 4365 conﬁtereris,
1805 4306 1865 4353 et

250 4386 449 4428 eorum
475 4390 603 4433 voce
617 4380 875 4438 utereris:
910 4380 1039 4439 Vere
1058 4384 1201 4455 ﬁlius
1225 4384 1326 4442 Dei
1347 4398 1421 4442 est
1465 4386 1707 4458 (Matt/1.,
1746 4406 1855 4458 xiv,

250 4464 375 4537 55).
396 4465 503 4523 Sed
526 4475 579 4524 te
598 4473 828 4529 saviens
848 4474 1081 4546 spiritus.
1096 4477 1151 4531 in
1182 4478 1520 4550 naufragium
1548 4481 1671 4537 vita:
1695 4482 1855 4552 rapit,

250 4567 307 4612 et
339 4559 543 4615 mentis
572 4571 678 4617 tua:
722 4566 959 4622 motibus
1014 4576 1284 4640 tamquam
1312 4569 1578 4627 [luctuoso
1609 4573 1740 4627 mari
1769 4572 1857 4629 in-

249 4651 521 4707 cumbens
543 4655 780 4725 procella
813 4657 1139 4716 dominatur.

322 4741 420 4798 52.
445 4740 729 4814 Conﬁtetur
750 4759 798 4804 et
824 4750 1269 4821 qui,cruciﬁa:erat
1298 4750 1559 4810 Centurio.
1588 4740 1735 4812 —’Si
1759 4756 1853 4812 tibi

2032 3174 2321 3245 signiﬁcari
2348 3221 2360 3242 ,
2403 3180 2510 3234 nisi
2557 3181 2753 3235 ratione
2797 3182 3117 3245 adiectorum
3159 3176 3493 3237 adventitium
3522 3189 3571 3239 et

2039 3287 2140 3325 non
2168 3275 2457 3344 proprium.
2485 3293 2593 3332 esse
2620 3277 2871 3332 indicetur
2910 3293 2931 3333 :
2970 3277 3034 3333 de
3062 3275 3202 3334 Filio
3233 3287 3400 3335 autem
3421 3279 3495 3333 ita
3536 3297 3571 3333 α

2037 3363 2240 3420 Joanne
2266 3368 2371 3421 dici
2394 3411 2416 3436 ,
2445 3376 2506 3425 et
2538 3368 2677 3426 Deus
2716 3381 2831 3427 erat
2859 3366 3094 3427 Verbum
3121 3415 3135 3435 ,
3180 3383 3225 3426 et
3269 3388 3300 3426 α
3344 3368 3565 3441 Thema,

2040 3456 2299 3515 Dominus
2325 3477 2489 3517 meus
2522 3474 2576 3518 et
2605 3462 2747 3519 Deus
2774 3479 2927 3519 meus
2949 3507 2963 3531 ,
2995 3475 3047 3517 ut
3084 3465 3165 3518 liae
3200 3462 3571 3535 appellationes

2038 3552 2189 3605 etiam
2216 3568 2282 3607 ea:
2314 3552 2611 3624 adjunclis,
2640 3570 2811 3609 ueram
2839 3558 2890 3610 in
2914 3572 2973 3610 eo
3007 3554 3101 3609 Dei
3132 3562 3371 3608 naturam
3397 3558 3574 3620 expri-

2038 3654 2202 3697 mant.
2236 3642 2338 3699 Cui
2367 3661 2509 3710 vero,
2541 3664 2645 3701 non
2672 3665 2817 3702 secus
2856 3663 2915 3702 ac
2947 3645 3134 3709 Patri,
3165 3655 3361 3701 natare
3387 3648 3573 3702 diuina:

2042 3738 2320 3807 proprium
2362 3756 2567 3804 nomen,
2598 3740 2751 3794 unius
2789 3749 2863 3795 est
2906 3758 3020 3794 cum
3058 3740 3171 3808 ipso
3210 3744 3411 3793 natum
3450 3758 3469 3793 .'
3511 3754 3574 3792 ac

2042 3833 2259 3900 proinde
2288 3834 2403 3905 ipse
2426 3850 2543 3888 enm
2568 3832 2725 3889 Patre
2758 3850 2864 3888 nou
2892 3834 2995 3888 duo
3016 3833 3136 3895 Dii.
3170 3833 3262 3888 sed
3300 3850 3435 3889 unus
3470 3843 3565 3889 est.

2039 3925 2242 3981 Leviter
2281 3927 2368 3983 hic
2397 3928 2603 4000 attingit
2632 3928 2785 3984 Verbi
2802 3972 2815 3995 ,
2844 3924 3127 4001 Sapientia:
3147 3946 3206 3982 ac
3241 3924 3454 3983 Virtutis
3484 3945 3573 3984 co-

2038 4023 2307 4091 gnomina,
2341 4040 2500 4093 eaque
2532 4018 2674 4077 Filio
2696 4034 2871 4094 aptata
2898 4039 3006 4079 esse
3026 4024 3277 4091 declarat,
3303 4032 3359 4077 ut
3386 4026 3440 4077 in
3462 4018 3573 4076 Pa-

2038 4125 2114 4167 tre
2131 4114 2329 4183 absque
2359 4115 2467 4170 ulla
2498 4116 2660 4184 ipsius
2687 4116 2936 4174 diuisione
2963 4124 3051 4172 aut
3077 4114 3426 4172 demutatione
3453 4113 3574 4173 sub-

2033 4204 2217 4260 sistere
2246 4208 2567 4265 ostendatur.

1967 4293 2195 4371 Subjicit
2230 4299 2416 4354 deinde
2448 4317 2552 4356 non
2578 4301 2747 4357 mium
2770 4319 2863 4375 per
2882 4318 2937 4358 se
2960 4318 3069 4359 esse
3096 4312 3295 4369 notum,
3318 4317 3442 4357 nato
3462 4316 3575 4359 eam

2034 4388 2207 4444 inesse
2247 4404 2483 4447 naturam
2510 4409 2574 4448 ea
2606 4410 2703 4464 qua
2730 4395 2957 4450 subsistit
2982 4410 3001 4450 :
3024 4411 3114 4449 nec
3144 4394 3367 4449 dubitari
3401 4411 3572 4467 posse,

2034 4487 2169 4555 quin
2192 4504 2259 4543 ex
2291 4485 2399 4541 Deo
2426 4497 2576 4543 natus
2596 4490 2663 4544 sit
2691 4487 2946 4557 Christus,
2969 4505 3115 4559 quem
3142 4486 3204 4543 ob
3225 4483 3323 4542 hoc
3350 4490 3575 4543 maxime

2032 4575 2330 4647 interﬁcere
2355 4576 2588 4633 volebant
2623 4578 2801 4633 Judtei
2821 4622 2835 4646 ,
2868 4578 2992 4649 quia
3021 4582 3295 4651 proprium
3344 4581 3446 4635 sibi
3478 4596 3575 4651 pa-

1879 4673 1933 4735 ι)
2038 4676 2185 4725 trem
2210 4670 2427 4726 diccbat
2456 4672 2645 4738 Deum,
2673 4671 2942 4743 aqualem
2974 4688 3031 4728 se
3061 4671 3267 4729 iaciens
3294 4669 3422 4729 Deo.
3460 4671 3575 4728 Nae

2039 4762 2217 4818 tiuitas
2248 4774 2417 4818 autem
2434 4805 2448 4832 ,
2477 4764 2609 4819 sicut
2634 4778 2681 4823 et
2714 4763 3017 4835 annalis“,
3043 4782 3135 4822 nec
3162 4765 3329 4821 solum
3362 4767 3575 4839 patitur,

246 4832 372 4890 [nec
403 4838 765 4908 navigantium
793 4856 860 4896 ex
905 4858 972 4897 eo
1002 4843 1208 4901 incerta
1250 4846 1385 4901 lides
1418 4846 1705 4915 videbitur,
1728 4851 1855 4919 quia
1952 4855 1992 4904 ν
2042 4871 2135 4910 nec
2157 4856 2433 4910 diuersum.

243 4929 654 4987 existimabitur
701 4949 821 4990 esse
865 4937 1294 5006 Apostolorum;
1343 4938 1471 4993 mihi
1521 4950 1702 4997 tamen
1750 4943 1852 4997 etsi

248 5028 443 5081 minus
470 5037 689 5096 prastat
714 5030 1109 5099 aditiit-ationis,
1140 5036 1261 5105 plus
1290 5044 1464 5088 tamen
1490 5034 1646 5090 τίσετε
1665 5047 1855 5093 aucto-

247 5120 846 5179 ritatis.Verumtamen
868 5126 1033 5181 etiam
1058 5128 1302 5198 gentium
1323 5129 1379 5183 in
1400 5126 1647 5185 culidem
1675 5143 1851 5195 sume;

325 5279 413 5353 (1)
439 5279 545 5337 Cur
561 5299 614 5339 se
633 5284 799 5353 ﬁlium
832 5283 926 5340 Dei
951 5285 1109 5341 dicat.

329 5442 411 5512 (α)
447 5441 503 5498 in
527 5444 673 5514 prius
702 5445 948 5517 vulgatis,
978 5442 1080 5500 Dei
1128 5443 1397 5502 benedicti.
1432 5447 1604 5504 Abest
1628 5461 1736 5503 vox
1768 5448 1875 5507 Dei

255 5530 284 5569 a
322 5529 461 5569 mss.
493 5527 545 5570 et
569 5534 594 5566 :t
626 5530 822 5587 ενα-(ἑο.
855 5517 1164 5574 ludtenrum
1212 5535 1369 5576 error
1410 5520 1537 5576 hinc
1564 5530 1804 5581 natatur
1825 5526 1880 5580 in

255 5591 553 5660 lacut._non
583 5588 777 5660 injure
807 5588 996 5645 luisse.

335 5655 416 5729 (b)
437 5656 511 5740 Ita
534 5655 668 5715 mss;
698 5664 767 5716 At
785 5662 1122 5730 excusi,cum
1146 5678 1199 5718 se
1226 5662 1394 5732 ﬁlium
1412 5660 1513 5720 Dei
1540 5665 1700 5736 dici-it,
1729 5682 1879 5740 quem

260 5741 277 5783 t
284 5748 315 5783 tt
343 5745 540 5786 asserta
566 5742 874 5787 creaturam.

340 5798 419 5870 (ε)
450 5801 583 5855 Dicti
613 5803 770 5873 hujus
798 5806 947 5861 ratio
1006 5807 1197 5863 etenda
1218 5820 1286 5863 ex
1314 5816 1471 5865 tract.
1538 5810 1639 5865 sal.
1674 5824 1877 5880 czxxv,

348 5888 423 5926 tn.
454 5873 506 5933 3.
534 5875 621 5932 ubi
659 5880 799 5933 inter
823 5877 929 5933 alia
968 5820 1091 5933 etme
1124 5878 1446 5933 habentur:
1467 5822 1645 5933 EPrtrar
1681 5887 1877 5933 οεηίαηι

266 5888 423 5926 nunt.
454 5873 506 5943 3,
534 5875 621 5932 ubi
659 5880 799 5935 inter
823 5877 929 5935 alia
969 5873 1091 5935 btec
1124 5878 1446 5940 habentur:
1467 5873 1645 5939 Extra
1681 5873 1885 5942 uernant

1973 4948 2057 5004 Ea:
2079 4966 2136 5004 eo
2155 4950 2270 5017 ipso
2295 4961 2549 5015 sermone,
2572 4965 2719 5016 quem
2742 4957 2865 5003 tunc
2889 4946 3125 5004 Christus
3145 4951 3215 5003 ad
3231 4951 3446 5009 Judaos
3472 4949 3570 5006 lla-

2045 5039 2177 5105 buit,
2191 5040 2330 5094 illius
2358 5056 2421 5095 ex
2441 5039 2548 5095 Deo
2569 5039 2882 5096 natiuitatem
2898 5042 3053 5097 simul
3069 5056 3113 5097 et
3134 5058 3357 5111 paterna
3380 5056 3576 5101 natura:

2042 5136 2288 5190 unitatem
2325 5135 2661 5190 danonstrari
2948 5139 3131 5191 evincit
3165 5154 3184 5190 .°
3212 5143 3423 5195 natura:
3447 5140 3571 5209 quia

1987 5458 2078 5519 est,
2102 5446 2192 5524 qui
2221 5455 2484 5521 peceatum
2512 5448 2766 5524 cognorit,
2779 5460 2877 5524 nec
2904 5449 3162 5524 cognitum
3186 5452 3459 5524 conﬁtetur
3481 5461 3583 5524 τίει

1986 5520 2128 5589 hoc,‘
2157 5524 2279 5593 quia
2323 5522 2577 5592 confessio
2626 5520 2816 5573 erroris
2855 5523 3105 5591 professio
3159 5534 3230 5575 est
3279 5523 3582 5592 desinendi;

1985 5610 2086 5652 nec
2116 5592 2328 5648 veniam
2363 5602 2625 5659 meretur,
2649 5594 2740 5662 qui
2780 5606 2808 5643 a
2842 5602 3059 5660 peccato
3086 5592 3335 5650 desinere
3382 5598 3583 5652 renuit.

1987 5664 2122 5723 Vide
2148 5674 2405 5721 annotata
2432 5663 2499 5717 ad
2527 5678 2677 5718 num.
2713 5671 2764 5721 tt.
2798 5671 2957 5717 tract.
2986 5678 3069 5727 ns.
3097 5679 3221 5718 cu.

2059 5739 2140 5811 (il)
2167 5739 2254 5792 Sic
2291 5750 2418 5790 mss.
2448 5743 2508 5788 ut
2533 5736 3048 5811 superius__ttutu.2_6
3070 5753 3081 5788 :
3105 5736 3166 5811 δέ
3189 5738 3469 5811 augendo
3493 5756 3585 5791 noo

1989 5805 2294 5873 minibus,“
2317 5816 2558 5879 naturam
2576 5805 2837 5862 vocabulis
2862 5822 2964 5861 non
2990 5806 3239 5879 intelligo.
3266 5806 3413 5866 Edtti
3436 5824 3589 5875 vero,

1988 5893 2230 5939 naturam
2272 5876 2513 5936 nominis.
