4316 6476
209 406 295 462 ξω

1377 393 1468 454 DE
1508 393 1886 455 TRINITATE
1926 394 2131 455 LIBER
2176 393 2279 455 Vll.

3376 404 3483 459 ΞΜ

213 533 363 574 meum
412 514 758 589 pendentium
802 513 993 583 lo:;uor
1016 554 1033 583 ,
1076 521 1131 570 et
1169 525 1332 570 omne
1360 514 1631 570 sermonis
1676 513 1778 570 mei
1807 525 1862 587 Α
1956 515 2008 572 4.
2030 516 2266 572 Veritatis
2291 515 2384 571 vis.
2414 513 2644 571 Ecclesia
2664 515 2781 571 sinu
2794 530 2886 571 suo
2909 524 3076 574 tenere
3095 534 3269 576 omnes
3297 538 3488 595 perop-

212 610 295 666 iter
316 620 400 666 aut
422 612 684 683 angustiis
712 615 1063 680 prmruptum,
1092 615 1186 663 aut
1209 603 1380 661 foveis
1402 606 1654 671 incisum,
1681 612 1777 659 aut

212 700 390 776 laqueis
431 714 755 774 pratensum
786 708 888 757 est.
932 698 1051 756 iam
1089 697 1232 770 quod
1261 695 1491 754 arduum
1533 711 1597 753 ac
1634 694 1778 753 diffi-

208 797 294 853 cile
316 797 401 863 sil,
436 796 612 853 minus
634 808 979 868 conqueror:
1012 807 1121 849 non
1145 790 1283 848 meis
1319 790 1487 858 enim,
1519 788 1617 847 sed
1651 804 1779 862 apo-

208 891 389 949 stolicis
431 889 637 949 scande
674 890 949 964 gradibus.
1005 885 1137 944 Mibi
1197 902 1323 945 vero
1371 895 1467 943 aut
1515 886 1777 959 angustiis

209 986 273 1061 (ιι)
308 987 588 1054 decedere,
624 996 717 1044 aut
740 988 795 1044 in
821 986 1035 1042 defossa
1062 982 1324 1051 incidere,
1353 991 1447 1038 aut
1469 982 1639 1054 plagis
1660 981 1779 1037 illa-

207 1079 365 1152 queari
390 1124 406 1150 ,
438 1094 656 1153 semper
690 1063 751 1136 in
796 1078 1037 1151 periculo
1061 1117 1078 1146 ,
1116 1091 1338 1149 semper
1381 1075 1436 1132 in
1477 1082 1622 1132 metu
1668 1082 1769 1131 est.

207 1173 549 1231 Praedicaturo
586 1174 733 1231 enim
771 1171 1065 1229 secundum
1105 1170 1279 1243 legem
1308 1176 1365 1226 et
1392 1171 1684 1241 prophetas
1722 1176 1777 1225 et

207 1266 471 1339 Apostolus
499 1284 666 1325 unum
706 1268 897 1333 Deum,
921 1265 1075 1325 adest
1103 1265 1233 1323 mihi
1259 1263 1527 1322 Sabellius
1551 1306 1567 1332 ,
1602 1273 1777 1321 totum

204 1374 277 1419 me
295 1362 386 1418 snb
404 1361 552 1419 verbi
570 1360 731 1434 hujus
753 1361 1087 1435 professione
1114 1367 1387 1431 tamquam
1404 1357 1774 1415 desideratum

202 1450 361 1512 cibum
396 1469 582 1513 morsu
617 1452 918 1512 saevissimo
943 1461 1317 1509 transvorans.
1357 1450 1655 1523 Negantcm
1684 1465 1775 1506 me

201 1564 393 1607 rursum
422 1560 612 1608 contra
634 1547 929 1607 Sabeliium
962 1562 1125 1604 unum
1159 1546 1326 1603 Deum
1351 1587 1368 1615 ,
1413 1551 1471 1602 et
1505 1546 1771 1602 confiten-

209 1648 301 1700 tem
327 1656 510 1701 verum
531 1643 698 1700 Deum
713 1640 805 1699 Dei
832 1641 1019 1710 lilium,
1047 1647 1325 1712 exspectat
1353 1653 1490 1695 nova
1516 1638 1743 1696 ineresis
1760 1680 1775 1705 ,

201 1746 302 1794 uta
331 1752 414 1796 me
442 1735 580 1795 duos
604 1736 737 1793 deos
767 1744 957 1808 arguat
995 1732 1296 1807 praedicari.
1341 1730 1533 1788 Natum
1563 1745 1777 1803 quoque

200 1829 282 1888 Dei
304 1831 466 1887 lilium
493 1843 561 1888 ex
590 1828 752 1886 Maria
775 1829 1009 1894 dicturo,
1033 1825 1241 1883 liebion
1262 1824 1340 1897 (ὁ)
1369 1824 1513 1898 quod
1539 1824 1780 1882 estPlto-

1880 620 1971 665 tat.
1994 608 2077 665 Ea:
2094 611 2223 683 ipsis
2236 609 2513 665 literesibus
2525 610 2863 680 cognoscitur.
2875 606 2993 665 Una
3009 619 3103 667 est.
3124 610 3199 666 De
3212 614 3485 670 omnibus

1878 722 1930 761 se
1946 705 2156 760 inuicem
2174 704 2485 760 vincentibus
2500 705 2815 775 triumphum
2827 704 3069 779 agit.Sed
3081 721 3221 775 eam,
3231 717 3288 763 ut
3302 723 3487 781 spero,

1879 799 2121 857 Ecclesia
2146 799 2411 855 doctrina:
2430 813 2543 854 sua:
2569 796 2766 863 lucem,
2797 799 2960 856 etiam
2984 800 3359 873 imprudentia:
3383 817 3488 858 sa:-

1878 892 1987 949 culi
2018 891 2269 961 invebet,
2299 900 2359 948 ut
2385 892 2510 948 licet
2538 889 2663 947 fidei
2714 901 3115 950 sacramentum
3161 908 3268 950 non
3316 893 3490 949 susci-

1878 984 2013 1058 piat,
2060 994 2240 1041 tamen
2289 985 2575 1041 adversum
2631 982 2920 1042 hereticos
2975 968 3259 1043 veritatem
3306 998 3488 1042 saera-

1881 1081 2106 1140 mentia
2136 1081 2294 1141 nobis
2323 1081 2592 1152 intelligat
2638 1080 2942 1151 pradicari.
2970 1080 3159 1155 Magna
3210 1080 3356 1139 enim
3401 1082 3487 1136 vis

1880 1185 1965 1233 est
1987 1175 2256 1242 veritatis,
2287 1188 2407 1247 qua:
2434 1189 2557 1230 cum
2583 1188 2680 1244 per
2704 1187 2766 1230 se
2792 1172 2874 1247 (It)
2900 1174 3128 1247 intelligi
3155 1176 3354 1247 possit,
3387 1190 3484 1247 per

1880 1284 1943 1327 ca
1972 1280 2152 1326 tamen
2176 1270 2289 1339 ipsa
2312 1282 2432 1339 qum
2460 1267 2510 1323 ei
2553 1265 2912 1321 adversantur
2940 1267 3121 1323 elucet
3151 1284 3164 1322 :
3198 1277 3257 1322 ut
3301 1268 3354 1322 in
3383 1282 3482 1324 na-

1883 1374 2001 1420 tura
2036 1377 2130 1420 sua
2163 1360 2458 1418 immobilis
2491 1375 2753 1430 manens,
2784 1360 3092 1416 firmitatem
3122 1371 3329 1416 naturae
3373 1376 3483 1418 sua:

1881 1456 2125 1531 quotidie
2145 1455 2274 1512 dum
2303 1464 2600 1512 attentatur
2625 1453 2889 1527 acquirat.
2923 1454 3035 1510 Iioc
3056 1457 3201 1510 enim
3229 1456 3486 1511 Ecclesia:

1883 1553 2161 1624 proprium
2192 1558 2307 1617 est,
2340 1562 2394 1606 ut
2421 1561 2550 1606 tunc
2576 1550 2796 1615 vincat,
2820 1564 2943 1605 cum
2976 1548 3212 1617 luditur,
3244 1558 3371 1603 tunc
3399 1547 3484 1604 in-

1884 1648 2154 1720 telligatur
2176 1664 2296 1704 cum
2321 1647 2583 1719 arguitur,
2609 1653 2737 1702 tunc
2763 1645 3003 1701 obtineat
3028 1659 3152 1700 cum
3194 1645 3483 1703 deseritur.

1882 1741 2085 1798 Omnes
2113 1741 2329 1813 quidem
2366 1741 2455 1795 illa
2484 1754 2669 1798 secum
2717 1748 2879 1811 atque
2924 1738 3064 1796 intra
3112 1754 3172 1794 se
3220 1738 3286 1809 (ί)
3327 1737 3490 1794 vellet

1885 1852 2130 1902 manere,
2149 1849 2248 1891 nec
2278 1850 2346 1891 ex
2379 1833 2839 1907 tranquillissimis
2867 1833 3074 1889 sinibus
3100 1832 3216 1889 suis
3238 1833 3375 1889 alios
3396 1842 3484 1887 aut

199 1925 326 1983 tinus
352 1924 596 1993 assistit,
627 1924 1004 1982 auctoritatem
1049 1919 1316 1980 mendacii
1345 1920 1430 1977 sui
1469 1936 1535 1979 ex
1570 1920 1775 1992 profes-
1809 1935 1857 1999 Β
1884 1929 2141 2001 abjicerc,
2168 1937 2263 1985 aut
2286 1929 2537 2002 perdere,
2559 1930 2686 1983 dum
2716 1927 2921 1999 indigni
2952 1926 3090 1982 fiunt
3111 1934 3272 1982 tantm
3302 1926 3490 1984 matris

196 2020 348 2078 siouis
367 2020 596 2077 veritate
614 2027 948 2091 sumpturus.
974 2017 1052 2076 De
1074 2016 1291 2075 exteris
1306 2024 1480 2085 taceo,
1499 2014 1580 2089 (l)
1598 2015 1689 2088 qui
1708 2014 1779 2073 ab

196 2115 427 2174 omnibus
461 2130 585 2173 esse
624 2121 775 2171 extra
825 2113 1127 2171 Ecclesiam
1166 2127 1273 2169 non
1303 2113 1636 2183 ignorantur.
1668 2110 1781 2167 Hoc

199 2224 314 2268 vero
336 2212 650 2266 damnatum
693 2220 747 2266 et
791 2207 1060 2280 abjectum
1106 2206 1233 2264 licet
1296 2208 1634 2280 frequenter,
1685 2204 1779 2263 sed

197 2302 263 2377 (ο)
280 2306 542 2363 internum
561 2302 723 2361 hodie
736 2301 911 2360 adhuc
935 2302 1136 2359 malum
1156 2311 1261 2358 est.
1289 2300 1457 2371 lmpic
1485 2299 1685 2357 multos
1712 2300 1779 2356 ad

195 2398 340 2455 unius
386 2398 480 2455 Dei
527 2398 918 2472 professionem
980 2396 1187 2456 Galatia
1238 2398 1320 2469 (ά)
1365 2396 1607 2455 nutrivit.
1642 2396 1780 2453 Male

199 2491 341 2567 177
378 2493 432 2551 in
472 2502 645 2550 totum
672 2509 810 2565 pene
853 2491 1040 2549 orbem
1087 2507 1227 2564 quos
1270 2503 1429 2564 negat
1453 2492 1597 2550 duos
1645 2490 1779 2550 deos

194 2584 508 2643 Alexandria
529 2585 601 2660 (e)
635 2584 876 2658 protulit.
904 2584 1169 2643 Pestifere
1195 2594 1382 2642 natum
1410 2583 1595 2642 Jesum
1615 2582 1776 2641 Chri—

191 2683 323 2736 stum
343 2696 413 2737 ex
435 2678 602 2737 Uaria
631 2678 906 2736 Pannonia
941 2675 1014 2752 (ί)
1043 2677 1304 2735 defendit.
1337 2678 1406 2735 Et
1435 2677 1676 2751 Ecclesia
1707 2679 1781 2734 in-

192 2782 269 2832 ter
295 2771 406 2832 lure
438 2774 772 2847 periclitatur
804 2773 1089 2832 veritatem
1120 2789 1227 2831 non
1270 2783 1457 2832 tenere
1501 2789 1596 2844 per
1625 2789 1775 2840 vera,

190 2865 406 2949 domum
427 2868 479 2926 ei
505 2866 575 2925 ad
604 2865 1056 2940 irreligiositatem
1086 2867 1403 2940 ingeruntur
1425 2910 1443 2937 ,
1467 2867 1663 2938 quibus
1692 2884 1783 2926 reo

190 2962 312 3036 ligio
346 2973 400 3023 et
439 2965 836 3034 conﬁrmatur,
877 2977 934 3023 et
975 2966 1211 3037 deperit.
1254 2965 1374 3025 Non
1414 2970 1559 3025 enim
1611 2985 1774 3025 unum

190 3054 348 3116 Deum
396 3058 483 3130 pie
535 3073 821 3132 possumus
870 3059 1200 3132 praedicare,
1240 3060 1287 3117 si
1336 3060 1509 3117 solum
1548 3062 1779 3133 (supple,

188 3150 565 3222 pmdlcamus)
596 3171 612 3201 τ.
644 3151 765 3222 quia
795 3166 903 3209 non
949 3152 1055 3208 erit
1081 3152 1224 3210 Deus
1263 3152 1407 3209 filius
1452 3156 1506 3210 in
1545 3152 1774 3211 solitarii

187 3240 309 3302 ﬁde.
336 3246 409 3305 At
436 3262 573 3305 vero
604 3246 700 3304 Dei
727 3246 932 3315 tilium,
958 3246 1100 3303 sicut
1132 3256 1238 3316 est,
1264 3247 1435 3307 Deum
1472 3249 1780 3327 .prsedicano

1885 2024 2227 2081 babitaculo.
2260 2024 2355 2081 sed
2393 2022 2797 2081 discedentibus
2843 2038 2909 2078 ex
2962 2037 3025 2079 ea
3079 2021 3373 2089 bareticis,
3402 2019 3487 2077 vel

1882 2119 2126 2189 abjcetis,
2156 2128 2414 2190 quantum
2446 2115 2964 2173 amittitoccasionis
2993 2113 3285 2187 lzirglcndm
3318 2128 3383 2168 ex
3425 2127 3487 2170 se

1881 2213 2092 2281 salutis,
2117 2220 2324 2267 tantum
2355 2210 2426 2285 (Ι)
2449 2211 2764 2280 adsequitur
2783 2208 2853 2267 ad
2883 2208 3043 2265 tidem
3080 2207 3401 2281 expetendae
3420 2209 3489 2264 de

1882 2324 1943 2365 se
1962 2304 2328 2365 beatitudinis.
2383 2304 2651 2377 Cognosci
2692 2304 2837 2360 enim
2886 2303 2988 2359 hoc
3017 2318 3081 2360 ex
3115 2301 3247 2372 ipsis
3277 2302 3493 2358 hmreti.

1881 2418 2069 2460 corum
2110 2401 2305 2457 studiis
2337 2400 2801 2471 promptissimum
2833 2408 2936 2456 est.
2965 2396 3207 2469 Namque
3235 2413 3357 2453 cum
3388 2398 3488 2455 Ecv

1882 2500 2046 2557 clesia
2075 2514 2105 2553 a
2136 2496 2364 2554 Domino
2392 2496 2657 2559 instituta,
2679 2494 2823 2551 etab
2848 2493 3120 2565 Apostolis
3146 2493 3486 2560 conﬁrmata,

1882 2610 1987 2651 una
2020 2594 2259 2651 omnium
2286 2591 2391 2661 sit,
2421 2606 2487 2648 ex
2524 2606 2625 2662 qua
2668 2604 2729 2646 se
2770 2588 3107 2646 diversarum
3152 2591 3489 2659 impietatutn

1883 2689 2069 2746 furens
2091 2688 2251 2763 178
2268 2700 2425 2745 error
2439 2683 2751 2747 absciderit;
2780 2699 2876 2739 nec
2896 2684 3080 2755 negari
3101 2683 3290 2753 possit,
3314 2698 3379 2738 ex
3414 2684 3491 2738 vi-

1883 2784 1961 2838 tio
2007 2780 2081 2854 (Ir)
2136 2780 2291 2836 mala:
2353 2776 2720 2848 intelligentia:
2754 2818 2770 2843 ,
2819 2775 2942 2831 ﬁdei
2987 2776 3260 2832 exstitisse
3325 2774 3492 2831 dissi-

1882 2875 2070 2939 dium,
2110 2874 2237 2930 dum
2279 2870 2421 2944 quod
2472 2869 2705 2942 legitur,
2735 2867 2920 2924 sensui
2969 2868 3150 2938 patius
3187 2875 3490 2938 coaptatur,

1882 2985 2042 3042 quam
2074 2967 2291 3025 lectioni
2342 2981 2534 3024 sensus
2561 2964 2904 3034 obtemperat
2935 2982 2948 3016 :
2993 2972 3172 3018 tamen
3210 2962 3337 3019 dum
3387 2961 3490 3017 sibi

1881 3072 2067 3135 partes
2095 3062 2321 3134 singulae
2347 3060 2726 3127 adversantur,
2760 3073 2868 3113 non
2899 3056 3072 3113 solum
3102 3056 3244 3119 suis.
3269 3058 3364 3113 sed
3397 3057 3494 3113 ad-

1884 3154 2213 3211 versantium
2262 3162 2347 3209 est
2398 3149 2743 3224 intelligenda
2774 3149 3069 3216 doctrinis;
3127 3158 3181 3204 ut
3220 3148 3349 3205 dum
3396 3149 3492 3205 ad—

1882 3264 2099 3305 versum
2132 3263 2292 3303 unam
2334 3261 2455 3303 eam
2482 3258 2675 3302 omnes
2702 3253 2830 3299 sunt
2851 3243 3253 3314 ,impiissimum
3306 3252 3487 3301 tamen

188 3350 264 3395 tes
289 3382 306 3409 ,
333 3341 711 3414 periclitamur
733 3340 811 3415 (in
853 3340 1135 3401 hominum
1168 3341 1593 3417 existimatione)
1620 3343 1782 3402 ﬁdem
1808 3344 1855 3409 Ο
1886 3358 2127 3401 errorem
2154 3342 2397 3399 omnium
2427 3356 2522 3411 per
2550 3340 2600 3395 id
2620 3337 2762 3410 quod
2792 3338 2905 3395 sola
2933 3346 3019 3394 est
3044 3349 3206 3409 atque
3233 3353 3335 3392 una
3361 3354 3491 3395 con-

188 3428 275 3489 Dei
338 3437 501 3492 unius
548 3451 657 3492 non
712 3444 897 3492 tenere
943 3453 958 3491 :
1007 3443 1064 3492 et
1124 3435 1365 3508 ejusdem
1415 3436 1641 3510 periculi
1696 3453 1785 3494 res

187 3537 265 3585 est
286 3530 364 3601 (Ξ)
394 3528 479 3605 (9)
510 3546 684 3588 unum
712 3545 930 3602 negare,
961 3529 1115 3602 cujus
1150 3537 1236 3586 est
1258 3537 1318 3587 et
1333 3529 1635 3589 solitarium
1654 3546 1786 3588 con-

187 3621 340 3682 literi.
370 3624 438 3683 Et
459 3625 583 3683 hac
601 3625 819 3697 quidem
841 3626 1024 3681 mundi
1052 3624 1215 3681 stulta
1234 3637 1343 3681 non
1368 3624 1627 3689 sentiunt,
1653 3624 1781 3681 dum

188 3718 265 3773 bis
290 3735 467 3793 neque
498 3719 556 3777 in
588 3736 694 3777 non
725 3720 844 3776 solo
865 3719 1154 3792 signiﬁcari
1182 3733 1322 3776 unus
1346 3716 1579 3789 videtur,
1608 3734 1785 3791 neque

187 3810 236 3867 in
264 3829 368 3871 uno
393 3828 506 3872 non
535 3814 687 3872 solus
718 3810 965 3887 intelligi.

280 3951 331 4019 Ι)
355 3953 486 4019 quia
513 3952 582 4008 ab
605 3950 863 4009 omnibus.
1130 4017 1138 4019 ,
1288 4018 1291 4019 ν
1372 4018 1396 4019 η
1544 4015 1546 4019 ,

252 3951 331 4096 iis}
354 3951 933 4085 Ζέιῗίἕεὸτοιτδῗιέῗύι
966 4028 1087 4096 erat
1125 4017 1179 4078 in
1216 4018 1486 4096 prioribus
1532 4015 1788 4096 editioni-

185 4092 280 4151 bus
304 4092 323 4162 ᾖ
350 4112 519 4153 mni
552 4113 656 4153 non
677 4112 885 4168 negare,
916 4105 973 4151 ut
999 4094 1050 4150 in
1077 4092 1351 4165 postrema
1375 4092 1638 4160 habetur,
1666 4092 1785 4149 nul-

251 4225 328 4356 gtl)
350 4228 616 4315 Bad.,Er.
632 4228 922 4316 etquidarn
944 4243 1074 4286 mss.
1092 4228 1343 4301 angustiis
1359 4225 1615 4295 decidere,
1637 4223 1786 4297 Lips.

331 4317 376 4356 r.
405 4319 463 4356 ιη
488 4311 748 4356 artoustns
767 4300 1000 4356 deridere
1021 4317 1039 4356 :
1062 4310 1395 4356 castigantur
1413 4315 1480 4356 ex
1505 4314 1637 4355 mss.
1664 4297 1784 4354 Vat.

184 4311 236 4375 et
253 4297 391 4375 Par:
405 4302 463 4358 in
488 4297 748 4375 angustiis
767 4300 1000 4375 deridere
1021 4317 1039 4356 :
1062 4297 1395 4371 castigantur
1413 4315 1480 4356 ex
1505 4314 1637 4355 mss.
1664 4297 1784 4354 Vat.

183 4372 322 4438 bas.,
350 4372 548 4443 Carm,
568 4372 767 4439 Hart”
798 4373 961 4430 Corb.
992 4385 1099 4430 etc.

252 4445 328 4518 (lt)
348 4445 573 4518 Lipsius
592 4457 732 4517 post.
754 4445 845 4518 Er.
867 4446 956 4518 qui
966 4443 1428 4518 eruitecemiores
1444 4456 1576 4500 mss.
1599 4443 1695 4518 qui
1713 4451 1780 4498 et.

183 4513 609 4575 At'vetus'tiures'
634 4532 756 4574 cum
775 4513 905 4572 Bad'.
934 4517 1071 4584 quod
1088 4526 1184 4583 est,
1208 4516 1358 4588 quasi
1390 4518 1487 4571 hoc
1514 4513 1619 4588 est.
1638 4513 1783 4588 Pho-

182 4591 346 4645 tiuutu
392 4602 585 4647 autern
620 4590 743 4645 ideo
785 4589 1078 4645 llebionem
1107 4586 1293 4655 vocat,
1318 4603 1428 4643 non
1474 4586 1636 4642 modo
1661 4586 1784 4658 quia

181 4661 433 4716 ltrcresiut
465 4660 621 4717 illius
646 4659 927 4717 suscitavit
952 4702 968 4722 ,
1000 4658 1092 4716 sed
1120 4669 1177 4716 et
1204 4662 1325 4730 quia
1352 4660 1447 4715 lib.
1489 4673 1526 4723 ι,
1561 4660 1612 4713 itt
1636 4672 1789 4726 argu-

180 4744 362 4789 mento
390 4734 565 4804 hujus
612 4733 759 4795 libri,
780 4732 850 4787 de
872 4731 1116 4804 llebione
1151 4729 1416 4803 agendum
1452 4730 1552 4785 sibi
1592 4744 1786 4804 prepo-

178 4816 384 4861 suerat.
416 4800 581 4862 unde
612 4815 665 4860 et
696 4806 889 4875 librum
917 4803 1147 4875 primum
1178 4800 1307 4859 ante
1347 4808 1487 4858 hunc
1511 4800 1782 4875 composi-

1886 3437 2043 3494 lutet.
2072 3435 2345 3494 llasretici
2393 3434 2556 3508 igitur
2597 3448 2790 3490 omnes
2834 3441 3023 3489 eontra
3053 3430 3349 3488 Ecclesiam
3403 3449 3489 3488 νεα

1887 3533 2045 3589 niunt
2072 3551 2087 3589 :
2120 3531 2214 3589 sed
2237 3529 2363 3587 dum
2394 3528 2636 3587 bmretici
2665 3542 2856 3584 omnes
2884 3542 2945 3583 se
2974 3524 3207 3585 invicem
3244 3526 3491 3594 vincunt,

1888 3626 2023 3683 nihil
2047 3632 2226 3682 tamen
2257 3623 2361 3681 sibi
2391 3632 2630 3680 Vincunt.
2655 3621 2893 3679 Victoria
2924 3620 3070 3677 enim
3116 3637 3303 3679 eorum
3326 3665 3343 3689 ,
3389 3621 3491 3678 Ec-

1888 3720 2069 3778 clesia:
2098 3717 2402 3790 triumphus
2428 3732 2493 3773 ex
2508 3716 2757 3773 omnibus
2784 3724 2889 3784 est,
2916 3712 2995 3788 (5)
3024 3714 3151 3771 dum
3180 3732 3248 3773 eo
3269 3716 3493 3773 iamresis

1888 3821 2076 3870 contra
2100 3812 2324 3869 alteram
2357 3818 2580 3883 pugnat,
2606 3809 2748 3882 quod
2779 3810 2831 3868 in
2861 3810 3055 3871 lneresi
3102 3811 3270 3871 altera
3306 3810 3495 3871 Eccle-

1890 3947 1995 4007 lius
2018 3949 2244 4021 periculi
2266 3962 2354 4007 res
2380 3957 2546 4007 esset.

1967 4017 2047 4096 (ὅ)
2074 4017 2213 4077 Dum
2240 4022 2294 4077 in
2319 4036 2399 4077 eo.

1895 4221 2032 4294 duos
2058 4233 2278 4294 negare.
2312 4216 2469 4294 Linde
2518 4219 2851 4294 AuguStiuus
2902 4229 3091 4294 contra
3137 4220 3484 4283 Maximinum

1893 4293 2109 4351 Arianae
2136 4291 2299 4349 secta
2325 4291 2588 4348 fautorem
2616 4292 2710 4348 lib.
2754 4308 2799 4361 I,
2828 4308 2879 4349 c.
2912 4293 2939 4351 l
2974 4312 2987 4347 :
3022 4292 3123 4352 Ubi
3148 4298 3267 4352 nisti
3288 4316 3319 4352 a
3345 4300 3485 4355 nobis

1893 4382 2053 4421 unum
2087 4364 2250 4438 Deum
2282 4364 2384 4419 coli
2403 4380 2422 4418 :
2462 4380 2774 4434 consequens
2792 4374 2867 4419 est
2885 4408 2900 4429 ,
2923 4365 3160 4438 inquam,
3190 4380 3248 4423 ut
3278 4382 3488 4426 autnon

1890 4438 2068 4493 colatis
2095 4436 2356 4491 Christum
2383 4477 2398 4503 ,
2426 4446 2515 4490 aut
2564 4451 2669 4490 non
2701 4452 2858 4490 unum
2908 4434 3079 4496 Deum
3126 4441 3339 4510 colatis,
3396 4443 3487 4501 sed

1890 4512 2041 4565 duos.

1963 4579 2034 4655 (Γ)
2077 4579 2210 4637 Puta
2256 4593 2353 4649 per
2394 4575 2689 4655 flaminum
2741 4578 3095 4637 Sirmiensem
3123 4584 3433 4655 episcopum
3466 4628 3482 4651 ,

1892 4650 2046 4723 cujus
2074 4667 2228 4708 error
2255 4666 2360 4723 non
2383 4651 2444 4723 in
2468 4668 2533 4723 eu
2553 4650 2640 4705 bic
2663 4661 2913 4723 ponitur,
2945 4656 3087 4723 quud
3115 4650 3385 4712 Christum
3415 4650 3484 4713 ex

1894 4721 2057 4780 maria
2088 4735 2271 4781 natum
2304 4721 2713 4797 defemlatpsed
2753 4722 2896 4793 quod
2926 4721 3305 4797 tetnporariam
3334 4728 3482 4785 illam

1894 4797 2229 4854 nativitatem
2256 4799 2428 4851 solam
2456 4794 2731 4862 prtedicct.

181 4855 399 4941 (5.3.75:
421 4855 664 4934 Ῑδῖιῖιῖἰιῖἷ
696 4855 1323 4932 hilaria—tum
1351 4855 1585 4945 ignotam
1616 4855 1784 4945 fuisse
1810 4855 1866 4917 D
1892 4940 1925 4945 _
1964 4866 2042 4940 (g)
2077 4866 2217 4922 Etliti
2244 4855 2472 4945 excepto
2500 4866 2621 4921 Par.
2646 4882 2805 4919 unum
2837 4863 3005 4921 Deum
3052 4886 3257 4942 negare.
3291 4869 3484 4928 Verius

179 4950 333 5005 nobis
357 4949 536 5006 rideri
564 4948 679 5019 jam
712 4952 1151 5018 pra-monuimus.
1184 4946 1310 5001 Post
1333 4944 1500 5019 pauca
1536 4945 1592 4999 in
1610 4944 1788 5014 vulga-
1816 4991 1829 5003 ,

179 5023 243 5075 tis
267 5040 333 5077 ea:
366 5018 699 5093 professione
726 5020 975 5087 veritatis,
1004 5020 1094 5074 ubi
1118 5033 1184 5075 ex
1216 5032 1347 5073 mss.
1373 5018 1679 5074 restitutum
1702 5023 1788 5071 est

178 5110 239 5147 est
264 5092 620 5167 professionis
640 5094 863 5167 ueritate.

271 5158 320 5241 t‘)
354 5158 525 5241 Stilus
556 5162 883 5241 eiitlex_V§tt.
908 5161 1023 5241 bas.
1054 5158 1468 5241 internuntjllnd
1492 5160 1680 5241 adhuc.

271 5168 320 5241 ι’)
354 5168 525 5220 Solus
556 5168 729 5218 codex
765 5168 883 5218 Vat.
909 5168 1023 5217 bas.
1054 5168 1309 5217 internum
1335 5168 1467 5215 illud
1492 5168 1680 5214 adtrito.

245 5168 329 5311 id)
362 5235 635 5294 Marcello
666 5235 914 5311 videlicet
939 5235 1167 5311 anym
1205 5234 1258 5311 in
1294 5232 1785 5311 Galatia‘epi~copo

178 5300 524 5383 militumtum
546 5309 917 5383 aegtnagistro.
931 5300 1133 5383 ⁸Νςεέιῖιιε
1156 5306 1302 5362 enim
1322 5305 1389 5383 ad
1403 5300 1578 5383 aliud
1595 5300 1783 5383 referri

180 5374 383 5448 ducunt
413 5383 539 5438 lnec
570 5374 883 5450 Hieronymi
911 5378 990 5450 de
1012 5374 1211 5447 Script.
1234 5376 1370 5450 ecel.
1403 5374 1782 5450 iullareello;

184 5444 285 5508 Sed
310 5465 359 5509 cl
398 5454 656 5508 Hilarius
682 5444 895 5523 sepiiono
925 5444 1437 5523 adversumArianos
1458 5446 1587 5502 libro
1622 5444 1787 5523 nomi-

184 5527 584 5602 nisejusrqtmss'
608 5517 837 5602 Itqtrctici
1150 5519 1239 5602 tibi
1264 5520 1619 5602 Hieronymus
1647 5517 1786 5599 hlar-

183 5594 373 5653 celltim
410 5594 486 5654 ita
534 5594 708 5651 dubio
736 5594 921 5664 procul
962 5594 1245 5657 intellexit,
1276 5598 1335 5645 ut
1354 5595 1515 5647 etiam
1544 5596 1787 5644 nomina-

185 5680 294 5727 tum
316 5670 637 5740 scripserit,
670 5666 1173 5740 memoriaAlorsitan
1203 5666 1272 5719 ita
1298 5672 1644 5740 suggerente.

254 5743 329 5814 (e)
359 5731 523 5809 Ar'iu,
551 5731 634 5797 uti
663 5752 850 5814 omnes
870 5735 1071 5814 vident,
1099 5745 1353 5814 auctore:
1383 5731 1789 5814 quiduosdeos

185 5818 235 5867 in
260 5802 454 5871 orbem
479 5802 723 5872 invexit,
748 5826 868 5866 cutn
888 5808 1100 5864 Patrem
1123 5806 1292 5864 Deum
1310 5821 1371 5864 ac
1395 5802 1586 5861 Filium
1616 5802 1785 5859 Deum

184 5886 368 5944 dit-ens
394 5895 451 5942 et
506 5885 739 5950 colens,
771 5892 1058 5952 utrumque
1106 5879 1334 5934 diversa:
1362 5877 1677 5952 substantia:
1697 5890 1791 5952 as-

185 5962 350 6017 seruit
372 5980 384 6016 :
403 5956 705 6031 jactitabat
721 5947 899 6008 tamen
920 5947 986 6007 se'
1005 5967 1167 6009 unum
1195 5952 1417 6009 omnino
1435 5948 1603 6007 Deum
1628 5947 1786 6013 velle,

652 6054 921 6113 Parnm“
1000 6049 1082 6111 Χ,

1892 4940 2015 4995 Par.
2048 4953 2167 4995 cum
2203 4941 2498 5006 potioribus
2530 4952 2658 4990 mss.
2690 4954 2846 5010 unum
2872 4940 3211 5010 nonnegare:
3252 4945 3352 4999 ltoc
3374 4958 3478 5006 est.

1889 5012 1981 5079 qui
2011 5026 2174 5085 unum
2206 5012 2425 5085 Arionis
2472 5009 3022 5085 prtedteantibuinun
3048 5025 3226 5085 ‘negat
3256 5056 3270 5077 ,
3296 5018 3479 5071 statim

1887 5100 2010 5211 ῗιιιι]
2040 5082 2228 5137 iisdem
2264 5080 2477 5135 videtur
2522 5080 2730 5148 facere,
2771 5088 2825 5136 et
2866 5080 3003 5137 Filio
3028 5080 3359 5142 divinitatem
3386 5103 3485 5143 att—

1911 5171 2051 5209 orre.

1911 5171 2051 5209 orre.

1963 5226 2045 5299 (h)
2078 5225 2196 5299 Era,
2236 5222 2384 5295 Lips.
2412 5232 2470 5279 et
2490 5223 2631 5299 _Par.
2676 5222 2896 5296 intelligi
2911 5240 3021 5299 non
3050 5228 3244 5294 possit:
3268 5229 3406 5286 male
3430 5241 3487 5287 et

1888 5296 2270 5370 praeter-iidem
2299 5310 2450 5370 ansa.
2485 5296 2657 5370 Porro
2685 5300 2826 5370 quod
2870 5298 2957 5351 hic
2982 5298 3051 5353 de
3083 5300 3309 5356 t'i-ritate
3331 5341 3346 5363 ,
3378 5301 3483 5357 hoc

1894 5365 2016 5425 mox
2047 5368 2247 5423 clarius
2279 5368 2346 5422 de
2376 5366 2614 5421 Ecnlcsia
2659 5365 2987 5439 alllutnatur,
3021 5380 3075 5422 nt
3112 5384 3229 5439 quae
3271 5388 3370 5425 non
3399 5391 3479 5428 so-

1893 5443 2001 5495 lum
2022 5442 2124 5494 suis
2143 5482 2158 5505 ,
2184 5439 2275 5494 sed
2301 5440 2683 5493 adversantium
2710 5448 2785 5493 est
2819 5438 3150 5509 intelligenda
3176 5442 3445 5498 doctrinis.

1966 5513 2030 5585 (ε)
2050 5510 2169 5566 Vat.
2200 5511 2311 5585 b._.s.
2344 5509 2571 5585 ms.qu
2595 5525 2815 5564 manere.
2842 5508 2959 5564 Mox
2988 5508 3089 5565 Soli
3113 5510 3264 5577 editi,
3286 5513 3486 5584 aliquos

1894 5581 2142 5654 abj'irere;
2172 5581 2565 5654 refragantibus
2602 5595 2732 5635 mss.

1968 5654 2037 5726 υ)
2064 5652 2413 5726 Martinianus
2441 5652 2612 5726 codex
2632 5691 2650 5715 .
2677 5654 3023 5726 consequitur.
3050 5652 3175 5710 Par.
3200 5669 3320 5711 cum
3351 5674 3481 5715 mss.

1896 5723 2050 5783 Colli.
2075 5738 2126 5781 et
2144 5724 2329 5799 Germ.
2348 5740 2413 5780 ea:
2432 5723 2675 5796 sequitur.
2706 5723 2909 5784 Deinde
2928 5726 3090 5781 (ἐστι).
3114 5728 3484 5799 expendenda;

1897 5815 2003 5853 non
2032 5797 2341 5869 expetendae.

1972 5869 2048 5941 (Ir)
2082 5865 2138 5924 l'n
2166 5884 2304 5942 mss.
2327 5866 2582 5942 bas.Vat.
2611 5877 2666 5923 et
2694 5865 3012 5942 Marllmalc
3040 5869 3309 5927 intellecta?
3335 5872 3457 5942 ﬁdei
3477 5892 3485 5927 ;

1898 5938 2172 6011 corrupte.
2211 5938 2420 5996 Videsis
2444 5940 2535 5995 lib.
2570 5954 2628 6007 ιι,
2663 5954 2811 5995 num.
2838 5938 2909 6008 ὃς
2944 5950 2999 5995 (ιι
3026 5942 3119 5998 lib.
3154 5958 3193 6011 ι,
3245 5958 3298 5999 n.
3335 5938 3421 6000 lS.

2943 6041 2983 6099 7
