4316 6458
259 332 371 392 209

1475 330 1563 387 DE
1603 327 1981 389 TRINITATE
2024 328 2230 388 LIBER
2268 329 2379 388 \‘ll.

3459 336 3566 396 210

261 451 390 519 ﬁde.
422 448 464 505 Τ
466 450 647 505 ttonms
681 449 843 506 Deum
882 460 1070 506 natura
1106 450 1398 523 proﬁtetur.
1432 448 1615 519 Neque
1646 448 1741 504 hoc
1768 466 1863 505 no-
1893 451 1960 536 Α,
2047 449 2134 505 i3.
2159 447 2319 505 Pater
2345 459 2391 505 et
2418 450 2558 520 [ilius
2584 467 2717 507 unus
2745 461 2945 513 tantum
2974 464 3047 511 est
3073 453 3234 511 Deus.
3263 486 3335 499 --
3360 454 3567 515 Nomen

261 558 384 598 men
412 552 615 599 recusat
643 542 898 600 Christus.
927 575 998 585 -—
1028 544 1095 599 Et
1116 542 1391 598 videamus
1418 557 1486 598 an
1519 542 1657 597 hanc
1684 541 1859 597 Evan-

260 637 479 710 gelista:
516 637 981 708 praedicationem,
1028 635 1260 706 apostoli
1312 636 1537 692 Thoona:
1592 633 1861 691 confessio

258 738 650 804 consequatur.
682 746 805 787 cum
872 730 967 798 ait,
1018 730 1269 787 Dominus
1305 748 1447 787 meus
1476 740 1521 787 et
1550 729 1692 786 Deus
1717 746 1861 785 meus

256 824 285 897 (
303 826 461 883 1m.
490 840 562 883 xx
589 867 604 894 ,
629 823 756 896 28);
788 822 933 882 Dens
980 825 1141 895 igitur
1183 840 1311 881 suus
1352 834 1456 895 est,
1486 842 1648 896 quem
1692 826 1861 881 Deum

258 919 573 975 conﬁtetur.
598 917 664 974 Et
683 928 833 975 certe
853 915 1057 974 dictum
1082 932 1188 974 non
1216 919 1557 988 ignorabata
1593 919 1818 974 Domino
1845 967 1853 973 .

264 1011 430 1079 Audi,
452 1009 640 1078 Israel.
685 1010 939 1068 Dominus
971 1012 1108 1068 Deus
1137 1022 1255 1068 tuus
1297 1029 1430 1067 unus
1465 1024 1539 1068 est
1572 1012 1750 1086 (Deut.
1782 1030 1857 1079 Vl,

258 1106 328 1180 ὁ)
360 1130 371 1160 ;
404 1116 458 1162 et
481 1101 753 1180 quomodo
775 1107 1069 1178 apostolica
1096 1106 1229 1164 ﬁdes
1250 1107 1861 1179 principalisimmcmor

258 1208 354 1255 est
371 1197 510 1257 facta
530 1198 787 1268 mandati,
817 1209 875 1255 nt
898 1199 1059 1277 185
1090 1200 1260 1256 Deum
1279 1200 1550 1260 Christum
1575 1204 1833 1260 confitere
1847 1233 1860 1244 -

260 1302 377 1360 tur.
412 1309 535 1350 cum
559 1295 620 1350 in
664 1292 825 1351 unius
848 1294 946 1353 Dei
974 1303 1122 1352 esset
1162 1296 1503 1353 confessione
1538 1294 1864 1352 vivendum?

260 1386 377 1446 Sed
407 1387 700 1467 Apostolus
728 1384 898 1445 t‘otius
923 1389 1253 1446 sacramenti
1293 1387 1453 1446 fidem
1486 1404 1581 1459 per
1612 1389 1859 1445 virtutem

258 1480 679 1540 resumctionis
702 1480 1037 1556 intelligens.
1070 1497 1194 1541 cum
1237 1482 1546 1555 frequenter
1571 1483 1813 1543 audisset
1848 1506 1855 1540 :

259 1574 384 1653 Ego
430 1586 479 1633 et
524 1576 687 1643 Pater
737 1594 897 1635 unum
943 1596 1123 1636 sumus
1137 1590 1277 1647 ;et:
1314 1579 1500 1636 Omnia
1544 1597 1658 1654 qua:
1686 1580 1864 1637 Patris

254 1676 405 1739 sunt,
436 1686 548 1726 nua
591 1680 742 1739 sunt;
773 1682 871 1730 et:
906 1670 1020 1745 Ego
1059 1675 1115 1729 in
1157 1672 1353 1743 Patre,
1405 1685 1452 1729 et
1481 1672 1640 1730 Pater
1687 1675 1741 1731 in
1786 1691 1863 1730 me

260 1763 450 1837 (δυαη-
482 1782 540 1834 ιν
569 1766 639 1824 30
659 1783 678 1829 ἰ
702 1782 817 1835 Χνι,
849 1769 950 1834 15ς
981 1785 1091 1833 XIV.
1124 1767 1219 1842 Η)
1252 1770 1409 1844 εἰκω,
1424 1772 1541 1826 sine
1570 1769 1691 1827 ﬁdei
1720 1771 1863 1843 peric

1966 544 2129 616 igitur
2153 555 2382 613 naturae,
2409 545 2533 602 ﬁdei
2557 556 2754 603 nostra:
2781 561 2887 604 non
2913 549 3116 605 deserit
3148 551 3539 621 professionem

1964 635 2171 693 Nomen
2220 638 2386 705 enim,
2431 638 2576 710 quod
2628 654 2742 696 rem
2792 655 3225 717 unamquamque
3272 642 3561 715 signiﬁcat,

1965 745 2079 786 rem
2109 746 2321 807 quoque
2346 732 2593 804 desdcm
2638 735 2857 805 generis
2905 734 3142 792 ostendit
3171 754 3186 792 :
3218 745 3275 798 et
3299 736 3411 810 jam
3455 756 3564 796 non

1967 839 2054 880 res
2082 822 2201 881 diue
2242 836 2389 893 sunt,
2422 825 2519 882 sed
2566 840 2652 883 res
2696 829 2911 898 generis
2967 827 3209 899 ejusdem
3262 838 3364 886 est.
3393 829 3566 889 Filios

1966 932 2198 988 namque
2230 904 2327 974 Dei
2348 918 2491 974 Deus
2516 928 2631 986 est;
2657 919 2757 976 hoc
2781 922 2923 975 enim
2953 921 3111 996 185
3132 921 3465 994 signiﬁcatur
3495 940 3561 981 ex

1966 1011 2205 1069 nomine.
2242 1009 2356 1068 Non
2400 1012 2537 1070 duos
2584 1011 2717 1070 deos
2748 1024 3107 1071 connumerat
3137 1028 3331 1071 nomen
3360 1031 3562 1083 unum;

1964 1105 2087 1175 quia
2111 1105 2265 1161 unius
2300 1113 2461 1175 atque
2488 1104 2847 1162 indifferentis
2875 1117 3078 1163 natura:
3107 1106 3189 1182 (ό)
3220 1125 3385 1166 unum
3424 1112 3563 1167 Deus

1965 1212 2160 1254 nomen
2204 1206 2305 1254 est.
2335 1196 2469 1255 Cum
2509 1200 2653 1254 enim
2692 1208 2748 1254 et
2785 1199 2947 1256 Pater
2989 1202 3128 1257 Deus
3170 1212 3285 1268 est.
3312 1214 3365 1257 et
3398 1203 3566 1261 Filius

1966 1291 2108 1347 Deus
2132 1300 2238 1357 est.
2270 1303 2323 1348 et
2352 1293 2629 1365 proprium
2660 1300 2869 1349 natura:
2890 1293 3086 1350 di~ina2
3119 1312 3314 1351 nomen
3340 1298 3391 1353 in
3419 1308 3567 1352 λιιι-ον

1964 1400 2072 1458 quc
2102 1384 2206 1451 sit;
2240 1380 2471 1457 uterque
2500 1401 2665 1440 unum
2695 1394 2822 1441 sunt
2851 1404 2865 1439 :
2890 1385 3011 1456 quia
3041 1402 3163 1441 eum
3192 1388 3448 1444 subsistat
3470 1389 3562 1444 Fi-

1965 1474 2069 1531 lius
2095 1491 2160 1533 ex
2184 1477 2461 1533 nativitate
2488 1478 2557 1551 (ε)
2578 1488 2807 1545 naturae,
2835 1478 2913 1548 (Ι)
2937 1481 3195 1536 unitatem
3225 1490 3403 1538 tamen
3437 1496 3567 1537 con~

1964 1581 2147 1628 servat
2190 1572 2243 1629 in
2292 1574 2506 1630 nomine
2537 1592 2550 1629 :
2583 1589 2685 1631 nec
2710 1573 2778 1628 ad
2810 1572 3204 1644 professionem
3237 1575 3401 1632 duum
3432 1574 3567 1632 deo-

1963 1679 2081 1720 rum
2122 1667 2372 1721 nativitas
2397 1665 2518 1722 Filii
2540 1666 2877 1723 credentium
2911 1666 3070 1723 ﬁdem
3098 1668 3264 1739 cogit.
3318 1684 3441 1740 qua:
3465 1668 3567 1725 Pa-

1966 1764 2104 1814 trem
2129 1758 2425 1827 eLFilinm.
2459 1770 2515 1815 ut
2550 1761 2707 1816 unius
2739 1771 2965 1831 naturae,
2995 1762 3065 1818 ita
3100 1763 3257 1819 unius
3284 1763 3565 1834 profitetur

254 1857 386 1914 culo
434 1854 639 1915 natura:
690 1875 888 1915 nomen
935 1862 1219 1925 confessus
1263 1872 1347 1919 εει
1387 1879 1401 1917 ι
1448 1863 1575 1935 quia
1606 1862 1674 1917 ab
1703 1866 1860 1918 unius
1891 1854 1938 1916 B
1967 1861 2021 1906 et
2051 1852 2306 1910 nominis.
2335 1853 2428 1908 Est
2460 1856 2638 1917 itaque
2668 1854 2762 1909 Dei
2795 1853 2907 1911 tilio
2935 1854 3005 1926 (ί)
3038 1870 3233 1911 nomen
3271 1871 3337 1912 ex
3370 1858 3558 1912 nativi~

255 1951 358 2008 Dei
398 1953 564 2023 patris
597 1947 934 2025 professione
978 1954 1169 2026 religio
1211 1970 1322 2012 non
1367 1954 1643 2012 excideret
1691 1955 1857 2012 Deum

252 2043 508 2102 confessa
534 2044 631 2123 Dei
662 2043 857 2112 litium,
877 2061 999 2103 cum
1022 2047 1076 2103 in
1100 2047 1211 2103 ﬁlio
1234 2047 1327 2105 Dei
1355 2063 1463 2103 non
1494 2048 1595 2103 nisi
1624 2058 1860 2119 paternae

256 2151 468 2200 natura
494 2140 695 2196 veritas
723 2139 1068 2211 crederetur;
1103 2155 1204 2204 nec
1242 2141 1345 2199 sub
1372 2142 1597 2199 alterius
1629 2142 1721 2200 Dei
1754 2145 1856 2200 im-

254 2233 351 2306 pia
401 2228 746 2291 confessione
802 2232 937 2291 ﬁdes
983 2244 1191 2294 naturae
1239 2237 1637 2310 periclitaretur
1675 2238 1851 2308 unius,

252 2323 384 2398 quia
414 2342 519 2383 non
549 2325 770 2383 alterius
792 2325 888 2383 Dei
930 2335 1177 2386 naturam
1219 2327 1452 2400 perfecta
1486 2329 1581 2387 Dei
1607 2330 1859 2387 nativitas

252 2418 552 2476 attulisset.
606 2417 904 2477 Veritatem
966 2421 1127 2494 igitur
1177 2424 1477 2493 evangelici
1528 2426 1857 2482 sacramenti

253 2512 495 2569 Thomas
525 2511 832 2585 intelligens
856 2554 872 2580 ,
906 2511 1192 2570 Dominum
1221 2532 1375 2571 suum
1407 2530 1462 2572 et
1490 2518 1658 2574 Deum
1700 2535 1856 2575 suum

254 2620 387 2663 esse
409 2603 692 2662 confessus
720 2615 824 2662 est.
854 2604 969 2662 Non
1012 2606 1098 2662 hic
1127 2606 1350 2665 honoris
1375 2618 1456 2665 est
1501 2625 1734 2679 nomen,
1760 2614 1855 2669 sed

254 2710 470 2759 natura:
491 2697 763 2758 confessio
786 2710 871 2757 est
902 2720 917 2757 :
948 2702 1107 2759 rebus
1130 2703 1274 2759 enim
1301 2703 1433 2777 ipsis
1461 2714 1622 2779 atque
1649 2708 1857 2763 virtuti-

253 2797 359 2853 bus
383 2796 552 2851 Deum
574 2793 824 2852 credidit.
847 2795 911 2852 Et
939 2797 1198 2854 Dominus
1222 2800 1572 2870 professionis
1594 2802 1751 2873 hujus
1773 2819 1854 2859 re-

254 2890 515 2962 ligionem
548 2904 652 2947 non
687 2892 909 2948 honoris
929 2906 1049 2949 esse
1074 2892 1290 2961 docuit,
1325 2894 1420 2950 sed
1452 2894 1576 2951 ﬁdei
1597 2940 1611 2961 ,
1635 2897 1854 2965 dicens,

257 2983 400 3052 Quia
428 2983 601 3039 vidisti
624 2982 724 3056 (α),
757 2984 1022 3042 credidisti
1051 3001 1069 3041 :
1100 2986 1232 3041 beati
1260 2988 1346 3057 qui
1369 3005 1474 3041 non
1515 2988 1748 3045 uiderunt
1768 3034 1784 3057 ,
1811 3003 1856 3046 et

250 3077 583 3132 crediderunt
609 3074 788 3151 (Joan.
820 3093 920 3145 xx,
941 3077 1057 3150 ‘29).
1087 3076 1287 3135 Videns
1309 3081 1452 3136 enim
1478 3080 1715 3139 Thomas
1736 3100 1854 3142 ere.

255 3170 415 3228 didit.
445 3169 552 3230 Sed
578 3171 710 3245 quid
738 3172 971 3229 credidit
990 3172 1235 3247 quieris?
1261 3174 1329 3231 Et
1355 3176 1480 3246 quid
1511 3177 1655 3233 aliud
1681 3179 1856 3235 credi-

252 3264 338 3324 dit
380 3281 541 3338 quam
596 3264 870 3338 professus
912 3276 996 3323 est
1052 3285 1065 3323 :
1119 3265 1369 3324 Dominus
1407 3285 1550 3324 meus
1597 3281 1649 3327 et
1714 3271 1853 3329 Deus
1881 3261 1926 3326 C

252 3376 401 3416 meus
421 3357 533 3434 (to)?
563 3359 945 3417 Resurrexisse
974 3360 1119 3417 enim
1150 3376 1246 3432 per
1271 3377 1332 3419 se
1353 3378 1417 3418 ex
1439 3365 1667 3422 mortuis
1696 3366 1749 3422 in
1778 3369 1852 3423 vi-

253 3456 508 3517 tam.nisi
534 3454 627 3513 Dei
655 3463 842 3512 natura
874 3471 982 3512 non
1012 3456 1218 3529 potuit:
1242 3468 1296 3513 et
1324 3459 1547 3516 credita:
1574 3460 1851 3531 religionis

255 3554 393 3611 fides
422 3556 525 3611 hoc
543 3563 628 3611 est
654 3553 917 3627 professa.
941 3554 1087 3628 quod
1112 3555 1255 3611 Deus
1286 3567 1391 3613 est.
1418 3558 1573 3615 Anne
1602 3574 1732 3630 ergo
1755 3576 1843 3615 no-

253 3668 384 3710 men
413 3650 509 3708 Dei
540 3666 647 3708 non
679 3660 885 3707 natura:
911 3666 999 3707 res
1029 3652 1448 3720 existimabitur,
1475 3667 1595 3710 cum
1642 3655 1852 3724 profes-

251 3744 339 3801 sio
374 3745 607 3801 nominis
636 3744 799 3801 ﬁdem
845 3752 1051 3799 natoue
1097 3744 1317 3800 credita:
1361 3746 1431 3801 sit
1467 3748 1688 3802 secuta?
1714 3748 1849 3805 Nam

252 3839 442 3910 utique
470 3838 756 3911 religiosus
780 3838 921 3893 ﬁlius
945 3878 960 3899 .
992 3846 1047 3894 et
1076 3838 1166 3908 qui
1199 3853 1306 3894 non
1336 3838 1668 3895 voluntatem
1694 3833 1848 3897 suam

253 3933 352 3991 sed
376 3934 497 4007 ejus
524 3934 617 4005 qui
648 3948 709 3990 se
737 3936 959 3991 miserat
990 3932 1219 4000 faceret,
1252 3942 1307 3990 et
1331 3934 1421 4006 qui
1452 3949 1558 3991 non
1588 3934 1848 3994 honorem

252 4044 415 4085 suum
448 4027 542 4084 sed
564 4027 681 4099 ejus
704 4041 735 4084 a
760 4040 870 4099 quo
894 4037 1117 4082 venerat
1144 4036 1431 4098 quaereret,
1463 4025 1723 4085 honorem
1752 4031 1850 4084 nu-

246 4124 342 4196 jus
372 4125 424 4180 in
467 4138 526 4180 se
553 4123 789 4179 nominis
838 4133 1181 4189 recusasset;
1214 4137 1283 4179 ne
1326 4123 1469 4195 quod
1518 4123 1634 4196 ipse
1683 4143 1847 4183 unum

252 4216 425 4273 Deum
457 4216 848 4287 prrdicaverat
876 4257 890 4281 .
918 4216 1237 4273 solveretur.
1270 4217 1375 4273 Sed
1399 4232 1526 4275 vere
1551 4229 1605 4275 et
1626 4229 1850 4292 apostoo

252 4309 374 4365 lica:
406 4308 527 4367 ﬁdei
553 4309 867 4383 mysterium
895 4306 1241 4377 coitﬁrmans.
1262 4318 1319 4367 et
1342 4320 1547 4368 naturae
1579 4311 1635 4370 in
1663 4328 1722 4371 se
1752 4331 1848 4386 pa-

256 4410 427 4459 ternte
480 4418 677 4459 nomen
729 4417 1052 4475 agnoscens,
1100 4404 1287 4458 beatos
1333 4417 1458 4459 esse
1497 4403 1712 4472 docuit.
1759 4408 1851 4478 qui

252 4511 379 4552 cum
400 4494 471 4569 (τ)
494 4510 554 4552 se
581 4504 949 4565 resurgentem
965 4509 997 4550 e
1022 4497 1250 4551 mortuis
1262 4511 1369 4552 non
1388 4496 1664 4568 vidissent,
1683 4500 1851 4558 Deum

254 4600 438 4647 tamen
469 4604 565 4663 per
593 4589 1005 4647 resurrectionis
1027 4588 1436 4662 intelligentiam
1470 4591 1848 4652 credidissent.

326 4729 413 4803 (ι)
444 4727 700 4788 Unitatem
729 4736 896 4783 tamen
921 4736 1140 4784 naturae.

1967 1953 2095 2001 tate.
2148 1946 2245 2002 llic
2274 1948 2416 2003 enim
2449 1947 2606 2003 nobis
2650 1947 2919 2003 secundus
2948 1948 3013 2004 ad
3046 1950 3567 2006 demonstrationem

1961 2038 2161 2109 gradus
2204 2047 2321 2107 est,
2379 2050 2437 2095 ut
2481 2039 2625 2095 Dens
2677 2037 2747 2096 sit
2792 2054 2857 2095 ex
2906 2040 3201 2097 nativitat'e.
3227 2040 3564 2114 Quamquam

1963 2134 2090 2189 mihi
2123 2131 2298 2189 adhuc
2326 2132 2393 2189 de
2417 2132 2750 2203 preprietate
2791 2134 3029 2189 nominis
3074 2135 3309 2205 supersit
3336 2148 3555 2204 aposto-

1961 2241 2063 2298 lica
2091 2239 2385 2296 auctoritas
2415 2254 2428 2293 :
2454 2238 2549 2295 sed
2580 2239 2797 2294 interim
2828 2236 3195 2309 evangelicum
3218 2238 3394 2310 placet
3420 2247 3564 2297 trac-

1963 2344 2075 2393 tare
2104 2348 2433 2390 sermonem.

2035 2427 2122 2483 M.
2177 2425 2224 2481 F
2227 2427 2347 2481 ilius
2384 2435 2437 2482 ut
2480 2434 2630 2482 natus
2676 2442 2741 2481 ea:
2777 2423 2924 2492 Deo,
2957 2423 3055 2481 Dei
3100 2435 3337 2481 naturam
3385 2426 3551 2480 liabet.

1964 2521 2129 2578 Nasci
2158 2531 2206 2578 et
2226 2532 2447 2592 ceptum
2464 2538 2571 2577 esse
2592 2537 2695 2577 non
2717 2520 2871 2576 idem.
2902 2552 2973 2562 —--
2997 2521 3068 2577 Et
3097 2520 3325 2591 primum
3353 2535 3560 2592 qumro.

1960 2634 2123 2691 quam
2170 2618 2425 2679 nativitas
2470 2616 2571 2676 ﬁlii
2612 2627 2817 2675 natura
2858 2618 3157 2675 novitatem
3202 2617 3439 2687 potuerit
3484 2618 3559 2673 in«

1960 2712 2137 2777 ferre,
2167 2728 2237 2767 ne
2262 2711 2401 2767 Deus
2420 2710 2525 2770 sit?
2551 2709 2925 2783 Intelligentia:
2957 2709 3101 2767 istud
3144 2713 3392 2768 humanae
3433 2726 3563 2767 sen-

1959 2822 2053 2864 sus
2084 2806 2318 2864 excludit
2338 2848 2357 2876 ,
2386 2815 2445 2863 ut
2468 2806 2673 2879 aliquid
2719 2821 2751 2862 a
2784 2815 2974 2863 natura
3004 2807 3230 2879 originis
3280 2820 3396 2864 suze
3441 2821 3566 2863 nas-

1959 2903 2135 2958 cendo
2162 2902 2434 2961 diversum
2465 2902 2535 2958 sit
2574 2925 2586 2955 ;
2638 2899 2743 2958 nisi
2791 2900 2932 2959 forte
2959 2901 3103 2972 quod
3140 2917 3209 2958 ex
3246 2910 3563 2959 naturarum

1960 2997 2274 3055 diversitate
2301 3007 2644 3065 conceptum.
2679 3012 2874 3063 novum
2926 2997 3127 3067 aliquid
3158 2994 3238 3069 (g)
3285 2996 3337 3051 in
3386 3011 3448 3051 se
3477 2999 3560 3064 (et

1960 3090 2031 3145 ita
2060 3090 2131 3143 sit
2155 3090 2373 3162 generis
2398 3090 2700 3159 utriusque,
2723 3088 2866 3160 quod
2908 3099 3156 3144 neutrum
3182 3088 3278 3159 sit)
3302 3088 3559 3144 veniatin

1959 3186 2157 3253 vitam;
2183 3184 2327 3256 quod
2358 3184 2409 3240 in
2435 3183 2721 3256 pecoribus
2742 3197 2806 3239 ae
2829 3181 3016 3238 bestiis
3038 3183 3294 3239 usitatum
3321 3191 3424 3238 est.
3448 3181 3555 3238 Sed

1960 3295 2023 3337 ea
2064 3281 2180 3345 ipsa
2230 3279 2441 3336 novitas
2493 3293 2602 3335 non
2654 3279 2832 3344 inest.
2884 3278 2988 3333 nisi
3021 3292 3087 3334 ex
3139 3278 3389 3334 connatis
3438 3293 3563 3347 pro-

1960 3372 2280 3445 prietatibus
2350 3371 2454 3429 sub
2519 3372 2830 3428 diversitate
2905 3381 3141 3426 naturae:
3210 3380 3265 3425 et
3332 3370 3563 3427 diversi-

1960 3477 2122 3525 tatem
2183 3468 2265 3541 (Ιι)
2333 3482 2520 3524 eorum
2586 3466 2837 3522 nativitas
2881 3481 2987 3523 non
3010 3466 3231 3533 intulit.
3285 3465 3380 3521 sed
3402 3479 3535 3521 accc

1960 3562 2076 3634 pit,
2136 3560 2264 3617 dum
2315 3560 2367 3616 id
2424 3568 2605 3630 tenet.
2639 3558 2782 3632 quod
2832 3576 2900 3616 ex
2947 3570 3175 3629 utroque
3236 3558 3338 3615 sibi
3389 3575 3557 3614 ununt

1957 3664 2061 3713 est.
2098 3655 2162 3712 Et
2195 3670 2320 3714 cum
2348 3655 2465 3713 haec
2491 3655 2547 3711 in
2593 3654 2678 3711 bis
2706 3648 3083 3723 corporalibus
3124 3653 3303 3708 causis
3340 3659 3399 3707 et
3445 3667 3553 3721 pas-

1958 3748 2205 3805 sionibus
2229 3748 2304 3805 ita
2348 3747 2493 3811 sint;
2525 3747 2648 3819 quis
2691 3761 2824 3817 rogo
2850 3745 3004 3801 furor
3049 3754 3171 3811 est,
3223 3745 3557 3801 nativitatem

1953 3841 2214 3913 unigeniti
2243 3841 2337 3897 Dei
2365 3840 2433 3897 ad
2460 3841 2786 3913 degenerem
2808 3856 2872 3896 ex
2909 3841 3020 3896 Deo
3045 3840 3249 3895 referre
3278 3848 3557 3895 naturam:

1951 3950 2075 3993 cum
2099 3934 2349 3992 nativitas
2388 3935 2617 3991 nonnisi
2639 3950 2705 3991 ex
2739 3933 3067 4004 proprietate
3109 3945 3315 3987 natura:
3362 3933 3467 3995 sit;
3500 3941 3559 3987 et

1946 4030 2060 4101 jam
2092 4032 2344 4087 nativitaa
2366 4044 2473 4086 non
2495 4030 2619 4096 erit,
2649 4029 2695 4085 si
2724 4026 3031 4099 proprietas
3072 4037 3279 4083 natura:
3323 4027 3377 4081 in
3409 4029 3554 4081 nati-

1954 4126 2119 4183 vitate
2143 4140 2251 4182 non
2282 4124 2442 4181 fuerit
2462 4124 2489 4179 ἳ
2518 4124 2653 4181 llinc
2679 4124 2769 4182 ille
2797 4124 2972 4181 omnis
2992 4135 3156 4179 :estus
3180 4130 3235 4178 et
3265 4121 3415 4178 furor
3437 4132 3546 4187 cst,

1952 4227 2011 4275 ut
2033 4219 2087 4275 in
2116 4217 2228 4275 filio
2258 4218 2349 4276 Dei
2375 4232 2482 4275 non
2507 4218 2762 4275 nativitas
2802 4219 2871 4273 sit
2898 4259 2913 4281 .
2946 4215 3043 4273 sed
3066 4215 3312 4279 creatio;
3346 4227 3402 4269 ut
3442 4230 3551 4271 non

1954 4323 2159 4369 natura:
2182 4329 2297 4370 sure
2321 4314 2584 4385 originem
2607 4311 2911 4369 subsistens
2952 4319 3133 4368 teneat
3153 4354 3167 4377 ,
3190 4309 3286 4365 sed
3317 4310 3551 4366 alienam

1952 4424 1986 4466 a
2018 4409 2127 4466 Deo
2160 4409 2231 4466 de
2279 4423 2387 4465 non
2438 4406 2774 4465 exstantibus
2817 4414 3028 4464 sumat:
3076 4405 3202 4475 quia
3256 4402 3551 4459 secundum

1954 4502 2097 4576 quod
2127 4504 2230 4561 ait.
2263 4502 2327 4578 (ἱ)
2375 4503 2526 4573 Quod
2565 4501 2629 4558 de
2672 4518 2827 4558 carne
2867 4500 3132 4565 nascitur.
3179 4514 3299 4553 coro
3346 4508 3453 4561 est,
3505 4509 3555 4553 et

1954 4596 2092 4668 quod
2118 4597 2179 4653 de
2205 4577 2445 4669 spiritus,
2497 4595 2684 4666 spiritu
2711 4602 2785 4650 ut
2814 4591 2993 4664 (Joan.
3027 4577 3195 4660 111,6)
3213 4631 3228 4656 ,
3256 4589 3381 4663 quia
3411 4589 3554 4647 Deus

326 4874 405 4948 (α)
432 4873 533 4931 Hic
557 4871 918 4947 expunximns
937 4887 1036 4938 me,
1065 4872 1388 4930 auctoritate
1409 4879 1652 4929 veterum
1684 4870 1849 4927 libro-
1877 4870 1931 4933 D
1956 4870 2288 4945 intelligenda
2310 4873 2547 4948 nativitas
2565 4888 2590 4948 τ,
2613 4871 2778 4948 etlib.
2804 4868 3332 4948 vin.num.18_:uec
3357 4885 3447 4939 per
3469 4888 3553 4925 sa.-

254 4964 402 5005 l'llm.

328 5019 410 5095 (lt)
441 5016 725 5091 Antiquior
770 5016 941 5074 codex
990 5014 1143 5074 Cotti.
1177 5032 1302 5074 cum
1328 5016 1513 5074 Germ.
1544 5013 1683 5073 Deus
1711 5032 1854 5071 meus

254 5111 309 5151 εδ
336 5104 413 5150 tu.

330 5162 407 5238 (ς)
439 5162 765 5219 l‘arttculam
821 5164 877 5218 in
930 5161 1018 5218 hic
1078 5161 1496 5234 przetcrmittunt
1518 5160 1858 5218 vetustiores

256 5237 401 5294 libri.

332 5308 417 5376 (ά)
438 5305 497 5363 In
519 5322 650 5363 mss.
678 5304 835 5362 Mart.
863 5314 919 5361 et
941 5304 1099 5364 Corb
1139 5324 1300 5363 unum
1331 5304 1427 5361 Dei
1448 5321 1629 5364 nomen
1650 5320 1667 5361 :
1691 5303 1853 5362 male.

259 5382 361 5437 llic
391 5379 527 5435 Dens
550 5377 940 5440 materialiter.
968 5388 1028 5434 ut
1056 5378 1239 5443 aiunt.
1270 5379 1519 5436 sumitur.

333 5455 410 5526 (ρ)
434 5451 776 5526 ὶῖοοψυιιιιηιΔ
803 5460 1004 5505 natura:
1031 5451 1083 5526 in
1118 5453 1266 5526 prius
1288 5448 1522 5526 vulgatis
1537 5449 1847 5526 interpunc-

260 5521 409 5583 tione
448 5523 703 5581 dividitur
731 5521 798 5578 ab
826 5522 1168 5593 antecedenti
1208 5521 1851 5593 voce.’conjungiturque

258 5614 385 5653 cum
429 5594 802 5666 subsequenti.
853 5592 1345 5661 Interpunctionem
1391 5592 1703 5655 mutamus.
1739 5592 1850 5666 tum

257 5672 382 5743 quia
411 5670 548 5725 alias
579 5664 1025 5743 rentotiur__ess_et
1050 5666 1307 5743 part'cnla
1347 5676 1514 5721 tanien
1537 5708 1551 5731 .
1585 5678 1697 5721 tum
1725 5665 1849 5736 quia

257 5736 514 5811 frequens
540 5748 625 5793 ost
651 5738 792 5811 apud
820 5736 1075 5811 Hilarium
1099 5739 1561 5811 natiuitasuatm'w
1579 5779 1594 5804 ,
1626 5753 1722 5811 pro
1750 5752 1847 5811 na-

258 5808 468 5871 tiviiale
499 5808 770 5874 naturali,
819 5819 876 5864 ut
905 5808 1087 5865 videre
1114 5820 1196 5865 est
1239 5812 1291 5866 in
1340 5810 1425 5865 bis
1458 5826 1602 5864 nunt.
1646 5808 1717 5863 9:2
1744 5827 1755 5861 :
1784 5810 1849 5864 At

258 5904 372 5943 vero
397 5896 451 5943 ut
478 5888 531 5942 itt
564 5884 749 5941 natura
795 5880 911 5936 tiret
960 5874 1053 5931 Dei
1075 5924 1087 5948 ,
1125 5892 1322 5937 nomrn'
1348 5890 1516 5937 ιιιηιρη
1546 5897 1607 5937 m
1656 5877 1758 5937 ηρο
1788 5874 1852 5939 δίε

1960 4942 2276 4999 crumentum
2312 4944 2704 5014 dispensationis
2730 4960 2891 4997 unum
2919 4952 3034 4997 sunt
3054 4987 3069 5009 ,
3109 4942 3201 4997 sed
3227 4958 3316 5008 per
3354 4950 3552 4998 natura:

1961 5016 2291 5070 natiuitatem.
2330 5016 2385 5071 in
2417 5032 2517 5071 ms.
2570 5016 2723 5070 Mart.
2746 5030 2851 5070 vox
2882 5023 3081 5069 nutum
3100 5027 3311 5069 rursum
3338 5015 3545 5084 repeti-

1962 5097 2046 5143 tltr
2076 5097 2194 5155 post
2225 5090 2470 5143 unitatem
2501 5098 2688 5143 tamen.

2032 5160 2103 5231 (Γ)
2130 5159 2184 5214 1η
2208 5160 2598 5216 recentioribus
2627 5160 2901 5231 dumtaxat
2930 5171 3060 5213 mss.
3100 5173 3273 5231 verum
3298 5172 3505 5231 nonten.

2034 5228 2110 5305 (θ’)
2138 5231 2392 5305 Erasmus
2414 5248 2513 5305 pro
2534 5232 2586 5286 in
2615 5248 2698 5305 se,
2715 5228 3125 5305 imalebatginsit.
3158 5228 3368 5297 Lipsius
3390 5229 3545 5284 dein-

2034 5250 2110 5358 (ἵ)
2138 5250 2392 5287 nrasmns
2414 5250 2513 5303 pro
2534 5250 2586 5286 ιη
2615 5250 2698 5296 se.
2724 5250 2959 5285 mateuat
2986 5250 3125 5285 υηιι.
3160 5250 3368 5297 ιιψδιυδ
3390 5250 3544 5284 (18111-

1958 5303 2027 5359 de
2079 5304 2187 5375 egit
2216 5346 2229 5367 .
2264 5313 2311 5359 et
2332 5304 2470 5375 quod
2495 5305 2601 5375 ita.
2623 5303 2806 5357 addito
2835 5303 2994 5375 quod.
3027 5299 3088 5356 la
3120 5306 3413 5375 vetustiore
3440 5317 3544 5358 ms.

1961 5371 2169 5445 Remig.
2199 5371 2466 5432 omittitur
2485 5373 2683 5444 aliquid
2708 5380 2761 5429 in
2787 5391 2857 5429 se.
2898 5371 2954 5428 In
3003 5388 3105 5428 ms.
3126 5371 3252 5445 γει.
3282 5372 3396 5427 bas.
3453 5388 3532 5427 ex-

1958 5458 2085 5514 stat,
2111 5442 2308 5520 aliquid
2331 5458 2515 5518 ρναιιετ
2536 5442 2633 5503 ista
2658 5448 2723 5503 sit
2743 5446 2961 5519 generis.
2984 5454 3090 5501 etc.
3121 5442 3226 5501 Pro
3248 5454 3295 5500 et
3316 5445 3408 5510 ita.
3435 5459 3542 5500 ma-

1955 5520 2038 5592 gis
2065 5521 2306 5592 placeret
2326 5563 2339 5584 ,
2371 5530 2426 5575 ut
2454 5521 2543 5574 ita.

2030 5590 2111 5659 (It)
2139 5590 2197 5648 In
2229 5607 2330 5648 ms.
2384 5594 2503 5647 bas.
2525 5590 2644 5649 Vat.
2688 5607 2863 5647 eorum
2896 5604 3129 5644 morum:
3159 5587 3504 5659 interpolatio
3530 5629 3544 5652 ,

1958 5662 2113 5734 cujus
2140 5664 2258 5718 loco
2304 5664 2607 5733 intelligere
2632 5672 2717 5721 est
2760 5679 2938 5719 eorum
2980 5677 3252 5731 pecorum.
3284 5676 3313 5715 a
3350 5660 3547 5731 quibus

1954 5737 2075 5792 scil.
2105 5744 2283 5793 exstat
2310 5736 2580 5793 nativitas.

2029 5808 2092 5880 (i)
2136 5807 2297 5865 Solus
2345 5807 2512 5865 codex
2556 5806 2677 5864 Vat.
2731 5806 2847 5866 bas.
2879 5822 3001 5865 cum
3044 5805 3196 5863 Mart.
3234 5802 3321 5861 llic
3364 5802 3548 5861 addit.

1957 5875 2208 5932 Dominus

2010 5895 2208 5934 ουυηηπ
