4316 6450
580 248 686 314 ea;

1764 261 2004 320 SANCTI
2046 263 2304 329 lllLABll
2349 266 2655 329 EPISCOPI

3772 288 3882 346 225

649 368 741 423 9.7.
773 367 942 426 Filius
964 372 1016 426 in
1037 372 1211 440 Patre,
1237 383 1285 431 et
1323 376 1561 435 vicissim.
1594 376 1861 452 Quidquid
1879 388 1934 435 in
1957 379 2065 437 Deo
2078 391 2175 451 est,
2204 388 2255 451 Λ
2353 384 2442 442 28.
2470 386 2574 454 ριιὶ
2592 388 2645 443 in
2672 387 2834 445 Patre
2849 392 2934 446 sit.
2968 391 3225 451 "amante
3244 398 3521 455 nativitatis
3541 404 3881 475 comparatio.

580 478 738 518 unum
759 474 853 518 est.
884 462 934 519 Γ
936 466 1054 520 ilius
1084 478 1187 521 vita
1232 469 1295 523 de
1321 475 1442 533 vita,
1471 472 1696 543 adeoque
1715 488 1815 527 non
1843 489 1906 529 ea:
1922 473 2183 531 nihilo.—

580 553 811 612 Faciens
850 557 1008 629 igitur
1053 572 1219 629 opera
1261 562 1456 629 Patris,
1503 572 1558 620 et
1593 566 1875 633 postulans
1902 576 1958 623 ut
1992 568 2035 623 si
2079 569 2179 625 sibi

579 662 691 703 non
720 648 1054 718 crederetur,
1092 652 1176 707 vel
1213 654 1468 722 operibus
1504 658 1662 731 198
1692 657 1821 729 ipsis
1846 662 2176 729 crederetur,

578 738 955 799 demonstrare
995 744 1178 800 debuit
1204 747 1331 816 quid
1362 756 1504 805 esset
1534 750 1789 823 aperibus
1824 752 2176 821 credendum,

578 852 775 910 nempe
816 839 961 910 quod
991 843 1265 912 sequitur:
1304 842 1366 897 Si
1412 855 1585 899 autem
1631 848 1789 924 facio,
1823 857 1870 902 et
1914 849 2038 903 mihi
2076 865 2177 905 non

577 931 732 987 vultis
755 933 982 999 credere,
1015 936 1248 1005 operibus
1277 937 1498 1003 credite,-
1528 947 1587 993 ut
1613 940 1804 1007 sciatis,
1835 950 1886 996 et
1902 940 2177 1014 Cognoscao

578 1024 665 1093 tis,
695 1028 938 1097 quoniam
976 1027 1132 1085 Pater
1170 1029 1222 1083 in
1260 1046 1360 1095 me,
1379 1040 1431 1085 et
1455 1047 1549 1104 ego
1581 1032 1637 1087 in
1678 1049 1737 1088 eo
1764 1024 1948 1106 (Joan.
1976 1050 2031 1103 ι,
2056 1033 2169 1106 58).

578 1118 689 1177 Iloc
710 1128 794 1176 est
823 1116 978 1185 illud,
998 1120 1093 1177 Dei
1104 1122 1245 1195 ﬁlius
1271 1142 1385 1181 sum
1406 1141 1425 1189 ;
1447 1125 1549 1181 hoc
1568 1135 1652 1183 est
1680 1114 1831 1193 illud,
1859 1126 1971 1200 Ego
1988 1138 2039 1184 et
2064 1124 2173 1183 Pa-

574 1221 652 1267 ter
678 1229 836 1269 unum
859 1230 1058 1272 sumus.
1104 1215 1231 1273 Haec
1257 1227 1340 1274 est
1365 1220 1659 1276 nativitatis
1699 1212 1891 1277 natura
1917 1240 1933 1280 :
1966 1222 2066 1278 hoc
2089 1238 2168 1279 sa-

574 1304 766 1362 lutaris
794 1306 918 1363 lidei
949 1322 1370 1380 sacramentum,
1406 1327 1512 1369 non
1546 1314 1788 1380 dividere
1830 1316 1976 1390 quod
2008 1333 2171 1373 unum

569 1412 720 1465 sunt,
756 1400 833 1474 (a)
862 1416 963 1457 nec
1009 1402 1276 1461 nativitati
1320 1404 1562 1463 adimere
1601 1418 1870 1478 naturam,
1903 1419 1958 1465 et
1998 1427 2063 1467 ex
2094 1412 2173 1466 vi-

573 1503 735 1549 vente
762 1494 874 1550 Deo
906 1495 1137 1553 \ivcntis
1164 1497 1258 1553 Dei
1285 1500 1566 1557 veritatem
1589 1494 1854 1575 cattliteri.
1884 1501 2002 1560 Non
2023 1505 2171 1561 enim

572 1603 639 1644 es
687 1590 1006 1659 compositis
1030 1591 1112 1664 (1)
1139 1592 1214 1667 (b)
1258 1602 1420 1664 atque
1461 1595 1713 1652 inanimis
1747 1596 1907 1666 Deus,
1939 1600 2029 1669 qui
2061 1600 2169 1655 vita

571 1688 674 1747 est,
723 1679 1006 1738 subsistit:
1036 1697 1212 1753 neque
1252 1685 1344 1758 qui
1384 1686 1552 1743 virtus
1591 1697 1696 1756 est,
1736 1704 1802 1746 es
1864 1690 2168 1749 intirmibus

569 1775 881 1831 continetur
924 1795 939 1835 :

572 1877 786 1940 ptatur:
814 1868 1107 1943 neque’qui
1136 1872 1357 1943 spiritus
1386 1884 1489 1938 est,
1524 1891 1589 1932 ex
1627 1875 1933 1948 diSparibus
1964 1880 2163 1935 forma-

570 1961 696 2020 bilis
726 1971 829 2019 est.
861 1964 1053 2021 Totum
1102 1966 1155 2022 in
1202 1982 1269 2023 eo
1297 1968 1439 2038 quod
1468 1977 1572 2035 est,
1600 1986 1763 2026 unum
1792 1981 1911 2029 est:
1943 1981 2001 2027 ut
2025 1974 2168 2045 quod

567 2057 789 2127 spiritus
828 2067 929 2121 est,
959 2068 1015 2114 et
1042 2058 1129 2114 lux
1159 2070 1214 2115 et
1254 2060 1419 2117 virtus
1443 2072 1496 2118 et
1519 2064 1623 2119 vita
1666 2065 1768 2133 sit;
1797 2076 1852 2123 et
1886 2066 2030 2138 quod
2060 2068 2167 2125 vita

567 2168 672 2217 est.
704 2164 759 2209 et
806 2156 897 2212 lux
945 2166 999 2213 ct
1046 2158 1218 2218 virtus
1267 2173 1321 2221 et
1358 2165 1576 2237 spiritus
1632 2168 1724 2222 sit.
1772 2165 1905 2223 Nam
1947 2175 2040 2241 qui
2068 2170 2163 2235 ait,

577 2256 684 2332 Ego
708 2275 838 2322 sunt,
871 2270 919 2315 et
963 2278 1064 2317 non
1098 2260 1333 2318 demutor
1358 2262 1578 2336 (Malae.
1615 2280 1694 2331 tu,
1719 2264 1775 2336 6)
1806 2284 1818 2320 :
1846 2280 1950 2323 non
1978 2262 2165 2319 demu-

570 2362 712 2409 tatur
757 2367 821 2409 ex
870 2353 1132 2423 partibus,
1164 2370 1266 2412 nec
1305 2356 1363 2412 fit
1400 2356 1647 2415 diversus
1680 2375 1745 2415 ex
1790 2375 2013 2430 genere.
2041 2359 2165 2416 Hmc

570 2448 736 2513 enim,
764 2462 884 2515 qua:
922 2449 1171 2520 superius
1191 2450 1487 2521 significata
1517 2463 1667 2522 sunt,
1690 2470 1797 2511 non
1820 2471 1885 2512 ex
1926 2457 2165 2528 partibus

566 2535 622 2593 in
652 2553 718 2594 eo
738 2549 865 2594 sunt
888 2556 903 2605 ;
927 2542 1023 2596 sed
1053 2550 1223 2599 tntum
1252 2542 1353 2600 hoc
1393 2545 1445 2601 in
1475 2561 1541 2601 eo
1568 2563 1734 2603 unum
1763 2559 1818 2604 et
1842 2549 2159 2620 perlectum,

566 2635 747 2690 omnia
781 2635 924 2692 Deus
950 2638 1136 2694 vivens
1163 2649 1268 2696 est.
1288 2639 1485 2698 Vivens
1508 2643 1668 2714 igitur
1689 2643 1857 2712 Deus,
1883 2656 1937 2701 et
1961 2653 2164 2703 aeterna

566 2736 771 2782 natura:
798 2728 1030 2785 viventis
1054 2741 1294 2801 potestas
1320 2742 1403 2788 est
1425 2752 1435 2789 :
1468 2736 1684 2806 etquod
1708 2750 1831 2791 cum
1854 2752 2161 2794 sacramen-

567 2828 622 2874 to
643 2820 885 2876 scientia:
918 2836 1031 2877 sum
1056 2838 1122 2879 ex
1150 2838 1215 2878 eo
1255 2826 1513 2891 nascitur,
1543 2840 1647 2881 non
1689 2829 1860 2897 potuit
1904 2829 2047 2883 aliud
2069 2845 2165 2884 na-

566 2922 677 2970 tum
708 2929 831 2971 esse
859 2931 1017 2986 quam
1049 2917 1257 2973 vivens.
1283 2917 1413 2973 Nam
1460 2935 1581 2975 cum
1607 2922 1703 2987 ait,
1736 2922 1885 2979 Sicut
1911 2926 2051 2979 misit
2085 2944 2164 2980 me

562 3008 733 3063 vivens
757 3007 936 3076 Pater,
965 3018 1012 3063 et
1032 3026 1125 3082 ego
1150 3010 1257 3066 vivo
1279 3009 1351 3083 (ε)
1376 3029 1467 3082 per
1482 3011 1689 3071 Patrem
1725 3013 1903 3086 (Joan.
1935 3034 2007 3081 vt,
2026 3018 2119 3089 58)
2144 3036 2158 3083 ;

566 3100 753 3157 docuit
779 3101 942 3158 vitam
974 3103 1028 3160 in
1049 3118 1110 3159 se
1138 3118 1234 3175 per
1259 3106 1527 3161 viventem
1580 3105 1792 3162 Patrem
1821 3106 2019 3165 inesse.
2062 3111 2159 3167 De-

2290 476 2588 537 Natitn'tatis
2636 489 2903 555 utriusque
2945 486 3240 543 discrimen.
3269 520 3339 531 —
3379 491 3735 551 Admonuisse
3779 512 3883 553 nos

2285 571 2339 627 in
2367 574 2591 629 exordio
2610 578 2878 635 sermonis
2898 576 3037 651 (Lib.
3061 597 3100 649 t,
3122 582 3287 649 n.l9;
3311 583 3400 639 lib.
3427 600 3504 650 tv,
3530 603 3584 642 ιι.
3611 588 3678 655 2;
3708 598 3759 644 et
3779 590 3853 645 lib

2284 683 2358 733 vt,
2392 686 2446 721 η.
2470 655 2535 740 9)
2558 668 2716 744 199
2754 674 2921 727 nostri
2967 674 3335 747 meminimus,
3362 679 3624 739 humanas
3652 698 3879 754 compa-

2283 761 2521 818 rationes
2569 763 2768 819 divinis
2809 782 2917 822 non
2967 770 3282 829 satisfacere
3340 778 3641 846 exemplis;
3687 793 3871 836 tamen

2286 871 2385 926 pro
2400 866 2551 926 parte
2572 858 2945 931 intelligentiae
2974 873 3172 921 nostra:
3201 882 3425 933 sensum
3455 858 3647 928 inrmis
3677 888 3877 945 corpo-

2282 951 2482 1008 ralibus
2528 954 2753 1011 erudiri.
2822 956 3081 1015 Humana:
3134 948 3432 1021 nativitatis
3485 968 3876 1025 conscientiam

2279 1046 2530 1112 consulo,
2562 1058 2740 1103 utrum
2790 1064 2899 1105 non
2924 1052 3063 1109 intra
3093 1042 3270 1123 patres
3309 1068 3523 1126 maneat
3556 1060 3708 1131 origo
3751 1076 3873 1118 nas—

2279 1140 2535 1194 centium.
2562 1141 2694 1197 Nam
2728 1145 2941 1201 tametsi
2966 1141 3233 1205 elementa
3265 1136 3355 1207 illa
3384 1153 3622 1210 inanima
3648 1170 3719 1210 ac
3754 1165 3876 1212 tur-

2280 1232 2385 1300 pia,
2416 1232 2610 1302 quibus
2649 1238 2899 1293 nascendi
2932 1255 3109 1297 causa:
3130 1242 3479 1312 inchoantur,
3503 1247 3557 1303 in
3588 1246 3871 1307 hominem

2279 1324 2508 1379 alterum
2532 1326 2776 1395 efﬂuant,
2802 1342 3008 1389 natura:
3030 1345 3207 1393 tamen
3236 1338 3434 1395 virtute
3460 1339 3606 1407 intra
3646 1358 3703 1397 se
3725 1343 3870 1400 invi-

2276 1431 2391 1471 cem
2420 1431 2642 1475 mancnt
2666 1440 2677 1471 .-
2703 1422 2829 1478 dum
2852 1432 2906 1493 et
2937 1440 3032 1496 per
3054 1427 3134 1500 (ὅ)
3171 1430 3255 1504 (e)
3284 1419 3470 1504 datam
3496 1444 3704 1491 natura:
3724 1435 3876 1501 ejus-

2274 1508 2402 1566 dem
2430 1510 2717 1584 originem,
2743 1528 3055 1574 nascentem
3092 1522 3338 1592 sequitur
3359 1504 3568 1596 ille'Qui
3593 1530 3789 1602 gignit;
3814 1541 3874 1587 et

2276 1621 2376 1676 per
2393 1620 2670 1683 acceptam
2695 1613 3055 1681 nativitatem,
3076 1616 3233 1687 cujus
3254 1618 3424 1677 virtus
3440 1622 3541 1679 etsi
3565 1620 3868 1694 derivetur,

2277 1716 2383 1757 non
2415 1704 2709 1777 tamen“)
2744 1706 2816 1781 (1)
2844 1708 3104 1776 aufertur,
3136 1711 3187 1764 in
3210 1711 3542 1782 gignentese
3568 1727 3753 1779 manet
3780 1718 3871 1776 ille

990 1792 1168 1850 neque
1218 1781 1308 1852 qui
1363 1781 1451 1837 lux
1498 1790 1584 1838 est
1635 1800 1703 1839 ex
1753 1783 1999 1841 obscuris
2043 1801 2169 1843 coa-
2199 1801 2246 1865 Β
2274 1796 2362 1867 qui
2390 1798 2649 1854 nascitur.
2682 1798 2750 1855 Et
2771 1802 2873 1858 hoc
2901 1803 3115 1875 quidem
3133 1781 3337 1862 tantum
3369 1808 3707 1876 adhumanm
3727 1813 3864 1867 nati.

2274 1889 2455 1946 vitatis
2482 1892 2888 1963 intelligentiam
2907 1910 3392 1957 commemoratum
3410 1915 3440 1955 a
3466 1904 3619 1959 notus
3640 1904 3733 1969 sit,
3760 1920 3871 1963 non

2276 1982 2435 2038 etiam
2458 1984 2525 2040 ad
2547 1985 2847 2057 perlectum
2873 1989 2924 2044 in
2950 1991 3223 2063 unigenito
3240 1993 3352 2048 Deo
3367 1996 3663 2055 nativitatis
3686 2015 3872 2056 exem-

2273 2076 2454 2148 plum:
2478 2080 2600 2151 quia
2632 2088 2841 2138 natura:
2864 2080 3115 2140 humana:
3154 2086 3438 2144 infirmitas
3465 2105 3532 2147 ex
3560 2090 3868 2161 disparibus

2268 2167 2637 2241 comparatur,
2661 2184 2716 2231 et
2743 2191 2809 2232 ex
2838 2177 3092 2234 inanimis
3120 2181 3428 2239 continetur
3453 2182 3519 2238 ad
3545 2183 3729 2238 vitam.
3754 2185 3865 2242 Nec

2268 2269 2449 2322 statim
2474 2269 2525 2323 in
2556 2283 2619 2325 ea
2652 2268 2797 2340 quod
2817 2272 3056 2344 gignitur
3080 2275 3232 2341 vivit,
3256 2290 3431 2347 neque
3453 2285 3624 2333 totum
3651 2278 3781 2335 vivit
3799 2296 3866 2336 ex

2268 2360 2411 2426 vita;
2442 2377 2564 2419 cum
2602 2364 2654 2419 in
2687 2380 2751 2420 ea
2795 2366 2965 2422 multa
3012 2367 3140 2431 sint,
3170 2384 3290 2437 quae
3337 2369 3457 2427 sine
3503 2380 3708 2427 natura:
3733 2386 3850 2429 suae

2266 2468 2449 2521 sensu,
2499 2470 2621 2511 cum
2671 2460 3045 2526 excreverint,
3089 2460 3434 2519 desecentur.
3495 2462 3551 2519 ln
3607 2465 3716 2520 Deo
3735 2481 3867 2523 vero

2270 2560 2441 2608 totum
2467 2553 2613 2624 quod
2641 2563 2727 2610 est
2766 2556 2919 2614 vivit.
2959 2556 3101 2613 Deus
3128 2558 3273 2615 enim
3310 2560 3416 2616 vita
3438 2570 3522 2619 est
3584 2572 3641 2621 et
3660 2578 3727 2619 ex
3756 2564 3865 2619 vita

2266 2660 2374 2702 non
2406 2655 2583 2715 potest
2617 2646 2696 2721 (g)
2736 2648 3182 2728 quidquamiesse
3212 2653 3314 2713 nisi
3345 2653 3549 2712 vivum.
3581 2654 3769 2728 Neque
3796 2671 3866 2713 es

2266 2740 2620 2806 derivatione,
2646 2741 2744 2797 scd
2765 2758 2831 2798 es
2856 2727 3065 2805 virtute
3083 2744 3337 2803 nativitas
3372 2756 3475 2804 est.
3512 2750 3587 2804 Ac
3615 2727 3695 2805 sic
3732 2748 3863 2805 dum

2267 2841 2440 2890 tntum
2469 2835 2611 2905 quod
2638 2844 2722 2891 est
2740 2835 2895 2903 vivit,
2914 2846 2972 2892 et
2996 2836 3125 2893 dunt
3157 2848 3357 2907 totum,
3377 2840 3527 2912 quod
3548 2856 3616 2898 ex
3644 2856 3713 2900 eo
3733 2856 3854 2899 nas-

2266 2928 2431 2994 citur,
2451 2927 2627 2983 virtus
2649 2938 2768 2994 est;
2795 2928 3336 3002 babetnativitatem,
3366 2949 3473 2991 non
3494 2934 3652 2997 habet
3674 2936 3860 2994 domu--

2266 3022 2522 3078 tationem
2548 3039 2561 3087 ;
2583 3022 2889 3093 ctimpertit
2906 3023 3225 3094 proiectum,
3248 3042 3347 3083 nec
3368 3028 3852 3087 atnittitnaturatn-

2264 3114 2391 3169 dum
2423 3123 2474 3169 et
2504 3115 2837 3172 nativitatem
2865 3132 3025 3187 quam
3052 3118 3204 3175 dedit
3240 3137 3338 3191 per
3371 3120 3675 3183 indiscreta:
3708 3134 3864 3180 natu-~

564 3193 689 3251 hinc
713 3209 837 3251 cum
868 3193 1019 3261 dicit,
1049 3194 1196 3251 Sicut
1224 3198 1361 3251 enim
1390 3195 1546 3253 Pater
1571 3198 1720 3252 habet
1740 3199 1958 3255 vitantia
1975 3212 2159 3256 semet-
2183 3218 2230 3283 ς
2263 3222 2336 3264 rte
2387 3208 2793 3265 similitudinem
2840 3213 3105 3284 sequitur,
3145 3224 3201 3271 et
3250 3218 3503 3273 nativitas
3550 3233 3693 3284 eam,
3737 3237 3861 3292 qua:

562 3288 698 3356 ipso,
749 3288 823 3342 sic
869 3297 915 3341 et
954 3284 1093 3343 Filio
1156 3289 1296 3343 dedit
1341 3291 1496 3344 vitam
1549 3290 1734 3347 habere
1779 3294 1834 3348 in
1885 3299 2157 3365 semetipso

564 3380 744 3453 (Joan.
772 3397 825 3447 v,
852 3381 974 3455 26);
999 3385 1177 3439 omnia
1208 3383 1328 3439 viva
1350 3398 1446 3439 sua
1469 3400 1533 3441 ex
1564 3386 1779 3443 vivente
1802 3397 2029 3445 testatus
2053 3399 2157 3445 est.

564 3475 720 3545 Quod
738 3488 919 3532 autem
937 3492 1004 3533 ex
1028 3477 1149 3534 vivo
1173 3478 1350 3533 vivum
1384 3488 1567 3535 natum
1586 3490 1692 3546 est,
1723 3480 1884 3539 habet
1908 3467 2157 3538 nativita-

564 3574 634 3629 tis
658 3572 957 3642 profectum
1012 3572 1131 3629 sine
1192 3572 1431 3629 novitate
1475 3585 1701 3630 naturzn.
1736 3575 1851 3632 Non
1892 3578 2038 3633 enim
2070 3594 2161 3634 no-

560 3682 688 3722 vum
716 3676 820 3731 est,
844 3666 987 3738 quod
1014 3682 1078 3722 ex
1109 3666 1230 3721 vivo
1256 3675 1543 3737 generatur
1569 3667 1621 3723 in
1653 3667 1833 3725 vivum
1858 3688 1873 3736 ;
1901 3671 2024 3740 quia
2057 3688 2156 3729 nec

559 3775 624 3815 ex
648 3759 817 3815 nihilo
834 3758 901 3813 ad
924 3760 1255 3815 nativitatem
1279 3757 1385 3815 vita
1406 3761 1630 3830 quesita
1652 3769 1767 3828 est,
1798 3772 1853 3817 et
1874 3762 2005 3830 vita,
2036 3782 2153 3835 qua:

559 3854 899 3909 nativitatem
912 3854 1077 3908 sumit
1104 3868 1169 3908 ex
1200 3853 1567 3917 vita,necessc
1593 3863 1675 3910 est
1694 3868 1793 3925 per
1807 3864 2011 3911 natura:
2031 3859 2154 3912 uni-

560 3955 746 4014 tatem,
783 3955 837 4002 et
880 3947 1130 4017 perfectae
1163 3956 1323 4016 atque
1345 3946 1717 4004 ineuarrandm
1743 3949 2034 4006 nativitatis
2064 3969 2152 4006 sa-

502 4101 511 4108 ,
556 4054 916 4107 cramemutn,
960 4048 1020 4095 ut
1059 4049 1112 4096 et
1138 4042 1191 4096 in
1220 4041 1437 4097 vivente
1487 4042 1648 4110 vivat,
1699 4049 1755 4099 et
1798 4043 1853 4099 in
1873 4058 1935 4100 se
1958 4043 2153 4102 habeat

556 4131 637 4207 (Ξ)
670 4135 747 4204 (d)
777 4133 936 4189 vitam
965 4135 1252 4191 viventem.

631 4226 711 4301 (1)
742 4226 924 4301 Neque
940 4227 1202 4285 inanitnis.

628 4298 710 4430 tit
742 4298 1177 4430 aurei.

633 4390 710 4447 to)
742 4390 928 4428 uatam
953 4391 985 4428 a
1012 4390 1065 4429 se
1088 4390 1306 4431 natum.

554 4476 625 4521 est
653 4467 896 4536 aliunde;
918 4478 969 4523 et
998 4484 1144 4524 num.
1179 4468 1250 4525 55
1287 4468 1379 4525 lib.
1413 4484 1528 4535 vm,
1564 4467 1801 4524 Christus
1822 4486 1923 4524 non
1953 4470 2017 4526 de
2044 4487 2147 4526 non

554 4538 897 4593 substantibus
933 4553 1122 4595 manet.
1158 4541 1223 4596 Et
1261 4541 1354 4595 lib.
1401 4557 1477 4598 Vl.
1525 4557 1674 4597 num.
1711 4541 1798 4605 l9,
1828 4557 1977 4611 quem
2004 4545 2056 4598 in
2100 4554 2149 4598 te

555 4612 806 4681 manentis
828 4628 890 4666 ea:
916 4622 962 4665 te
1005 4615 1281 4667 nativitatis
1310 4624 1495 4667 natura
1525 4615 1796 4681 retineret;
1820 4625 1873 4669 et
1896 4630 2022 4669 num
2050 4616 2142 4675 35.

558 4679 680 4734 Non
702 4692 757 4735 ut
778 4699 889 4738 esse
929 4686 1077 4755 capit
1103 4685 1373 4748 exnihilo,
1403 4687 1492 4739 sed
1531 4685 1655 4739 exiit
1687 4702 1719 4738 a
1761 4679 2011 4740 manente.
2043 4688 2144 4743 De-

555 4769 701 4808 tnum
730 4757 781 4808 iu
803 4756 1032 4811 sinceris
1058 4756 1455 4828 exemplaribus
1480 4772 1738 4828 nusquam
1769 4760 2007 4826 reperias
2033 4776 2143 4813 nta-

556 4840 700 4900 nare,
724 4828 866 4900 quod
888 4828 953 4880 ad
985 4841 1239 4883 interulam
1270 4827 1390 4900 Filii
1426 4827 1826 4900 generationem
1857 4831 2138 4885 referatur.

625 4896 705 4969 (a)
732 4898 889 4965 Editi,
918 4915 1006 4955 nec
1036 4901 1332 4957 nativitatis.
1358 4896 1579 4955 Rectius
1604 4915 1736 4956 mss.
1758 4917 1849 4955 nec
1869 4904 2142 4971 nativitati,

555 4966 659 5024 hoc
685 4966 789 5034 est,
821 4985 920 5027 nec
947 4981 1093 5027 nato.

628 5039 705 5113 (ὁ)
733 5042 889 5097 Mart.
916 5059 1019 5099 ms.
1056 5056 1110 5099 ut
1158 5042 1293 5099 infra
1333 5044 1494 5101 habet
1521 5046 1717 5108 inania,
1742 5059 1839 5113 pro
1881 5046 2139 5113 inanima,

552 5112 707 5169 itaet
730 5113 817 5169 hic
843 5128 962 5170 cum
1008 5117 1193 5172 codice
1222 5114 1339 5171 Vat.
1374 5116 1486 5171 bas.
1523 5128 1670 5183 atque
1693 5112 1951 5171 inanibus.
1975 5112 2141 5173 Coi-b.

553 5198 583 5236 a
615 5186 783 5253 prima
816 5203 996 5253 manu,
1030 5205 1189 5257 neque
1217 5204 1278 5242 ea:
1297 5188 1549 5243 inanibus.
1584 5188 1787 5243 Deinde
1816 5190 1866 5240 in
1895 5188 2143 5246 omnibus

552 5268 727 5312 exstat
753 5260 1058 5329 inﬁrmioris,
1091 5262 1176 5315 ubi
1221 5263 1272 5315 in
1301 5260 1531 5330 vulgatis
1568 5260 1954 5330 inﬁrmioribus.
2002 5260 2139 5317 Tum

554 5330 719 5383 verbo
750 5332 1051 5393 continetur,
1089 5349 1184 5401 pro
1213 5342 1432 5397 constat,
1468 5334 1680 5387 videtur
1711 5346 1840 5385 usus
1866 5331 2096 5386 Hilarius
2122 5352 2134 5387 :

554 5418 621 5456 ne
652 5402 722 5457 ita
752 5418 818 5458 ex
849 5404 1002 5459 Patre
1052 5404 1317 5474 prodiissc
1349 5404 1514 5459 Filius
1559 5404 1915 5469 existimetur,
1948 5414 2003 5457 ut
2037 5421 2141 5461 non

552 5490 772 5545 semper
793 5476 929 5529 intra
954 5475 1125 5544 ipsmn
1148 5478 1487 5531 contineatur
1499 5490 1562 5529 ac
1584 5487 1818 5546 maneat.
1840 5474 1931 5530 Sic
1945 5477 2144 5546 quippe

554 5546 648 5603 lib.
678 5562 751 5612 vt,
804 5562 857 5601 ιι.
904 5549 988 5614 t9,
1036 5546 1247 5603 Patrem
1294 5547 1575 5618 alloquens
1605 5545 1888 5601 rottlitetur
1931 5545 2137 5615 nutum,

550 5619 603 5672 in
629 5634 731 5689 quo
760 5628 807 5671 te
834 5620 1170 5688 generationis
1209 5635 1272 5673 ea:
1309 5628 1355 5673 te
1379 5620 1560 5673 veritas
1593 5621 1889 5687 contineret,
1926 5627 1973 5674 et
1994 5636 2139 5687 quem

550 5692 606 5744 in
626 5701 689 5771 te‘
702 5692 957 5771 "fauentis
971 5709 1031 5746 ex
1054 5701 1101 5745 te
1125 5691 1405 5771 nativitatis
1434 5691 1894 5771 natttra_re_tjtteret.

622 5759 870 5843 (eLEditi
909 5763 995 5817 hic
1040 5772 1246 5843 promer
1276 5761 1520 5843 Patrem,
1550 5762 1642 5817 sed
1691 5760 1783 5843 lib.
1818 5778 1929 5822 vut.
1955 5764 2133 5843 _n_._16.

551 5829 640 5901 per
677 5829 929 5895 Patrem;
984 5829 1146 5903 quam
1187 5834 1469 5892 lectionem
1525 5841 1835 5890 constanter
1886 5833 2137 5895 cvltihcnt

2264 3303 2451 3359 vivens
2472 3318 2537 3359 ex
2560 3302 2774 3360 vivente
2798 3315 2902 3369 est.
2935 3315 3181 3365 naturam
3200 3310 3471 3365 nascendo
3500 3324 3608 3365 non
3631 3311 3833 3368 deserit

2331 3394 2423 3451 29.
2459 3393 2608 3466 Ignis
2650 3398 2968 3467 comparatio
3020 3398 3205 3455 altera.
3236 3431 3301 3441 --
3325 3402 3499 3458 All'ert
3532 3413 3712 3460 autem
3761 3421 3861 3475 pro

2262 3498 2414 3558 parte
2447 3487 2573 3544 ﬁdei
2618 3488 2776 3557 huius
2822 3490 3294 3561 signiﬁcationem,
3322 3494 3460 3563 ignis
3490 3494 3545 3557 in
3588 3509 3649 3551 se
3679 3497 3858 3567 ignem

2260 3577 2489 3647 habens,
2514 3589 2571 3637 et
2601 3583 2652 3637 in
2678 3583 2787 3653 igni
2807 3582 2947 3653 ignis
2991 3584 3394 3658 manens..Natn
3435 3602 3557 3651 cuiu
3589 3589 3661 3643 sit
3701 3590 3755 3644 in
3790 3606 3858 3646 ee

2261 3671 2517 3741 splendor
2558 3673 2800 3741 luminis,
2839 3684 3047 3730 natura:
3086 3677 3257 3745 calor,
3294 3680 3471 3743 virtus
3496 3681 3709 3748 utendi,
3739 3698 3851 3737 Ιηον

2264 3769 2442 3825 bilitas
2464 3771 2759 3837 mstuandi;
2789 3779 2959 3827 t0tum
2988 3781 3165 3831 tamen
3197 3776 3339 3847 ignis
3376 3785 3481 3843 est,
3505 3788 3561 3833 et
3584 3777 3700 3833 huic
3732 3782 3855 3834 uni-

2263 3878 2439 3927 versa,
2475 3878 2579 3918 una
2609 3876 2798 3919 natura
2826 3877 2929 3921 est.
2955 3866 3127 3924 Habet
3160 3869 3381 3939 quidem
3420 3886 3489 3927 es
3515 3872 3850 3938 inﬁrmitate,

2260 3955 2402 4026 quod
2435 3972 2530 4028 per
2552 3958 2828 4011 materiam
2859 3958 3108 4013 subsistit
3147 3976 3210 4014 ac
3240 3961 3391 4024 vivit,
3432 3972 3487 4016 et
3514 3978 3635 4017 eum
3666 3977 3730 4018 ea
3755 3980 3855 4034 per

2260 4066 2419 4121 quam
2438 4051 2640 4107 vixerat
2668 4051 2867 4107 deﬁcit.
2885 4051 2989 4109 Sed
3012 4053 3296 4125 hoc,un
3322 4053 3404 4127 (It)
3426 4055 3851 4129 incomparabile

2264 4147 2427 4219 200
2468 4147 2563 4201 Dei
2586 4156 2687 4212 est,
2724 4147 2805 4217 (5)
2843 4150 3247 4219 comparatione
3276 4164 3343 4206 es
3382 4158 3536 4224 parte
3565 4153 3847 4223 cognosci--

2354 4239 2413 4310 4)
2442 4240 2480 4310 xl
2489 4238 2741 4309 uferatur.

2354 4242 2413 4310 4)
2442 4242 2741 4309 Auferatur.

2329 4242 2411 4384 25}
2446 4307 2531 4365 Ea:
2551 4312 2997 4384 comparationum
3022 4322 3186 4385 parte.
3215 4311 3357 4385 Mox,
3387 4312 3442 4370 in
3473 4312 3634 4372 Deum
3660 4314 3729 4372 sit

2256 4484 2387 4543 mss.
2417 4467 2845 4541 conﬁrmantque
2900 4473 3145 4540 proxime
3183 4471 3444 4537 subnexa,
3476 4483 3581 4543 per
3603 4471 3842 4532 viventem

2254 4542 2464 4598 Patrem
2479 4561 2497 4595 :

2330 4614 2409 4688 (ά)
2431 4615 2500 4688 in
2521 4629 2650 4669 mss.
2676 4612 2831 4669 Colb.
2863 4622 2917 4669 et
2944 4612 3127 4688 Germ.
3162 4615 3263 4668 vita
3293 4617 3553 4672 viventem.

2327 4690 2395 4758 (e)
2426 4687 2589 4742 Etliti.
2618 4687 2790 4741 datam
2821 4704 2855 4739 a
2894 4704 2965 4741 se.
3000 4687 3166 4741 Abest
3192 4706 3223 4741 a
3248 4704 3303 4741 se
3330 4703 3355 4741 a
3382 4689 3679 4757 potioribus
3707 4708 3839 4747 mss.

2256 4759 2422 4815 Acute
2454 4758 2540 4813 hic
2590 4758 2889 4828 explicatur
2924 4758 3014 4829 qui
3049 4759 3188 4813 lilius
3243 4760 3295 4813 in
3332 4773 3505 4829 patre,
3548 4773 3601 4817 et
3629 4764 3681 4817 in
3731 4765 3845 4819 lilio

2255 4830 2533 4907 βψω-,ΑΙηῄ
2575 4830 2684 4907 tilio
2729 4840 2883 4907 pater
2926 4841 3029 4907 est,
3072 4833 3195 4898 quia
3244 4840 3553 4907 nascentem
3597 4835 3844 4907 sequitur

2255 4902 2346 4957 ille
2364 4902 2463 4977 Aqui
2488 4904 2676 4977 gignit,
2708 4904 2841 4977 dum
2864 4901 3023 4971 hujus
3048 4912 3234 4956 natura
3263 4902 3316 4956 in
3348 4905 3582 4973 genitum
3609 4901 3841 4977 quodam

2255 4973 2417 5047 modo
2460 4972 2740 5047 trajicitur.
2789 4973 2878 5027 Illa
2918 4982 3095 5027 autem
3136 4983 3325 5047 natura
3356 4972 3399 5028 7a
3446 4976 3555 5031 lilio
3596 4972 3836 5047 accepta,

2255 5044 2381 5099 dum
2411 5061 2514 5100 non
2538 5046 2853 5127 atnittitur-a
2878 5054 3061 5127 patre,
3091 5046 3185 5127 sed
3217 5047 3268 5099 in
3301 5060 3368 5101 eo
3403 5058 3604 5115 manet,
3651 5051 3705 5105 id
3730 5044 3842 5107 and

2249 5127 2487 5188 [ILPSIDL
2514 5120 2769 5188 utetiam
2801 5117 2852 5169 in
2878 5118 2993 5185 ipso
3023 5117 3265 5181 genitore
3285 5129 3519 5176 maneat.

2319 5190 2388 5262 (f)
2418 5190 2545 5262 hlss.
2569 5187 2757 5251 Corb.,
2801 5188 2971 5257 Prat.,
3002 5188 3185 5259 γεω,
3205 5200 3338 5257 etc.,
3369 5192 3655 5262 auferatur.
3686 5195 3841 5252 Anti-

2244 5260 2398 5333 quior
2420 5260 2582 5333 Colb.
2608 5264 2886 5333 auferetur.

2315 5332 2395 5402 (g)
2426 5334 2526 5388 Ms.
2555 5331 2780 5387 Carnut.
2809 5332 2956 5387 aliud
2983 5349 3111 5387 esse.

2321 5404 2417 5488 (ἡ).
2455 5405 2621 5488 Apud.
2650 5402 2777 5488 liud.
2826 5415 2878 5488 et
2922 5403 3015 5458 Er.
3046 5404 3381 5488 desideratur
3414 5408 3836 5478 incomparabilc.

2251 5476 2453 5531 Deinde
2482 5478 2621 5542 apud
2654 5476 2954 5546 Lips.,l’.tr.
2992 5488 3044 5550 et
3070 5476 3123 5531 lu
3150 5478 3424 5550 plerisque
3448 5476 3672 5538 tnss.'ea:
3700 5501 3841 5539 com-

2250 5550 2572 5619 paratimmm
2601 5559 2745 5620 parte
2770 5549 3139 5614 cognoscimus.
3167 5549 3346 5604 Minus
3371 5554 3508 5606 male
3537 5554 3589 5610 in
3616 5553 3828 5612 Martiu.

2250 5638 2313 5676 ea:
2333 5624 2713 5691 comparatione
2733 5632 2929 5689 partem
2951 5624 3320 5694 cognoscimus.
3343 5623 3667 5694 Repunimus
3691 5643 3834 5682 rom-

2248 5695 2531 5759 paratione,
2563 5702 2694 5757 etc.‘,
2726 5694 3046 5748 auctoritate
3087 5709 3186 5748 ms.
3207 5693 3323 5751 bas.
3357 5693 3469 5749 Vat.
3506 5709 3557 5752 et
3605 5698 3833 5757 aliorum

2247 5767 2477 5835 duorum
2507 5763 2626 5820 Vat.
2657 5766 2851 5835 quibus
2870 5768 3212 5835 censentium
3236 5767 3428 5825 Dad.et
3450 5768 3540 5829 Et.
3560 5772 3677 5827 Mox
3699 5786 3831 5829 mss.

2248 5831 2444 5894 habent
2469 5837 2520 5890 in
2559 5829 2718 5891 Ποκιιῐη
2749 5835 2832 5906 sit,
2870 5849 2972 5893 non
3004 5833 3056 5890 in
3084 5829 3287 5900 Deerit.
