4316 6472
613 340 715 395 (ὶἏ

1810 332 2054 394 SANCTI
2095 332 2347 395 lllLARll
2388 334 2693 395 EPISCOPl

3798 339 3912 395 232

613 472 739 517 tnta:
767 481 779 519 :
810 461 906 520 sed
940 458 1197 533 numquid
1228 467 1283 517 ut
1310 458 1569 533 imagines
1599 471 1739 517 verte
1761 459 1869 516 sint
1888 502 1905 529 ,
1936 460 2206 533 exaequari
2233 463 2288 525 Α
2312 459 2442 529 Quze
2472 459 2616 516 enim
2640 453 2922 531 ignorandi
2951 452 3167 512 Patrem
3196 460 3291 512 aut
3310 451 3629 511 ostendendi
3656 453 3910 526 ignoran-

611 567 832 626 possunt
860 558 1094 613 inanima
1130 556 1469 621 viventibus,
1500 565 1553 611 et
1584 555 1667 609 vel
1705 554 1846 627 picta
1883 554 1967 610 vel
1998 555 2203 627 sculpta

613 653 697 707 vel
739 651 854 705 fusa
902 649 1136 707 nativis?
1173 648 1340 707 Filius
1367 664 1543 705 autem
1572 648 1718 704 Patri
1760 664 1865 704 non
1909 649 2201 703 secundum

610 742 727 800 haec
756 744 973 817 (horum
998 731 1300 814 ad'instar)
1332 742 1509 816 imago
1550 752 1672 799 est:
1714 740 1837 816 quia
1867 740 2100 797 viventis
2124 741 2205 795 vi-

607 844 739 893 vens
772 836 950 909 imago
979 844 1095 907 est,
1126 844 1183 893 et
1221 852 1289 894 ex
1318 851 1386 894 eo
1431 842 1589 892 natus
1637 850 1744 892 non
1792 834 1957 892 habet
1998 846 2205 889 natura:

606 929 974 988 diversitatem
996 974 1011 999 ,
1035 939 1091 989 et
1120 928 1176 987 in
1205 930 1354 988 nullo
1380 926 1629 988 diversus
1668 939 1815 988 tenet
1852 940 2059 987 natura:
2087 930 2204 1001 ejus

608 1026 687 1097 (ιι)
716 1042 781 1081 ει
814 1041 919 1098 qua
958 1040 1065 1082 non
1105 1018 1355 1082 diversus
1388 1034 1472 1082 est
1510 1034 1853 1097 potestatem.
1882 1022 2037 1092 Quod
2075 1038 2203 1096 ergo

606 1116 784 1190 imago
829 1128 941 1186 est.
984 1134 1049 1175 eo
1096 1116 1337 1192 prolicit,
1373 1128 1428 1175 ut
1473 1116 1689 1190 Patrem
1733 1115 1901 1177 Deum
1945 1119 2203 1193 unigeniti

610 1208 706 1267 Dei
742 1209 1010 1285 significet
1043 1211 1322 1279 nativitas;
1364 1210 1635 1284 signiﬁcet
1671 1222 1851 1268 autem
1876 1254 1890 1279 ,
1933 1222 1993 1269 ut
2032 1213 2202 1268 forma

605 1303 681 1378 (ὁ)
710 1305 824 1377 ipse
845 1314 900 1362 et
938 1304 1118 1380 imago
1148 1304 1437 1363 invisibilis
1458 1302 1555 1363 Dei
1581 1325 1594 1364 :
1627 1316 1682 1363 et
1721 1322 1817 1380 per
1846 1309 1949 1363 hoc
1977 1302 2061 1383 (l)
2093 1322 2202 1364 non

603 1401 805 1457 amittit
832 1412 1034 1458 natura!
1054 1400 1220 1476 206
1245 1401 1447 1458 unitam
1479 1399 1882 1459 similitudinem
1903 1445 1917 1472 ,
1950 1403 2078 1475 quia
2100 1417 2201 1458 nec

601 1508 785 1555 careat
821 1499 1016 1555 virtute
1048 1506 1271 1554 naturae.

680 1593 770 1650 '58.
818 1591 911 1649 Dei
939 1588 1105 1649 verbis
1145 1610 1235 1650 nec
1280 1589 1420 1650 Dens
1444 1592 1743 1665 singularis,
1774 1610 1863 1650 nec
1902 1592 2080 1667 dispar
2110 1590 2202 1649 Fi-

604 1685 725 1741 lius.
752 1715 823 1728 --
849 1686 914 1742 Et
956 1685 1083 1742 hinc
1129 1684 1257 1743 illud
1301 1697 1419 1752 est,
1468 1684 1634 1741 Tanto
1680 1697 1903 1758 tempore
1947 1686 2201 1743 vobiscum

2309 557 2449 612 tibus
2499 554 2795 611 necessitas
2846 551 3285 626 relinquebatur,
3332 564 3453 606 cum
3485 548 3645 605 Pater
3686 548 3740 603 in
3769 545 3909 603 Filio

2308 653 2456 705 visus
2482 647 2667 705 esset?

2376 742 2467 801 39.
2512 741 2671 798 Pater
2692 742 2743 795 in
2769 732 2913 796 Filio
2935 740 3074 796 visus
3100 754 3167 795 ea:
3180 735 3500 813 proprietate
3524 742 3743 792 natura.
3773 730 3910 790 Coum

2306 848 2387 894 tra
2415 835 2720 895 Sabelliunt.
2749 832 2941 891 Contra
2970 835 3169 890 Arium.
3198 831 3303 899 Qui
3320 829 3375 887 in
3416 847 3470 886 se
3494 828 3709 887 invicem
3750 825 3910 883 Pater

2305 942 2354 989 et
2384 930 2571 989 Filius.
2596 961 2669 972 —
2696 928 2858 987 Visus
2878 937 3056 985 autem
3079 925 3216 984 adeo
3236 933 3322 983 est
3347 940 3416 983 ex
3446 925 3778 1000 proprietate
3807 937 3908 978 na-

2306 1035 2443 1083 tura:
2461 1067 2477 1094 ,
2506 1024 2635 1082 dum
2663 1040 2733 1081 ex
2762 1021 3120 1080 indiderentia
3149 1030 3311 1095 atque
3338 1023 3391 1078 in
3430 1034 3633 1093 genere
3662 1017 3909 1075 veritatis

2306 1138 2472 1181 unum
2505 1130 2633 1177 sunt
2666 1129 2824 1177 natus
2850 1129 2904 1175 et
2936 1134 3233 1192 generans,
3266 1125 3329 1172 ut
3356 1116 3447 1173 hic
3483 1113 3699 1171 Domini
3724 1126 3903 1169 sermo

2303 1226 2665 1289 sequeretur:
2702 1212 2824 1270 Non
2861 1213 3068 1271 creditis
3089 1255 3103 1279 ,
3135 1212 3383 1279 quoniam
3418 1224 3509 1282 ego
3551 1208 3607 1262 in
3639 1203 3829 1272 Patre,
3861 1215 3907 1259 et

2304 1306 2466 1365 Pater
2492 1308 2547 1365 in
2577 1325 2653 1363 me
2677 1305 2867 1379 (lbid.,
2903 1300 3446 1379 tO)?luseparabiles
3474 1316 3598 1359 csse
3629 1314 3725 1371 per
3751 1306 3909 1355 natu-

2303 1404 2472 1460 ralem
2510 1401 2921 1460 similitudinem
2955 1398 3171 1456 Patrem
3213 1406 3269 1454 et
3311 1394 3546 1463 Filium,
3580 1409 3688 1451 non
3711 1408 3906 1463 passu.

2302 1514 2426 1555 mus
2459 1498 2637 1554 verbis
2664 1498 2787 1552 aliis
2813 1495 3010 1553 docere
3029 1536 3044 1561 ,
3080 1492 3181 1549 nisi
3210 1488 3352 1547 Filii.
3378 1490 3495 1547 Non
3521 1487 3669 1547 enim
3694 1486 3784 1543 hic
3812 1500 3909 1557 per

2306 1594 2731 1653 demutationem
2763 1590 3042 1649 nominum
3065 1595 3229 1660 atque
3248 1586 3554 1659 specierum
3585 1581 3784 1649 Filius,
3814 1579 3906 1650 qui

2303 1691 2387 1745 via
2414 1698 2571 1747 estet
2591 1689 2789 1744 veritas
2817 1696 2872 1742 et
2897 1685 3001 1741 vita
3021 1729 3035 1752 ,
3064 1684 3246 1740 mimis
3272 1678 3627 1738 theatralibus
3649 1677 3822 1735 ludit;
3849 1683 3907 1729 ut

603 1794 716 1834 sum
736 1822 753 1843 ,
784 1790 833 1836 et
874 1796 973 1835 non
1005 1782 1164 1835 nostis
1194 1797 1272 1834 me
1291 1822 1305 1846 ,
1346 1778 1629 1853 Philippe?
1653 1783 1740 1853 qui
1770 1780 1893 1835 uidit
1930 1795 2010 1836 me
2030 1822 2045 1848 ,
2077 1781 2202 1835 vidit
2305 1781 2358 1838 in
2381 1788 2657 1853 assumpto
2690 1780 2907 1836 homine
2926 1776 3085 1851 20³1
3115 1792 3175 1833 se
3206 1774 3372 1832 lilium
3394 1772 3491 1829 Dei
3516 1777 3791 1840 nuncupct
3812 1810 3829 1835 ,
3850 1767 3907 1823 in

605 1881 655 1926 et
686 1869 915 1927 Patrem.
951 1872 1221 1941 Quomodo
1250 1883 1301 1927 tu
1329 1870 1477 1941 dicis,
1510 1871 1733 1929 Ostende
1777 1872 1920 1928 nobis
1955 1872 2208 1929 Patrem?
2237 1877 2284 1939 Β
2313 1886 2502 1931 natura
2539 1889 2662 1931 vero
2692 1874 2857 1933 Deum
2887 1883 3134 1944 patrem,
3180 1877 3239 1927 et
3272 1884 3417 1926 unus
3440 1882 3505 1925 ac
3539 1866 3691 1922 solus
3714 1876 3907 1936 perso-

610 1964 734 2022 Nou
765 1966 841 2041 (ε)
872 1967 1080 2022 creditis
1105 1968 1227 2022 mihi
1255 1968 1494 2039 quoniam
1524 1982 1615 2038 ego
1660 1964 1713 2022 in
1749 1966 1936 2033 Patro,
1972 1977 2019 2021 et
2052 1964 2209 2021 Pater
2312 1971 2422 2025 nali
2451 1967 2817 2024 demutatione
2842 1983 2903 2023 se
2931 1981 3072 2021 nunc
3101 1965 3158 2022 in
3191 1964 3298 2022 alio
3320 1962 3635 2020 mentiatur.
3662 1959 3777 2015 Non
3806 1957 3907 2014 ita-

604 2062 659 2115 in
683 2077 764 2115 me
793 2070 865 2115 est
906 2044 1089 2135 (locu.
1124 2076 1257 2125 xtv,
1286 2058 1341 2127 9,
1394 2055 1523 2135 10).?
1580 2056 1695 2115 Non
1735 2060 1955 2117 relictus
1992 2067 2075 2117 est
2112 2058 2207 2115 ho-

606 2156 811 2214 minum
841 2154 1074 2229 eloquiis
1096 2156 1161 2212 de
1189 2156 1283 2213 Dei
1322 2156 1485 2213 rebus
1524 2155 1662 2212 alius
1688 2168 1883 2227 prreter
1911 2171 2069 2225 quam
2110 2152 2207 2211 Dei

609 2264 829 2307 sermo:
858 2249 1037 2306 omnia
1059 2248 1263 2321 reliqua
1287 2258 1341 2305 et
1373 2258 1485 2304 arta
1513 2258 1565 2305 et
1592 2250 1841 2306 canclusa
1870 2260 1925 2305 et
1951 2246 2206 2319 impedita

609 2351 809 2399 suntet
831 2340 1083 2398 obseura.
1108 2340 1164 2399 Sl
1188 2343 1309 2414 quis
1333 2340 1455 2396 aliis
1476 2340 1655 2395 verbis
1678 2342 2051 2397 demonstrare
2078 2338 2203 2407 hoc,

601 2450 766 2507 quam
798 2430 990 2508 quibus
1016 2450 1045 2489 a
1078 2433 1188 2492 Deo
1218 2435 1419 2491 dictum
1461 2444 1579 2520 est,
1610 2434 1783 2503 volet;
1811 2446 1901 2491 aut
1942 2436 2057 2507 ipse
2098 2447 2204 2489 non

602 2527 887 2601 intelligit,
911 2537 1006 2586 aut
1031 2521 1335 2602 legentibus
1355 2546 1460 2586 non
1489 2528 1891 2600 intelligendum
1930 2528 2202 2599 relinquit.

606 2623 864 2681 Dominus
886 2625 1022 2681 dixit
1044 2667 1057 2691 ,
1078 2640 1201 2681 cum
1230 2632 1514 2697 rogaretur
1534 2632 1594 2678 ut
1613 2609 1928 2680 ostenderet
1958 2623 2169 2679 Patrem
2186 2665 2202 2691 ,

605 2713 708 2783 Qui
729 2733 808 2772 me
822 2710 947 2771 uidit
962 2758 979 2785 ,
1001 2715 1127 2772 vidit
1145 2726 1192 2772 et
1216 2715 1446 2773 Patrem.
1474 2717 1586 2775 lioc
1605 2717 1882 2782 demutare
1904 2701 2203 2777 antichristi

602 2817 688 2866 est
707 2852 722 2879 ,
749 2809 855 2866 hoc
881 2826 1081 2886 negare
1106 2808 1276 2867 Judaei
1304 2821 1389 2869 est
1410 2854 1424 2879 ,
1457 2812 1559 2867 hoc
1603 2814 1816 2870 nescire
1857 2813 2073 2886 gentilis
2100 2821 2195 2869 est.

601 2902 709 2961 Sed
739 2905 876 2966 forte
914 2901 1284 2977 intelligentia
1305 2922 1500 2962 sensus
1534 2905 1586 2961 in
1614 2905 1843 2963 crimine
1884 2909 1972 2963 sit.
2007 2906 2087 2981 (ιι)
2120 2906 2202 2961 Sit

605 2999 664 3056 in
690 2998 797 3055 lidc
823 3007 1004 3055 nostra
1028 2999 1214 3055 vitium
1233 3044 1247 3067 ,
1276 3000 1320 3056 si
1349 3000 1402 3057 in
1427 2999 1588 3056 dictis
1616 2999 1712 3056 Dei
1737 2996 1937 3057 resedit
1962 3000 2199 3057 obscuri-7

604 3099 706 3150 tas.
737 3088 876 3149 Nam
906 3109 1005 3150 nec
1031 3092 1332 3150 solitarium
1364 3110 1545 3151 sermo
1572 3095 1871 3165 signiﬁcat,
1905 3103 1961 3150 et.
1991 3092 2201 3150 indiﬁ‘eo

603 3197 814 3245 rentcm
840 3196 1017 3243 tamen
1044 3195 1290 3243 naturam
1330 3186 1599 3259 professio
1625 3186 1805 3245 docet.
1842 3185 2026 3267 Visum
2055 3190 2200 3242 enim

2310 2078 2416 2136 que
2448 2063 2561 2135 ipse
2590 2062 2861 2119 solitarius
2880 2105 2895 2131 ,
2932 2076 3075 2117 nunc
3104 2059 3205 2117 sibi
3232 2059 3374 2116 (ilius
3398 2066 3512 2124 est,
3545 2070 3690 2113 nunc
3717 2069 3777 2111 se
3803 2051 3908 2110 sibi

2311 2159 2597 2233 proﬁtetur
2627 2159 2681 2213 in
2714 2167 2960 2230 patrem,
2985 2166 3041 2215 et
3086 2165 3294 2212 natura:
3326 2155 3547 2211 nomina
3587 2151 3753 2208 infert
3784 2164 3907 2207 ces-

2309 2266 2464 2312 sante
2511 2265 2721 2311 natura.
2773 2253 2891 2309 Alia
2942 2250 3030 2307 hic
3077 2251 3369 2313 verborum
3408 2246 3733 2320 simplicitas
3778 2254 3865 2302 est
3892 2260 3903 2296 ᾳ

2311 2365 2434 2407 nam
2460 2362 2514 2405 et
2558 2349 2721 2406 Pater
2746 2357 2901 2419 pater
2928 2356 3046 2415 est,
3090 2358 3143 2403 et
3182 2345 3356 2410 Filius
3384 2343 3526 2401 titius
3564 2354 3669 2400 est.
3715 2339 3825 2398 Sed
3854 2339 3907 2394 in

2311 2442 2395 2498 his
2437 2441 2747 2497 nominibus
2771 2457 2833 2497 ac
2860 2441 3020 2501 rebus
3063 2440 3195 2496 nihil
3228 2436 3299 2511 (Γ)
3323 2444 3377 2494 in
3410 2452 3469 2493 se
3506 2452 3740 2504 novum,
3771 2432 3909 2490 nihil

2314 2535 2586 2603 diversum
2608 2578 2624 2603 ,
2662 2533 2903 2605 nihilque
2942 2533 3279 2605 pcregrinqu
3309 2540 3411 2589 cst.
3442 2529 3616 2588 Tenet
3640 2526 3786 2586 enim
3815 2542 3907 2583 na-

2310 2639 2442 2685 turte
2473 2630 2669 2684 veritas
2701 2628 3115 2698 preprietatcm;
3145 2634 3203 2681 ut
3228 2623 3372 2694 quod
3392 2638 3461 2679 ex
3485 2623 3593 2678 Deo
3617 2630 3702 2677 est
3721 2662 3736 2685 ,
3765 2618 3909 2674 Deus

2307 2726 2400 2793 sit,
2427 2736 2480 2780 et
2506 2740 2607 2780 nec
2636 2724 2716 2796 (α)
2744 2723 3040 2779 deminutio
3068 2720 3140 2777 sit
3164 2721 3435 2784 nativilas,
3456 2732 3555 2773 nec
3580 2712 3867 2772 diversitas
3892 2733 3903 2769 :

2309 2820 2434 2875 dum
2457 2829 2513 2875 et
2528 2816 2697 2875 Filius
2716 2834 2822 2873 non
2846 2817 2897 2872 in
2925 2826 3169 2873 naturam
3193 2823 3472 2878 externam
3496 2826 3561 2866 ac
3586 2808 3909 2866 dissimilem

2315 2912 2453 2984 patri
2486 2912 2597 2967 Deo
2638 2910 2912 2976 subsistit,
2938 2924 3041 2967 nec
3086 2908 3242 2965 Pater
3266 2906 3501 2963 alienum
3526 2901 3657 2973 quid
3683 2902 3753 2959 sit
3790 2916 3822 2958 a
3848 2915 3909 2957 se

2310 3004 2393 3078 (It)
2441 3002 2705 3060 nativitati
2743 3002 3014 3075 Unigeniti
3040 3000 3473 3073 aeqnireas,sed
3516 2998 3769 3053 universa
3812 3009 3907 3066 po~

2310 3096 2414 3154 tius
2438 3114 2557 3169 quae
2595 3114 2689 3154 sua
2729 3106 2855 3153 sunt
2882 3097 2997 3154 sine
3027 3095 3223 3151 damno
3258 3094 3619 3167 impertientis
3661 3090 3904 3148 indulsit.

2308 3195 2484 3265 Atque
2523 3179 2597 3250 ita
2637 3207 2738 3251 nec
2777 3200 2964 3249 natura
3013 3193 3106 3248 Dei
3143 3200 3333 3258 caret,
3365 3191 3494 3247 dum
3537 3206 3644 3245 non
3685 3186 3907 3244 aliunde

607 3279 688 3353 (2)
711 3280 765 3337 in
796 3276 936 3337 Filio
956 3278 1032 3354 (e)
1055 3290 1108 3338 et
1130 3279 1376 3348 Patrem,
1405 3296 1508 3337 nec
1533 3282 1821 3353 singularis
1843 3289 2024 3354 potest
2044 3296 2196 3345 esse,
2226 3294 2272 3360 (ζ
2305 3302 2467 3358 quam
2491 3302 2560 3343 ex
2587 3286 2696 3341 Deo
2725 3286 2866 3343 Dens
2890 3290 3006 3352 est;
3037 3299 3140 3342 nec
3179 3299 3211 3339 a
3255 3284 3365 3340 Deo
3392 3281 3604 3350 dill'ert,
3636 3281 3765 3338 dum
3797 3295 3905 3335 non

602 3388 707 3431 nec
745 3372 1014 3446 disparis:
1047 3374 1170 3445 quia
1203 3390 1298 3447 per
1345 3372 1489 3431 hunc
1531 3375 1624 3432 ille
1666 3376 1846 3441 visus,
1879 3390 2055 3447 neque
2095 3390 2199 3429 non

603 3484 768 3526 unum
797 3478 925 3525 sunt
956 3467 1013 3525 in
1051 3471 1372 3528 sacramenti
1413 3468 1791 3543 professione,
1823 3485 1997 3541 neque
2042 3483 2195 3524 unus.

605 3564 672 3621 Et
699 3578 886 3638 qttaero
907 3565 1034 3636 quid
1063 3562 1398 3633 significasse
1423 3564 1479 3620 in
1506 3579 1573 3621 eo
1618 3562 1878 3619 Dominus
1916 3562 2195 3623 credatur:

602 3672 726 3714 cum
759 3656 917 3713 dicit:
953 3656 1057 3726 Qui
1085 3673 1163 3713 me
1192 3654 1319 3711 vidit
1338 3698 1355 3729 ,
1385 3656 1511 3712 vidit
1541 3664 1587 3709 ct
1616 3654 1869 3712 Patrem?
1901 3654 2015 3713 Non
2049 3667 2201 3711 tenes

601 3752 887 3821 unionem,
922 3746 1012 3808 ubi
1051 3766 1149 3823 per
1185 3750 1619 3822 coniunctionem
1652 3748 1825 3825 ipsam
1864 3752 2075 3823 paterni
2106 3765 2203 3807 nov

608 3842 771 3902 minis
825 3841 1159 3917 significatur
1200 3828 1456 3915 adiectio.
1503 3842 1637 3898 Cum
1701 3843 1845 3900 enim
1891 3843 2119 3911 dicitur,
2154 3854 2201 3897 et

603 3937 846 4009 Patrem,
869 3937 1086 3995 exclusa
1116 3946 1199 3993 est
1219 3938 1510 4010 singularis
1537 3950 1699 4008 atque
1724 3937 1866 3994 unici
1896 3937 2196 4009 intelligen-

604 4031 696 4087 tia.
734 4031 800 4088 Et
826 4030 953 4102 quid
981 4029 1246 4103 reliquus:
1275 4038 1389 4097 est,
1420 4032 1524 4085 nisi
1556 4039 1613 4086 ut
1639 4046 1737 4102 per
1765 4042 1973 4088 natura:
1994 4031 2197 4088 unitum

604 4123 1006 4183 similitudinem
1040 4124 1201 4181 Pater
1226 4140 1321 4196 per
1350 4123 1547 4186 Filium
1578 4125 1727 4180 visus
1753 4124 1862 4180 sit?
1893 4126 1959 4182 Et
1993 4141 2060 4181 ne
2097 4127 2197 4181 hoe

602 4220 865 4276 incertum
918 4219 1073 4277 nobis
1122 4217 1191 4274 ad
1246 4217 1405 4274 tidem
1458 4219 1889 4288 relinqueretur;
1942 4218 2200 4274 Dominus

602 4313 872 4387 subjecit:
906 4313 1173 4382 Quomodo
1219 4322 1274 4367 tu
1311 4311 1460 4381 dicis,
1507 4309 1729 4368 Ostende
1771 4311 1918 4368 nobis
1949 4309 2199 4369 Patrem?

675 4476 762 4551 (l)
803 4474 926 4533 Non
968 4473 1185 4532 omittat.
1219 4471 1391 4531 Paulo
1429 4479 1591 4544 post,
1625 4487 1717 4529 nec
1757 4480 1930 4528 careat
1967 4474 2201 4529 virtutem

606 4564 825 4607 naturae.

2309 3380 2451 3435 aliud
2485 3381 2600 3451 ipse
2626 3396 2786 3451 quam
2820 3379 2959 3436 Deus
2986 3388 3071 3437 est
3100 3397 3115 3435 :
3143 3378 3265 3451 quia
3297 3387 3354 3434 et
3377 3376 3630 3437 nativitas
3659 3374 3753 3431 Dei
3776 3388 3904 3430 con-

2305 3473 2448 3531 sistit
2468 3476 2521 3533 iti
2546 3474 2681 3532 Filio
2700 3516 2716 3542 ,
2745 3490 2844 3532 nec
2865 3490 2961 3546 per
2986 3473 3316 3533 nativitatem
3339 3471 3434 3528 Dei
3468 3469 3653 3535 amisit
3675 3470 3740 3543 (ἱ)
3761 3486 3827 3528 ex
3844 3485 3903 3527 sc

2306 3566 2402 3626 Dei
2448 3578 2637 3626 natura
2658 3568 2803 3641 quod
2845 3568 2991 3629 Deus
3018 3576 3121 3624 est.
3162 3565 3318 3623 Pater
3350 3568 3510 3637 igitur
3538 3568 3591 3622 in
3623 3563 3760 3621 Filio
3785 3572 3899 3631 est,

2305 3671 2361 3717 et
2388 3661 2554 3717 Filius
2597 3660 2651 3718 in
2680 3660 2870 3729 Patre,
2910 3659 3051 3717 Deus
3076 3660 3130 3716 in
3162 3660 3313 3718 Deo:
3347 3675 3457 3720 non
3496 3675 3595 3730 per
3633 3657 3902 3729 duplicem

2306 3757 2739 3817 convenientium
2776 3771 3032 3829 generum
3075 3755 3550 3825 coniunctionem,
3592 3769 3771 3827 neque
3810 3769 3895 3822 per

2310 3848 2576 3905 insitivam
2618 3850 2913 3922 capacioris
2958 3848 3270 3905 substantia:
3315 3859 3593 3913 naturam;
3640 3849 3764 3920 quia
3806 3860 3903 3919 per

2307 3939 2645 4013 corporalem
2672 3943 3086 4010 necessitatem,
3128 3928 3400 3999 exieriora
3429 3939 3545 3997 fieri
3587 3939 3673 3996 his
3709 3938 3902 4012 quibus

2309 4036 2654 4093 continentur
2680 4035 2937 4093 interiora
2978 4050 3083 4089 non
3112 4044 3373 4105 possunt:
3398 4032 3491 4090 sed
3521 4047 3617 4104 per
3656 4030 3901 4095 nativita-

2312 4137 2416 4184 tem
2441 4130 2673 4185 viventis
2687 4144 2752 4185 ex
2779 4128 2998 4185 vivente
3024 4138 3259 4194 naturai;
3281 4128 3409 4183 dum
3439 4142 3526 4184 res
3553 4140 3660 4181 non
3682 4124 3863 4182 differt
3882 4165 3899 4193 ,

2309 4223 2434 4278 dum
2468 4232 2710 4279 naturam
2743 4221 2835 4278 Dci
2868 4237 2976 4279 non
3006 4219 3298 4291 degenerat
3322 4219 3573 4276 nativitas
3592 4262 3606 4285 ,
3636 4216 3763 4275 dum
3793 4233 3899 4273 non

2307 4318 2453 4375 aliud
2478 4317 2681 4391 aliquid
2719 4334 2877 4389 quam
2917 4316 2973 4374 in
3011 4315 3182 4375 Deum
3208 4330 3273 4372 ex
3319 4314 3432 4373 Deo
3461 4314 3605 4372 Deus
3631 4313 3897 4381 nascitur,

2380 4477 2458 4550 (Ξ)
2501 4479 2568 4534 In
2591 4476 2734 4536 Filio
2766 4476 2991 4536 Patrem.

681 4667 756 4742 (a)
797 4665 999 4742 Panin
1022 4661 1361 4742 qua.__Melius
1388 4662 1477 4719 alii
1508 4660 1663 4727 libri,
1695 4673 1758 4716 ex
1782 4674 1914 4732 qua,
1944 4661 2061 4717 scil.
2091 4672 2165 4718 est
2184 4706 2199 4731 ,
2231 4664 2284 4729 Ι)
2308 4663 2773 4742 musauctoritate
2802 4681 2931 4742 mss.
2964 4659 3217 4742 Prorime
3245 4675 3373 4724 ante
3398 4665 3561 4725 Corb.
3586 4665 3753 4725 codex
3772 4710 3786 4734 ,
3814 4670 3900 4724 sat

607 4736 703 4799 seu
728 4736 971 4794 subsistit
998 4753 1099 4790 non
1124 4736 1369 4790 diuersus.

682 4812 758 4885 (b)
796 4811 951 4885 Apud
988 4809 1224 4885 Lips:_et
1259 4807 1383 4885 Par.
1417 4806 1759 4885 desideratur
1794 4819 1894 4861 vox
1926 4806 2036 4875 ipse
2056 4850 2079 4885 ,_
2101 4822 2196 4879 pro

606 4879 710 4954 qua
738 4879 880 4954 apud
918 4881 1073 4946 Bad.,
1113 4880 1211 4954 ΔΕΓ.
1240 4889 1295 4933 et
1336 4879 1389 4933 iri
1414 4879 1625 4954 duobus
1669 4892 1800 4931 mss.
1842 4889 2027 4954 exstat
2062 4881 2195 4954 ipsa.

606 4950 730 5014 Mox
758 4950 809 5009 in
834 4954 994 5011 editis
1019 4952 1217 5005 amittat
1243 4993 1257 5016 ,
1291 4967 1397 5003 non
1431 4958 1487 5004 ut
1518 4951 1569 5004 in
1599 4965 1727 5003 mss.
1753 4950 1937 5002 amittit
1994 4950 2199 5005 Deinde

608 5042 708 5101 pro
746 5038 943 5101 uatum:
968 5025 1165 5101 unitum
1207 5022 1591 5101 similitudinem
1620 5022 1922 5101 ,_li_i~_astnus
1948 5022 2014 5076 ad
2057 5038 2184 5101 mar-

646 5106 784 5159 inem
814 5095 1101 5164 adscripsit
1121 5105 1319 5161 natura!
1346 5096 1583 5151 nativitas
1607 5094 2012 5159 similitudinem,
2038 5096 2196 5150 male.

664 5175 819 5228 uitam
863 5166 1247 5223 similitudinem
1277 5181 1396 5221 eam
1440 5166 1670 5221 Hilarius
1714 5175 1900 5228 vocat,
1931 5180 2051 5235 qua:
2076 5181 2195 5221 eum

609 5255 815 5301 natura:
846 5245 1050 5296 unitate
1080 5237 1384 5310 conjuncta
1407 5239 1495 5295 sit.
1529 5237 1664 5295 Vide
1710 5245 1971 5307 respOusa
2006 5237 2196 5310 apolo-

606 5320 784 5388 getica
801 5314 876 5388 ad
904 5313 1095 5367 librum
1118 5308 1413 5388 de_Synod.

679 5388 754 5463 (ε)
793 5385 883 5443 Sic
908 5396 1037 5463 mss.
1062 5389 1117 5437 et
1139 5381 1295 5450 edit.,
1324 5397 1475 5439 num.
1509 5383 1612 5451 60,
1644 5383 1732 5456 qui
1763 5381 1849 5438 hic
1873 5389 1929 5439 et
1950 5397 2097 5440 num.
2128 5382 2196 5439 ’59

608 5457 805 5517 habent
829 5501 845 5524 ,
872 5457 1058 5513 credis.

677 5532 761 5607 (ἀ)
801 5523 961 5596 Editi,
987 5530 1043 5583 in
1065 5527 1277 5583 crimine
1299 5527 1387 5596 sit,
1419 5528 1465 5583 si
1492 5527 1547 5584 in
1572 5526 1677 5599 ﬁde
1700 5543 1717 5579 :
1740 5523 2098 5584 emendantur
2127 5540 2191 5582 ex

607 5619 740 5664 mss.

679 5678 755 5751 (ε)
789 5673 1228 5751 Coniunctio_et_,
1262 5682 1325 5751 es
1351 5684 1452 5741 qua
1485 5670 1720 5751 maxime
1759 5669 2069 5751 pendet_vis
2107 5686 2195 5727 ar-

608 5745 849 5823 gumenti
899 5759 1085 5803 contra
1122 5746 1488 5811 Sabellianos,
1534 5746 1585 5801 in
1619 5746 1845 5818 vulgatis
1878 5745 2079 5801 omissa
2105 5759 2195 5800 re-

604 5823 843 5882 stituitur
864 5834 932 5878 ει
964 5832 1093 5876 mss.

678 5894 746 5965 (Ι)
787 5893 918 5951 illud
952 5894 1003 5947 in
1032 5908 1116 5953 se.
1149 5890 1291 5964 quod
1315 5888 1384 5948 ad
1416 5898 1658 5948 naturam
1698 5889 1923 5948 refertur
1950 5932 1962 5956 ,
1994 5887 2195 5951 adieci~

2306 4738 2359 4790 in
2398 4738 2475 4791 Itis
2503 4738 2735 4792 omnibus
2762 4738 2913 4794 rebus
2934 4756 2952 4793 :
2984 4740 3144 4797 male.

2375 4809 2452 4881 (g)
2480 4808 2624 4881 Bad.
2654 4817 2709 4881 et
2752 4807 2847 4866 Er.
2878 4827 2969 4867 nec
3004 4812 3358 4875 ditninutionis
3393 4814 3457 4867 sit
3499 4812 3769 4879 natioitas,
3811 4831 3899 4868 nec

2303 4879 2629 4954 diversitatis.
2670 4879 2816 4954 Lips.
2854 4896 2908 4938 et
2942 4884 3062 4938 Par.
3092 4901 3181 4940 nec
3220 4885 3499 4943 demutatio
3525 4886 3589 4939 sit
3610 4889 3861 4940 natiuitus
3882 4929 3895 4948 ,

2305 4968 2395 5026 nec
2424 4952 2692 5026 ttirersitas
2716 4952 3024 5026 {castigant
3054 4973 3182 5011 mss.
3217 4956 3319 5024 llis
3345 4958 3527 5013 verbis
3547 4956 3711 5014 Arius
3734 4957 3897 5013 refel-

2303 5024 2459 5091 litur,
2487 5026 2575 5091 qui
2600 5024 2870 5081 Christum
2897 5024 2989 5082 aut
3013 5026 3243 5083 diversae
3263 5028 3579 5088 substantiae
3597 5070 3612 5093 ,
3635 5040 3729 5083 aut
3750 5044 3831 5085 cei
3850 5039 3899 5084 te

2305 5094 2601 5221 Sili/inimus
2640 5096 2911 5226 inéerioris
2946 5109 3005 5159 et
3034 5098 3333 5157 nuntiantis:
3371 5101 3720 5172 praedicabat.
3770 5101 3900 5158 Vide

2339 5186 2349 5220 1
2377 5184 2488 5226 ura.
2511 5184 2660 5225 "lim.
2736 5211 2748 5221 .

2305 5183 2488 5237 supra,
2511 5184 2660 5225 num.
2692 5183 2748 5226 υ.

2377 5238 2460 5317 (lt)
2500 5240 2649 5298 Unus
2669 5240 2851 5317 codex
2878 5242 3221 5302 Colbertinus
3262 5262 3353 5317 per
3378 5245 3717 5302 natiuitatem.
3748 5247 3899 5304 Alter

2300 5311 2854 5385 ἓοηροῃηιιιιξνὶιζιιε.

2373 5384 2436 5463 (ἐ)
2477 5382 2620 5440 Edit.
2666 5383 2797 5441 Bad.
2825 5398 2880 5443 et
2912 5384 3001 5442 Er.
3034 5403 3143 5463 esse
3171 5386 3266 5443 Dei
3296 5399 3501 5447 natura.
3529 5388 3721 5445 Verius
3743 5389 3890 5463 Lips.

2301 5465 2356 5512 et
2385 5456 2505 5513 Par.
2541 5472 2661 5513 cum
2702 5472 2831 5514 mss.
2864 5476 2929 5514 ea:
2953 5475 3046 5516 so:
3076 5460 3179 5515 hoc
3214 5472 3329 5530 est,
3358 5464 3518 5519 Pater
3560 5478 3713 5519 suam
3755 5456 3894 5518 Filio

2304 5530 2619 5605 impertiens
2646 5540 2887 5605 naturam
2917 5548 3021 5605 non
3051 5533 3228 5588 amisit
3255 5535 3398 5605 quod
3426 5550 3491 5592 ex
3520 5549 3577 5589 se
3606 5546 3711 5590 est.
3739 5534 3898 5591 Pater

2305 5611 2363 5656 nt
2392 5601 2663 5673 ingenitus
2688 5613 2746 5658 et
2785 5604 2948 5657 totius
2981 5602 3102 5661 fons
3138 5601 3432 5661 divinitatis
3456 5616 3542 5661 est
3568 5617 3756 5661 natura
3800 5605 3897 5661 Dei

2303 5689 2368 5756 ea:
2387 5689 2663 5756 solquam
2691 5689 2722 5756 ξ
2753 5674 2910 5756 Patre
2937 5676 3204 5756 inminens
3240 5674 3409 5756 Filius
3451 5677 3556 5756 dici
3591 5689 3766 5748 potest
3804 5696 3896 5732 no-

2306 5755 2422 5799 tura
2440 5742 2540 5819 Dei
2567 5763 2630 5800 ex
2642 5746 2775 5819 alio.
2801 5745 2918 5815 Qua
2945 5748 3197 5819 loquendi
3225 5751 3434 5810 ratione
3455 5742 3715 5819 habemus
3736 5765 3895 5819 supra

2305 5831 2453 5890 num.
2488 5816 2552 5872 l7
2578 5835 2591 5871 :
2621 5816 2751 5890 Qum
2774 5829 2965 5890 ngtura
2984 5816 3082 5873 Dei
3101 5820 3154 5875 in
3180 5832 3416 5878 naturam
3444 5816 3543 5876 Dei
3571 5816 3893 5890 substitisset,

2303 5888 2357 5945 id
2383 5898 2483 5955 est,
2517 5906 2579 5947 er
2613 5886 2767 5947 Patre
2788 5884 2838 5945 F
2840 5891 2959 5948 ilius
2986 5903 3137 5948 natus
3164 5905 3311 5949 esset.
