4316 6476
332 308 441 366 235

1537 312 1623 369 DE
1662 311 2028 371 TRINITATE
2066 314 2269 372 LIBER
2311 314 2446 375 Vltl.

3527 326 3634 387 251

334 425 460 480 dum
503 424 631 481 niliil
676 425 730 483 in
777 426 862 482 his
904 439 1099 499 novum
1137 434 1260 490 est.
1291 427 1422 482 nihil
1471 428 1704 485 alienum
1728 471 1741 495 ,
1794 428 1922 485 nihil
1954 435 2001 493 Α
2031 449 2110 487 me
2149 433 2339 501 (Ibid.
2376 435 2484 503 ll).
2518 433 2656 502 Quid
2706 444 2788 490 est
2820 436 2979 495 istud.
3038 451 3197 509 rogo:
3230 440 3431 497 Credite
3468 446 3630 501 mihi?

332 520 665 588 separabile,
696 519 826 575 dum
854 520 905 574 in
936 519 1091 576 Patre
1117 532 1171 576 et
1208 519 1347 575 Filio
1376 523 1597 577 credere
1628 523 1761 577 deos
1790 522 1926 576 duos

336 614 555 683 impium
586 625 668 669 est
687 655 699 679 ,
724 614 852 670 dum
876 613 1089 670 Patrem
1108 624 1162 670 et
1188 614 1380 671 Filium
1406 617 1726 685 singularem
1761 618 1923 671 Deum

331 706 633 779 pradieare
676 710 998 779 sacrilegum
1026 715 1142 775 est,
1171 709 1298 766 dum
1330 709 1496 766 Deum
1526 724 1595 764 ex
1637 710 1745 764 Deo
1782 708 1925 779 quod

333 800 387 857 in
406 800 762 859 similitudine
779 803 996 873 generis
1016 818 1181 859 unum
1199 803 1306 859 sint
1328 818 1525 875 negare
1546 802 1924 874 blasplieinutn

330 904 437 952 est.

402 987 495 1046 40.
537 986 651 1045 Nec
675 988 824 1046 aliud
857 998 1004 1057 sunt,
1034 1006 1128 1047 nec
1153 1006 1285 1046 unus
1307 1006 1327 1046 :
1354 990 1478 1047 dum
1515 1001 1563 1047 et
1587 990 1810 1063 loquitur
1832 989 1928 1045 Fi-

333 1083 469 1151 lius,
500 1082 590 1140 sed
613 1100 717 1140 non
754 1101 787 1139 a
826 1101 922 1160 se;
950 1087 1078 1141 dum
1110 1083 1266 1141 Pater
1301 1086 1443 1159 agit,
1475 1084 1566 1141 sed
1599 1100 1690 1155 per
1733 1084 1929 1139 Filium

332 1179 386 1233 in
409 1195 511 1249 quo
538 1188 586 1235 et
615 1188 839 1236 maneat.
860 1208 937 1222 --
963 1180 1044 1238 Ac
1073 1196 1141 1237 ne
1166 1181 1390 1237 dubium
1424 1180 1527 1237 huc
1563 1188 1724 1251 atque
1753 1178 1927 1234 ambi—

325 1287 492 1344 guum
513 1284 909 1331 sacramentum
938 1274 1073 1331 ﬁdes
1091 1274 1402 1347 evangelica
1428 1277 1763 1344 susciperet,
1786 1276 1928 1331 hunc

328 1365 590 1422 doctrina:
616 1383 728 1423 sua!
752 1368 1014 1424 Dominus
1041 1367 1287 1425 ordinem
1328 1370 1536 1425 tenuit:
1572 1366 1695 1423 Non
1722 1369 1928 1423 creditis

327 1458 489 1521 mihi.
538 1458 782 1527 quoniam
824 1475 921 1533 ego
965 1460 1022 1514 in
1072 1459 1264 1527 Patre,
1297 1458 1381 1532 (1)
1426 1468 1477 1515 et
1506 1459 1665 1515 Pater
1711 1460 1765 1515 in
1813 1460 1931 1514 me?

340 1549 507 1607 Verba
544 1567 661 1623 qua
700 1568 792 1625 ego
832 1554 1013 1624 loquor
1040 1554 1210 1621 vobis,
1263 1570 1367 1608 non
1401 1570 1435 1607 a
1470 1570 1550 1607 me
1585 1553 1764 1624 loquor
1782 1568 1801 1619 ;
1839 1554 1929 1608 sed

330 1643 510 1713 Pater,
535 1647 624 1716 qui
647 1646 703 1699 in
724 1661 804 1699 me
822 1656 1013 1712 manet,
1038 1646 1148 1717 ipse
1170 1646 1291 1715 facit
1309 1663 1466 1718 opera
1489 1664 1585 1701 sua
1606 1645 1785 1714 (Joan.
1812 1662 1928 1715 stv,

333 1739 447 1811 10).
473 1740 704 1809 Quibus,
731 1756 883 1812 rogo,
926 1740 1047 1797 aliis
1073 1743 1125 1797 in
1154 1740 1313 1798 Patre
1333 1754 1387 1797 et
1416 1741 1558 1799 Filio
1584 1752 1787 1797 natura!
1806 1756 1934 1812 pro-

2030 525 2187 580 Cum:
2213 526 2279 579 ad
2326 526 2373 579 id
2406 526 2642 582 refertur
2667 528 2806 597 quod
2839 529 3039 584 dictum
3074 542 3184 584 est:
3223 532 3445 588 Ostende
3486 540 3629 592 nobis

2032 616 2257 672 Patrem.
2314 618 2470 675 Fides
2513 620 2866 676 conﬁrmatur
2907 637 2971 677 ex
3014 624 3270 679 credendi
3319 644 3625 699 prmi-opto,

2029 724 2083 768 et
2128 731 2188 769 ea
2227 714 2361 769 ﬁdes
2392 715 2468 787 (ὁ)
2495 732 2615 786 qua:
2646 716 2858 772 Patrem
2890 718 2989 772 sibi
3017 720 3230 774 Ostendi
3281 735 3621 791 poposcerat.

2028 805 2145 862 Non
2175 808 2318 863 enim
2364 808 2653 865 sullecerat
2688 810 2926 867 dixisse:
2962 811 3063 879 Qui
3103 827 3181 867 me
3226 813 3381 879 vidit,
3414 816 3537 869 uidit
3579 826 3626 871 et

2030 896 2275 965 Patrem,
2305 900 2407 956 nisi
2456 899 2863 972 intelligentiam
2905 916 3145 959 nostram
3180 920 3245 960 eo
3286 922 3454 977 usque
3494 922 3617 979 pro.

2031 992 2307 1058 tenderet,
2335 1002 2394 1048 ut
2434 1008 2556 1050 cum
2584 994 2799 1051 Patretn
2833 1011 3181 1053 noscvremus
3225 998 3276 1054 in
3328 1000 3505 1068 Filio,
3534 1002 3622 1058 Fi-

2029 1084 2159 1141 lium
2193 1094 2371 1142 tamen
2414 1102 2536 1144 esse
2565 1088 2998 1146 meminissemus
3041 1092 3091 1146 in
3121 1091 3315 1147 Patre:
3346 1109 3413 1150 ne
3443 1101 3625 1151 trans-

2030 1177 2169 1236 fusio
2198 1182 2373 1251 potius
2395 1180 2617 1237 alterius
2650 1182 2703 1237 in
2734 1180 2961 1239 alterum
2982 1185 3393 1242 exisntuarctur
3415 1230 3429 1253 ,
3462 1205 3622 1259 quam

2032 1286 2129 1342 per
2155 1274 2558 1344 generationem
2604 1276 3042 1347 nativitatetuquc
3086 1278 3263 1335 unitas
3293 1281 3536 1351 ejusdem
3570 1286 3621 1337 in

2032 1376 2258 1437 utroque
2288 1378 2513 1421 natura.
2541 1366 2701 1422 Credi
2740 1368 2922 1438 itaque
2936 1370 3047 1425 sibi
3081 1371 3339 1429 Dominus
3368 1376 3478 1429 vult
3498 1416 3512 1441 ,
3536 1392 3625 1431 ne

2032 1456 2172 1514 forte
2192 1474 2288 1529 per
2307 1460 2471 1532 209
2488 1462 2743 1530 :tSsumpti
2763 1460 2997 1518 hominis
3022 1462 3094 1518 di~
3110 1469 3472 1535 pensationem
3504 1469 3622 1527 tidci

2032 1553 2358 1607 conscientia
2405 1552 2759 1625 periclitetur.
2789 1554 2947 1615 Certe
2982 1555 3031 1611 si
3059 1556 3188 1628 quid
3218 1560 3408 1615 aﬂ'erat
3449 1562 3623 1616 ambi-

2032 1645 2251 1715 guitatis
2276 1659 2435 1711 caro,
2465 1655 2518 1700 et
2541 1660 2773 1716 corpus,
2795 1656 2848 1701 et
2881 1649 3091 1716 passio:
3126 1648 3205 1704 vel
3228 1652 3482 1721 operibus
3507 1668 3629 1709 creo

2033 1735 2225 1803 datur,
2272 1737 2438 1792 Deum
2482 1738 2677 1794 iubeo
2706 1755 2862 1804 esse,
2892 1751 2948 1795 et
2996 1756 3065 1796 ex
3114 1742 3225 1797 Deo
3278 1744 3445 1800 Deum
3488 1761 3629 1813 esse,

327 1831 534 1903 prielas
586 1832 980 1901 demonstrari,
1015 1850 1173 1905 quam
1207 1832 1291 1890 bis
1342 1834 1473 1905 ipsis
1526 1834 1724 1900 rerlii~,
1760 1834 1931 1904 potuit
1959 1841 2006 1901 Β
2034 1846 2198 1885 unum
2240 1846 2334 1886 eos
2372 1845 2531 1887 esse:
2567 1832 2692 1886 dum
2740 1846 2945 1889 natura:
2984 1836 3182 1892 virtute
3220 1848 3445 1910 uterque
3485 1844 3537 1897 in
3568 1855 3631 1899 se

328 1936 386 1982 et
420 1936 620 1997 potest,
652 1928 943 1983 nativitatis
974 1927 1227 1982 tamenin
1258 1927 1510 1983 omnibus
1540 1927 1931 1997 signiﬁcatione

329 2020 587 2092 praelata?
616 2019 749 2076 Cum
780 2021 923 2077 enim
953 2021 1118 2093 2“
1138 2021 1249 2075 ait:
1280 2019 1448 2075 Verba
1474 2037 1587 2091 qua:
1626 2038 1716 2094 ego
1756 2024 1933 2091 loquor

329 2114 499 2179 vobis,
524 2130 626 2168 non
648 2131 679 2167 a
704 2115 1017 2184 mcloquor;
1046 2129 1154 2169 non
1182 2115 1383 2169 exemit
1416 2129 1698 2185 personam
1720 2157 1735 2179 ,
1761 2130 1936 2184 neque

331 2225 395 2267 se
424 2210 590 2265 lilium
618 2209 945 2281 denegavit,
978 2224 1076 2265 nec
1101 2216 1348 2264 naturain
1382 2209 1434 2263 in
1465 2224 1525 2265 se
1557 2220 1795 2279 paterna:
1821 2210 1933 2263 vir-

334 2306 465 2361 tutis
482 2305 786 2360 abscondit.
807 2302 943 2359 Nam
970 2304 1095 2359 dum
1118 2303 1353 2374 loquitur
1375 2303 1491 2373 ipse
1515 2305 1779 2375 (signatus
1813 2318 1937 2373 pro-

337 2398 555 2454 nomine
583 2402 734 2470 ego).
768 2396 819 2451 in
866 2396 1163 2452 substantia
1210 2408 1437 2451 manens
1486 2396 1766 2466 loquitur:
1807 2396 1934 2450 dum

340 2502 519 2548 autem
549 2507 656 2548 non
688 2493 756 2547 ab
780 2506 840 2548 se
876 2491 1144 2563 loquitur,
1175 2490 1517 2547 nativitatem
1561 2494 1613 2546 in
1650 2506 1709 2546 se
1736 2490 1830 2546 Dei
1868 2506 1937 2547 ex

343 2586 456 2644 Deo
495 2600 649 2658 patre
679 2594 922 2642 testatur.
958 2585 1077 2656 Ipse
1120 2587 1173 2641 in
1218 2585 1540 2657 separabilis
1574 2588 1643 2641 ab
1668 2601 1738 2643 eo
1778 2597 1938 2657 atque

342 2679 680 2736 indissimili:
707 2678 916 2750 unitate
945 2689 1152 2735 natura
1177 2697 1193 2734 :
1221 2678 1344 2749 quia
1376 2678 1623 2749 quamvis
1650 2680 1719 2737 ab
1760 2696 1828 2736 eo
1859 2680 1939 2737 lo-

342 2786 570 2847 quatur,
608 2775 724 2847 ipse
767 2783 947 2831 tamen
986 2774 1243 2845 loquitur.
1272 2773 1407 2830 Nam
1441 2773 1536 2845 qui
1563 2789 1670 2830 non
1712 2790 1742 2829 a
1773 2790 1833 2831 se
1864 2774 1941 2830 loo

344 2871 527 2943 quitur
546 2914 560 2935 .
588 2881 643 2926 et
671 2881 851 2927 tamen
882 2869 1151 2941 loquitur,
1189 2882 1296 2925 non
1324 2878 1505 2938 potest
1537 2882 1644 2923 non
1666 2884 1787 2925 esse
1811 2869 1939 2924 dum

344 2964 619 3035 loquitur:
648 2974 695 3018 et
728 2962 856 3018 dum
906 2978 1013 3017 non
1060 2978 1091 3018 a
1132 2975 1192 3018 se
1244 2963 1516 3033 loquitur,
1558 2962 1797 3018 ostendit
1833 2977 1940 3018 non

2033 1938 2109 1981 est
2134 1967 2149 1989 ,
2178 1936 2232 1982 et
2264 1934 2453 1981 neuter
2482 1927 2599 1982 sine
2636 1928 2812 1985 altero
2839 1939 2955 1985 est:
2987 1929 3111 1985 dutn
3140 1940 3195 1986 et
3218 1932 3379 1989 Pater
3405 1935 3536 1990 nihil
3566 1954 3632 1992 ex

2032 2021 2144 2076 suis
2172 2020 2373 2075 amittit
2395 2022 2445 2074 in
2471 2020 2644 2090 Filio,
2678 2034 2733 2076 et
2764 2021 2933 2077 Filius
2965 2033 3133 2079 toniut
3175 2030 3342 2082 sumit
3376 2044 3441 2083 ex
3472 2029 3632 2087 Patro

2033 2114 2175 2186 quod
2215 2113 2356 2169 lilius
2387 2123 2488 2171 cst.
2520 2114 2635 2169 Non
2665 2127 2747 2171 est
2776 2117 3140 2186 corporalium
3182 2128 3493 2178 naturarum
3532 2125 3630 2181 ista

2033 2207 2272 2264 conditio
2298 2248 2313 2272 ,
2342 2216 2401 2263 ut
2440 2208 2604 2262 insint
2634 2209 2734 2264 sibi
2767 2209 3029 2276 invicem,
3066 2222 3121 2266 ut
3167 2213 3509 2270 subsistentis
3540 2233 3635 2271 na-

2037 2311 2173 2357 tura:
2205 2303 2438 2358 habeant
2469 2303 2766 2374 perfectam
2796 2306 3089 2373 unitatem,
3120 2320 3175 2362 ut
3200 2324 3424 2363 manens
3448 2311 3633 2383 unigeo

2037 2395 2133 2451 uiti
2181 2396 2433 2451 nativitas
2475 2411 2507 2450 a
2549 2405 2786 2467 paterna:
2830 2398 3125 2454 divinitatis
3160 2401 3231 2455 sit
3262 2404 3635 2474 inseparabilis

2038 2489 2277 2545 veritate
2321 2487 2610 2560 Unigenito
2651 2500 2855 2544 tantum
2887 2492 3028 2546 istud
3071 2492 3183 2549 Deo
3215 2498 3488 2565 proprium
3515 2506 3633 2563 est,

2039 2596 2093 2641 et
2118 2586 2172 2639 in
2200 2594 2537 2640 sacramento
2570 2599 2715 2639 νει-ιε
2757 2585 3046 2640 nativitatis
3092 2586 3223 2642 ﬁdes
3276 2589 3377 2642 ista
3419 2598 3537 2656 est,
3585 2600 3641 2646 et

2040 2677 2114 2751 (c)
2143 2678 2400 2749 spiritalis
2434 2677 2645 2733 virtutis
2670 2678 2774 2734 hoc
2802 2694 2939 2749 upus
2964 2690 3069 2747 est,
3099 2681 3230 2736 nihil
3256 2682 3474 2740 din‘erro
3514 2700 3637 2741 esse

2039 2779 2096 2827 et
2142 2772 2322 2827 inesse
2356 2791 2368 2816 τ
2401 2772 2565 2844 210
2600 2772 2777 2827 inesse
2807 2782 2986 2829 autem
3019 2788 3124 2829 non
3153 2774 3295 2831 aliud
3326 2776 3379 2832 in
3407 2777 3549 2844 alio,
3582 2790 3639 2833 ut

2042 2879 2237 2935 corpus
2266 2867 2318 2919 in
2349 2879 2615 2934 corpore;
2638 2863 2735 2920 sed
2767 2866 2836 2919 ita
2873 2880 2995 2923 esse
3030 2881 3095 2923 ac
3137 2868 3470 2936 subsistere,
3502 2881 3559 2925 ιιι
3585 2873 3637 2927 in

2043 2957 2375 3013 subsistente
2400 2957 2555 3021 insit;
2594 2957 2663 3011 ita
2692 2972 2822 3013 vero
2853 2958 3032 3015 inesse
3054 3000 3068 3024 ,
3102 2970 3160 3015 ut
3196 2968 3253 3015 et
3282 2961 3397 3031 ipse
3435 2963 3635 3018 subsis-

344 3072 504 3113 sunm
530 3066 736 3111 tantum
760 3070 884 3112 esse
912 3057 1055 3125 quod
1084 3055 1338 3126 loquitur.
1364 3054 1602 3125 Subjecit
1630 3057 1772 3111 enim
1797 3074 1810 3110 :
1835 3056 1943 3112 Sed
2045 3060 2143 3108 tat.
2183 3051 2315 3106 Nam
2362 3059 2588 3121 uterque
2618 3051 2948 3118 subsistens,
2986 3068 3082 3123 per
3126 3054 3176 3109 id
3218 3070 3328 3110 non
3369 3058 3488 3114 sine
3532 3060 3641 3113 alio

352 3150 544 3217 Pater,
573 3150 662 3224 qui
689 3151 743 3207 in
775 3167 855 3207 me
877 3161 1046 3207 manet
1067 3193 1082 3214 .
1110 3152 1220 3222 ipse
1243 3151 1366 3222 facit
1396 3168 1554 3222 opera
1578 3169 1694 3209 sua.
1724 3152 1943 3209 Manere
2045 3152 2161 3212 cst,
2192 3144 2277 3217 (d)
2303 3144 2429 3198 dum
2463 3144 2760 3200 secundum
2788 3148 3192 3217 generationem
3222 3158 3278 3205 et
3306 3152 3640 3209 nativitatem

350 3243 403 3301 in
428 3244 565 3301 Filio
598 3244 843 3313 Patrem,
866 3261 975 3302 non
1000 3255 1085 3301 est
1110 3245 1399 3317 singularis
1419 3255 1580 3316 atque
1602 3245 1741 3301 unici
1767 3266 1780 3300 :
1814 3261 1946 3315 ope-
1969 3233 2016 3297 C
2049 3238 2392 3295 subsistentia
2416 3249 2605 3303 natura
2642 3256 2747 3295 non
2772 3240 2874 3296 alia
2900 3250 3002 3298 est.
3034 3242 3170 3299 llinc
3196 3246 3337 3300 enim
3363 3246 3495 3302 illud
3523 3258 3638 3304 est:

349 3338 460 3395 rari
487 3353 618 3394 vero
650 3355 743 3408 per
769 3337 961 3395 Filium
992 3338 1241 3399 Patrem.
1275 3354 1382 3394 non
1412 3350 1496 3395 est
1524 3338 1826 3395 differentis
1854 3348 1949 3394 aut

349 3433 543 3488 exteri.
573 3431 742 3488 Sicuti
786 3447 893 3489 non
936 3436 1095 3487 unius
1118 3438 1236 3497 est,
1278 3447 1385 3487 non
1428 3429 1499 3485 ab
1544 3447 1605 3487 se
1654 3431 1799 3501 loqui
1829 3446 1950 3502 qua:

351 3524 631 3595 loquatur;
665 3539 841 3597 neque
868 3540 1082 3580 rursum
1114 3523 1275 3579 alieni
1302 3538 1365 3579 ac
1396 3522 1714 3594 separabilis
1738 3523 1842 3589 sit,
1872 3522 1944 3578 lo-

349 3616 443 3687 qui
464 3634 559 3688 per
578 3618 887 3688 loquentem
914 3634 928 3674 :
952 3618 1047 3673 sed
1075 3621 1176 3673 hoc
1196 3631 1383 3672 eorum
1413 3626 1807 3673 sacramentum
1830 3628 1915 3672 cst
1932 3657 1949 3685 ,

351 3712 440 3782 qui
490 3728 653 3769 unum
702 3723 847 3769 sunt.
889 3710 971 3784 (ἓ)
1012 3711 1089 3785 (a)
1120 3712 1188 3769 Et
1216 3724 1441 3783 uterque
1476 3729 1583 3768 non
1608 3714 1752 3769 aliud
1789 3720 1947 3779 sunt,

352 3809 443 3877 qui
484 3823 577 3877 per
604 3815 811 3863 natura
841 3806 1224 3878 proprietatem
1262 3807 1316 3862 in
1354 3822 1476 3862 sese
1519 3814 1681 3861 sunt:
1721 3821 1951 3876 quorum

354 3901 472 3957 haec
497 3902 674 3957 unitas
709 3909 829 3967 est,
860 3909 918 3954 ut
942 3900 1167 3970 loquens
1205 3915 1312 3955 non
1340 3898 1410 3953 ab
1444 3913 1503 3953 se
1542 3900 1824 3969 loquatur;
1858 3914 1951 3971 ne-

354 4007 459 4066 que
475 4009 570 4065 qui
592 4009 697 4049 non
718 3992 865 4049 abse
894 3992 1161 4063 loquitur,
1192 4008 1300 4048 non
1330 3993 1595 4064 loquatur.
1628 3992 1695 4047 Et
1731 3992 1856 4063 quia
1898 3991 1951 4047 in

355 4099 415 4141 se
458 4085 670 4140 Patrem
710 4092 765 4140 et,
811 4084 955 4156 loqui
1000 4093 1056 4139 et
1096 4086 1309 4156 operari
1357 4084 1651 4149 docuerat;
1698 4082 1954 4155 perfectae

357 4178 518 4249 bujns
546 4179 765 4235 unitatis
792 4176 952 4234 ﬁdem
987 4179 1202 4243 statuit,
1234 4177 1455 4234 dicens:
1496 4175 1603 4234 Sed
1644 4175 1801 4231 Pater
1822 4220 1835 4243 ,
1866 4176 1955 4249 qui

356 4274 408 4328 in
428 4290 510 4328 me
537 4282 736 4340 manet,
757 4274 868 4343 ipse
902 4272 1026 4341 facit
1055 4288 1212 4345 opera
1237 4288 1351 4327 sua.
1395 4272 1599 4327 Credite
1624 4272 1754 4327 mihi
1776 4314 1788 4334 ,
1819 4288 1951 4344 quo-

356 4368 499 4420 niam
526 4381 619 4438 ego
655 4367 709 4419 in
761 4363 950 4430 Patre.
980 4375 1027 4419 et
1072 4364 1231 4420 Pater
1254 4365 1311 4419 in
1346 4381 1444 4421 me.
1488 4364 1587 4421 Sin
1633 4375 1835 4429 autem,
1877 4366 1957 4420 cel

358 4470 563 4529 propter
597 4474 755 4526 opera
793 4460 905 4529 ipsa
934 4458 1123 4513 credite
1153 4456 1342 4529 (ἥξει,
1367 4456 1477 4530 11).
1505 4456 1667 4513 Pater
1701 4466 1957 4530 aperatur

360 4556 414 4611 in
437 4556 607 4620 Filio;
637 4553 733 4610 sed
752 4563 809 4609 et
835 4554 1002 4610 Filius
1026 4569 1164 4623 Opus
1191 4554 1365 4609 Patris
1390 4564 1666 4624 operatur.

2051 3334 2161 3405 Ego
2190 3344 2239 3388 et
2273 3332 2430 3389 Pater
2457 3348 2616 3388 unum
2640 3349 2850 3402 sumus,
2882 3347 2973 3391 et:
3006 3336 3107 3402 Qui
3133 3354 3215 3393 me
3248 3339 3402 3405 uidit,
3434 3342 3558 3396 uidit
3596 3354 3645 3397 ct

2052 3427 2291 3493 Patrem,
2317 3437 2372 3483 et
2397 3445 2411 3481 :
2444 3427 2553 3499 Ego
2598 3429 2654 3482 in
2684 3426 2841 3483 Patre
2860 3470 2874 3496 ,
2902 3440 2951 3484 et
2994 3428 3153 3485 Pater
3176 3424 3228 3485 i'n
3264 3450 3343 3487 me
3366 3433 3547 3505 (Joan.
3575 3453 3607 3491 .\
3628 3479 3642 3502 ,

2047 3521 2159 3588 29;
2192 3520 2301 3587 ιο..
2335 3537 2453 3587 xrv,
2485 3522 2547 3590 9;
2581 3520 2741 3588 Ibid,
2770 3522 2901 3591 il):
2936 3522 3060 3594 quia
3089 3540 3194 3581 non
3220 3528 3403 3584 diﬂert
3427 3546 3526 3585 nec
3552 3531 3645 3587 dc-

2051 3623 2273 3687 generat
2297 3615 2581 3682 nativitas,
2614 3620 2738 3685 quia
2769 3617 2928 3671 unius
2952 3618 3004 3672 in
3034 3618 3192 3675 Patre
3213 3630 3266 3675 et
3290 3620 3427 3678 Filio
3454 3623 3647 3678 divini-

2055 3708 2179 3763 tatis
2199 3716 2593 3763 sacramentum
2614 3707 2906 3763 nativitatis
2927 3720 3113 3765 natura
3130 3725 3498 3782 consummat,
3521 3718 3647 3771 dum

2054 3805 2150 3862 Dei
2188 3806 2327 3862 titius
2368 3820 2473 3860 non
2510 3804 2655 3860 aliud
2689 3820 2845 3873 quam
2880 3806 3021 3862 Deus
3048 3816 3147 3863 est.
3186 3808 3253 3864 Et
3293 3810 3497 3867 idcirco
3538 3831 3645 3867 non

2056 3902 2109 3957 in
2137 3902 2270 3958 deus
2310 3901 2448 3957 duos
2479 3887 2740 3971 unigeniti
2768 3902 3044 3972 generatio
3084 3902 3366 3972 deputatur
3397 3924 3410 3959 :
3443 3909 3564 3977 quia
3598 3908 3648 3963 in

2056 3994 2226 4050 Deum
2268 3992 2407 4049 ﬁlius
2437 3994 2531 4049 Dei
2580 4007 2842 4058 nascens.
2878 4004 3122 4050 naturam
3156 3995 3208 4052 in
3250 4012 3311 4053 se
3346 3997 3440 4055 Dei
3470 4015 3529 4054 se
3574 4002 3650 4071 εἰ-

2056 4089 2268 4160 gnentis
2297 4088 2561 4145 exhibuit.

2371 4227 2730 4301 211-212
2782 4224 2985 4282 LIBER
3034 4223 3371 4286 OCTAVUS.

2060 4363 2365 4419 Naluralem
2409 4360 2537 4415 Filii
2578 4371 2625 4415 et
2662 4361 2831 4415 Patris
2861 4362 3105 4416 unitatem
3136 4374 3445 4434 propugnat.
3481 4363 3658 4421 Prom.

2131 4460 2289 4514 mium
2339 4458 2391 4511 in
2442 4472 2499 4510 eo
2552 4465 2819 4521 uersatur,
2865 4465 2921 4509 ut
2967 4457 3205 4525 episcopo
3265 4474 3357 4513 nec
3417 4460 3657 4516 innocen-

2132 4554 2255 4607 tiam
2292 4550 2402 4604 sine
2460 4548 2671 4603 scientia
2700 4590 2713 4610 ,
2782 4565 2875 4601 nec
2921 4550 3029 4603 sine
3070 4549 3355 4605 innocentia
3396 4555 3658 4610 scientiam

429 4649 520 4706 41.
566 4647 861 4704 Natioitatis
900 4660 947 4704 et
992 4660 1193 4705 natura
1230 4664 1340 4704 ante
1384 4650 1572 4703 diuinis
1599 4650 1753 4717 ﬁdem
1790 4650 1952 4720 poscit
1978 4634 2033 4695 Ῑ)
2129 4672 2133 4697 λ

1978 4634 2033 4695 Ι)
2129 4646 2357 4715 sufﬁcere
2392 4642 2642 4697 ostendat.
2679 4640 2806 4695 Tum
2837 4642 2953 4711 pius
2981 4658 3122 4712 atque
3150 4660 3213 4697 ac
3246 4644 3425 4699 doctus
3455 4644 3658 4701 Prwsul

363 4744 611 4799 Christus.
644 4742 920 4816 Unigenito
963 4745 1231 4815 proprium
1266 4754 1340 4797 est
1383 4744 1548 4799 inesse
1572 4743 1728 4797 simul
1752 4753 1797 4797 et
1833 4743 1955 4798 sub-

360 4840 552 4894 sistere.
577 4866 650 4880 --
675 4838 752 4894 Ne
791 4854 920 4909 ergo
963 4854 1060 4909 per
1087 4838 1300 4893 virtutis
1344 4838 1685 4895 efﬁcientiam
1708 4881 1721 4901 .
1750 4849 1805 4895 et
1848 4852 1953 4894 non

363 4946 459 5001 per
478 4942 685 4985 natura:
716 4944 835 4998 qna‘
862 4928 1157 4987 secundum
1188 4929 1518 4986 nativitatem
1547 4938 1632 4987 est
1654 4932 1955 5001 praprieta-

363 5032 505 5093 tem,
536 5023 699 5081 Pater
727 5027 779 5079 in
810 5022 946 5080 Filio
974 5032 1031 5080 et
1071 5027 1283 5095 operari
1323 5024 1636 5082 crederetur
1687 5035 1738 5081 et
1776 5025 1958 5097 loqui;

366 5118 466 5173 ait.
492 5116 697 5173 Credite
723 5117 848 5172 mihi
867 5158 882 5186 ,
914 5118 1156 5189 quoniam
1194 5135 1285 5190 ego
1313 5119 1367 5174 in
1397 5118 1585 5189 Patre,
1626 5128 1675 5175 et
1717 5119 1875 5175 Pater
1904 5120 1958 5174 in

438 5259 518 5333 (l)
559 5256 626 5314 Et
657 5256 812 5313 Pater
834 5259 890 5313 in
916 5275 995 5313 me
1017 5258 1128 5313 est."

437 5377 517 5447 (ai
558 5374 648 5431 Sit:
679 5374 856 5445 potior
879 5375 1048 5431 codex
1079 5372 1233 5429 Colb.
1264 5389 1386 5431 cum
1430 5374 1613 5432 Germ.
1645 5374 1754 5432 Alii
1800 5392 1963 5440 vero,

404 5449 463 5521 ui
489 5465 651 5503 unum
682 5456 832 5521 sunt,
860 5448 947 5515 qui
975 5457 1180 5517 uterque
1212 5464 1314 5503 non
1341 5448 1485 5504 aliud
1509 5459 1657 5515 sunt,
1689 5450 1791 5504 nisi
1822 5448 1965 5521 quod

390 5537 423 5577 η
451 5520 605 5575 Mart.
636 5529 685 5573 et
707 5518 795 5590 qui
818 5527 1055 5588 uterque,
1085 5529 1191 5575 etc.

441 5612 519 5685 (lt)
563 5611 655 5667 Er.
690 5610 835 5681 Lips.
868 5621 923 5667 et
944 5608 1067 5665 Par.
1085 5627 1216 5685 qua.
1260 5609 1425 5682 Magis
1454 5613 1657 5685 placuit
1694 5629 1807 5684 qua:
1848 5628 1970 5669 cum

371 5683 507 5741 Badf
537 5696 592 5739 et
642 5696 771 5737 mss.
803 5697 1031 5749 quorum
1082 5683 1137 5739 in
1182 5683 1568 5741 vetustioribus
1619 5683 1742 5740 mox
1800 5692 1975 5741 exstat

375 5765 607 5827 post-crat
626 5797 640 5819 ,
664 5770 771 5809 non
804 5765 1125 5826 poposcerat.

445 5870 517 5941 (cl
553 5865 683 5924 Bad.
728 5878 783 5925 et
832 5865 927 5922 Er.
960 5869 1194 5934 specialis
1220 5886 1239 5923 :
1286 5870 1463 5927 minus
1493 5868 1650 5937 bene,
1694 5883 1818 5926 cum
1862 5868 1977 5926 limc

810 5960 1085 6022 Pirum.
1134 5963 1215 6024 Χ,

2132 4740 2297 4793 varias
2336 4736 2402 4789 ad
2443 4733 2699 4803 simplices
2742 4734 3064 4801 decipiendos
3111 4737 3419 4791 Arianorum
3453 4742 3661 4794 technas

2136 4832 2446 4903 [allacesque
2482 4827 2997 4897 interrogatiunculas
3026 4815 3254 4898 exponit.
3291 4831 3422 4896 Quin
3442 4846 3557 4885 vero
3584 4832 3662 4886 illi

2136 4924 2324 4979 Christi
2365 4923 2532 4985 verba,
2564 4921 2672 4990 Ego
2700 4932 2753 4975 et
2794 4919 2951 4975 Pater
2981 4937 3143 4976 unum
3174 4936 3359 4977 sumus
3394 4924 3461 4978 ad
3499 4927 3664 4980 solam

2135 5016 2411 5072 uoluntatis
2432 5014 2757 5069 concordiam
2782 5012 3098 5084 detorquent.
3128 5031 3339 5083 eamque
3365 5018 3668 5088 interpreta-

2128 5112 2326 5166 tionem
2365 5110 2443 5162 his
2470 5107 2589 5163 aliis
2617 5108 2923 5178 conﬁrmare
2954 5108 3134 5164 solent.
3172 5107 3515 5168 Credentiuin
3547 5123 3667 5171 erat

2141 5252 2218 5323 (Ξ)
2260 5252 2359 5318 Qui
2391 5262 2616 5321 uterque.

2072 5382 2414 5441 opponantur
2442 5369 2683 5445 prunitnc
2704 5368 2881 5434 dictis.
2909 5367 3029 5425 Non
3057 5382 3131 5427 est
3152 5375 3498 5445 corporalium
3520 5390 3669 5436 natu-

2074 5440 2254 5497 rarum
2282 5446 2377 5495 ista
2398 5440 2635 5494 conditio.

2151 5515 2233 5584 (tl)
2256 5515 2409 5582 Apud
2439 5514 2556 5566 Par.
2583 5512 2919 5568 desideratur
2941 5514 3200 5583 particula
3225 5519 3365 5572 dum.
3393 5522 3511 5578 iiut
3540 5527 3669 5584 uid.

2076 5595 2131 5640 ot
2150 5584 2244 5663 Er.
2269 5586 2568 5663 subsistens.
2602 5584 2787 5663 Melius
2810 5586 2898 5639 alii
2924 5587 3065 5663 libri,
3085 5589 3415 5653 subsistentia.
3443 5601 3630 5663 supple
3652 5618 3669 5653 ξ

2076 5658 2376 5739 utriusque:
2409 5658 2510 5711 hoc
2538 5667 2652 5739 est,
2684 5656 2807 5709 dum
2844 5674 2949 5711 non
2978 5660 3079 5711 alia
3110 5670 3295 5739 natura
3325 5674 3407 5718 est
3435 5656 3556 5733 ejiis'
3580 5672 3671 5739 qui

2081 5728 2379 5800 590"“th
2402 5730 2827 5800 uenerationem.
2857 5744 2951 5782 seu
2976 5746 3077 5796 qua
3101 5732 3311 5800 genitor
3334 5747 3436 5797 με..
3464 5728 3671 5796 guhs'w’

2084 5800 2165 5866 tit,
2199 5811 2250 5851 et
2282 5799 2399 5868 ejus
2441 5802 2527 5869 qui
2571 5798 2814 5854 subsistit
2852 5798 3145 5857 secundum
3181 5808 3543 5877 nativitatem,
3577 5828 3675 5868 seu

2081 5887 2185 5941 qua
2215 5881 2392 5925 natus.

3124 5967 3162 6027 8
