4316 6446
617 331 724 387 259

1835 315 2081 383 ΞᾹΝΟΪΙ
2110 320 2365 382 HlLARil
2405 321 2490 381 ΕΡ
2503 319 2717 382 ISCOPI

3801 322 3915 377 ‘2“)

618 447 740 501 'Jam
766 462 894 502 vero
949 443 1036 501 hic
1086 452 1277 516 quanta
1324 442 1598 501 smcularis
1664 444 1860 514 ingenii
1917 443 2212 499 subtilitate
2242 444 2288 505 Λ
2319 441 2449 512 ipsis
2477 440 2579 497 hoc
2606 439 2817 495 Domini
2842 438 2913 512 (ε)
2945 439 3111 497 nostri
3140 436 3564 509 prolesﬁonibns
3595 438 3793 509 placuit
3816 453 3910 493 ns-

622 541 989 604 contendunt.
1019 557 1139 597 cum
1164 540 1347 596 dicunt
1368 584 1383 607 ,
1414 537 1493 612 (a)
1529 538 1583 597 Si
1617 553 1756 594 unus
1800 548 1917 603 est,
1970 539 2211 609 quisquis

624 638 715 694 ille
744 637 881 693 alius
909 632 1178 693 videbitur
1195 650 1346 702 esse,
1374 636 1485 705 jam
1516 647 1620 691 noo
1639 636 1759 692 erit.
1788 633 1941 703 Quod
1982 634 2025 688 si
2077 633 2214 688 alius

623 740 707 785 est
728 773 741 795 ,
760 730 869 801 jam
894 744 1033 785 unus
1064 726 1150 784 hic
1180 744 1285 784 non
1314 727 1420 784 erit
1451 745 1465 783 :
1491 744 1614 786 cum
1656 740 1843 784 natura
1886 741 1993 782 tum
2028 726 2208 790 sinat,

620 832 683 876 ut
708 823 793 878 ubi
817 821 952 879 alius
976 834 1092 889 est,
1124 821 1194 879 ibi
1226 837 1363 877 unus
1385 820 1492 876 sit:
1519 817 1611 894 (t)
1637 818 1716 895 (ὁ)
1738 829 1829 876 aut
1848 819 2010 894 216
2031 818 2117 872 ulti
2145 818 2215 873 sit

624 930 787 983 unus,
811 915 898 969 ubi
921 912 1058 970 alius
1080 917 1167 970 sit.
1190 914 1395 971 Dehinc
1427 930 1549 969 cum
1604 913 1912 971 facilitatem
1945 912 2213 969 credentis

623 1017 780 1079 atque
806 1007 1073 1065 audientis
1092 1050 1107 1072 ,
1140 1016 1256 1063 arte
1283 1007 1524 1065 subdola:
1551 1007 1707 1080 hujus
1730 1008 2044 1063 assertionis
2100 1006 2215 1061 eteo

622 1103 792 1156 seriut
811 1145 826 1168 ,
852 1111 961 1156 tum
992 1096 1042 1155 id
1072 1097 1145 1175 (ο)
1173 1110 1387 1172 aptant,
1411 1102 1553 1173 quod
1585 1113 1854 1174 tamquam
1877 1101 1987 1172 jam
2008 1100 2217 1156 facilio-

623 1211 683 1250 re
708 1198 793 1249 via
812 1195 1091 1250 obtineant
1114 1237 1130 1260 ,
1156 1204 1213 1249 ut
1237 1195 1380 1251 Deus
1402 1195 1648 1251 Christus
1682 1212 1749 1251 ex
1799 1195 2017 1251 nomine
2040 1193 2215 1265 potius

619 1303 781 1359 quam
803 1304 869 1343 ex
904 1297 1088 1343 natura
1120 1286 1220 1354 sit;
1252 1287 1374 1359 quia
1404 1288 1656 1361 generale
1683 1287 1785 1343 hoc
1817 1289 1868 1342 iu
1919 1303 1987 1345 eo
2017 1302 2213 1344 nomen

621 1383 676 1434 in
708 1381 854 1435 nullo
884 1396 1000 1437 eam
1026 1424 1040 1447 ,
1068 1390 1189 1453 ιιιιτυ
1218 1398 1346 1438 vera
1375 1384 1491 1439 sola
1533 1393 1644 1450 est,
1693 1382 1852 1439 unius
1902 1382 1996 1438 Dei
2050 1379 2208 1438 tidem

620 1472 863 1528 destruat
895 1483 985 1527 :et
1007 1488 1101 1541 per
1132 1472 1233 1529 hoc
1253 1470 1413 1529 Pater
1443 1473 1553 1529 tilio
1581 1472 1755 1545 major
1783 1476 1888 1542 sit,
1912 1473 2033 1545 quia
2060 1474 2215 1529 διπρ-

623 1572 776 1617 rente
804 1572 1172 1629 natura,cum
1203 1579 1309 1619 non
1340 1560 1444 1619 nisi
1495 1564 1636 1621 Deus
1679 1581 1816 1622 unus
1864 1575 1981 1633 est,
2042 1566 2215 1637 major

622 1654 781 1712 Pater
802 1654 869 1711 sit
901 1658 1230 1728 proprietate
1258 1668 1496 1727 natura;
1528 1659 1598 1715 sit
1627 1671 1732 1733 quc
1762 1661 1850 1717 hic
1872 1669 2213 1732 nuncupatus

621 1749 761 1804 ﬁlius
780 1792 797 1815 ,
821 1760 875 1805 et
899 1749 1100 1807 creatio
1126 1766 1193 1806 ex
1218 1750 1314 1807 Dei
1336 1753 1611 1809 voluntate
1640 1754 1943 1810 subsistens
1961 1794 1977 1820 ,
2007 1756 2129 1823 quia
2159 1756 2214 1808 et

2321 533 2497 599 tendi,
2532 534 2619 603 qui
2647 549 2769 588 eum
2794 532 3109 604 frequenter
3134 531 3255 589 lidei
3282 547 3346 587 ac
3367 533 3479 600 spei
3512 542 3710 586 nostra:
3739 530 3911 585 Deum

2322 644 2482 681 unum
2509 625 2833 693 intimasset,
2863 636 2923 680 ttt
2949 636 3345 680 sacramentum
3367 624 3524 680 unius
3548 624 3641 677 Dei
3663 638 3722 676 se
3749 623 3908 695 ’1⁷

2320 732 2533 790 quoque
2558 719 2669 775 Deo
2694 717 2941 790 professo
2966 717 3298 789 probatoque
3324 717 3567 772 ﬁrmaret
3589 716 3726 770 dixit
3742 734 3758 767 :
3792 714 3909 785 Ego

2320 821 2368 864 et
2403 810 2557 866 Pater
2572 825 2734 865 unum
2760 825 2937 865 sumus
2962 825 2980 864 :
3004 820 3077 877 et,
3101 809 3162 865 Si
3178 810 3434 873 scitistne,
3469 809 3608 863 scitis
3628 819 3677 861 et
3704 805 3909 860 Patrem

2323 919 2488 958 meum
2514 918 2533 959 :
2557 910 2637 970 et,
2674 902 2775 969 Qui
2801 917 2880 957 nte
2901 902 3026 957 uidit
3055 944 3068 967 ,
3099 902 3224 956 uidit
3252 911 3297 957 et
3326 900 3533 955 Putrem
3568 916 3587 955 :
3609 911 3687 965 et,
3732 898 3906 964 Pater,

2320 998 2407 1066 qui
2431 998 2483 1049 in
2514 1013 2593 1050 me
2615 1006 2781 1050 manet
2804 1040 2816 1061 ,
2839 1009 2977 1065 rpse-
2997 997 3123 1067 facit
3164 1008 3325 1064 opera
3354 1009 3449 1048 sua
3507 1010 3524 1048 :
3571 1002 3656 1055 et.
3710 990 3914 1046 Credite

2320 1088 2476 1151 mihi,
2509 1089 2630 1156 quia
2662 1088 2818 1142 Pater
2841 1089 2893 1142 in
2919 1102 3028 1154 me,
3055 1097 3103 1142 ot
3131 1090 3298 1159 egoin
3328 1086 3487 1141 Patre
3533 1103 3552 1142 :
3605 1086 3684 1137 sin
3742 1094 3912 1139 certent

2319 1183 2396 1235 oet
2421 1193 2626 1252 propter
2650 1182 2937 1253 operaipsa
2956 1180 3145 1235 credite
3188 1178 3367 1252 (Joun.
3398 1196 3430 1235 χ
3455 1222 3471 1245 ,
3516 1180 3626 1245 50;
3681 1195 3798 1241 xw.
3848 1179 3910 1244 7;

2321 1271 2457 1327 Ibid.
2503 1274 2535 1329 9
2558 1317 2571 1339 ,
2608 1275 2673 1331 t0
2695 1319 2710 1339 ,
2747 1277 2805 1331 tt
2844 1316 2859 1339 ,
2923 1277 3031 1345 is).
3066 1274 3410 1330 Nativitatem
3428 1289 3581 1329 suam
3610 1274 3667 1328 in
3697 1273 3916 1328 nurnine

2321 1366 2487 1435 patris
2522 1369 2827 1438 expressit,
2864 1365 2932 1435 (ί)
2969 1368 3219 1438 cognosci
3266 1367 3480 1422 Patrem
3535 1370 3588 1421 in
3616 1381 3677 1420 se
3694 1364 3915 1433 cognito

2318 1459 2498 1515 docet.
2524 1460 2791 1517 Uuitatem
2825 1472 3031 1516 natura:
3057 1461 3275 1525 fatetur,
3298 1475 3420 1515 cum
3443 1458 3602 1515 Pater
3627 1460 3681 1515 in
3709 1474 3770 1514 se
3798 1459 3914 1516 viso

2319 1555 2549 1609 videtur.
2582 1554 3008 1625 inseparabilem
3033 1569 3095 1611 se
3119 1569 3151 1609 ι
3181 1553 3339 1610 Patre
3384 1562 3635 1619 testatur,
3684 1568 3811 1608 eum
3855 1552 3911 1608 in

2319 1658 2569 1705 manente
2592 1646 2672 1722 (g)
2693 1650 2827 1704 inse
2857 1656 3041 1703 manet
3086 1646 3266 1702 Patre.
3314 1645 3591 1703 Fiduciam
3633 1646 3913 1702 conscien-

2318 1751 2407 1806 tia:
2436 1760 2611 1816 tenet,
2636 1762 2760 1805 eum
2792 1746 2876 1804 his
2905 1748 3065 1804 dictis
3086 1746 3199 1803 suis
3222 1745 3371 1802 credi
3422 1745 3657 1814 postulat
3687 1760 3753 1798 es
3781 1760 3914 1813 opo-

620 1842 799 1897 minor
826 1841 981 1898 Patre
1006 1844 1113 1909 sit;
1144 1854 1199 1899 et
1218 1841 1364 1902 Deus
1408 1863 1512 1902 non
1568 1847 1638 1903 sit
1659 1892 1673 1915 ,
1722 1851 1848 1919 quia
1886 1846 2028 1903 Dens
2079 1862 2216 1903 unus
2247 1841 2290 1907 Β
2321 1843 2530 1901 ratione
2557 1839 2788 1898 virtutis.
2822 1840 2998 1913 Atque
3023 1842 3093 1894 ita
3124 1839 3178 1895 in
3210 1840 3309 1894 hac
3331 1838 3585 1908 perfecta
3612 1839 3909 1894 nativitatis

619 1935 789 1990 Deum
817 1936 977 1990 alium
1005 1952 1125 1993 esse
1147 1952 1253 1993 non
1284 1940 1504 2009 patitur,
1534 1949 1588 1994 et
1615 1938 1706 2011 qui
1730 1940 1911 1995 minor
1947 1949 2030 1995 est
2049 1980 2063 2006 ,
2113 1954 2209 1994 ne-

615 2042 771 2082 cesse
791 2038 871 2082 est
899 2038 957 2083 ut
983 2039 1188 2083 naturrc
1211 2031 1278 2085 ab
1298 2047 1395 2097 eo,
1426 2033 1516 2103 qui
1550 2048 1609 2087 se
1654 2043 1737 2087 est
1789 2032 1984 2102 major,
2016 2032 2212 2089 alienze

615 2119 707 2175 sit.
734 2119 804 2177 Et
834 2122 885 2177 hi
908 2123 1122 2193 quidem
1154 2139 1313 2196 quam
1368 2123 1580 2180 ridiculi
1610 2125 1661 2179 in
1683 2140 1751 2182 eo
1778 2134 1904 2181 sunt
1923 2169 1935 2191 ,
1965 2126 2207 2197 pra-scri-

616 2218 808 2275 bentes
837 2220 989 2290 Deo,
1018 2238 1141 2278 eum
1176 2221 1256 2296 (ά)
1284 2233 1571 2291 asserunt,
1612 2239 1679 2280 ex
1726 2240 1834 2279 uno
1884 2224 2030 2280 nasci
2079 2223 2211 2280 nihil

615 2327 777 2382 posse
802 2355 819 2381 ,
843 2314 968 2383 quia
999 2316 1370 2374 universarum
1396 2333 1574 2374 rerum
1597 2333 1663 2376 ex
1687 2316 1917 2374 duorum
1945 2321 2210 2389 conjunc-

615 2405 763 2461 tione
806 2405 1059 2464 nativitas
1083 2420 1168 2465 est
1229 2428 1243 2463 :
1299 2410 1467 2466 Deutn
1533 2420 1712 2467 autem
1772 2410 2209 2467 indemutabilem

614 2500 818 2553 nullam
846 2516 913 2555 ex
939 2516 1003 2558 se
1044 2502 1385 2558 nativitatem
1436 2503 1674 2559 tribuere
1726 2519 1886 2573 posse
1931 2502 2208 2570 nascenti;

613 2589 735 2660 quia
760 2606 860 2645 nec
884 2592 1184 2648 accessioni
1216 2592 1267 2647 id
1287 2592 1428 2663 quod
1457 2610 1560 2655 non
1588 2594 1893 2651 demetatur
1917 2594 2209 2651 obnoxium

612 2683 712 2748 sit,
743 2698 844 2738 nec
869 2682 1091 2739 solitarii
1118 2692 1278 2759 atque
1317 2684 1478 2743 unius
1509 2695 1697 2743 natura
1747 2686 1797 2741 id
1836 2686 1889 2743 in
1936 2686 2215 2743 schabeat

615 2776 943 2831 conditionis
968 2820 983 2843 ,
1015 2786 1076 2833 ut
1102 2790 1347 2847 generet.

689 2871 742 2923 ti.
776 2867 930 2924 Fides
955 2870 1207 2926 catholica
1230 2873 1473 2929 hactenus
1503 2885 1697 2931 asserta
1725 2886 1774 2931 et
1803 2893 1958 2932 sensu
1984 2894 2211 2932 cornutu-

619 2961 672 3013 ni
693 2970 741 3014 ct
777 2959 984 3014 Domini
1012 2961 1161 3016 dictis
1191 2962 1544 3033 conﬁrmatur.
1569 2996 1641 3009 -ι
1670 2964 1779 3022 Nos
1826 2978 2002 3023 autem
2042 2984 2206 3026 evan-

612 3052 839 3121 gelicum
858 3060 1019 3121 atque
1043 3053 1397 3123 apostolicam
1458 3056 1615 3111 tidem
1664 3057 1923 3114 doctrinis
1954 3059 2213 3128 spiritali-

617 3142 715 3197 ιιιις
735 3145 998 3211 assecuti,
1029 3152 1087 3199 et
1106 3145 1277 3201 beatte
1303 3148 1620 3204 :eternitutis
1666 3164 1818 3222 spem
1867 3149 1921 3205 iu
1964 3149 2137 3206 Patris
2154 3162 2212 3208 et

2320 1934 2625 1992 beatissima
2655 1933 2788 2001 lide,
2815 1933 3003 1989 vitium
3033 1947 3195 1988 omne
3214 1973 3229 1999 ,
3255 1941 3309 1987 et
3348 1929 3513 1986 duum
3562 1932 3789 1987 deorum
3810 1973 3827 1995 ,
3856 1940 3915 1986 ct

2316 2026 2409 2083 Dei
2443 2028 2735 2101 singularis
2760 2026 3121 2097 exstinguitur
3177 2041 3192 2078 :
3234 2039 3355 2079 eum
3401 2027 3489 2094 qui
3540 2040 3705 2077 unum
3753 2034 3873 2078 sunt
3889 2062 3910 2091 ,

2316 2138 2421 2177 twn
2446 2122 2515 2176 sit
2538 2132 2707 2188 unus;
2741 2131 2796 2175 et
2813 2120 2910 2190 qui
2940 2134 3044 2174 non
3068 2133 3208 2174 unus
3230 2128 3347 2185 est,
3381 2133 3487 2172 non
3523 2128 3703 2173 tamen
3730 2119 3801 2173 ab
3842 2133 3913 2174 eo

2314 2216 2543 2285 quiest,
2572 2213 2643 2269 lta
2670 2227 2737 2269 ex
2764 2212 2942 2283 aliqua
2989 2210 3234 2273 αισα-ιι,
3260 2219 3319 2265 ιιι
3344 2218 3573 2281 uterque
3603 2226 3711 2264 non
3743 2225 3911 2266 unum

2313 2309 2443 2364 sint.

2386 2404 2438 2457 5.
2469 2400 2589 2458 Eoo
2610 2415 2679 2457 ετ
2708 2416 2882 2456 Parcit
2903 2415 3047 2456 usun
3076 2414 3265 2465 sonus,
3318 2408 3578 2466 erpouunt
3608 2398 3673 2450 de
3712 2396 3912 2451 unitate

2318 2509 2631 2562 consensus;
2684 2497 2866 2567 quibus
2910 2493 3245 2567 argumentis.
3274 2522 3344 2535 -
3377 2492 3503 2548 Haec
3566 2494 3737 2562 igitur-
3783 2492 3910 2561 quia

2317 2589 2559 2645 Imeretici
2592 2602 2790 2659 negare
2815 2602 2923 2643 non
2955 2596 3200 2659 possunt,
3250 2586 3449 2657 quippe
3486 2600 3612 2641 cum
3661 2586 3771 2639 sint
3798 2595 3909 2641 tam

2313 2682 2559 2737 absolute
2616 2680 2760 2737 dicta
2812 2690 2973 2751 atque
3004 2680 3298 2746 intellectu,
3355 2687 3534 2732 tamen
3578 2679 3905 2733 stultissimo

2314 2774 2607 2845 impietatis
2649 2788 2762 2829 sum
2806 2771 3194 2844 mendacio(h)
3242 2770 3485 2843 neganda
3528 2780 3899 2841 corrumpunt.

2314 2866 2368 2922 Id
2401 2867 2547 2923 cuitu
2578 2866 2721 2938 quod
2749 2868 2857 2921 ait:
2890 2864 3001 2937 Ego
3023 2876 3073 2919 et
3100 2864 3252 2920 Pater
3271 2879 3625 2919 unorsum:
3649 2863 3827 2935 (Joen.
3849 2880 3906 2929 ι,

2314 2962 2426 3034 50).
2457 2970 2664 3017 tentant
2689 2959 2754 3016 ad
2783 2962 3151 3015 unanimitatis
3204 2959 3409 3016 referre
3443 2974 3810 3021 consensum;
3850 2968 3910 3014 ut

2314 3052 2608 3108 voluntatis
2655 3052 2707 3107 in
2739 3050 2827 3107 his
2866 3052 3043 3107 unitas
3087 3053 3180 3116 sit,
3223 3065 3331 3107 nou
3361 3061 3589 3117 naturus,
3630 3052 3683 3105 id
3713 3060 3817 3113 est,
3850 3060 3913 3105 ut

2313 3161 2422 3203 non
2449 3145 2620 3219 perid
2642 3145 2786 3217 quod
2816 3144 2883 3217 (ἱ)
2912 3154 3060 3213 ιιιιιιι,
3087 3146 3186 3201 sed
3230 3160 3328 3216 per
3353 3145 3407 3199 id
3464 3144 3607 3215 quod
3650 3144 3791 3201 idem
3816 3160 3907 3199 ro-

616 3235 733 3290 Fiiii
760 3236 1098 3295 confessione
1122 3248 1417 3309 sectantes,
1448 3241 1820 3300 demonstrato
1859 3243 1951 3300 Dei
2009 3248 2063 3301 et
2115 3244 2211 3303 Dei
2240 3241 2287 3307 C
2317 3240 2453 3308 Ιιιηιν
2480 3255 2643 3295 "num
2672 3239 2798 3294 SW-
2832 3240 2899 3294 Ει
2927 3239 3080 3304 "md,
3102 3238 3246 3307 ιιι-οδ
3265 3249 3348 3294 ειι
3393 3238 3448 3293 ίιι
3499 3239 3721 3294 “tibi”
3762 3237 3908 3309 ΑΝ*

614 3342 679 3383 ex
713 3328 831 3400 lege
858 3342 1229 3399 sacramento,
1262 3348 1436 3405 neque
1465 3332 1623 3389 unius
1643 3334 1739 3390 Dei
1763 3333 1921 3389 fidem
1940 3336 2209 3391 exceden-

620 3429 733 3485 tes,
792 3436 966 3491 neque
1010 3437 1117 3477 non
1171 3431 1225 3477 et
1276 3423 1445 3477 Deum
1487 3421 1761 3480 Christum
1804 3424 2196 3496 praedicantes,

609 3508 754 3565 hunc
779 3527 845 3566 ex
876 3512 1179 3583 Evangeliis
1208 3515 1830 3584 responsionisordinem
1858 3519 2208 3588 sumpsimus,

614 3611 673 3657 ut
701 3618 884 3658 veram
910 3618 975 3658 ex
995 3604 1107 3659 Deo
1124 3614 1276 3675 patre
1299 3607 1632 3663 nativitatem
1664 3608 1921 3681 unigeniti
1971 3611 2063 3665 Dei
2089 3610 2210 3669 ,do-

615 3709 897 3758 ceremus;
926 3697 1050 3765 quia
1070 3710 1168 3766 per
1193 3712 1311 3751 eam
1334 3708 1388 3753 et
1412 3697 1555 3753 Deus
1587 3715 1747 3755 verus
1769 3710 1914 3757 eSSct
1939 3743 1954 3768 ,
1982 3715 2154 3773 neque
2170 3715 2211 3758 ‘a

617 3799 805 3841 natura
836 3788 994 3843 unius
1022 3787 1119 3844 Dei
1147 3789 1258 3846 reri
1286 3803 1430 3846 esset
1483 3792 1734 3859 alienus;
1787 3810 1849 3851 ac
1903 3794 1983 3850 sic
2036 3809 2213 3867 neque

614 3874 758 3933 Deus
786 3880 968 3950 negari
994 3891 1215 3949 posset,
1242 3868 1416 3951 neque
1444 3883 1559 3952 ipse
1576 3883 1718 3941 alius
1743 3885 1890 3943 Deus
1916 3885 2058 3952 diei;
2087 3888 2212 3959 quia

614 3978 670 4023 et
698 3969 866 4025 Deum
898 3969 1133 4041 (supple,
1156 3969 1299 4043 esse)
1317 3974 1571 4031 uativitas
1594 3986 1877 4048 prmstaret
1895 4021 1909 4045 ,
1935 3988 1991 4035 et
2020 3989 2210 4037 natura

615 4062 669 4117 in
692 4079 758 4119 eo
785 4066 941 4120 unius
964 4062 1057 4120 Dei
1088 4082 1151 4120 ex
1183 4065 1326 4135 Deo,
1351 4084 1473 4124 eum
1521 4069 1574 4125 in
1628 4070 1796 4127 Deum
1849 4073 2077 4129 alterum
2103 4090 2209 4130 non

616 4167 912 4226 separaret.
945 4158 1002 4213 Et
1036 4174 1364 4231 quamquam
1392 4164 1455 4217 ad
1480 4162 1533 4218 id
1563 4180 1663 4221 nos
1688 4167 1996 4221 communis
2047 4166 2210 4223 intel-

617 4249 853 4321 ligentia:
881 4266 1070 4306 sensus
1096 4252 1433 4321 impelleret;
1466 4272 1533 4311 ne
1567 4256 1617 4312 in
1652 4270 1840 4313 natura
1868 4257 2057 4315 eadem
2116 4274 2210 4313 na-

619 4354 861 4399 turarum
894 4344 1121 4399 nominat
1136 4346 1512 4415 convenirent,
1560 4357 1747 4405 etnon
1796 4366 1964 4406 unum
1988 4361 2207 4422 essent,

617 4436 812 4507 quibus
840 4435 893 4491 id
922 4436 1061 4507 quod
1110 4448 1231 4493 sunt
1261 4454 1369 4494 non
1410 4438 1650 4498 ditt‘crret
1674 4442 1726 4498 in
1749 4457 1989 4516 genere:
2026 4450 2207 4501 tamen

2314 3332 2574 3387 stolorutn
2603 3330 2685 3405 (j)
2704 3370 2721 3397 ,
2744 3328 2869 3386 huic
2893 3329 3189 3387 defensioni
3218 3345 3330 3384 sua:
3358 3338 3543 3399 aptant
3567 3346 3583 3384 :
3616 3329 3911 3385 Multitudi-

2310 3424 2390 3477 uis
2419 3432 2587 3478 autem
2625 3421 2940 3477 credentium
2966 3431 3073 3476 erat
3096 3420 3177 3491 (It)
3205 3422 3379 3476 animo
3404 3430 3450 3476 et
3477 3436 3569 3476 cor
3586 3437 3744 3476 ιιιιιιιιι
3765 3421 3903 3491 (Act.

2317 3529 2392 3581 tv,
2416 3516 2542 3585 52);
2576 3522 2634 3570 ut
2664 3513 2964 3570 animarum
2986 3528 3038 3570 et
3067 3514 3310 3570 cordinm
3357 3514 3665 3579 diversitas,
3718 3515 3773 3570 ia
3813 3529 3911 3569 cor

2316 3624 2482 3664 unum
2528 3617 2692 3679 atque
2752 3606 2985 3662 animam
3044 3621 3141 3677 per
3187 3608 3619 3663 convenientiam
3665 3607 3910 3677 ejusdem

2315 3700 2606 3755 voluntatis
2627 3698 2692 3771 (ι)
2740 3700 2917 3754 unitas
2961 3697 3049 3755 sit.
3084 3698 3184 3755 Vel
3236 3700 3388 3766 illud,
3438 3702 3582 3767 quod
3619 3701 3687 3755 ad
3712 3701 3911 3757 Cori»

2316 3792 2458 3850 tltios
2484 3791 2741 3849 scribitur
2765 3812 2779 3848 :
2811 3793 2914 3858 Qui
2943 3794 3143 3863 plantat
3168 3804 3356 3857 autem,
3390 3804 3437 3848 ct
3465 3796 3551 3865 qui
3571 3794 3728 3866 rigat,
3748 3811 3911 3849 ιιιιιιιιι

2311 3896 2429 3943 sunt
2460 3885 2503 3955 (Ι
2534 3884 2655 3941 Cor.
2688 3900 2765 3952 ιιι,
2800 3884 2857 3956 8)
2888 3904 2901 3940 :
2932 3895 2991 3940 ut
3013 3900 3119 3941 nou
3160 3885 3450 3943 diderente
3496 3888 3796 3944 ministerio
3840 3889 3909 3944 ad

2315 3980 2545 4036 salutem
2575 3989 2630 4035 et
2654 3978 2710 4035 lu
2732 3977 2975 4050 ejusdem
3005 3977 3330 4035 sacramenti
3364 3979 3688 4049 protectum,
3712 3980 3909 4035 volnu—

2320 4074 2444 4131 latis
2469 4072 2537 4129 sit
2566 4074 2745 4129 unitas
2769 4071 2824 4129 in
2853 4072 3085 4131 duobus.
3116 4072 3215 4130 Vel
3245 4073 3322 4141 id,
3350 4072 3490 4141 quod
3532 4073 3793 4131 Dominus
3824 4091 3909 4132 sa.

2317 4167 2483 4225 lutcm
2506 4167 2904 4224 crediturarum
2931 4168 3067 4223 inse
3091 4167 3335 4239 gentium
3354 4183 3385 4221 a
3406 4166 3571 4223 Patre
3608 4169 3907 4237 postulans,

2316 4262 2427 4316 ait:
2465 4260 2585 4316 Non
2615 4278 2708 4332 pro
2735 4263 2813 4318 Itis
2840 4272 3011 4317 autem
3042 4278 3167 4332 rogo
3190 4272 3407 4328 tantum,
3454 4264 3545 4318 sed
3595 4272 3643 4317 ct
3689 4281 3783 4331 pro
3830 4266 3911 4321 his

2315 4358 2400 4424 qui
2421 4354 2665 4409 credituri
2690 4366 2807 4409 sunt
2838 4372 2928 4423 per
2946 4354 3153 4411 verbum
3164 4371 3340 4411 eorum
3358 4356 3413 4409 in
3433 4373 3536 4422 me,
3557 4368 3613 4411 ut
3634 4357 3910 4431 omnes(m)

2318 4462 2476 4501 unum
2498 4447 2599 4501 sint
2623 4447 2782 4515 sicut,
2802 4456 2878 4515 ιιι,
2908 4446 3154 4513 Peter,in
3168 4464 3267 4516 me,
3293 4458 3344 4504 et
3369 4466 3462 4521 ego
3480 4450 3534 4505 in
3554 4460 3625 4516 ts,
3654 4462 3710 4507 ιιι
3736 4461 3781 4505 et
3810 4452 3909 4524 ipsi

690 4578 770 4648 (ι)
805 4578 902 4630 Aut
918 4576 990 4631 ibi
1017 4576 1079 4631 sit
1108 4593 1239 4634 unus
1263 4621 1279 4646 ,
1312 4579 1398 4634 ubi
1419 4579 1552 4635 alius
1571 4582 1659 4636 sit.
1689 4580 1912 4649 Deinde,
1946 4592 2050 4641 etc.
2080 4582 2246 4641 Paulo
2275 4594 2425 4656 post,
2456 4598 2561 4640 tum
2579 4586 2634 4640 id
2657 4597 2897 4658 tauquam
2906 4587 3022 4658 jam
3047 4586 3332 4662 faciliora»
3360 4589 3492 4645 riam
3521 4589 3801 4649 obtineant.

697 4695 773 4767 (a)
803 4694 860 4749 In
883 4711 1012 4749 mss.
1042 4695 1249 4749 Martio.
1287 4697 1392 4752 Osi
1413 4714 1566 4755 unus.

695 4769 769 4828 (ὁ)
802 4770 927 4821 Mss.
963 4779 1049 4821 aut
1074 4769 1143 4820 ibi
1168 4770 1232 4822 sit
1262 4786 1391 4823 unus
1412 4811 1425 4833 ,
1450 4772 1534 4824 ubi
1550 4771 1685 4826 otius
1703 4773 1785 4826 sit.

697 4832 767 4917 (ι’)
797 4837 1029 4917 Veritum
1055 4851 1262 4917 aptant“,
1307 4832 1429 4894 cunt
1478 4844 1733 4917 sequenti
1775 4844 1997 4902 relativo
2040 4845 2208 4917 quod,

626 4913 875 4963 omittunt
904 4911 1099 4976 inlitam
1127 4927 1188 4963 ae
1219 4914 1397 4978 plures
1424 4928 1553 4965 mss.
1586 4914 1848 4969 Exlnibem
1877 4911 2063 4973 autent
2087 4911 2211 4973 eum

626 4982 811 5034 omlth
840 4984 952 5033 ltus.
989 4982 1084 5032 νηι
1130 4982 1411 5037 tlttttCulh.
1462 4993 1517 5038 et
1567 4998 1707 5039 unus
1750 4987 1983 5041 Sorbou.
2032 4988 2211 5044 Malle—

628 5068 748 5105 tnns
777 5065 951 5106 tamen
971 5065 1271 5129 cupienter)
1293 5070 1486 5129 sensu,
1518 5072 1626 5129 quo
1670 5056 2015 5129 Ambrosius,
2047 5059 2206 5129 epist.

630 5139 769 5174 nunc.
800 5138 922 5181 ιιιιν,
957 5139 1010 5196 ιι.
1046 5136 1091 5179 ιο,
1126 5125 1189 5175 ad
1222 5126 1706 5196 Statium-scripsit
1732 5147 1743 5181 :
1771 5130 1899 5183 Cum
1925 5125 2211 5185 adulteram

620 5211 732 5258 νυνι
744 5197 921 5272 risseut
944 5193 1117 5272 Judrei
1142 5214 1154 5258 ;
1178 5198 1467 5272 obtulerunt
1490 5193 1615 5251 eum
1650 5200 1910 5255 Saluatori
1925 5244 1939 5261 .
1988 5212 2205 5272 captan-

624 5276 695 5317 tes
719 5277 769 5315 ut
798 5267 845 5317 si
871 5266 1144 5319 absolveret
1170 5284 1281 5320 eum
1301 5310 1315 5330 ,
1347 5270 1599 5321 videretur
1624 5272 1782 5338 legem
1810 5276 2023 5327 soluere,

698 5338 775 5400 (tl)
809 5339 1004 5409 limum
1032 5339 1192 5409 Verba
1222 5355 1435 5407 propria
1467 5353 1697 5403 exuant,
1726 5342 1763 5395 Ι.
1795 5360 1869 5403 tu.
1902 5361 1957 5399 ιι.
1988 5345 2201 5409 8.0tt0ti

624 5407 1105 5484 tlttlctttdfltId-tn‘i‘lls
1136 5425 1196 5461 ra
1224 5411 1291 5463 de
1320 5426 1378 5462 re
1398 5411 1559 5481 :lnugc
1590 5414 1804 5467 crttdius
1834 5407 2089 5484 protulit.—
2111 5420 2200 5470 Ita-

623 5478 778 5529 brtnr
808 5478 899 5530 lli).
933 5479 985 5529 iu
1009 5480 1193 5533 (insist.
1225 5498 1276 5533 tt.
1316 5484 1398 5535 13.

695 5550 766 5615 (μ)
788 5550 844 5601 lu
871 5551 1094 5619 \tttgatis
1117 5568 1253 5604 nunc
1282 5554 1399 5605 ioco
1443 5556 1625 5607 nostri.

688 5621 754 5684 (ft
789 5622 1109 5676 l’artieulam
1139 5640 1275 5687 cum,
1330 5624 1994 5685 latentibustinnitusmss
2051 5631 2200 5688 (loli).

622 5692 709 5740 hic
738 5692 1035 5771 addendum
1061 5693 1238 5771 prima
1269 5694 1443 5749 fronte
1482 5700 1922 5771 cottjectavimus.
1955 5720 2060 5771 qua
2091 5704 2205 5757 hac

618 5777 657 5811 su
682 5766 880 5816 utentia
912 5780 1030 5818 cum
1063 5766 1341 5833 superiore
1387 5768 1744 5834 copularetur.
1781 5771 1893 5826 Non
1943 5766 2079 5828 male
2127 5784 2200 5830 ta-

620 5849 740 5887 men
772 5846 997 5904 ttttrtqtte
1026 5838 1269 5893 absoluta
1303 5839 1638 5909 intelligitur.
1669 5854 1723 5895 ut
1758 5845 1926 5914 prima
1972 5861 2199 5915 respon-

2238 4703 2294 4768 Ι)
2318 4702 2440 4759 deat
2467 4703 2645 4760 verbis
2679 4724 2691 4758 :
2723 4704 2836 4777 Ego
2861 4717 2909 4761 et
2952 4704 3112 4762 Pater
3158 4725 3317 4763 unum
3361 4725 3555 4776 sumus,
3601 4710 3772 4768 altera
3821 4728 3908 4771 sco

2315 4777 2604 4847 quentibus
2629 4794 2641 4828 :
2673 4777 2733 4832 Si
2762 4780 2902 4833 scitis
2925 4796 3022 4845 me,
3049 4781 3187 4836 scitis
3212 4790 3259 4835 et
3285 4780 3513 4845 Patrem,
3539 4789 3646 4837 etc.

2386 4848 2465 4918 (g)
2499 4846 2662 4915 Editi,
2690 4848 2743 4903 in
2772 4866 2824 4904 se
2848 4861 3016 4905 utauet
3057 4849 3234 4917 Pater,
3285 4854 3642 4908 emcndantur
3664 4869 3733 4911 ex
3772 4857 3908 4913 scri-

2322 4921 2446 4989 ptis.

2390 4989 2467 5068 (hi
2536 4988 2913 5068 ln__t°t_tlgatis,
2958 4995 3191 5063 negando
3246 5011 3264 5049 :
3322 4996 3465 5068 quod
3519 5006 3721 5068 pugnat
3782 5015 3905 5056 rum

2318 5064 2559 5130 proxime
2585 5062 2764 5118 dictis.
2795 5082 2983 5134 negare
3012 5084 3111 5120 non
3146 5062 3377 5134 possunt.
3410 5062 3627 5123 licetqu
3678 5072 3731 5125 in
3771 5086 3899 5127 mss.

2316 5134 2568 5211 negantia,
2594 5134 2696 5211 hoc
2723 5146 2827 5211 est,
2856 5153 2963 5211 quo
2988 5138 3218 5192 subinde
3248 5140 3452 5207 pmsint
3481 5157 3699 5211 negare.

2378 5205 2440 5276 (it
2472 5205 2524 5258 In
2574 5207 2819 5276 vulgatis.
2857 5209 2989 5262 idem
3014 5222 3154 5263 sunt.
3183 5205 3348 5264 Aliost
3374 5212 3509 5265 idem
3529 5205 3719 5267 a'mss.

2380 5275 2456 5352 (__i)
2490 5278 2647 5352 ljditi,
2675 5275 2903 5352 excepto
2939 5280 3055 5333 l’ar.
3090 5280 3207 5333 huic
3236 5282 3526 5352 digiuitioni
3554 5300 3679 5338 sure.

2381 5346 2457 5425 (It)
2483 5348 2572 5425 Sin
2600 5364 2727 5402 mss.
2762 5346 2995 5418 potiores
3032 5346 3342 5408 constanter
3366 5354 3516 5421 juxta
3548 5370 3804 5425 grtccum.
3835 5357 3905 5413 At

2308 5419 2463 5499 editi,
2486 5421 2658 5474 mtimu
2687 5438 2827 5476 una:
2856 5430 2912 5476 et
2950 5439 3096 5491 mox,
3128 5419 3669 5496 anittmrunaut'per
3718 5444 3896 5484 conve—

2308 5503 2570 5543 ttmtttum.
3898 5524 3903 5527 ν

2383 5564 2448 5633 (t)
2478 5561 2706 5636 Quidam
2749 5566 3079 5622 recentiores
3109 5581 3240 5622 mss.
3270 5568 3413 5621 unita
3433 5568 3519 5636 sit,
3552 5569 3711 5625 male.

2382 5636 2481 5703 (ιιι)
2536 5634 2650 5690 Vat.
2699 5636 2814 5689 bas.
2869 5653 2971 5691 ms.
3019 5639 3073 5691 iu
3101 5655 3180 5698 me
3204 5655 3362 5695 unum
3384 5634 3659 5697 sianum
3687 5642 3819 5698 Bad.
3851 5651 3903 5698 et

2314 5704 2401 5759 Er.
2456 5716 2507 5758 ιιι
2549 5715 2596 5760 et
2642 5705 2745 5775 ipsi
2791 5724 2953 5763 unum
2998 5710 3117 5764 sint.
3155 5710 3267 5764 Etsi
3299 5728 3405 5766 non
3435 5722 3612 5768 exstat
3657 5730 3818 5768 unum
3850 5715 3901 5770 in

2313 5791 2440 5850 mss.
2486 5776 2536 5830 id
2581 5788 2777 5842 tamen,
2812 5778 3033 5848 perinde
3061 5796 3122 5835 ac
3148 5782 3193 5836 si
3223 5792 3484 5850 exstaret,
3512 5784 3781 5841 intellexit
3811 5785 3899 5841 lli-

2313 5847 2497 5911 latius,
2530 5858 2583 5903 ut
2611 5850 2774 5919 liquet
2807 5847 2870 5905 ex
2902 5866 3047 5907 nmn.
3089 5851 3169 5906 lt.
