4316 6470
266 302 363 356 ΞΗ

1464 305 1551 361 [ιε
1592 301 1960 362 ΤΗΙΝΙΤΑἸἚ
1996 305 2195 363 LIBER
2240 306 2370 362 \‘lll.

3449 316 3557 373 θη

266 422 362 475 sint
404 422 455 475 in
486 423 630 477 nobis
676 422 852 489 {Jun-ii.
890 439 1015 489 sui,
1050 426 1140 489 ΞΟ.
1190 425 1320 497 2i):
1356 434 1412 480 ut
1451 427 1573 497 quia
1613 425 1859 482 homines
1888 428 1938 486 Α
1967 434 2125 495 rupto
2166 424 2435 480 dictorum
2489 439 2650 482 sensu
2698 424 2873 496 aliqua
2934 443 3000 483 ex
3052 427 3136 483 liis
3176 430 3244 501 (ί)
3289 432 3555 488 ementita

269 513 475 570 rt-t'undi
521 517 571 570 in
604 516 773 571 Deum
820 532 925 572 non
974 528 1219 584 possunt,
1250 518 1336 573 vel
1382 519 1481 587 ipsi
1524 519 1751 576 invicem
1797 518 1851 574 iii

268 622 434 661 unum
472 616 640 677 atque
687 609 1039 666 indiscretum
1095 625 1347 667 acervum
1389 612 1560 677 coire,
1613 610 1665 667 id
1710 611 1852 678 quod

266 711 427 754 unum
456 711 605 762 sunt,
635 716 701 756 er
737 700 853 756 nnit
874 710 940 755 .te
968 704 1042 756 sit
1065 701 1378 767 voluntatis,
1418 718 1542 757 cum
1582 710 1639 759 et
1664 717 1852 759 omnes

268 790 375 847 Deo
403 790 599 859 placita
627 800 808 860 agant,
834 802 890 848 et
921 794 1022 864 ipsi
1056 810 1162 850 non
1197 794 1582 849 dis~ideutilius
1616 797 1754 851 inter
1789 811 1851 851 se

268 882 568 939 animosum
618 886 856 943 motibus
908 897 1136 951 coeant;
1178 888 1341 960 218
1362 897 1521 955 atque
1566 888 1639 943 ita
1688 904 1849 942 unum

266 990 363 1035 eos
391 992 513 1034 esse
542 993 650 1034 non
677 988 866 1035 natura
896 981 1116 1045 efticiat,
1146 984 1239 1035 sed
1266 982 1531 1037 voluntas.

334 1070 391 1125 6.
417 1070 723 1127 Arianorum
752 1073 990 1128 stultitia.
1016 1101 1090 1115 --
1122 1073 1298 1129 Nescit
1326 1074 1486 1143 plane
1511 1090 1721 1142 sapere,
1762 1077 1850 1143 qui

268 1164 431 1221 Deum
456 1165 649 1222 nescit.
680 1166 746 1222 Et
789 1182 911 1223 cum
941 1169 1200 1240 sapientia
1230 1169 1479 1223 Christus
1505 1172 1596 1231 sit,
1630 1185 1851 1226 necesse

263 1269 347 1316 est
374 1271 435 1316 ιιι
459 1262 960 1332 extra-sapientiam
1005 1263 1097 1329 sit,
1131 1264 1222 1333 qui
1259 1261 1534 1318 Christum
1582 1275 1674 1319 aut
1704 1268 1850 1334 igno-

263 1362 366 1419 rat,
394 1366 487 1409 aut
514 1352 663 1410 audit
688 1372 701 1407 :
731 1362 792 1409 ut
818 1357 929 1421 isti,
973 1356 1061 1426 qui
1102 1356 1402 1427 majestatis
1431 1357 1741 1421 Dominum,
1790 1368 1844 1412 et

262 1444 461 1503 Reiem
507 1446 853 1511 seculorum,
896 1456 955 1505 et
982 1449 1317 1519 unigenitum
1347 1448 1517 1505 Deum
1546 1461 1847 1506 creaturam

264 1536 353 1593 Dei
386 1539 571 1594 volunt
594 1540 773 1609 potius
801 1553 924 1596 esse
947 1555 1106 1609 quam
1152 1540 1318 1597 filium
1360 1560 1371 1591 τ
1420 1552 1473 1597 et
1519 1557 1642 1597 cum
1686 1542 1849 1598 stulte

262 1631 613 1698 mentiantur,
659 1633 878 1687 stultius
906 1642 1087 1688 tamen
1129 1634 1182 1688 lii
1228 1634 1546 1690 defetisioue
1584 1634 1845 1690 mendacii

262 1725 341 1779 sui
385 1724 626 1795 sapiunt
668 1725 843 1782 Dilata
890 1727 1032 1781 enim
1065 1727 1335 1795 paululum
1375 1728 1536 1782 etiam
1582 1744 1722 1783 nunc
1760 1743 1845 1796 ea,

1958 517 2356 587 compingimns
2384 536 2395 572 :
2423 518 2518 573 sed
2548 532 2693 575 sana:
2720 517 2982 573 doctrina:
3019 520 3245 577 formam
3280 530 3550 589 tenentes,

1954 625 2075 679 qua:
2117 611 2327 666 sincera
2373 620 2506 665 sunt
2550 614 2811 678 sapimus,
2858 620 2912 666 et
2953 613 3332 682 przedieamus.
3373 616 3547 673 Docet

1954 703 2096 758 enim
2130 705 2163 756 ,λι
2176 704 2422 773 pustultis
2451 718 2517 758 ex
2551 714 2741 757 natura
2766 713 3233 762 sacramentorum
3261 721 3383 765 esse
3413 709 3551 765 hanc

1958 797 2191 852 fidelium
2214 799 2493 861 unitatem,
2518 797 2581 849 ad
2602 797 2817 851 Galatas
2837 797 3078 851 seiibens
3104 816 3115 850 :
3153 798 3407 865 Quotquot
3421 804 3554 855 enim

1954 892 2009 944 in
2036 887 2240 944 Christo
2266 887 2505 953 baptismi
2534 890 2674 953 estis,
2704 886 2967 943 Christum
2988 890 3244 943 iiiduistis.
3284 890 3401 945 .‘Voii
3426 894 3555 945 inest

1953 982 2167 1037 ludius
2214 1000 2372 1051 neque
2414 982 2644 1043 (literas,
2696 998 2795 1034 non
2845 982 2971 1036 inest
3003 998 3172 1035 statim
3224 1000 3379 1051 neque
3408 986 3551 1049 liber,

1954 1093 2055 1130 non
2098 1077 2225 1131 inest
2255 1076 2509 1129 mamilius
2555 1092 2711 1143 neque
2734 1076 2962 1143 (culina;
2994 1092 3167 1131 omnes
3216 1078 3379 1150 219
3417 1081 3549 1133 enim

1956 1188 2039 1227 vos
2086 1188 2242 1224 unum
2288 1171 2406 1225 estis
2451 1170 2505 1223 in
2548 1160 2749 1223 Christo
2792 1168 2918 1223 Jesu
2970 1168 3110 1241 (ϐαι.
3162 1187 3238 1230 ιιι,
3286 1173 3376 1236 27,
3427 1174 3551 1241 ‘23).

1954 1267 2106 1334 Quod
2151 1281 2313 1321 unum
2363 1273 2486 1318 sunt
2536 1265 2586 1317 in
2638 1272 2781 1318 tanta
2829 1275 3093 1331 gentium,
3152 1268 3542 1329 Conditionum,

1955 1376 2179 1418 sexuum
2206 1360 2555 1419 diversitate;
2588 1358 2845 1428 numquid
2895 1375 2959 1415 ex
3007 1375 3229 1414 assensu
3257 1361 3545 1415 voluntatis

1954 1464 2055 1513 est.
2086 1463 2177 1507 aut
2208 1469 2270 1507 ex
2300 1454 2628 1509 sacramenti
2656 1452 2879 1516 unitate,
2912 1453 3032 1522 quia
3060 1453 3143 1507 his
3171 1462 3227 1509 et
3275 1454 3537 1524 baptisma

1954 1546 2023 1602 sit
2071 1562 2258 1610 unum,
2307 1554 2362 1601 et
2405 1559 2570 1601 unum
2611 1543 2885 1603 Christum
2933 1546 3102 1605 induti
3152 1563 3340 1603 attines
3385 1548 3544 1601 sunt?

1953 1637 2089 1707 Quid
2119 1653 2247 1708 ergo
2283 1637 2371 1694 Iiic
2409 1638 2712 1693 animorum
2756 1638 3041 1694 concordia
3076 1638 3253 1699 faciet.
3298 1654 3421 1694 cuiu
3453 1657 3546 1707 per

1954 1728 2007 1784 id
2047 1745 2207 1783 unum
2258 1732 2387 1793 sint,
2430 1731 2569 1800 quod
2611 1746 2716 1786 uno
2744 1729 2958 1785 Christo
2987 1745 3081 1800 per
3110 1742 3355 1788 naturam
3386 1734 3541 1788 unius

260 1831 379 1886 qua:
416 1816 471 1871 in
519 1816 631 1873 Deo
679 1828 826 1887 patre
869 1828 923 1872 et
970 1819 1021 1873 in
1062 1819 1173 1874 Dea
1202 1820 1313 1874 lilio
1339 1830 1455 1886 est,
1487 1821 1707 1877 unitatis
1736 1835 1851 1889 pra»
1890 1825 1937 1885 B
1965 1823 2215 1893 baptismi
2250 1822 2576 1877 induantur?

260 1910 509 1980 prietate,
540 1927 607 1968 ex
637 1910 722 1966 liis
747 1913 1097 1982 ipsisquibns
1128 1924 1351 1969 utuntur
1376 1914 1657 1970 refellendi
1703 1926 1852 1971 sunt.

328 2004 383 2060 7.
444 2004 721 2062 Naturalis
768 2018 844 2061 est
894 2006 1123 2077 fidelium
1171 2024 1261 2078 per
1287 2008 1439 2063 unius
1468 2008 1588 2077 ﬁdei
1621 2020 1854 2063 naturam

257 2102 449 2154 unitas.
487 2097 696 2153 Fideles
722 2115 786 2156 eis
838 2102 1033 2155 unitate
1060 2111 1498 2157 sacramentorum
1524 2113 1640 2157 sunt
1670 2118 1851 2157 unum.

256 2191 599 2266 —-Naiuque
646 2210 881 2264 quorum
929 2194 1105 2249 anima
1171 2204 1226 2250 et
1254 2209 1349 2251 cor
1396 2210 1561 2251 unum
1594 2196 1670 2267 (α)
1714 2205 1851 2260 erat,

253 2301 440 2358 quare
498 2295 679 2342 utrum
740 2304 831 2354 per
889 2286 1046 2342 fidem
1112 2287 1201 2343 Dei
1250 2303 1411 2343 unum
1463 2297 1601 2343 erat.
1658 2286 1853 2359 Utique

255 2393 351 2449 per
401 2378 564 2436 ﬁdem
619 2398 634 2435 :
697 2396 794 2452 per
838 2396 957 2438 eam
999 2382 1140 2437 enim
1185 2383 1360 2437 anima
1427 2391 1483 2438 et
1532 2397 1628 2439 cor
1686 2401 1847 2439 unum

255 2473 496 2527 omnium
569 2483 705 2528 erat.
773 2474 835 2530 Et
887 2474 1199 2547 interrogo,
1260 2487 1437 2531 utrum
1494 2476 1627 2536 fides
1693 2495 1795 2533 una
1831 2523 1845 2542 ,

252 2580 405 2622 anno
433 2567 602 2623 altera
652 2568 764 2622 sit?
820 2567 932 2624 Una
976 2578 1153 2631 certe,
1209 2569 1371 2624 etiam
1430 2570 1545 2639 ipso
1592 2573 1847 2643 Apostolo

252 2659 713 2729 auctore(b.'iilies.
745 2677 815 2725 iv,
841 2660 895 2725 4,
929 2662 1008 2732 5),
1047 2676 1207 2716 unam
1252 2662 1434 2732 tidem,
1477 2664 1635 2719 sicuti
1682 2681 1845 2720 unum

256 2756 568 2820 Dominum,
610 2770 662 2812 et
690 2775 851 2814 unum
886 2759 1172 2830 baptisma,
1205 2768 1255 2813 et
1298 2775 1455 2815 unam
1488 2776 1636 2832 spem
1669 2762 1767 2833 (ll).
1796 2772 1849 2818 et

255 2866 418 2907 unum
469 2853 639 2907 Deum
672 2852 1018 2922 pradicante.
1052 2856 1106 2910 Si
1136 2870 1265 2925 ergo
1296 2872 1392 2926 per
1419 2856 1600 2919 fidem,
1644 2855 1695 2910 id
1741 2865 1845 2919 est,

251 2960 344 3015 per
386 2947 548 2999 unius
593 2946 717 3001 fidei
764 2956 1008 3003 naturam
1053 2964 1215 3003 unum
1245 2964 1436 3004 omnes
1476 2960 1660 3018 erant;
1707 2966 1845 3021 quo-

249 3039 411 3093 modo
438 3053 546 3093 uoti
580 3040 879 3095 naturalem
929 3040 985 3094 iii
1012 3038 1095 3094 liis
1127 3041 1382 3111 intelligis
1428 3042 1705 3105 unitatem,
1755 3045 1842 3113 qui

251 3148 347 3203 per
374 3142 625 3189 naturam
658 3136 814 3190 unius
844 3134 966 3189 lidei
1000 3150 1165 3190 unum
1194 3136 1355 3191 sunt?
1380 3134 1579 3191 Omnes
1595 3138 1737 3191 enim
1756 3152 1841 3191 re-

2030 1917 2082 1972 9.
2121 1917 2222 1981 Qui
2254 1920 2452 1986 plantat
2497 1928 2542 1971 et
2570 1918 2657 1985 qui
2704 1916 2835 1987 rigat
2882 1928 3067 1974 natura
3111 1935 3269 1974 unum
3314 1928 3451 1973 sunt.
3482 1950 3547 1964 ~—

1961 2012 2068 2066 Aut
2090 2023 2210 2065 cum
2243 2010 2330 2078 qui
2365 2010 2590 2079 plantat,
2622 2017 2677 2063 et
2706 2010 2794 2077 qui
2827 2011 2983 2081 rigat,
3016 2026 3181 2065 unum
3207 2013 3350 2077 sitit;
3400 2028 3553 2066 num.

1961 2104 2087 2171 quid
2134 2121 2242 2161 non
2287 2119 2382 2175 per
2430 2104 2529 2158 hoc
2574 2118 2738 2157 unum
2789 2114 2935 2168 sunt,
2966 2105 3086 2173 quia
3114 2105 3193 2177 (g)
3223 2106 3321 2175 ipsi
3365 2105 3416 2159 in
3450 2122 3557 2161 uno

1959 2196 2228 2268 baptismo
2274 2198 2592 2252 renati-una
2660 2197 2817 2249 unius
2868 2198 3239 2267 regenerantis
3302 2198 3556 2269 baptismi

1957 2289 2290 2359 dispensatio
2321 2290 2469 2343 sint?
2499 2289 2758 2359 numquid
2800 2304 2907 2343 non
2958 2288 3100 2344 idem
3149 2291 3349 2361 agunt?
3399 2308 3555 2347 num-

1954 2383 2083 2456 quid
2127 2399 2233 2438 non
2285 2383 2339 2437 in
2389 2399 2497 2437 uno
2541 2399 2709 2439 unum
2758 2384 2920 2437 sunt?
2970 2382 3154 2453 Itaque
3192 2384 3283 2453 qui
3317 2401 3411 2453 per
3439 2404 3551 2441 rein

1957 2477 2206 2533 eamdem
2238 2492 2405 2530 unum
2436 2487 2586 2541 sunt,
2617 2485 2805 2531 natura
2853 2475 3016 2531 etiam
3048 2492 3213 2533 unum
3258 2488 3406 2539 sunt,
3439 2494 3544 2531 nou

1954 2579 2162 2625 tantum
2215 2571 2491 2625 voluntate
2537 2588 2552 2624 :
2598 2570 2725 2641 quia
2764 2580 2820 2627 et
2863 2571 2961 2641 ipsi
3010 2586 3095 2626 res
3142 2570 3330 2627 eadem
3379 2572 3555 2625 eﬂ‘erti

1952 2677 2096 2732 sunt,
2114 2666 2192 2735 (li)
2218 2677 2270 2721 et
2288 2666 2529 2735 ejusdem
2554 2667 2629 2721 rei
2658 2674 2817 2735 atque
2836 2664 3139 2722 efﬁcientia:
3156 2666 3263 2722 sint
3286 2666 3534 2721 ministri.

2028 2764 2114 2818 lt).
2149 2762 2386 2816 Stultitia
2407 2778 2460 2814 se
2484 2762 2598 2832 ipsa
2626 2762 2815 2831 prodit,
2854 2760 2975 2813 dimi
3007 2762 3302 2816 adversatur
3328 2760 3549 2819 veritali.

1957 2852 2105 2908 Fidei
2134 2870 2384 2923 pci'versc
2404 2870 2521 2922 spes
2543 2853 2707 2906 nulla.
2742 2853 3008 2922 Simplicis
3047 2854 3297 2907 meritum.
3328 2883 3397 2893 —
3423 2853 3553 2908 l’i'o~

1956 2948 2266 3002 licitantem
2298 2963 2515 3017 semper
2539 2947 2897 3002 contradictio
2924 2947 3206 3005 suillorum
3255 2948 3320 2999 ad
3369 2947 3547 3000 stulti-

1958 3043 2043 3097 tim
2071 3043 2588 3097 demonstrationem
2624 3059 2637 3095 :
2672 3042 2793 3109 quia
2832 3057 2951 3109 qua:
2984 3041 3199 3111 ingenio
3250 3040 3549 3110 illaiplL‘liliS

1958 3147 2049 3191 aut
2090 3152 2357 3208 perversa.-
2386 3135 2755 3207 intelligentia:
2779 3136 2987 3190 adversi
3014 3151 3035 3185 ς
3067 3139 3344 3191 veritatem
3377 3152 3543 3204 coap-

249 3234 355 3288 iiati
387 3235 460 3304 (c)
495 3244 648 3289 erant
669 3234 735 3288 ad
769 3234 1151 3296 innocentiam,
1186 3235 1250 3288 ad
1273 3234 1747 3302 immortalitatem,
1773 3236 1837 3291 ad
1868 3238 1913 3301 ρ
1947 3231 2679 3293 tantur,dmuetinconcnssa
2700 3242 2753 3285 et
2777 3230 3062 3284 immobilis
3089 3241 3192 3294 est,
3223 3246 3444 3283 necesse
3462 3242 3546 3284 est

245 3332 612 3401 cognitionem
660 3332 777 3397 Dei,
821 3332 904 3405 (ά)
943 3332 1007 3386 ad
1039 3332 1151 3401 spei
1184 3333 1362 3389 fidem.
1410 3332 1475 3389 Et
1504 3335 1548 3387 si
1576 3333 1693 3389 lia'c
1735 3347 1840 3387 non

246 3434 475 3495 possunt
522 3424 624 3479 sibi
665 3440 786 3480 esse
816 3426 1049 3490 diversa,
1081 3426 1206 3498 quia
1237 3436 1292 3481 et
1320 3440 1444 3495 spes
1490 3442 1592 3483 una
1635 3439 1739 3493 est,
1790 3438 1845 3483 et

245 3517 386 3575 Dens
416 3534 585 3587 unus,
616 3518 770 3575 sicuti
801 3529 858 3576 et
879 3520 1138 3575 Dominus
1182 3536 1318 3575 unus
1359 3530 1463 3589 est,
1494 3530 1547 3576 et
1579 3522 1841 3593 baptisma

243 3611 679 3681 regenerationis
729 3627 892 3666 unum
944 3622 1027 3667 est
1075 3628 1089 3664 :
1137 3611 1183 3667 si
1234 3612 1350 3668 litec
1393 3627 1618 3669 assensu
1667 3613 1843 3683 patius

246 3723 407 3763 unum
437 3718 587 3768 sunt,
622 3720 783 3778 quam
811 3717 1036 3768 natura;
1084 3705 1166 3761 liis
1210 3721 1444 3777 quoque,
1487 3708 1578 3779 qui
1628 3707 1681 3762 iu
1730 3707 1845 3763 lia‘c

245 3803 416 3858 renati
462 3811 614 3867 sunt,
657 3800 920 3856 unitatem
966 3799 1256 3855 voluntatis
1299 3800 1568 3856 adscribe.
1614 3798 1671 3855 Si
1708 3814 1840 3857 ιιι-το

242 3897 551 3968 regenerati
583 3894 638 3950 in
667 3893 827 3949 unius
869 3894 991 3949 vite
1028 3903 1190 3964 atque
1232 3892 1551 3948 :eternitatis
1592 3902 1837 3948 naturam

243 3999 387 4050 sunt.
420 4002 525 4060 per
556 3985 698 4057 quod
726 3985 904 4040 anima
932 3999 1117 4040 eorum
1148 3994 1203 4040 et
1231 3999 1327 4039 cor
1356 3999 1520 4039 unum
1567 3995 1683 4049 est;
1724 3999 1842 4041 ces-

244 4090 327 4136 sat
376 4081 430 4136 in
475 4080 563 4135 his
604 4093 860 4134 assensus
901 4078 1113 4143 unitas,
1164 4078 1254 4147 qui
1304 4093 1466 4131 unum
1521 4077 1744 4149 sunt(e)
1786 4079 1840 4133 in

244 4174 491 4245 ejusdem
523 4174 934 4244 regeneratione
964 4184 1186 4228 itaturie.

309 4269 363 4326 8.
400 4266 566 4323 Pauli
604 4269 657 4321 in
706 4283 815 4321 eam
853 4284 959 4322 rem
1000 4267 1266 4323 sententia.
1293 4296 1363 4307 —
1387 4264 1503 4322 Non
1531 4274 1715 4322 nostra
1756 4266 1838 4322 Ιο-

238 4363 483 4432 quiiiiur,
517 4376 697 4432 neque
723 4358 789 4415 ad
832 4358 1139 4416 illudendas
1161 4358 1494 4415 audientium
1525 4374 1686 4415 aures
1712 4373 1836 4415 cor.

334 4478 387 4549 α)
420 4477 476 4535 lii
510 4476 837 4549 saliseditis
866 4475 952 4530 liic
980 4474 1193 4549 additur
1206 4475 1467 4549 omnium.

334 4479 387 4549 α)
420 4479 476 4535 lii
510 4479 647 4533 salis
676 4479 837 4531 editis
866 4479 952 4530 liic
980 4479 1193 4531 additur
1219 4479 1467 4528 omnium.

310 4479 386 4625 ib)
412 4550 515 4606 51s.
547 4548 711 4606 (ἔνη-Ι).
745 4548 944 4620 aliique
974 4545 1217 4602 nonnulli
1250 4544 1337 4601 bic
1363 4545 1586 4613 addunt,
1612 4555 1661 4602 et
1683 4561 1840 4601 unum

239 4628 499 4696 spiritum.
670 4638 675 4641 ‘

311 4697 383 4768 (ε)
416 4696 691 4768 Antiquus
712 4691 886 4768 codex
911 4689 1222 4768 Colli._n_at_t'.

306 4761 389 4838 (tl)
418 4767 493 4824 Ita
524 4761 851 4821 vetustiores
894 4779 1023 4819 mss.
1053 4763 1194 4819 Etliti
1232 4778 1381 4838 vero,
1416 4762 1483 4818 ad
1512 4778 1655 4838 spent
1694 4761 1833 4838 fidei.

238 4834 380 4895 Tum
419 4838 809 4909 subjicieliaut,
844 4847 901 4909 et
949 4852 1047 4890 non
1093 4846 1301 4906 possunt
1347 4836 1474 4899 lucc,
1525 4836 1726 4888 omisso
1768 4834 1834 4898 si,

236 4912 377 4983 quod
410 4907 597 4967 exstat
626 4907 679 4964 in
709 4908 957 4963 munibus
984 4923 1113 4963 mss.

310 5002 384 5075 (e)
434 5000 493 5057 In
550 5013 685 5056 mss.
718 4999 839 5055 Vat.
870 5000 983 5076 bas.
1027 5008 1079 5055 et
1111 4996 1325 5056 Martin.
1358 4996 1445 5054 hic
1487 4997 1737 5069 adjicitur
1786 5008 1840 5053 ut

238 5076 487 5129 diximus.

308 5170 375 5239 lfi
426 5168 484 5226 lu
524 5165 727 5239 codice
757 5165 895 5239 Vat:
920 5165 1035 5239 bas.
1070 5167 1314 5221 ementiti.
1344 5164 1467 5222 Mox
1498 5167 1549 5223 in
1580 5166 1836 5239 vulgatis,

240 5236 475 5311 ﬁdelium
507 5238 629 5294 Dei.
660 5238 827 5295 Abest
859 5236 956 5293 Dei
983 5252 1013 5292 a
1038 5253 1170 5294 mss.

311 5336 392 5411 (9)
421 5335 590 5411 Edili.
623 5333 744 5411 quia
764 5334 896 5411 ipsis
921 5333 975 5387 iii
996 5349 1099 5388 uno
1137 5334 1390 5404 baptisma
1416 5337 1701 5411 renatis.
1729 5336 1837 5389 dis-

242 5405 472 5481 peniiiiiio
511 5405 957 5481 sit._llest_ituitiir
985 5421 1049 5461 ex
1095 5420 1362 5481 consensu
1396 5423 1505 5461 mss
1534 5407 1726 5475 ipsi...
1757 5422 1838 5461 re-

240 5476 346 5537 iinti
368 5496 387 5537 :
415 5496 512 5552 ex,
528 5476 849 5552 Colliertino
872 5488 1141 5552 autemac
1167 5477 1349 5534 Germ.
1384 5480 1693 5552 dispensatio
1714 5481 1836 5552 sint,

244 5570 347 5610 non
379 5555 463 5609 sit.
494 5550 657 5609 Unde
682 5549 952 5620 duplicem
982 5550 1073 5619 qui
1105 5552 1307 5623 plantat
1335 5562 1387 5605 et
1417 5549 1507 5623 qui
1556 5552 1693 5620 rigat
1746 5549 1838 5605 lia-

245 5625 371 5681 bent
397 5626 697 5689 unitatem,
729 5622 1049 5677 Sacraineuti
1080 5622 1355 5691 nimirum,
1386 5622 1507 5691 quia
1563 5637 1670 5677 uno
1716 5623 1839 5691 bap-

251 5700 411 5754 tismo
461 5693 667 5757 renati,
730 5708 793 5747 ac
845 5702 1104 5764 pra'terea
1155 5694 1497 5750 instrumenti
1548 5695 1598 5749 in
1652 5694 1842 5751 eodem

246 5778 593 5825 sacramento
658 5764 1038 5836 dispensanda,
1100 5765 1428 5836 proindeqne
1484 5782 1589 5821 non
1644 5780 1843 5822 meram

249 5841 539 5898 voluntatis
560 5835 987 5894 unanimitateui.
1018 5835 1297 5904 Augustini
1320 5835 1454 5896 Coll.
1484 5853 1603 5893 cum
1628 5836 1843 5891 Maxim.

1945 3336 2004 3381 ut
2030 3342 2147 3394 qua:
2179 3341 2209 3380 e
2235 3324 2453 3380 diverso
2474 3337 2617 3387 sunt,
2647 3334 2701 3378 et
2733 3323 2859 3378 falsa
2895 3324 3257 3393 intelligantur
3278 3334 3327 3377 et
3354 3324 3536 3379 stulta.

1949 3419 2278 3475 Laborantes
2312 3419 2454 3472 enim
2486 3416 2720 3472 haeretici
2746 3418 2928 3478 fallere
2956 3434 3045 3483 per
3079 3418 3130 3471 id
3162 3418 3302 3485 quod
3331 3417 3534 3473 dictum

1948 3521 2031 3569 est
2061 3530 2074 3566 :
2110 3510 2217 3583 Ego
2247 3522 2292 3566 et
2320 3521 2462 3582 pater
2484 3528 2639 3565 unum
2668 3528 2844 3565 sumus
2871 3509 3051 3579 (Jaau.
3083 3528 3138 3577 ι,
3165 3512 3280 3583 30),
3324 3528 3393 3566 ne
3439 3527 3533 3566 iia-

1951 3618 2087 3664 tura:
2114 3607 2166 3663 in
2196 3605 2279 3661 bis
2311 3606 2486 3661 unitas
2513 3616 2568 3659 et
2610 3604 2919 3661 inditl'erens
2952 3605 3245 3661 divinitatis
3286 3608 3541 3663 substan-

1948 3700 2019 3756 tia
2050 3698 2387 3764 crcderetur,
2420 3698 2516 3755 sed
2547 3714 2611 3755 ex
2634 3698 2925 3757 dilectione
2952 3710 3136 3754 mutua
3163 3709 3215 3754 et
3243 3714 3309 3754 ex
3342 3704 3531 3754 volun-

1946 3803 2116 3850 tatum
2162 3790 2451 3847 concordia
2500 3807 2664 3846 unum
2711 3802 2917 3857 essent,
2967 3795 3275 3863 exemptum
3325 3792 3545 3849 unitatis

1947 3887 2122 3951 istius,
2153 3893 2213 3939 ut
2232 3885 2479 3955 superius
2516 3884 3027 3948 demonstravimus,
3070 3887 3229 3939 etiam
3271 3902 3335 3941 ex
3386 3887 3545 3939 dictis

1946 3984 2234 4039 dominicis
2275 3983 2619 4054 protulerunt
2647 4004 2660 4038 :
2697 3983 2763 4037 L't
2792 4001 2965 4039 omnes
2990 4002 3144 4037 unum
3176 3986 3292 4048 sint,
3327 3986 3456 4038 sicut
3486 3994 3542 4037 tu

1944 4078 2097 4135 Pater
2126 4080 2179 4133 in
2212 4095 2311 4145 me,
2345 4088 2390 4133 et
2411 4095 2503 4151 ego
2532 4080 2586 4132 in
2616 4088 2681 4142 te,
2708 4090 2762 4131 ut
2788 4088 2834 4132 et
2861 4079 2957 4145 ipsi
2987 4081 3085 4133 sint
3105 4081 3158 4132 iii
3189 4080 3333 4132 nobis
3356 4077 3541 4147 (Joan.

1946 4189 2079 4239 χιιι,
2105 4172 2221 4244 21).
2271 4171 2437 4229 Extra
2477 4172 2786 4242 evangelica
2838 4172 3098 4241 promissa
3145 4182 3249 4236 est,
3297 4171 3541 4241 ιιυὶδιμιίε

1942 4275 2093 4323 extra
2140 4265 2302 4321 fidem
2332 4280 2521 4322 eorum
2552 4275 2635 4320 est
2662 4282 2676 4318 :
2708 4275 2762 4320 et
2810 4264 2989 4335 impia
3034 4263 3402 4334 intelligentia:
3428 4264 3539 4318 cri-

1944 4375 2067 4417 men
2095 4358 2159 4431 (ἱ)
2191 4374 2345 4429 spem
2385 4358 2686 4430 simplicem
2731 4357 2982 4429 perdidit.
3029 4357 3197 4415 Habet
3241 4360 3385 4415 enini
3432 4373 3539 4413 non

1868 4476 1918 4538 D
1945 4490 1999 4530 ιι.
2034 4473 2124 4540 Η,
2176 4473 2265 4530 tibi
2312 4472 2440 4528 illud
2491 4488 2588 4542 pro
2639 4483 2789 4528 certo
2835 4474 3025 4542 ponit:
3082 4473 3300 4539 Quando
3344 4470 3532 4527 dicitur

1946 4563 2105 4601 unum
2135 4556 2273 4609 sunt,
2302 4547 2395 4600 etsi
2417 4561 2517 4599 non
2541 4547 2739 4598 dicatur
2764 4546 2888 4614 quid
2902 4562 3081 4607 tinum,
3103 4546 3402 4616 intelligitur
3429 4563 3534 4599 una

1943 4619 2248 4683 substantia,
2283 4617 2435 4671 unica
2471 4617 2584 4670 Iure
2614 4628 2694 4671 est
2732 4619 2796 4671 ad
2847 4618 3019 4672 locum
3059 4617 3274 4671 allatum
3310 4634 3535 4686 respuu-

1943 4691 2025 4746 sio
2056 4710 2066 4743 :
2103 4690 2362 4761 Legimus,
2413 4688 2515 4755 Qui
2561 4688 2754 4755 plantat
2796 4697 2841 4743 et
2878 4692 2962 4759 qui
3008 4689 3139 4761 rigat
3188 4706 3341 4742 unum
3374 4700 3526 4743 stitit.

1942 4762 2031 4816 sed
2067 4760 2216 4815 mnbo
2261 4761 2489 4815 homines
2526 4770 2688 4824 erant,
2714 4761 2943 4834 ejusdem
2972 4760 3272 4815 substantia:
3300 4764 3529 4832 [iter-ant,

1940 4850 2040 4888 non
2062 4835 2291 4889 diuersa.

2012 4907 2091 4976 (li)
2135 4906 2187 4960 In
2223 4920 2323 4959 ms.
2352 4903 2511 4958 Carii.
2555 4914 2610 4957 ut
2640 4904 2889 4976 ejusdem,
2922 4903 3097 4958 minus
3129 4905 3264 4959 bene
3295 4924 3306 4957 :
3340 4920 3525 4975 quaniv

1946 4979 2029 5048 vis
2081 4987 2335 5048 sequatur
2379 4976 2571 5030 deinde
2618 4979 2776 5029 ciiani
2821 4976 3116 5048 ineteteris
3148 4977 3246 5029 sint
3290 4978 3523 5029 ministri.

1946 5047 2059 5104 Huc
2089 5047 2229 5102 enim
2264 5048 2465 5102 llilario
2498 5048 2772 5107 usitatum.
2804 5059 2859 5101 ut
2889 5047 2941 5101 in
2990 5047 3197 5102 duabus
3244 5051 3527 5102 selllCllliis'

1943 5120 2321 5190 conjunctione
2347 5131 2394 5173 et
2419 5118 2684 5187 capillatis
2715 5135 2819 5173 nun
2842 5121 3088 5173 eumdem
3116 5121 3343 5173 retineat
3376 5120 3527 5175 verbi

1945 5193 2183 5247 modum.
2217 5190 2575 5246 Prarferebant
2604 5198 2782 5244 tamen
2809 5190 2955 5251 editi,
2992 5200 3111 5245 sunt
3139 5191 3359 5245 ministri

2015 5266 2075 5334 (i)
2123 5263 2269 5334 Lips.
2296 5274 2351 5319 et
2396 5261 2516 5317 Par.
2565 5262 2775 5316 crimine
2808 5278 2826 5316 :
2858 5260 3209 5334 reniti-utilius
3246 5261 3379 5334 illud.
3430 5262 3515 5317 Er.

1944 5344 2002 5391 et
2028 5332 2336 5391 inss.‘l|lud
2364 5335 2569 5389 crimen
2595 5344 2678 5388 est
2711 5348 2922 5397 eorum,
2964 5333 3051 5403 qui
3102 5332 3397 5401 simplicem
3447 5338 3525 5389 rei

1943 5408 2226 5463 credenda:
2274 5404 2677 5475 intelligentiam
2708 5414 3077 5470 corrumpunt.
3124 5406 3308 5459 lalsam
3348 5406 3397 5459 ei
3429 5420 3525 5459 ne—

1943 5480 2573 5551 quiterisubstituentrs.
2602 5476 2735 5551 Tum
2786 5494 2939 5551 εριηι⁸
2971 5476 3271 5551 simplicem,
3324 5478 3376 5531 id
3421 5489 3526 5541 est,

1946 5547 2097 5621 spem
2126 5550 2247 5606 ﬁdei
2274 5550 2534 5621 simplicis
2562 5562 2622 5603 et
2660 5548 2884 5621 scietilia
2910 5547 3209 5621 destitutae,
3233 5549 3299 5621 de
3338 5564 3440 5616 qua
3475 5551 3526 5602 in

1948 5618 2091 5679 Psal.
2119 5638 2265 5683 cxiii.
2295 5618 2495 5688 litflO,
2538 5638 2684 5677 num.
2722 5620 2807 5678 t‘i.
2844 5620 3105 5675 habemus
3132 5639 3143 5673 :
3186 5618 3318 5673 Plus
3344 5630 3414 5672 est
3436 5636 3522 5673 tiu-

1952 5706 2051 5751 tem
2094 5696 2261 5750 nescia
2290 5695 2413 5753 quid
2439 5696 2492 5748 iit
2539 5692 2846 5763 monitione,
2878 5708 3027 5757 unam
3068 5693 3119 5743 in
3163 5693 3284 5759 (ille,
3320 5693 3488 5758 aperis
3517 5735 3529 5751 .

1953 5768 2071 5837 quia
2100 5768 2227 5835 ﬁdes
2258 5767 2403 5820 habet
2433 5766 2731 5820 obedientitr
2759 5766 3015 5829 meritum,
3057 5780 3157 5837 nati
3190 5764 3334 5817 habet
3364 5772 3529 5815 uittam:

1955 5836 2172 5910 l'ugltllﬂ.’
2219 5840 2438 5895 raritatis
2489 5838 2743 5903 ﬁtintittni.
2785 5875 2820 5888 ..
2858 5837 2956 5903 Qui
2986 5836 3163 5895 rrt’tlit,
3209 5845 3364 5890 potest
3395 5836 3529 5899 ium-
