4316 6450
696 274 802 332 {ll-7

1898 268 2138 325 SANCTI
2178 267 2436 326 HILARII
2474 267 2781 329 EPISCOPI

3888 273 3993 332 2t8

702 391 1084 463 pimus.-—Non
1111 400 1197 446 est
1216 391 1450 446 luunano
1481 396 1571 444 aut
1596 386 1779 443 szeculi
1806 401 1967 443 sensu
1998 388 2048 442 in
2082 388 2173 443 Dei
2207 402 2293 443 re-
2325 388 2375 448 Α
2403 389 2557 457 etc.).
2589 388 2644 443 Si
2692 388 2978 445 voluntatis
3008 399 3212 447 tantum
3244 390 3505 447 unitatem
3538 391 3760 462 intelligi
3794 393 3989 448 vellet:

697 486 800 541 bus
824 485 1149 555 loquendum
1173 483 1271 555 (V.
1298 484 1387 539 lib.
1411 500 1483 549 ιιι,
1513 504 1570 537 n.
1604 482 1695 551 14)
1724 498 1933 553 :neque
1956 484 2030 556 (ιι)
2062 497 2154 553 per
2182 482 2298 538 vio-

698 580 899 635 lentam
944 577 1027 647 (ι)
1058 586 1218 649 atque
1247 576 1648 646 imprudentem
1680 577 2114 646 prmdicationem
2139 592 2155 641 ;
2185 590 2297 632 ete-

699 674 916 730 lestium
948 672 1216 727 dictorum
1246 672 1482 737 sanitati,
1513 670 1704 725 alienae
1732 680 1892 740 atque
1922 671 2099 738 impiae
2142 669 2298 723 intel-

699 765 933 836 ligentiae
960 764 1327 835 extorquenda
1354 763 1430 837 (ὁ)
1464 764 1796 835 perversitas
1815 775 1916 819 est.
1947 762 2078 830 Quae
2099 764 2296 832 scripta

699 869 828 913 sunt
854 858 1114 928 legamus,
1139 870 1194 914 et
1218 874 1335 928 qute
1364 856 1652 928 legerimus
1682 857 2043 928 intelligamus
2067 874 2081 909 :
2108 867 2162 911 et
2186 867 2295 911 tum

700 953 956 1024 perfecta!
983 952 1105 1007 fidei
1133 953 1316 1007 olllcio
1357 952 1663 1023 fungentur.
1699 952 1772 1006 De
1812 951 2041 1005 naturali
2067 952 2213 1005 enim
2244 951 2295 1004 in

704 1050 857 1103 uoltis
886 1045 1086 1102 Christi
1111 1045 1338 1100 veritate
1376 1060 1497 1115 quae
1516 1046 1767 1109 dicimus,
1793 1046 1894 1098 nisi
1929 1044 1997 1099 ab
2022 1058 2090 1098 eo
2110 1043 2301 1099 didici-

700 1156 843 1205 mus,
875 1139 1039 1195 stulte
1070 1149 1228 1206 atque
1255 1138 1417 1208 impie
1437 1136 1687 1192 dicimus.
1728 1136 1845 1207 lpse
1872 1138 2012 1190 enim
2044 1137 2137 1203 ait,
2164 1134 2298 1190 Caro

701 1251 812 1287 mea
842 1248 954 1287 vere
1001 1242 1072 1286 est
1107 1250 1240 1294 esra,
1268 1241 1315 1285 et
1344 1232 1555 1297 sanguis
1584 1247 1724 1285 meus
1754 1248 1865 1284 vere
1893 1242 1963 1284 cst
1994 1241 2163 1302 potus.
2183 1229 2299 1295 ‘Qui

701 1331 804 1380 edit
846 1342 1051 1379 carnem
1080 1342 1248 1379 meam
1272 1367 1285 1391 ,
1326 1335 1373 1377 et
1404 1325 1527 1377 bibit
1556 1324 1857 1395 sanguinem
1890 1340 2057 1376 meum
2078 1365 2093 1387 ,
2142 1324 2195 1376 iu
2221 1339 2300 1375 me

703 1430 892 1484 manet,
936 1430 983 1473 et
1024 1435 1118 1489 ego
1161 1436 1215 1471 tu
1258 1435 1317 1472 eo
1344 1416 1523 1489 (Joan.
1559 1434 1633 1483 Vt,
1676 1417 1770 1481 56,
1826 1418 1939 1483 57).
1977 1418 2049 1471 De
2071 1420 2301 1472 veritate

704 1512 885 1566 carnis
912 1520 967 1566 et
994 1513 1271 1581 sanguinis
1298 1526 1404 1566 non
1433 1512 1658 1565 relictus
1682 1518 1767 1565 est
1796 1510 2099 1579 ambigendi
2128 1511 2297 1568 locus.

703 1603 857 1659 Nunc
883 1604 1024 1657 enim
1058 1614 1113 1657 et
1141 1603 1211 1675 (ε)
1235 1603 1405 1670 ipsius
1452 1601 1660 1656 Domini
1704 1601 2040 1670 professione
2062 1644 2077 1667 ,
2115 1611 2170 1657 et
2198 1602 2302 1657 tide

705 1706 886 1752 nostra
912 1712 1039 1753 vere
1062 1712 1191 1753 caro
1216 1707 1317 1762 est,
1348 1704 1402 1752 et
1433 1713 1558 1752 vere
1588 1696 1806 1768 sanguis
1843 1707 1945 1753 est.
1979 1698 2044 1753 Et
2073 1698 2187 1755 haec
2212 1714 2303 1755 ac-

2400 496 2495 535 enr
2518 481 2740 550 gradum
2777 482 3064 552 quemdam
3094 492 3257 554 atque
3282 484 3528 540 ordinem
3553 485 3992 542 consummat-da:

2402 576 2619 630 unitatis
2644 577 2895 645 exposuit
2921 596 2935 631 :
2965 577 3067 632 nisi
3091 585 3153 632 ut
3174 593 3296 633 cunt
3334 578 3423 634 illo
3447 578 3503 635 in
3524 578 3684 635 Patro
3716 594 3813 646 per
3832 588 3991 635 natu-

2402 686 2515 725 ram
2542 670 2836 725 divinitatis
2860 680 3032 736 esset;
3060 682 3367 727 noscontra
3394 672 3449 726 in
3479 686 3547 729 eo
3579 688 3673 743 per
3692 671 3767 745 (e)
3796 687 3993 745 corpo-

2400 764 2567 820 ralem
2599 763 2718 833 ejus
2763 765 3116 831 nativitatem,
3148 774 3203 819 et
3233 764 3324 821 ille
3366 778 3581 821 rursum
3632 766 3686 820 in
3712 767 3870 823 nobis
3898 781 3992 838 per

2400 865 2863 914 sacramentorum
2892 858 3069 913 inesse
3100 859 3419 930 mysterium
3434 858 3753 914 crederetur
3781 879 3796 915 :
3826 875 3891 915 ac
3913 860 3991 917 sic

2401 949 2637 1023 perlecta
2660 966 2755 1019 per
2787 950 3131 1006 Mediauirem
3156 952 3337 1007 unitas
3357 950 3661 1017 doceretur,
3687 967 3809 1008 cum
3838 954 3993 1009 noliis

2402 1043 2455 1098 in
2478 1044 2538 1098 se
2568 1044 2908 1097 manentibus
2937 1044 3052 1113 ipso
3093 1053 3337 1098 maneret
3357 1044 3410 1100 in
3436 1042 3593 1099 Patre
3612 1084 3629 1108 ,
3671 1053 3727 1099 et
3748 1044 3804 1099 in
3834 1045 3991 1101 Patre

2402 1153 2628 1194 manens
2658 1148 2902 1193 maneret
2932 1138 2984 1191 in
3019 1139 3208 1203 nobis;
3240 1148 3297 1193 et
3332 1139 3401 1195 ita
3432 1139 3499 1194 ad
3527 1140 3787 1195 unitatem
3817 1139 3991 1195 Patris

2402 1235 2817 1305 proliceremus,
2846 1232 2914 1305 (Γ)
2929 1246 3050 1287 eum
3075 1234 3165 1303 qui
3187 1233 3237 1287 in
3265 1248 3333 1289 eo
3358 1234 3674 1290 naturaliter
3695 1236 3989 1291 secundum

2404 1327 2736 1382 nativitatem
2768 1328 2927 1392 inest,
2959 1342 3058 1382 nos
3082 1342 3299 1398 quoque
3325 1328 3381 1383 in
3406 1342 3473 1385 eo
3503 1328 3823 1387 naturaliter
3852 1330 3992 1387 ines-

2402 1436 2606 1483 senius,
2641 1422 2757 1488 ipso
2784 1421 2840 1476 in
2867 1419 3018 1477 nobis
3049 1422 3369 1477 naturaliter
3390 1424 3783 1490 permanente?

2476 1517 2564 1572 t6.
2604 1515 2789 1571 Unitas
2818 1518 2927 1571 tice
2962 1532 3116 1587 quoat
3156 1517 3431 1574 naturalis.
3482 1517 3667 1578 Unius
3712 1514 3841 1572 Filii
3880 1533 3996 1572 cum

2406 1608 2584 1664 Patre.
2613 1640 2685 1652 ——
2712 1609 2883 1678 Quam
2903 1618 3081 1664 autem
3104 1609 3362 1665 naturalis
3390 1611 3444 1666 in
3484 1611 3640 1666 nobis
3672 1610 3789 1666 lia-c
3823 1611 3997 1665 unitas

2404 1704 2492 1767 sit,
2522 1706 2636 1773 ipse
2678 1704 2747 1757 ita
2792 1708 3019 1758 testatus
3046 1711 3131 1757 est
3157 1721 3172 1760 :
3202 1702 3305 1771 Qui
3335 1702 3437 1758 edit
3481 1721 3689 1759 carnem
3727 1720 3889 1759 meum
3910 1745 3926 1770 ,
3952 1712 3999 1759 et

701 1804 853 1861 cepta
901 1803 1060 1863 atque
1090 1794 1275 1847 hausta
1308 1792 1357 1845 id
1388 1791 1630 1846 el‘lieiunt
1655 1835 1668 1856 ,
1719 1791 1884 1864 224
1921 1803 1977 1847 ιιι
2005 1804 2057 1847 et
2104 1809 2205 1849 nos
2244 1794 2297 1849 in
2327 1790 2377 1852 Β
2404 1796 2526 1851 bibit
2552 1796 2848 1867 sanguinem
2878 1812 3063 1861 meum,
3086 1796 3236 1850 inme
3259 1805 3449 1864 manet,
3469 1806 3515 1850 et
3542 1813 3635 1870 ego
3666 1798 3721 1850 in
3740 1813 3800 1850 eo
3820 1794 3997 1865 (Joan.

704 1887 800 1940 Chi
821 1890 923 1939 isto
947 1927 961 1950 ,
1007 1898 1063 1940 et
1096 1883 1344 1940 Christus
1374 1886 1424 1939 in
1457 1885 1610 1940 nobis
1640 1886 1727 1939 sit.
1761 1892 1913 1941 Anne
1962 1886 2065 1942 hoc
2104 1888 2303 1943 veritas

704 1982 956 2035 nonest?
986 1979 1271 2048 Contingat
1308 1978 1463 2047 plane
1509 1978 1593 2033 his
1622 1992 1807 2033 verum
1852 1993 1958 2032 non
1993 1992 2115 2034 esse
2139 2022 2155 2048 ,
2210 1980 2301 2050 qui

708 2074 979 2129 Christum
1009 2074 1194 2129 Jesnm
1227 2089 1410 2129 verum
1438 2087 1558 2128 esse
1592 2071 1759 2128 Deum
1781 2073 2069 2145 denegant.
2100 2074 2194 2129 Est
2214 2090 2305 2130 er-

707 2186 777 2239 go
828 2171 877 2222 in
910 2169 1064 2225 nobis
1095 2168 1209 2238 ipse
1238 2183 1332 2237 per
1361 2182 1599 2234 Carnem,
1626 2175 1677 2221 et
1716 2180 1904 2222 sumus
1946 2166 1998 2221 in
2039 2181 2105 2222 eo
2134 2186 2147 2222 :
2179 2167 2307 2223 dum

711 2263 790 2333 (ά)
815 2276 998 2317 secum
1024 2265 1146 2328 hoc,
1171 2262 1312 2331 quod
1346 2274 1446 2315 nos
1473 2275 1680 2326 sumus,
1714 2261 1767 2315 in
1798 2261 1908 2317 Deo
1931 2269 2034 2317 est.

782 2358 868 2410 ις).
895 2355 1136 2425 Perfecta
1169 2357 1336 2421 nobis,
1362 2354 1565 2409 Christo
1596 2357 1879 2419 mediante,
1910 2371 2028 2409 cum
2058 2357 2167 2412 Deo
2192 2360 2313 2413 uni-

712 2450 1059 2517 tas—Quam
1086 2460 1264 2506 autem
1295 2451 1346 2504 in
1378 2466 1443 2507 eo
1466 2465 1562 2519 per
1588 2462 1981 2506 sacramentum
2011 2456 2309 2509 communi-

712 2554 845 2599 catae
876 2546 1055 2597 carnis
1086 2555 1139 2598 et
1167 2544 1445 2613 sanguinis
1476 2543 1667 2603 simus.
1699 2544 1814 2613 ipse
1839 2554 2063 2599 testatur
2092 2546 2309 2616 dicens,

716 2638 781 2691 fit
811 2639 891 2691 hic
920 2638 1141 2691 mundus
1170 2654 1249 2691 me
1262 2636 1377 2707 jam
1400 2654 1499 2691 non
1523 2636 1688 2703 videt;
1719 2654 1805 2692 vos
1832 2648 2000 2692 autent
2024 2655 2103 2692 nte
2128 2640 2316 2694 videbi-

712 2735 777 2787 tis
801 2775 817 2799 ,
864 2734 1103 2801 quoniam
1147 2749 1237 2803 ego
1265 2735 1409 2797 vivo,
1439 2741 1486 2786 et
1514 2747 1599 2785 tios
1628 2734 1836 2801 vinetis;
1866 2734 2108 2803 quoniam
2136 2752 2229 2805 ego
2259 2738 2313 2791 in

716 2827 878 2883 Patre
906 2842 1037 2895 meo,
1058 2838 1104 2883 et
1126 2844 1212 2882 eos
1244 2829 1295 2882 in
1318 2844 1412 2893 me,
1440 2838 1485 2882 et
1509 2828 1675 2899 egoin
1706 2827 1843 2885 vobis
1870 2826 2052 2894 (Joan.
2086 2845 2199 2900 xw,
2222 2830 2310 2898 l9,

815 2971 860 3042 l)
890 2972 1051 3041 Atque
1079 2970 1429 3041 impudentem.

811 3044 865 3111 '2)
898 3043 1036 3104 Ipse.

812 3118 865 3186 ὅ)
903 3114 1161 3171 Vivemus.

711 3268 1047 3319 eramentum
1094 3254 1480 3313 incarnationis
1502 3298 1517 3327 ,
1566 3265 1678 3310 tum
1706 3256 1862 3313 nobis
1892 3259 2300 3317 communicata:
2330 3263 2376 3327 C

715 3348 810 3405 per
838 3338 1230 3405 sacramentum
1282 3326 1665 3405 Eucliaristiae,
1697 3334 1767 3383 sit
1806 3340 2199 3405 sacramentum
2249 3343 2306 3388 ct

716 3400 988 3459 vinculum
1021 3400 1267 3470 perfectzr
1301 3401 1518 3454 unitatis
1546 3409 1744 3474 postne
1779 3402 2008 3474 primum
2039 3419 2102 3458 ac
2128 3420 2224 3474 per
2251 3420 2311 3462 se

716 3492 836 3533 eum
862 3474 1099 3536 Christo,
1134 3490 1200 3528 eo
1228 3482 1405 3527 autem
1441 3472 1706 3526 ttiediume
1729 3488 1850 3527 cum
1874 3473 2052 3529 Patre,

792 3551 865 3618 (α)
897 3545 1140 3601 Nonnulli
1173 3560 1302 3618 mss.
1334 3561 1422 3613 per
1450 3544 1741 3618 violentiam
1768 3561 1786 3599 :
1812 3554 1867 3599 et
1892 3544 2117 3613 deinde,
2160 3556 2311 3615 atque

715 3616 1061 3682 impudentem
1097 3633 1115 3669 :
1145 3616 1284 3686 quod
1314 3620 1474 3670 etiam
1520 3616 1816 3685 praeferunt
1844 3618 2065 3682 excusi,
2115 3618 2310 3674 subse-

721 3694 1008 3761 quentibus
1037 3691 1103 3743 ita
1157 3691 1466 3757 perturhaie
1505 3688 1831 3761 expressis,
1877 3697 1935 3741 nt
1988 3691 2306 3761 vocabulum

719 3758 901 3818 dum
928 3760 1191 3815 referatur
1218 3760 1282 3814 ad
1305 3760 1533 3813 sanitati.
1563 3758 1657 3813 llic
1680 3759 1999 3829 sugillantur
2028 3760 2267 3817 haeretici
2290 3807 2305 3829 ,

720 3838 808 3903 qui
835 3849 1047 3890 eriorea
1070 3848 1194 3887 δοκι),
1220 3842 1311 3885 aut
1340 3835 1585 3884 humans
1619 3830 1931 3886 ratiuncnlis
1957 3844 2048 3887 aut
2080 3834 2307 3892 detortis

721 3916 788 3963 att
811 3907 861 3976 pl
904 3916 1001 3958 .ita
1029 3904 1318 3976 Scriptor-is
1340 3906 1473 3957 tueri
1506 3912 1787 3976 conantur.

798 3975 872 4043 (ibi
900 3978 1057 4032 Solus
1080 3977 1245 4032 codex
1274 3975 1387 4031 Vat.
1423 3979 1533 4029 tias.
1561 3975 1825 4029 diversitas
1858 3992 1876 4031 :
1904 3977 2062 4032 male.
2094 3976 2308 4033 Perver-

723 4054 845 4107 sitas
904 4053 1189 4119 opponitur
1238 4048 1462 4101 sanitati.
1496 4047 1594 4113 Qui
1647 4048 1922 4119 exemplar
1972 4049 2308 4107 Carnutense

725 4118 1026 4179 emendavit
1057 4166 1069 4183 ,
1123 4120 1206 4174 hic
1235 4120 1300 4173 ad
1341 4121 1633 4187 marginem
1672 4118 1979 4190 adseripsit,
2018 4119 2120 4175 Per
2147 4130 2307 4176 totum

722 4198 819 4251 hac.
840 4194 1121 4261 capitulum
1143 4190 1386 4261 Corporis
1411 4201 1456 4245 et
1484 4190 1763 4260 Sanguinis
1784 4193 2027 4246 dominici
2051 4194 2307 4248 veritatem

724 4267 1034 4337 exsequitur.
1070 4267 1136 4319 At
1177 4279 1304 4337 vero
1349 4272 1460 4320 tum
1489 4278 1552 4337 ex
1592 4264 1857 4337 scriptura
1890 4266 2141 4319 soconda:
2166 4266 2307 4321 illius

722 4334 934 4398 manus,
967 4349 1076 4392 tum
1093 4354 1155 4390 ex
1178 4336 1393 4403 antiquo
1406 4334 1589 4390 codice
1610 4334 1738 4388 alia-
1764 4334 2141 4403 Fluriarensis,
2166 4353 2308 4394 nunc

722 4410 1043 4466 (Iolhertinae
1066 4408 1422 4481 bibliotheca’,
1441 4416 1550 4481 not.
1580 4408 1599 4459 l
1623 4405 1840 4481 194οιιή
1866 4410 1916 4461 in
1933 4421 2137 4476 septem
2158 4411 2301 4481 prio-

722 4486 873 4538 ribus
895 4484 1045 4537 lihris
1068 4482 1136 4535 ita
1164 4480 1229 4535 ad
1258 4480 1415 4534 tidem
1441 4479 1788 4532 Carnutensis
1811 4494 2099 4545 expressus
2120 4479 2220 4541 est.
2252 4492 2309 4537 ut

723 4570 909 4611 omnes
940 4571 1001 4607 ac
1022 4554 1163 4609 solas
1196 4553 1452 4607 lectiones
1476 4548 1743 4620 pra-forat,
1769 4566 1888 4620 qua:
1911 4551 1961 4605 in
1992 4552 2085 4607 illo
2116 4568 2309 4608 secun-

723 4630 805 4681 dis
832 4627 975 4681 curis
1018 4625 1239 4694 adjectm
1277 4621 1458 4692 sunt),
1512 4622 1664 4676 facile
1711 4623 1967 4689 probatur
1993 4624 2304 4694 praedictum

722 4715 825 4753 ius.
854 4710 975 4751 ante
998 4710 1168 4750 annos
1198 4696 1320 4758 700,
1356 4696 1519 4749 fuisse
1550 4694 1914 4748 einendattun.

793 4770 866 4842 (ιτ)
890 4770 1024 4836 Quid
1047 4778 1127 4823 est
1154 4769 1323 4842 ipsius
1345 4768 1545 4842 flamini
1573 4767 1911 4842 professione,
1942 4766 2040 4842 nisi
2064 4768 2306 4842 ipsismet

722 4838 919 4896 (.‘liristi
952 4838 1326 4907 verbisitQuid
1356 4838 1550 4892 deinde
1577 4847 1621 4889 et
1644 4838 1745 4905 ﬁde
1773 4849 1963 4896 nostra.
1990 4838 2087 4892 nisi
2112 4856 2176 4894 ex
2200 4841 2305 4895 ﬁde

720 4913 1005 4979 Ecclesiie,
1056 4912 1266 4966 Domini
1299 4910 1459 4965 verba
1489 4923 1536 4962 ut
1571 4922 1764 4965 sanant
1796 4912 2177 4979 intelligentis?
2224 4912 2303 4969 Ex

719 5003 828 5055 quo
855 4985 1019 5055 liquet
1054 4984 1310 5037 Hilarium
1338 4982 1570 5037 sensisse
1602 4982 1759 5055 tidem
1795 4992 2029 5055 nostram
2061 4982 2151 5038 Dei
2180 4998 2302 5038 vor-

721 5052 806 5112 IliS
834 5052 984 5111 inniti
1016 5055 1244 5119 debere,
1294 5055 1386 5108 Dei
1415 5067 1592 5107 antem
1626 5053 1785 5109 veiha
1816 5069 1876 5110 ex
1910 5052 2015 5107 tida
2047 5055 2303 5109 Ecclesia:

720 5130 1072 5196 ιτκιιῐὶοιιιιιιςις
1102 5142 1261 5195 atque
1287 5142 1349 5181 ex
1376 5134 1597 5197 utroque
1620 5126 1710 5179 illo
1740 5127 1913 5196 capite
1951 5124 2256 5181 confirmari
2282 5168 2298 5192 ,

721 5216 820 5254 nos
852 5201 902 5253 in
933 5199 1261 5253 l‘lttchott‘istia
1295 5214 1473 5254 veram
1515 5198 1717 5251 Christi
1754 5212 1979 5253 carnem
2011 5212 2304 5261 verumque

719 5272 1030 5342 Sanguinem
1072 5272 1335 5342 accipere.
1367 5269 1669 5337 Quamlibet
1700 5270 1855 5324 aliam
1904 5270 2306 5337 interpretatio-

718 5340 839 5397 nem
870 5344 1150 5397 verborum
1186 5361 1197 5395 :
1231 5340 1362 5395 Caro
1395 5355 1507 5394 mea
1536 5358 1646 5396 vere
1678 5353 1752 5396 est
1782 5358 1916 5409 esca,
1947 5348 2078 5407 etc.,
2106 5342 2302 5398 violen-

716 5426 818 5468 tam
846 5429 964 5469 esse
994 5428 1287 5480 prmmonet
1306 5424 1453 5481 atque
1475 5415 1861 5475 imprudentem.

792 5489 869 5553 (rt)
900 5487 1020 5540 Mss.
1054 5484 1177 5541 Vat.
1208 5492 1319 5541 tias.
1348 5486 1560 5540 Martia.
1590 5485 1751 5541 Carn.
1786 5485 2113 5543 Sorbonicus
2139 5505 2295 5556 unus,

722 5573 783 5611 nr
814 5560 918 5611 duo
948 5557 1262 5619 Collurtini,
1310 5574 1413 5613 non
1440 5565 1619 5613 tanien
1647 5557 1935 5627 antiquior,
1966 5560 2088 5614 dum
2114 5578 2297 5616 secun-

724 5631 841 5683 dum
888 5632 981 5682 hoc
1009 5646 1026 5683 :
1058 5645 1160 5683 nou
1191 5630 1437 5683 videntur
1464 5630 1581 5684 aliis
1630 5629 1777 5684 libris
1810 5632 2125 5700 praeferendi
2153 5676 2168 5698 ,
2201 5634 2296 5689 sed

724 5704 835 5754 illl‘C
885 5702 951 5753 ita
984 5702 1321 5767 intelligenda
1358 5720 1369 5755 :
1401 5701 1526 5755 dum
1581 5703 1736 5756 simul
1782 5718 1903 5757 cum
1942 5704 2175 5765 Christo,
2210 5707 2294 5761 cui

716 5775 984 5839 conjuncti
1034 5790 1253 5838 ηυιιιιιδ,
1310 5774 1409 5829 hoc
1456 5774 1597 5844 quod
1649 5790 1745 5831 nos
1786 5792 1969 5833 sumus
1995 5787 2075 5834 est
2103 5779 2156 5837 in
2186 5777 2295 5836 Ι)εο

716 5858 886 5911 tunc,
915 5862 1034 5899 eum
1061 5862 1165 5916 quo
1192 5847 1283 5903 ille
1315 5862 1474 5902 unum
1504 5857 1605 5905 eat.

2335 4666 2384 4727 Ι)

2409 1910 2484 1959 vi,
2513 1892 2627 1962 57).
2653 1891 2768 1948 Non
2792 1892 2936 1947 enim
2962 1892 3083 1962 quis
3110 1890 3163 1945 in
3182 1905 3249 1947 eo
3269 1891 3393 1957 erit,
3418 1890 3519 1946 nisi
3544 1893 3595 1945 in
3618 1905 3725 1961 quo
3752 1893 3867 1958 ipse
3884 1893 4002 1947 fue-

2410 1990 2513 2045 rit:
2544 1989 2660 2057 ejus
2690 1995 2891 2041 tantum
2920 1986 2997 2058 (2)
3024 1986 3075 2041 in
3107 2002 3165 2041 se
3181 1998 3513 2057 assumptam
3539 1986 3745 2044 habens
3761 1997 3998 2053 carnem,

2411 2084 2681 2156 quisnam
2722 2082 3029 2152 sumpserit.
3080 2078 3339 2137 Perfecta:
3384 2090 3565 2135 autem
3597 2080 3757 2150 hujus
3787 2077 4007 2135 unitatis

2413 2177 2576 2251 225
2610 2184 3006 2231 εθεῖθηιθσηυηῑ
3034 2173 3115 2246 (9)
3154 2172 3405 2243 superius
3446 2173 3556 2244 iam
3587 2172 3882 2236 docuerat,
3927 2172 4007 2227 di-

2413 2285 2575 2326 cens:
2603 2268 2749 2325 Sicut
2773 2268 2911 2322 misit
2938 2282 3019 2321 rue
3043 2267 3213 2321 niveus
3242 2264 3420 2330 Pater,
3446 2274 3495 2320 et
3523 2282 3616 2341 ego
3651 2268 3761 2320 viso
3781 2281 3872 2338 per
3903 2263 4011 2320 Po-

2416 2378 2541 2423 trem
2564 2384 2582 2419 .”
2613 2374 2663 2420 et
2698 2362 3192 2436 quipuaudncaurit
3214 2377 3383 2415 metu
3408 2376 3633 2425 seruent,
3673 2370 3721 2415 et
3748 2362 3857 2432 ipse
3883 2362 4010 2414 sinet

2412 2476 2505 2532 per
2533 2475 2612 2512 me
2648 2455 2811 2531 (Ibid.
2844 2454 2957 2527 58).
3008 2454 3147 2511 Vivit
3189 2469 3322 2526 ergo
3363 2468 3459 2523 per
3505 2454 3718 2509 Patrem
3750 2470 3764 2507 :
3793 2463 3851 2507 et
3902 2468 4011 2523 quo

2420 2554 2581 2612 modo
2608 2568 2702 2625 per
2724 2553 2936 2608 Patrem
2962 2549 3113 2615 vivit,
3141 2548 3336 2604 eodem
3355 2547 3517 2603 modo
3540 2562 3639 2602 nos
3665 2561 3762 2616 per
3788 2560 4009 2601 carnem

2418 2649 2536 2719 ejus
2567 2647 2646 2718 (3)
2677 2647 2922 2700 vivimus.
2952 2640 3145 2699 Omnis
3186 2640 3330 2697 enim
3361 2638 3693 2709 comparatio
3718 2636 3785 2693 ad
3809 2638 4010 2693 intelli-

2417 2742 2610 2814 gentiae
2639 2743 2862 2794 tormam
2893 2735 3235 2808 presumitur
3263 2752 3275 2787 :
3308 2742 3365 2789 ut
3408 2731 3459 2787 id
3482 2776 3496 2795 ,
3528 2732 3598 2789 de
3632 2748 3741 2804 quo
3790 2732 3966 2802 agitur
3994 2774 4006 2797 ,

2416 2833 2715 2893 secundum
2766 2831 3100 2904 propositum
3152 2825 3459 2898 exemplum
3508 2825 3588 2899 (ι)
3635 2840 4007 2897 assequamur.

2489 2974 2571 3047 (ι)
2624 2972 2781 3047 Prius
2817 2969 3095 3041 legebatur
3123 3006 3140 3032 ,
3192 2972 3510 3038 assequatur.
3567 2964 3789 3023 llectins
3837 2963 4011 3022 codex

2417 3046 2769 3112 Vernueusis,
2810 3055 3154 3113 assequamur.

2478 3257 2550 3327 (e)
2580 3256 2636 3313 ld
2665 3262 2766 3327 est,
2786 3268 2902 3327 per:
2919 3264 3116 3327 corpus
3140 3247 3282 3317 quod
3308 3264 3372 3303 ex
3404 3247 3567 3304 Maria
3590 3247 3862 3305 nascendo
3886 3265 4009 3305 ευδ-

2413 3322 2556 3401 cepit
2582 3343 2645 3385 ex
2674 3322 2847 3401 nobis.
2873 3322 3076 3401 Deinde
3097 3329 3284 3401 autem
3302 3338 3393 3401 per
3417 3332 3851 3401 sacramentorum
3877 3339 4010 3394 rays.

2415 3392 2599 3458 teriam
2615 3398 3006 3456 Eucharistiam
3020 3393 3287 3464 designari
3314 3392 3531 3463 planum
3553 3403 3656 3452 est.
3681 3400 3742 3448 ut
3756 3392 4009 3450 constiti.

2414 3484 2498 3531 ter
2524 3481 2875 3544 prosequatur
2919 3467 3151 3523 Hilarius
3180 3479 3338 3521 suum
3379 3464 3678 3521 bimembre
3712 3479 4005 3538 argument-

2478 3564 2547 3602 m.

2414 3558 2555 3690 mihi)
2586 3616 2699 3673 Hoc
2725 3614 2825 3671 sihi
2863 3612 2970 3669 volt
2996 3628 3010 3665 :
3038 3626 3161 3690 eum
3185 3610 3238 3665 in
3268 3607 3507 3690 Christo,
3535 3608 3626 3682 qui
3653 3609 3707 3663 in
3726 3609 3886 3667 Patre
3913 3627 4006 3667 na-

2414 3683 2655 3745 turaliter
2701 3689 2840 3743 inest
2883 3685 3179 3740 secundum
3206 3683 3542 3737 nativitatem
3569 3692 3860 3751 aeternam,
3907 3700 4004 3741 nos

2414 3766 2615 3832 pariter
2646 3763 2944 3815 inessemus
2974 3770 3071 3832 per
3098 3764 3402 3832 susceptam
3442 3754 3513 3832 ab
3538 3768 3604 3809 eo
3633 3769 3851 3832 carnem
3876 3772 4001 3832 nos-

2412 3827 2570 3897 iram.
2604 3832 2794 3889 eodem
2840 3833 2959 3898 ipso
2984 3828 3201 3882 Christo
3229 3842 3440 3882 rursum
3465 3827 3521 3881 in
3562 3827 3718 3883 nobis
3745 3830 4003 3898 naturali-

2412 3919 2495 3963 ter
2528 3897 2874 3975 permanente
2911 3916 3003 3973 per
3031 3900 3299 3971 impertita
3321 3900 3500 3955 carnis
3524 3906 3580 3954 et
3606 3897 3886 3972 sanguinis
3916 3902 3999 3957 sui

2412 3988 2767 4035 Sacramenta.

2485 4052 2561 4124 (θ)
2591 4051 2729 4124 Cum
2744 4050 2905 4124 locus
2940 4045 3212 4124 subjectus
3256 4045 3308 4099 in
3348 4042 3644 4124 Evangelia
3680 4043 3903 4102 inferior
3930 4047 4001 4124 sit

2413 4115 2657 4190 proii'ime
2686 4120 2848 4176 allato
2871 4135 2934 4173 ex
2962 4115 3118 4190 tofm.
3155 4131 3231 4184 vi,
3261 4132 3380 4190 nou
3402 4115 3560 4190 hujus
3588 4126 3834 4186 respectu
3856 4160 3874 4186 ,
3904 4120 3997 4175 sed

2413 4187 2660 4264 respectu
2686 4193 2905 4249 alterius
2932 4205 2997 4246 ex
3028 4188 3187 4246 Joan.
3220 4204 3328 4264 siv.
3361 4189 3449 4255 i9,
3472 4187 3558 4264 hic
3587 4190 3834 4264 superior
3856 4207 3994 4245 utin-

2412 4260 2651 4337 ciipatur
2710 4265 2824 4319 Mox
2866 4279 2899 4337 e
2925 4278 3053 4337 mss.
3103 4260 3433 4337 restituimus
3475 4263 3615 4337 vivus
3653 4260 3814 4316 Pater
3840 4309 3855 4329 ,
3899 4279 3998 4334 pro

2411 4332 2601 4393 tinens.
2632 4337 2770 4393 Tum
2790 4334 2957 4390 codex
2984 4334 3103 4389 Vat.
3140 4334 3235 4388 bas
3286 4342 3333 4387 et
3362 4348 3453 4403 ego
3493 4332 3603 4385 viso
3645 4344 3851 4403 propter
3896 4332 3998 4391 Pa-

2413 4421 2558 4463 trem.
2594 4407 2797 4465 Deinde
2824 4407 2876 4461 in
2918 4406 3137 4462 Joannis
3174 4404 3575 4475 exemplaribus
3618 4405 3807 4476 gmcis
3832 4417 3887 4462 et
3914 4409 3995 4462 la.

2412 4483 2539 4537 tinis
2568 4496 2708 4535 nunc
2738 4476 3133 4542 circumlertur,
3164 4488 3210 4532 et
3230 4478 3315 4544 qui
3345 4476 3620 4531 ntundurat
3648 4494 3746 4538 me,
3776 4494 3905 4545 non,
3949 4491 3997 4536 et

2410 4558 2499 4623 qui
2521 4553 3119 4607 manducaueritcarnem
3159 4567 3341 4604 meam.
3394 4549 3602 4615 Quibus
3637 4550 3918 4619 subjicitur
3941 4553 3993 4609 in

2413 4642 2513 4680 nis.
2550 4624 2759 4679 Martio.
2795 4633 2841 4677 et
2862 4623 2973 4695 ipse
2993 4623 3124 4695 givit
3160 4623 3341 4695 inme,
3371 4637 3501 4681 non,
3531 4623 3711 4695 etipse
3748 4624 3874 4680 viret
3907 4643 3996 4695 per

2410 4714 2507 4753 me.
2559 4698 2712 4763 Qttod
2753 4710 2819 4751 ex
2861 4694 2961 4748 lioc
2992 4693 3265 4764 Evangelii
3314 4694 3433 4749 loco
3474 4694 3691 4765 coniicit
3720 4693 3987 4765 Hilarius,

2411 4767 2828 4823 Sacramentarii
2859 4765 3023 4835 probe
3048 4766 3352 4835 expenclant
3378 4766 3556 4819 velim.
3602 4764 3691 4822 Sic
3732 4768 3876 4823 enim
3909 4764 3995 4826 ra-

2411 4841 2729 4913 tiociuatur:
2785 4839 2861 4913 ltaﬁ
2900 4838 3154 4913 Christus
3192 4838 3319 4913 vivit
3367 4852 3460 4905 per
3492 4836 3715 4913 Patrem
3774 4850 3993 4913 accepta

2410 4912 2552 4967 illius
2584 4922 2791 4976 natura,
2822 4912 2959 4964 sicut
2990 4924 3088 4964 nos
3108 4910 3335 4964 vivimus
3364 4925 3459 4981 per
3480 4908 3751 4965 Christum
3773 4908 3990 4982 accepta

2408 4982 2580 5054 ipsius
2607 4998 2787 5039 carne.
2820 4982 2955 5037 Tum
2984 4984 3146 5037 sumit
3164 4983 3316 5054 quasi
3346 4995 3459 5037 rem
3488 4983 3658 5053 magis
3693 4992 3895 5047 notam,
3922 4986 3991 5043 de

2446 5071 2511 5128 ua
2544 5056 2762 5111 minime
2791 5054 3179 5128 contenderent
3208 5052 3409 5128 Ariani
3434 5071 3445 5105 :
3478 5052 3621 5128 atqui
3648 5054 3874 5111 vivimus
3898 5074 3993 5128 per

2435 5126 2677 5183 Ibristum
2707 5139 2951 5199 naturam
2980 5126 3119 5199 illius
3144 5132 3323 5199 carnis
3348 5126 3524 5199 adepti
3553 5128 3752 5199 {adeo
3798 5140 3853 5183 nt
3894 5126 3991 5199 per

2407 5200 2587 5254 carnis
2628 5199 2767 5253 illius
2796 5197 3257 5263 manducationem
3285 5195 3558 5252 Christum
3588 5198 3641 5252 in
3671 5199 3827 5254 nobis
3868 5195 3986 5255 car-

2407 5271 2619 5327 nalihus
2654 5271 2942 5327 carnaliter
2971 5279 3275 5325 manentem
3310 5268 3620 5324 habt-amns.
3667 5270 3745 5327 Ac
3771 5272 3986 5329 demum

2406 5344 2668 5398 adversus
2694 5342 2922 5399 Arianos
2947 5357 3063 5397 rem
3089 5385 3102 5405 ,
3145 5340 3285 5394 unde
3314 5341 3597 5411 litigabant
3620 5384 3633 5404 ,
3674 5344 3947 5401 concludit
3971 5366 3983 5400 :

2407 5412 2552 5485 Ergo
2578 5425 2626 5469 et
2653 5414 2897 5471 Christus
2923 5414 3052 5468 vivit
3079 5429 3173 5482 per
3204 5412 3439 5476 Patrem,
3467 5425 3685 5483 accepta
3708 5416 3988 5485 ipsiusmet

2407 5499 2598 5542 natura
2623 5486 2799 5542 divina
2825 5504 2839 5552 ;
2870 5488 2939 5540 ita
2969 5496 3018 5539 ut
3050 5485 3521 5558 Patrrsecnndum
3552 5486 3812 5558 Spiritum
3842 5531 3854 5551 ,
3885 5489 3985 5546 hoc

2401 5568 2503 5621 est,
2539 5560 2829 5615 secondum
2856 5568 3097 5613 naturam
3124 5556 3358 5611 divinam
3380 5558 3427 5611 ei
3450 5556 3650 5625 ditant,
3674 5562 3986 5618 naturaliter

2401 5630 2453 5686 in
2483 5646 2547 5686 eo
2576 5642 2808 5686 maneat.
2858 5630 2956 5700 Qui
2987 5640 3296 5700 argumenta
3343 5639 3448 5683 tam
3495 5632 3637 5686 clam
3668 5632 3772 5685 alio
3801 5631 3983 5689 detor-

2399 5719 2562 5772 quere
2588 5720 2869 5765 conamur,
2901 5701 3136 5755 indicant
3166 5701 3245 5755 vel
3276 5717 3334 5757 se
3385 5702 3523 5756 mala
3553 5704 3657 5757 tlde
3684 5719 3864 5772 agere,
3894 5709 3979 5761 vel

2396 5778 2583 5830 δίιιιιιιιι
2626 5787 2886 5847 quantuni
2930 5774 3071 5845 apud
3112 5773 3359 5831 homines
3386 5776 3594 5845 possint
3620 5776 3981 5848 praejudicatx

2398 5849 2595 5906 mentis
2619 5850 2919 5921 opiniones.
