4316 6498
430 298 535 358 Si!)

1596 301 1681 359 DE
1719 301 2090 360 TRINITATE
2131 303 2334 361 LIBlLR
2378 305 2508 362 \‘lll.

3604 311 3714 370 250

433 416 556 473 llzrc
582 431 714 488 ergo
742 415 863 472 vita:
891 425 1090 473 nostrae
1115 431 1276 474 causa
1302 425 1416 484 est,
1445 417 1588 490 quod
1617 417 1669 474 in
1715 418 1870 474 nobis
1898 433 2015 474 car-
2041 420 2096 483 Α
2121 418 2172 484 7,
2205 417 2262 486 9,
2293 419 2382 486 lt),
2414 419 2524 491 l2).
2557 418 2669 478 lloc
2694 421 2768 490 (li)
2799 437 2904 478 non
2938 432 3158 493 praestat
3180 434 3446 490 creatura,
3484 424 3578 481 sed
3617 441 3711 482 na-

433 508 643 568 ualibus
680 519 986 566 manentem
1013 525 1112 582 per
1147 525 1369 568 carnem
1391 508 1665 568 Christum
1714 510 2010 568 habemus:

433 603 650 659 victuris
677 603 834 659 nobis
872 618 968 673 per
1004 619 1126 659 eum
1157 619 1220 660 ea
1243 604 1550 660 conditione
1573 646 1590 672 ,
1632 620 1735 676 qua
1767 605 1891 660 vivit
1922 604 2014 660 ille

432 712 524 769 per
554 695 786 752 Patrem.
819 694 876 752 Si
919 709 1049 768 ergo
1077 711 1176 752 nos
1216 697 1531 754 naturaliter
1557 699 1854 754 secundum
1893 713 2014 756 car-

429 805 551 846 nem
578 803 672 860 per
699 803 823 846 eum
861 791 1090 846 vivimus
1114 829 1132 855 ,
1179 788 1232 844 id
1262 801 1378 854 est,
1408 799 1652 847 naturam
1687 793 1868 848 carnis
1899 807 2014 848 sua:

426 882 608 952 adepti
641 880 952 953 :qnomodo
993 898 1101 940 non
1149 883 1468 940 naturaliter
1511 883 1808 942 secundum
1851 885 2015 956 Spiri-

424 984 537 1033 tum
561 976 615 1032 in
645 989 704 1032 se
725 975 938 1032 Patrem
959 975 1184 1045 habeat,
1202 991 1326 1033 cum
1346 979 1491 1033 vivat
1509 979 1627 1048 ipse
1645 993 1740 1049 per
1756 978 2014 1036 Patrem?

424 1069 527 1126 l’er
556 1069 764 1126 Patrem
794 1077 976 1126 autem
1003 1070 1154 1137 vivit.
1187 1069 1314 1126 dum
1358 1071 1604 1128 nativitas
1636 1089 1742 1128 non
1781 1073 2010 1129 alienam

420 1165 472 1221 ei
501 1164 680 1222 intulit
701 1163 1079 1238 diversamque
1107 1174 1377 1234 naturam,
1409 1166 1536 1222 dum
1563 1166 1708 1238 quod
1736 1176 1840 1233 est,
1872 1169 2013 1224 etab

419 1272 488 1314 eo
510 1270 614 1322 est,
647 1272 748 1314 nec
779 1267 958 1316 tamen
987 1258 1054 1316 ab
1079 1273 1146 1315 eo
1171 1275 1264 1330 per
1294 1260 1528 1332 aliquam
1559 1258 1891 1318 incidentem
1915 1276 2013 1319 na-

420 1362 553 1410 tura:
581 1351 1073 1411 dissimilitudinem
1104 1363 1405 1425 separatur;
1435 1355 1564 1411 dum
1591 1355 1643 1411 in
1671 1368 1731 1411 se
1759 1371 1856 1427 per
1873 1356 2012 1412 nati—

419 1447 635 1504 vitatem
658 1447 820 1506 habet
847 1447 1060 1503 Patrem
1082 1446 1138 1504 in
1169 1449 1367 1505 virtute
1391 1456 1619 1503 naturze.

492 1543 578 1597 ΓΙ.
611 1538 878 1613 Epilogus.
911 1540 1039 1598 llaec
1063 1549 1247 1597 autem
1277 1541 1478 1596 idcirco
1519 1556 1550 1596 a
1579 1541 1737 1597 nobis
1766 1556 2008 1598 comme-

415 1644 626 1693 morata
673 1645 841 1699 sunt,
883 1634 1007 1704 quia
1039 1633 1334 1691 voluntatis
1375 1643 1581 1691 tantum
1628 1635 1769 1691 inter
1795 1635 2007 1691 Patrem

415 1739 471 1788 et
492 1730 686 1788 Filium
708 1731 966 1786 unitatem
996 1728 1240 1786 haeretici
1273 1729 1618 1796 mentientes,
1646 1730 1867 1787 unitatis
1905 1749 2007 1788 no-

2121 510 2336 578 Iivitas;
2383 528 2492 569 non
2520 512 2683 570 ellicit
2712 515 2998 582 voluntas,
3026 515 3123 573 sed
3157 526 3433 588 potestas;
3484 533 3592 574 non
3632 518 3712 574 lo-

2115 605 2299 675 quitur
2330 605 2658 663 unanimitas
2684 647 2700 671 .
2731 607 2807 679 (c)
2836 610 2934 664 sed
2971 619 3191 665 natura:
3239 611 3363 679 quia
3405 625 3514 668 nou
3543 625 3710 668 unum

2116 705 2201 750 est
2227 699 2436 765 creari,
2467 708 2522 755 ct
2557 699 2743 768 nasci;
2775 716 2950 770 neque
2980 702 3116 760 velle
3138 701 3188 757 id
3221 702 3395 773 ipsum
3421 712 3535 770 est,
3565 702 3709 773 quod

2115 797 2172 846 et
2198 805 2394 862 posse;
2428 807 2602 866 neque
2626 794 2963 852 concordare
2988 795 3130 851 idem
3157 804 3260 857 est,
3290 796 3433 867 quod
3464 809 3704 852 manere.

2191 883 2280 939 l9.
2330 883 2656 944 Unantmitus
2684 904 2785 942 non
2812 898 3058 960 negatur,
3091 890 3217 944 dum
3240 889 3485 947 asseritur
3515 890 3706 944 unitas.

2119 973 2196 1031 De
2241 975 2412 1031 Putris
2450 986 2496 1031 ct
2545 975 2670 1033 Filii
2706 980 2899 1036 unitate
2937 993 3174 1052 apertum
3221 981 3583 1036 testimonium.
3635 1009 3709 1024 —-

2114 1068 2232 1124 Non
2265 1083 2526 1140 negamus
2571 1072 2733 1143 igitur
2764 1072 3171 1131 unanimitatem
3217 1075 3353 1130 inter
3399 1073 3611 1131 Patrem
3653 1082 3710 1129 et

2116 1161 2342 1217 Filium:
2389 1178 2512 1219 nam
2559 1163 2659 1220 hoc
2702 1164 2882 1221 solent
2913 1167 3153 1223 lueretici
3182 1167 3443 1236 mentiri,
3483 1179 3542 1222 ut
3585 1165 3707 1222 cum

2113 1256 2285 1312 solam
2331 1256 2674 1314 concordiam
2717 1258 2798 1330 (ιι)
2838 1259 2903 1315 ad
2936 1260 3196 1316 unitatem
3227 1276 3332 1316 tton
3379 1261 3665 1332 recipimus
3691 1301 3705 1328 ,

2114 1349 2393 1408 discordes
2431 1366 2526 1408 eos
2564 1369 2593 1407 a
2625 1352 2781 1408 nobis
2807 1353 3065 1410 allirmat-i
3112 1355 3417 1427 loquantur.
3472 1354 3580 1412 Sed
3607 1371 3706 1410 au-

2114 1443 2264 1500 diant
2291 1461 2452 1516 qnam
2474 1462 2504 1500 a
2535 1445 2686 1501 nobis
2718 1445 3044 1502 tritanimitas
3085 1462 3190 1503 non
3230 1458 3474 1518 negetur.
3529 1446 3706 1506 Unum

2113 1549 2240 1596 sunt
2265 1539 2422 1597 Pater
2447 1549 2505 1598 et
2535 1539 2703 1596 Filius
2744 1547 2931 1596 natura
2959 1581 2976 1609 ,
3024 1541 3230 1597 honore
3253 1582 3270 1607 ,
3297 1541 3498 1599 virtute
3545 1560 3557 1594 :
3609 1558 3706 1599 nec

2115 1641 2306 1690 natura
2329 1633 2521 1690 eadem
2552 1642 2736 1706 potest
2762 1633 2904 1690 velle
2923 1633 3158 1690 diversa.
3197 1634 3266 1690 Et
3289 1634 3512 1691 audiant
3530 1634 3706 1692 adhuc

2114 1737 2319 1783 natura:
2357 1729 2457 1783 sibi
2489 1743 2610 1784 cum
2652 1727 2815 1785 Patre
2859 1729 3120 1784 unitatem
3149 1729 3345 1786 Filium
3376 1737 3703 1793 testantem;

413 1835 542 1882 strae
567 1825 634 1881 ad
664 1825 830 1882 Deum
856 1824 1147 1882 utebantur
1189 1825 1438 1896 exemplo
1461 1864 1478 1892 ,
1531 1836 1802 1898 tamquam
1854 1827 2010 1884 nobis
2038 1829 2085 1891 Β
2113 1823 2188 1878 ait
2209 1824 2351 1878 enim
2373 1842 2384 1878 :
2409 1822 2535 1879 Cum
2559 1826 2746 1880 verterit
2772 1823 3175 1893 adnocotusitle,
3209 1841 3360 1896 quem
3389 1841 3479 1896 ego
3504 1833 3705 1882 mittam

413 1919 480 1977 ad
508 1921 702 1978 Filium
733 1962 748 1985 ,
779 1928 836 1975 et
866 1934 962 1993 per
983 1919 1177 1976 Filium
1205 1921 1273 1975 ad
1315 1919 1528 1976 Patrem
1555 1962 1573 1987 ,
1600 1922 1861 1993 obsequio
1892 1930 2011 1978 tan—

415 2024 526 2070 tum
555 2029 620 2070 ac
645 2015 920 2070 voluntate
950 2012 1230 2084 religionis
1254 2014 1418 2069 unitis
1443 2056 1458 2079 ,
1508 2015 1653 2070 nulla
1695 2031 1791 2085 per
1831 2030 2009 2072 sacra-

413 2119 655 2166 mentum
698 2108 880 2164 carnis
919 2117 975 2163 et
1010 2107 1290 2178 sanguinis
1321 2108 1585 2164 naturalis
1610 2108 2010 2166 communionis

414 2205 716 2276 proprietas
745 2202 1144 2274 indulgeretur:
1192 2217 1316 2258 cum
1357 2213 1408 2258 et
1437 2217 1532 2272 per
1563 2201 1826 2259 honorem
1855 2203 2009 2260 nobis

414 2296 598 2353 datum
620 2295 764 2356 Filii.
792 2305 849 2352 et
879 2310 972 2366 per
994 2305 1304 2353 manentem
1334 2295 1390 2351 in
1418 2295 1574 2352 nobis
1610 2297 1688 2368 (ε)
1718 2297 2011 2354 carnaliter

416 2390 636 2460 Filium.
665 2401 721 2449 et
749 2391 803 2448 io
831 2407 900 2448 eo
928 2392 1085 2449 nobis
1111 2390 1468 2462 corporaliter
1497 2401 1548 2446 et
1580 2392 2011 2463 inseparabiliter

417 2488 601 2556 unitis,
628 2487 946 2561 mysterium
977 2499 1121 2542 verae
1151 2499 1216 2542 ac
1238 2472 1499 2542 naturalis
1525 2484 1745 2542 unitatis
1771 2485 1842 2541 sit
1871 2502 2008 2558 prmo

416 2582 726 2638 dicandum.

490 2676 578 2731 l8.
615 2673 801 2731 Unitas
835 2673 962 2729 Filii
989 2682 1036 2730 et
1076 2672 1253 2729 Patris
1296 2672 1487 2727 diserte
1521 2673 1578 2727 in
1609 2672 1895 2743 Scripturis
1921 2689 2008 2727 as—

415 2777 568 2822 serta.
597 2798 668 2809 —-
693 2766 1033 2838 Responsum
1068 2768 1231 2836 igitur
1270 2781 1298 2822 a
1332 2765 1488 2823 nobis
1524 2775 1610 2822 est
1645 2766 1884 2822 stultitim
1929 2767 2012 2822 l'tt-

416 2862 672 2926 rentium,
700 2860 768 2915 ad
787 2859 1304 2916 demonstrationem
1335 2869 1544 2914 tantum
1574 2859 1752 2914 inanis
1789 2857 2012 2916 menda-

415 2954 522 3011 cii:
569 2969 638 3010 ne
684 2952 965 3024 imperitos
1013 2951 1262 3008 fallerent
1293 2967 1445 3007 vana:
1473 2967 1535 3008 ac
1563 2951 1802 3008 ridicqu
1828 2967 2006 3008 asser-

417 3047 579 3104 tionis
627 3060 831 3104 errore.
885 3043 1152 3102 Caeterum
1192 3044 1328 3102 lides
1364 3047 1676 3118 evangelica
1701 3048 2008 3119 responsio-

417 3139 498 3195 nis
526 3147 725 3195 nostrae
753 3139 1076 3195 necessitate
1105 3153 1213 3194 non
1248 3139 1413 3209 eguit.
1463 3137 1736 3196 Uoitatem
1767 3150 2006 3196 nostram

2116 1917 2252 1970 vobis
2276 1934 2309 1972 α
2340 1915 2518 1984 Putre,
2551 1916 2805 1990 Spiritum
2828 1918 3070 1985 veritatis,
3102 1920 3189 1988 qui
3208 1937 3241 1972 ιι
3266 1916 3428 1973 Patre
3453 1935 3563 1974 meo
3581 1935 3704 1991 pra-

2111 2009 2264 2073 cedit,
2294 2009 2400 2081 ipse
2429 2009 2783 2080 lestiﬁeabitur
2811 2009 2875 2064 de
2897 2013 3015 2082 τηε(
3038 2009 3196 2065 Joan.
3231 2027 3322 2076 xv,
3347 2009 3482 2084 26).
3527 2010 3707 2068 Advo-

2111 2115 2264 2160 catus
2292 2105 2470 2160 veniet
2488 2129 2520 2169 ,-
2537 2115 2588 2161 et
2620 2106 2762 2161 hunc
2787 2106 2966 2160 mittet
2987 2103 3152 2162 Filius
3173 2120 3205 2161 δ
3236 2104 3417 2173 Patre,
3459 2114 3514 2162 et
3538 2105 3706 2177 Spiri-

2114 2205 2198 2251 tus
2229 2197 2468 2254 veritatis
2487 2207 2592 2261 est.
2624 2205 2714 2270 qui
2745 2213 2777 2253 a
2802 2198 2963 2256 Patre
2995 2199 3253 2268 procedit.
3291 2198 3538 2254 Excutiat
3563 2198 3707 2270 inge:

2113 2291 2188 2346 nii
2213 2295 2294 2347 sui
2315 2291 2533 2348 aculeos
2553 2292 2732 2348 omnis
2757 2292 3138 2350 haereticorum
3167 2293 3393 2349 schola:
3423 2301 3478 2346 et
3500 2302 3709 2362 quaerat

2113 2401 2254 2443 nunc
2280 2427 2296 2453 ,
2339 2385 2488 2457 quod
2521 2387 2602 2442 vel
2633 2386 2852 2452 mentiri
2889 2386 2964 2459 (ε)
2997 2387 3367 2458 ignorantibus
3397 2386 3607 2457 possit,
3650 2395 3707 2442 et

2112 2480 2306 2537 doceat
2333 2481 2458 2552 quid
2491 2481 2561 2538 sit
2603 2480 2707 2537 hoc
2735 2481 2879 2552 quod
2907 2479 3076 2536 Filius
3119 2481 3282 2536 mittit
3307 2496 3338 2534 a
3369 2479 3546 2537 Patre.
3601 2478 3703 2548 Qui

2114 2574 2280 2628 mittit
2300 2615 2316 2638 ,
2371 2583 2692 2643 potestatem
2719 2589 2871 2629 suam
2905 2573 2959 2628 in
2984 2588 3050 2628 eo
3076 2572 3222 2644 quod
3252 2572 3416 2628 mittit
3441 2571 3700 2628 ostendit.

2112 2668 2219 2725 Sed
2250 2668 2392 2739 quod
2419 2681 2449 2721 a
2481 2668 2639 2724 Patre
2665 2667 2828 2724 tnittit
2850 2709 2866 2734 ,
2916 2666 3047 2739 quid
3090 2666 3453 2737 intelligemus
3479 2706 3494 2728 .
3525 2674 3704 2721 utrum

2113 2773 2421 2834 acceptum,
2451 2771 2544 2818 aut
2569 2763 2851 2819 dimissum
2877 2803 2892 2829 ,
2934 2771 3028 2819 aut
3054 2760 3332 2832 genitum?
3363 2777 3486 2817 nam
3513 2761 3705 2817 horum

2113 2871 2339 2914 necesse
2364 2865 2449 2912 est
2479 2871 2642 2913 unum
2689 2856 2891 2927 aliquid
2936 2854 3240 2924 signiticet.
3292 2853 3435 2925 quod
3481 2872 3508 2909 a
3549 2854 3707 2911 Patre

2112 2951 2380 3006 missurus
2409 2957 2513 3006 est.
2561 2949 2626 3005 Et
2655 2951 2920 3004 missurus
2945 2964 2973 3002 a
3002 2948 3160 3004 Patre
3187 2955 3269 3004 est
3294 2962 3417 3003 eum
3445 2948 3703 3017 Spiritum

2113 3043 2358 3099 veritatis
2385 3085 2400 3109 ,
2447 3043 2594 3114 quia
2626 3041 2787 3098 Patre
2815 3040 3090 3111 procedit:
3133 3041 3244 3108 jam
3296 3054 3427 3112 ergo
3467 3055 3574 3096 non
3622 3047 3706 3097 est

2111 3137 2396 3207 acceptio.
2445 3136 2538 3192 ubi
2565 3136 2932 3192 demonstrata
2968 3135 3242 3203 processio
3289 3143 3392 3189 est.
3445 3132 3705 3204 Superest

412 3237 480 3292 ad
513 3238 676 3290 Deum
700 3235 960 3291 Dominus
983 3249 1082 3305 pro
1103 3235 1260 3290 nobis
1289 3242 1536 3305 precatus
1556 3245 1671 3291 est:
1703 3249 1856 3290 suam
1880 3249 2007 3291 vero
2033 3233 2078 3298 C
2111 3243 2171 3290 ut
2216 3233 2603 3290 conlirmcmus
2652 3233 2704 3286 in
2751 3245 2819 3286 eo
2849 3230 3172 3286 sententiam
3211 3237 3448 3284 nostram
3474 3269 3490 3294 ,
3539 3229 3700 3301 227

413 3330 579 3403 236
604 3329 809 3384 obtinet
829 3328 941 3393 ille,
965 3337 1020 3384 et
1049 3329 1104 3383 in
1123 3343 1187 3384 ea
1215 3337 1417 3386 manet.
1450 3328 1561 3386 Nec
1584 3345 1679 3398 per
1695 3346 2004 3386 sacramen-

414 3432 525 3479 tum
555 3421 976 3491 diSpensationis
1001 3437 1164 3477 unum
1198 3431 1356 3489 sunt,
1387 3422 1481 3478 sed
1506 3436 1602 3494 per
1632 3433 1837 3478 naturae
1867 3425 2004 3479 nati-

413 3518 634 3573 vitatem
664 3559 678 3582 ,
728 3515 856 3572 dum
897 3514 1033 3572 nihil
1059 3517 1113 3572 in
1145 3531 1213 3573 eo
1235 3533 1298 3572 es
1326 3531 1388 3574 se
1415 3518 1558 3574 Deus
1581 3533 1704 3574 eum
1732 3519 2002 3590 gignendo

408 3612 721 3683 degenerat.
765 3608 943 3667 Unum
971 3619 1098 3666 sunt
1123 3651 1136 3676 ,
1159 3610 1287 3666 dum
1316 3625 1439 3682 qum
1468 3610 1536 3668 de
1563 3627 1727 3668 manu
1752 3615 1869 3684 ejus
1893 3628 1998 3668 non

406 3705 693 3774 rapiuntur
716 3745 731 3770 ,
764 3719 870 3758 non
903 3703 1186 3773 rapiuntur
1213 3703 1282 3761 de
1313 3719 1473 3759 manu
1505 3704 1680 3760 Patris
1708 3705 1906 3774 (loon.
1939 3723 1998 3775 ι,

407 3799 560 3870 28);
609 3797 738 3854 dum
785 3811 851 3854 eo
891 3798 1105 3870 cognito
1139 3797 1294 3854 Pater
1317 3799 1567 3870 cognitus
1596 3808 1718 3867 est;
1765 3800 1890 3856 dum
1935 3815 2002 3857 eo

411 3894 532 3946 viso
561 3890 722 3947 Pater
750 3891 897 3946 visus
925 3902 1044 3954 est;
1071 3889 1198 3945 dum
1226 3905 1346 3962 qua:
1385 3891 1644 3962 loquitur,
1693 3907 1917 3948 manens
1948 3894 2000 3948 in

407 4001 468 4044 se
495 3986 653 4041 Pater
684 3985 960 4055 loquitur;
1008 3981 1134 4038 dmn
1172 3984 1223 4038 in
1253 3993 1513 4054 operante
1539 4000 1597 4040 se
1622 3996 1876 4054 aperatur
1906 3986 2003 4040 Pa-

407 4090 524 4148 ter;
544 4083 672 4137 dum
691 4081 806 4152 ipse
823 4077 876 4134 in
893 4076 1050 4134 Patre
1060 4085 1164 4145 est,
1183 4089 1234 4134 et
1253 4078 1308 4133 in
1327 4091 1394 4134 eo
1409 4077 1568 4134 Pater
1583 4091 1667 4135 εει
1687 4079 1869 4150 (Joan.
1891 4097 1998 4150 ιιν,

476 4226 558 4300 (l)
584 4223 651 4280 In
675 4220 903 4297 ejusdem
927 4221 1243 4278 consistentis
1269 4223 1628 4297 egressionem.

475 4364 552 4438 (ιι)
578 4364 733 4432 Quod
758 4364 1025 4438 superiori
1053 4376 1280 4438 numero
1305 4361 1507 4438 dictum
1527 4369 1632 4422 est,
1662 4376 1760 4418 nos
1785 4361 1995 4418 Eucha-

403 4432 572 4495 ristia»
606 4432 870 4492 beneﬁt-io
896 4440 947 4492 in
977 4436 1118 4490 nobis
1145 4432 1436 4490 carnalibus
1459 4443 1740 4488 manentem
1762 4451 1851 4506 per
1880 4449 1992 4488 car-

403 4527 518 4567 nem
541 4509 802 4564 Clu-istum
825 4510 1024 4565 habere
1049 4550 1064 4571 ,
1096 4523 1234 4562 nunc
1263 4506 1515 4562 disertius
1539 4505 1850 4562 enuntiatur
1881 4521 1990 4561 tna-

403 4598 534 4639 nere
562 4584 614 4637 in
641 4583 796 4636 nobis
817 4582 1088 4636 rat-nolim
1122 4579 1337 4635 Filium.

476 4654 551 4724 (li)
587 4655 640 4708 In
669 4669 770 4708 ms.
806 4653 1015 4709 Martio.
1045 4652 1194 4718 Iure;
1235 4648 1378 4724 quod
1409 4665 1532 4724 mox
1559 4648 1701 4704 dicta
1738 4649 1992 4724 disertius

400 4721 940 4794 comprehenditzac
989 4738 1173 4794 postea
1217 4732 1272 4777 ut
1315 4723 1370 4779 in
1415 4721 1534 4779 aliis
1563 4722 1952 4778 vetustioribus
1979 4764 1992 4788 ,

400 4799 757 4862 unianimitus,
791 4797 1210 4852 unianimitalem.

473 4870 545 4943 (ε)
575 4870 696 4926 Vat.
724 4871 841 4925 bas.
870 4884 972 4925 ins.
1030 4870 1119 4925 sed
1160 4868 1416 4934 nativitas,
1459 4866 1615 4922 nobis
1658 4881 1764 4922 non
1805 4864 1998 4936 proba-

403 4953 510 4998 tur.

471 5015 554 5088 (Δ)
583 5013 704 5088 Par.
737 5021 859 5084 post
889 5011 1127 5088 Lipsium
1151 5013 1285 5088 ,__ad_
1307 5011 1693 5088 unanimantem
1727 5028 1750 5088 :_
1774 5011 1913 5088 male
1941 5020 1996 5088 et

401 5082 601 5158 pra-ter
632 5082 791 5140 ﬁdem
819 5082 966 5139 mss.'
986 5084 1132 5158 Nam
1161 5085 1287 5140 illud
1319 5085 1384 5136 ad
1429 5084 1672 5138 unitatem
1692 5125 1707 5148 ,
1739 5082 1790 5158 id
1821 5091 1902 5136 est
1926 5082 1994 5136 ad

398 5155 749 5230 etplicamlos
778 5158 948 5230 Ιιιεοε,
982 5157 1034 5212 io
1055 5158 1248 5228 quibus
1277 5158 1451 5230 ttttilas
1473 5155 1899 5230 cotntttettdalttr.

475 5227 547 5305 te)
578 5231 635 5305 In
663 5229 909 5305 vulgatis,
939 5231 1002 5284 ali
1032 5227 1404 5305 ignorantibus;
1432 5229 1710 5305 rectius‘in
1744 5240 1874 5305 mss.
1906 5227 1988 5297 ig-

398 5298 718 5368 norantibus,
752 5298 853 5356 hoc
878 5312 983 5366 est,
1011 5298 1150 5370 apud
1179 5301 1484 5369 ignorantes
1510 5313 1572 5354 ac
1601 5298 1893 5370 simplircs.

473 5376 542 5448 (Ι)
578 5372 712 5429 Cum
728 5369 1059 5448 Διόςξιιιιιιιιιιιι
1089 5372 1315 5448 egressio
1341 5413 1354 5429 .
1398 5370 1517 5440 ejus
1555 5371 1644 5438 qui
1676 5369 1898 5448 ιιιιὶιμίῴ⁸
1923 5382 1991 5424 eo

398 5441 544 5504 unde
569 5448 680 5502 exit
707 5443 1108 5501 distinctionem
1122 5441 1402 5516 signiticet
1425 5484 1438 5508 ,
1465 5453 1622 5516 caute
1657 5445 1724 5516 ei
1745 5441 1993 5512 adjicitur

401 5519 630 5578 verbum
663 5517 982 5572 consistentis
1007 5559 1021 5577 .
1067 5532 1176 5588 quo
1195 5514 1616 5588 “natur-ieiunitas
1641 5514 1817 5588 eidem
1843 5527 1990 5569 asse-

399 5605 567 5649 ratur.
593 5591 744 5656 Quod
775 5585 1499 5658 illustratur'verbis(lyrilli,
1526 5587 1561 5642 Ι.
1588 5603 1646 5643 ιι.
1671 5585 1722 5642 in
1748 5585 1986 5658 Joan._c.

399 5665 436 5720 3
461 5687 473 5718 ;
511 5655 681 5718 Exibit
702 5663 838 5716 enim
859 5677 922 5716 ea:
953 5659 1110 5715 Patre
1143 5661 1196 5713 in
1225 5655 1484 5730 propriam
1519 5659 1878 5730 exsistentianr
1900 5655 1993 5712 Fi-

400 5739 500 5791 lius
525 5777 539 5797 .
588 5737 679 5788 etsi
706 5733 760 5788 in
785 5735 900 5805 ipsa
925 5745 997 5788 est
1022 5734 1296 5788 secundum
1322 5729 1594 5787 naturam.
1646 5731 1710 5805 Ιςι
1747 5729 1881 5799 quod
1898 5731 1991 5805 Δἱῑιὶ

401 5812 584 5864 exisse.
611 5801 836 5874 idipsum
860 5801 944 5856 hic
976 5805 1181 5858 missum
1205 5819 1314 5860 esse
1354 5804 1625 5875 signiﬁcat.
1671 5803 1855 5873 Itaque
1884 5801 1989 5873 Cy-

401 5883 522 5938 rilio
551 5877 1007 5938 oondill'crtexirc
1037 5885 1085 5934 et
1120 5877 1269 5933 miti.
1300 5877 1564 5936 Praeterea
1600 5879 1700 5934 hoc
1725 5876 1988 5946 egressio-

2109 3336 2288 3382 utrum
2318 3326 2372 3380 in
2402 3324 2505 3380 hoe
2547 3324 2627 3396 (Ι)
2657 3323 2727 3394 (f)
2770 3322 3118 3379 censistentis
3160 3320 3533 3393 egressionem
3563 3363 3578 3387 .
3629 3337 3700 3377 an

2108 3422 2276 3495 geniti
2303 3420 2708 3492 processiouem
2732 3419 3128 3474 existimemus.

2176 3514 2269 3572 20.
2303 3515 2533 3585 Spiritus
2556 3525 2762 3569 sanctus
2787 3531 2820 3568 ιι
2855 3528 2957 3584 quo
2985 3512 3048 3566 sit
3077 3527 3179 3567 non
3223 3513 3497 3566 incertum.
3548 3511 3699 3578 Quod

2103 3627 2137 3664 a
2166 3607 2306 3664 Filio
2325 3609 2511 3679 accipit
2541 3651 2554 3675 ,
2585 3608 2770 3676 occipit
2791 3617 2838 3662 et
2857 3623 2890 3661 a
2925 3606 3102 3662 Patre.
3160 3603 3298 3660 Hinc
3324 3621 3484 3659 unum
3512 3615 3699 3660 natura

2103 3716 2220 3761 sunt
2240 3703 2397 3759 Pater
2420 3714 2462 3758 et
2487 3702 2678 3758 Filius.
2709 3729 2780 3743 ~—
2810 3701 2995 3774 Neque
3025 3702 3077 3756 in
3104 3699 3209 3755 hoc
3237 3715 3379 3756 nunc
3401 3697 3700 3754 ealumnior

2105 3796 2184 3871 (g)
2207 3798 2441 3853 libertati
2467 3797 2856 3871 intelligentia,
2879 3805 3056 3851 utrum
3079 3811 3144 3850 ex
3167 3794 3348 3859 Patre.
3372 3810 3442 3849 an
3467 3808 3533 3850 ex
3562 3792 3698 3849 Filio

2106 3893 2190 3965 (’2)
2234 3891 2493 3963 Spiritum
2539 3891 2867 3963 parat-tetulit
2913 3899 3104 3960 putent
3131 3903 3274 3945 esse.
3326 3888 3440 3943 Non
3468 3887 3610 3943 enim
3645 3887 3696 3943 in

2106 3986 2312 4044 incerto
2369 3988 2625 4044 Dominus
2673 3985 2890 4057 reliquit
2932 4008 2945 4043 ;
2994 4001 3117 4039 nam
3155 3983 3257 4038 sub
3304 3981 3497 4039 iisdem
3542 3980 3696 4036 dictis

2106 4082 2222 4139 haec
2253 4084 2323 4138 ita
2355 4087 2565 4138 loeutus
2593 4092 2676 4138 est
2700 4099 2714 4138 :
2758 4079 2942 4136 Adhuc
2967 4080 3131 4136 multa
3160 4077 3318 4135 habeo
3343 4076 3484 4133 nobis
3507 4078 3695 4139 dicere.

2170 4224 2249 4298 (ἓ)
2279 4224 2536 4294 Spiritum
2559 4233 2809 4279 sanetum.
2859 4213 2866 4219 ’

2103 4361 2186 4416 nis
2219 4363 2492 4431 proprium
2525 4372 2631 4426 est.
2662 4372 2718 4417 ut
2747 4362 2950 4416 nullum
2985 4358 3328 4430 procedentis
3359 4357 3570 4415 initium
3600 4375 3692 4416 so-

2099 4445 2210 4488 net.
2244 4432 2400 4490 Unde
2423 4433 2675 4496 llilartus,
2701 4433 2794 4489 lib.
2815 4450 2887 4498 tv,
2918 4450 2973 4488 ιι.
3001 4434 3087 4490 δι.
3123 4431 3238 4486 l-‘ilii
3264 4431 3598 4487 nativitatem
3627 4450 3695 4488 eo

2099 4507 2360 4560 vocabulo
2387 4516 2510 4572 apte
2539 4520 2851 4575 etpressam
2875 4507 3116 4559 dixerat:
3161 4505 3281 4572 quin
3321 4519 3425 4557 non
3470 4515 3526 4556 ut
3566 4515 3694 4560 esset

2099 4579 2246 4644 cwpit
2271 4594 2335 4632 ex
2358 4578 2542 4642 nihilo,
2567 4578 2654 4632 sed
2683 4580 2802 4632 exiit
2821 4597 2852 4634 ιι
2881 4587 3154 4638 titanrtttc,‘
3191 4584 3237 4628 et
3275 4576 3458 4630 (πιέσω
3486 4575 3690 4647 signi/i-

2098 4654 2345 4704 rationem
2371 4650 2520 4704 habet
2544 4652 2821 4703 nativitatis-
2847 4656 2862 4716 ί
2893 4664 2986 4700 seu
3037 4649 3399 4717 processiouis
3424 4647 3691 4703 distincta:

2100 4724 2168 4777 ali
2192 4737 2258 4777 eo
2282 4738 2310 4776 a
2341 4739 2446 4792 quo
2474 4719 2705 4790 exitur).
2741 4738 2841 4774 non
2873 4719 3022 4774 habet
3057 4719 3415 4792 inclinationis.
3454 4719 3691 4782 Neirdc-

2100 4794 2270 4849 clarat
2299 4790 2514 4864 quidein
2545 4796 2627 4849 hic
2656 4793 2887 4848 llilarms
2909 4809 2974 4847 an
3007 4792 3159 4857 qeniti
3181 4790 3555 4864 processionem
3575 4794 3688 4847 exio

2098 4862 2328 4922 stimare
2359 4866 2673 4921 debeamus.
2728 4866 2799 4920 At
2827 4880 2944 4919 cum
2979 4865 3054 4918 lib
3108 4879 3178 4922 ιι,
3220 4879 3274 4916 n.
3325 4862 3377 4924 Ι,
3425 4862 3685 4931 Spiritum

2099 4947 2342 4992 sanctum
2367 4940 2556 4992 donum
2587 4946 2858 5006 nuncupat
2883 4978 2896 5002 ,
2945 4935 3020 4989 nti
3051 4936 3172 5006 licet
3203 4935 3553 5003 responsione
3577 4935 3688 4990 Att-

2099 5011 2318 5079 gnstini,
2352 5012 2444 5064 lib.
2473 5026 2504 5062 ν
2535 5009 2601 5063 de
2633 5004 2826 5063 'l‘rinit.
2859 5023 2906 5063 c.
2940 5007 3008 5063 M
3039 5025 3051 5060 :
3081 5004 3226 5061 Ea'iit
3246 5007 3396 5069 enim,
3419 5023 3526 5060 non
3553 5023 3686 5075 quo-

2098 5083 2249 5153 modo
2276 5093 2425 5135 natus
2451 5121 2465 5146 ,
2505 5082 2594 5136 sed
2627 5083 2886 5153 quomodo
2910 5081 3087 5153 datus,
3139 5089 3184 5130 et
3228 5080 3340 5131 ideo
3367 5094 3479 5153 non
3499 5079 3687 5153 dicitur

2104 5150 2289 5206 Filius.
2322 5153 2426 5209 Sed
2451 5149 2736 5220 aperla'eSt
2764 5153 2949 5208 Hilarii
2969 5152 3136 5222 ipsius
3154 5149 3443 5216 sententia,
3470 5149 3559 5203 lib.
3589 5165 3682 5216 ιιι,

2095 5238 2150 5278 n.
2179 5226 2266 5286 54,
2297 5226 2524 5278 dicentis
2550 5243 2560 5274 :
2599 5223 2926 5296 Unigcnitum
2954 5240 3015 5277 ι’,ι
3043 5238 3089 5277 te
3109 5233 3286 5296 nutum
3314 5222 3477 5296 scietis
3503 5262 3519 5286 ,
3547 5227 3687 5290 geni-

2095 5305 2200 5370 tum
2223 5305 2392 5370 tamen
2419 5298 2673 5370 Spiritum
2690 5293 2925 5370 sanetum
2952 5310 3054 5348 non
3079 5294 3310 5370 dicturus
3326 5293 3442 5345 sim.

2164 5369 2240 5438 (9)
2269 5369 2358 5421 Sic
2385 5365 2515 5424 mss.
2549 5371 2618 5422 At
2638 5367 2786 5431 editi,
2819 5367 3117 5421 libertatem.
3263 5365 3343 5418 liis
3375 5379 3435 5419 ac
3458 5379 3686 5433 sequen-

2094 5437 2233 5495 una;
2267 5439 2454 5496 Hilarii
2484 5439 2642 5496 dictis
2686 5441 2855 5495 videri
2903 5447 3123 5507 posset.
3171 5437 3280 5504 jam
3327 5444 3437 5490 tum
3483 5445 3683 5493 motam

2095 5526 2220 5566 esse
2264 5511 2333 5566 de
2373 5511 2605 5582 Spiritus
2632 5511 2804 5566 sancti
2849 5509 3198 5582 processione
3237 5509 3680 5582 controversiam.

2094 5585 2304 5654 Quippe
2325 5581 2512 5654 aperte
2543 5584 2740 5640 indicat
2766 5585 2987 5638 minime
3013 5581 3113 5636 sibi
3155 5582 3418 5654 incertum
3446 5622 3460 5644 ,
3493 5581 3623 5654 quin
3652 5596 3684 5636 a

2096 5651 2258 5713 Patre
2287 5669 2336 5711 et
2363 5651 2502 5712 Filio
2528 5658 2622 5718 sit,
2653 5671 2900 5726 quamvis
2925 5655 2990 5707 de
3017 5652 3268 5723 loquendi
3300 5653 3513 5726 ratione
3529 5651 3682 5726 plus-

2092 5728 2274 5784 culum
2305 5730 2510 5798 litigare
2541 5725 2693 5783 nolit.
2720 5727 2840 5782 lim
2865 5742 2992 5781 vero
3014 5725 3595 5798 observatum_est,_lib.
3619 5739 3680 5791 ιι,

2095 5815 2241 5855 ιιιιιιι.
2300 5799 2350 5863 4,
2390 5795 2520 5855 Tnot.
2579 5799 2770 5856 Filium
2823 5799 3054 5867 Spiritus
3081 5803 3250 5854 sancti
3275 5804 3333 5854 et
3360 5795 3677 5867 largitori-in,

2092 5881 2141 5928 el
2176 5885 2430 5928 (παίωνι-ιιι
2457 5875 2524 5928 ab
2550 5888 2614 5930 ιιι)
2636 5871 2960 5941 appellatum
