4316 6444
584 285 686 344 εει

1764 278 2011 340 ΞΔΝΟΤΙ
2052 275 2307 335 illiutﬂll
2348 276 2658 337 EPISGOPi

3777 278 3885 338 269.

586 401 677 457 sed
718 414 820 453 non
865 397 1077 469 potestis
1105 406 1311 468 portare
1333 397 1428 452 illa
1471 397 1647 453 modo.
1697 397 1827 453 Cum
1865 398 2052 452 venerit
2098 390 2188 449 ille
2216 396 2265 454 Δ
2292 404 2565 465 tatemque
2592 393 2889 453 divinitatis
2925 394 3249 468 signilicatio
3292 404 3413 451 est:
3464 409 3591 451 cum
3633 394 3689 453 id
3734 398 3882 467 quod

584 493 816 565 Spiritus
836 493 1067 547 ueritatis
1085 534 1097 556 ,
1130 490 1315 563 diriget
1340 503 1427 546 eos
1455 490 1539 563 (1)
1569 491 1651 564 (α)
1680 488 1736 545 its
1764 504 1965 546 omnem
2003 489 2186 544 nerito-

2292 488 2521 558 accipiet
2547 502 2578 543 a
2606 487 2773 545 Patre
2800 488 3032 559 Spiritus
3055 488 3295 543 veritatis
3318 529 3331 553 ,
3365 487 3417 543 id
3446 485 3615 544 Filius
3641 488 3880 545 dandum

591 596 713 642 tem.
749 586 870 641 Non
899 588 1035 642 enim
1068 585 1303 653 loquetur
1334 600 1365 639 α
1393 586 1666 655 semetipso
1692 628 1706 651 ,
1749 584 1839 639 sed
1859 598 2190 656 quacumque
2290 599 2321 638 a
2351 598 2411 639 se
2434 598 2553 640 esse
2577 583 2828 638 fateatur.
2870 580 2987 639 Non
3015 582 3375 655 permittenda
3404 583 3583 652 itaque
3606 582 3674 638 ad
3701 583 3883 652 impiae

584 683 807 741 audierit
833 684 1066 755 loquetur
1086 724 1103 750 ,
1132 687 1180 738 et
1221 684 1399 754 futura
1429 681 1747 736 annuntiabit
1774 681 1933 735 vobis.
1980 679 2081 734 “te
2108 694 2187 731 me

585 776 982 849 honoriﬁcabit;
1012 776 1253 842 quoniam
1279 780 1342 829 de
1373 784 1485 829 meo
1520 774 1755 845 accipiet,
1792 784 1839 827 et
1860 772 2186 827 annuntiabit

583 869 741 926 vobis.
802 868 994 925 Omnia
1035 880 1365 939 quiscumque
1413 865 1562 922 habet
1616 865 1807 930 Pater,
1863 880 1975 919 mea
2021 874 2142 917 sunt
2164 880 2184 917 :

586 969 855 1035 propterea
878 960 990 1016 diti
1015 1001 1029 1022 .
1059 960 1137 1015 De
1166 976 1277 1016 mea
1301 958 1553 1028 accipiet,
1600 967 1648 1013 et
1680 956 2004 1013 aununtiabit
2047 956 2184 1011 nobis

583 1057 763 1127 (Joan.
783 1054 890 1121 tvt,
924 1051 1012 1125 i9,
1044 1053 1227 1126 seqq).
1263 1055 1303 1109 Δ
1334 1050 1470 1107 Filio
1500 1050 1657 1123 igitur
1682 1051 1898 1121 accipit,
1922 1051 2013 1120 qui
2034 1057 2089 1105 et
2115 1049 2183 1105 ab

580 1168 649 1206 eo
678 1151 928 1214 mittitur,
961 1160 1014 1202 et
1036 1164 1064 1201 a
1090 1149 1245 1203 Patre
1277 1148 1533 1217 procedit.
1569 1147 1635 1201 Et
1663 1147 1961 1217 interrogo,
1989 1153 2170 1200 utrum

582 1244 634 1302 itl
664 1244 835 1315 ipsum
862 1245 935 1297 sit
959 1256 986 1295 a
1014 1239 1157 1297 Filio
1183 1241 1433 1311 accipere
1458 1282 1471 1303 ,
1525 1239 1670 1310 quod
1711 1253 1740 1292 a
1782 1236 1939 1291 Patro
1992 1252 2180 1307 proce-

580 1338 731 1396 drre.
789 1337 942 1407 Quod
988 1337 1033 1392 si
1075 1337 1152 1405 (ὁ)
1188 1334 1410 1391 diii‘erre
1458 1334 1714 1389 credetur
1757 1334 1899 1387 inter
1932 1333 2180 1400 accipere

580 1447 609 1488 a
642 1431 784 1489 Filio
806 1474 821 1497 ,
854 1438 908 1486 et
936 1445 963 1485 a
991 1428 1152 1486 Patre
1184 1428 1520 1499 procedere;
1553 1432 1700 1482 certe
1732 1423 1783 1479 id
1816 1440 1986 1495 ipsum
2018 1431 2179 1492 atque

582 1535 749 1581 unum
777 1539 899 1581 esse
926 1519 1326 1579 existimabitur
1344 1566 1357 1588 ,
1385 1534 1415 1576 a
1443 1520 1584 1576 Filio
1613 1520 1860 1587 accipere
1883 1559 1899 1584 ,
1932 1513 2006 1591 (ι)
2035 1518 2177 1588 quod

582 1618 654 1675 sit
694 1609 946 1688 accipere
971 1630 1001 1671 a
1031 1615 1208 1671 Patre.
1263 1612 1384 1684 ipse
1412 1614 1557 1668 enim
1584 1612 1846 1667 Dominus
1877 1612 1983 1665 ait:
2032 1610 2173 1677 Quo-

581 1711 721 1765 niam
741 1710 805 1763 de
834 1722 944 1762 meo
966 1706 1202 1777 decipiet,
1234 1715 1281 1760 et
1300 1705 1623 1761 aununtiabit
1645 1705 1803 1759 vobis.
1829 1703 2017 1756 Omnia
2038 1718 2175 1770 qua:-

2290 678 2664 750 intelligentia:
2708 676 3009 732 libertatem
3066 676 3322 732 haeretica
3382 676 3710 746 perversitas
3756 685 3878 732 est:

2287 781 2347 826 ut
2368 769 2572 826 dictum
2605 771 2708 826 hoc
2734 768 2968 836 Domini,
2998 769 3140 837 quod
3170 769 3293 839 quia
3335 768 3515 823 omnia
3542 783 3664 837 que
3697 767 3881 825 Patris

2286 875 2433 932 sunt,
2476 878 2573 921 sua
2602 867 2730 921 sunt
2747 903 2765 929 .
2804 863 3007 920 idcirco
3033 877 3062 917 a
3088 876 3148 917 se
3172 861 3402 933 accipiet
3429 859 3662 930 Spiritus
3685 861 3884 918 verita-

2286 960 2393 1020 tis.
2444 972 2553 1015 non
2594 957 2662 1014 ad
2712 955 2972 1013 unitatem
3015 956 3341 1012 conﬁteatur
3383 951 3731 1010 referendum
3758 968 3881 1010 esse

2284 1060 2506 1106 natura.

2353 1148 2443 1204 21.
2498 1148 2595 1204 Dei
2636 1160 2682 1204 et
2719 1147 2914 1205 Christi
2941 1163 3072 1203 unus
3110 1156 3183 1203 est
3227 1146 3476 1218 Spiritus.
3502 1176 3577 1190 --
3603 1146 3881 1217 Loquatur

2281 1242 2425 1298 enim
2454 1240 2543 1296 ille
2568 1285 2583 1306 ,
2612 1242 2703 1312 qui
2734 1242 3016 1297 electionis
3040 1250 3125 1296 est
3157 1257 3249 1295 vas
3278 1249 3331 1296 et
3376 1242 3616 1309 gentium
3648 1239 3876 1303 ductor,

2281 1332 2574 1389 secundum
2608 1336 2848 1389 veritatis
2894 1333 3303 1404 intelligentiam
3335 1332 3441 1389 lide
3472 1333 3727 1389 Romana:
3758 1332 3876 1401 ple-

2280 1428 2365 1487 bis
2405 1438 2529 1483 ante
2579 1428 2810 1486 laudata.
2860 1428 3060 1483 Volens
3106 1429 3250 1484 enim
3295 1439 3503 1484 natura:
3533 1428 3790 1482 unitatem
3822 1429 3875 1482 itt

2282 1522 2441 1577 Patre
2470 1530 2524 1576 et
2548 1521 2685 1578 Filio
2720 1521 2936 1588 docere,
2961 1522 3030 1575 ita
3056 1521 3128 1575 ait
3162 1521 3338 1590 (Rom.
3387 1537 3506 1587 vttt,
3555 1520 3614 1588 9,
3667 1520 3833 1591 seqq.)
3857 1536 3877 1575 :

2289 1611 2391 1667 Vo‘s
2418 1625 2587 1669 autem
2609 1630 2709 1669 non
2731 1618 2850 1670 estis
2878 1616 2930 1668 in
2958 1629 3112 1668 carne
3136 1656 3151 1680 ,
3188 1613 3277 1667 sed
3302 1614 3355 1667 in
3394 1613 3598 1683 Spiritu
3626 1612 3703 1683 (ὃ)
3737 1611 3803 1684 (ﬂ
3832 1612 3878 1667 si

2280 1706 2485 1776 quidem
2517 1706 2747 1773 Spiritus
2772 1705 2868 1761 Dei
2880 1706 2934 1759 in
2947 1706 3085 1760 vobis
3106 1714 3197 1760 est.
3226 1706 3286 1759 Si
3302 1707 3415 1773 quis
3430 1712 3600 1760 autem
3618 1705 3875 1775 Spiritum

582 1810 796 1873 euntque
822 1801 972 1857 habet
1002 1800 1172 1866 Pater,
1195 1812 1309 1853 mea
1337 1809 1453 1853 sunt
1478 1816 1495 1855 :
1523 1806 1789 1870 propterea
1811 1795 1938 1862 disi,
1966 1792 2044 1850 De
2067 1812 2178 1851 meo
2206 1786 2253 1848 Β
2281 1797 2472 1852 Christi
2504 1814 2603 1853 non
2626 1799 2794 1865 habet,
2825 1797 2907 1852 hic
2924 1814 3027 1852 non
3046 1809 3118 1852 est
3144 1802 3274 1871 ejus.
3298 1797 3360 1851 Si
3378 1808 3548 1853 autem
3567 1797 3801 1853 Christus
3819 1798 3875 1852 in

581 1899 799 1965 arripiet
826 1940 839 1964 ,
879 1896 925 1951 ei
969 1893 1295 1950 auuuntiabit
1321 1893 1459 1947 vobis
1489 1892 1507 1962 (
1535 1891 1672 1945 Ibid.
1708 1890 1775 1946 14
1802 1900 1852 1943 et
1878 1888 1946 1946 15
1967 1889 2007 1963 ).
2065 1888 2178 1947 Hoc

581 1984 723 2061 quod
776 1986 1003 2058 accipiet
1051 1985 1203 2056 (sive
1243 1993 1482 2056 potestas
1522 1994 1600 2039 est
1628 2026 1643 2051 ,
1677 1985 1791 2038 sive
1820 1984 1990 2037 virtus
2016 2024 2030 2046 ,
2062 1982 2177 2039 sive

584 2080 830 2136 doctrina
858 2080 984 2150 est),
1016 2070 1185 2133 Filius
1212 2092 1242 2131 ιι
1270 2085 1332 2133 se
1360 2075 1732 2145 accipiendum
1760 2088 1882 2130 esse
1910 2074 2045 2129 dixit
2070 2091 2081 2129 :
2122 2083 2179 2131 et

581 2177 795 2226 rursum
840 2169 943 2225 hoc
982 2170 1158 2239 ipsum
1204 2168 1475 2239 signiﬁcat
1514 2164 1885 2236 accipiendum
1930 2180 2052 2221 esse
2108 2167 2177 2223 de

582 2264 765 2320 Patre.
812 2262 948 2319 Cum
974 2262 1120 2319 enim
1150 2262 1225 2315 ait
1251 2302 1264 2327 ,
1296 2260 1477 2315 omnia
1507 2270 1862 2329 queentnque
1886 2257 2049 2313 habet
2076 2257 2171 2312 Pa-

582 2367 664 2415 tcr
691 2400 706 2423 ,
732 2364 825 2414 sua
851 2370 979 2414 esse
1000 2397 1016 2423 ,
1059 2364 1117 2413 "et
1139 2355 1343 2411 idcirco
1373 2350 1579 2407 dixisse
1605 2367 1665 2407 se
1686 2352 1752 2406 de
1780 2363 1880 2405 suo
1907 2350 2177 2421 accipien-

576 2453 705 2510 duin
734 2460 887 2511 esse:
927 2451 1089 2506 docet
1117 2451 1280 2505 etiam
1304 2461 1333 2502 ιι
1364 2445 1522 2502 Patre
1555 2444 1867 2517 accipienda
1894 2486 1911 2509 ,
1951 2460 1981 2499 a
2009 2459 2069 2499 se
2096 2454 2176 2500 ta-

581 2550 705 2605 meti
732 2547 944 2617 accipi;
989 2544 1113 2615 quia
1142 2544 1321 2598 omnia
1350 2554 1468 2611 qua:
1498 2541 1671 2595 Patris
1700 2549 1825 2594 sunt
1848 2577 1866 2607 ,
1912 2553 2006 2593 sua
2043 2538 2173 2593 sint.

579 2640 695 2696 Non
730 2639 895 2694 habet
916 2638 1031 2693 hinc
1058 2638 1237 2691 unitas
1259 2633 1663 2688 diversitatem:
1693 2645 1794 2685 nec
1814 2628 1994 2686 diﬂert
2015 2646 2046 2685 a
2066 2646 2174 2701 quo

578 2740 862 2807 acceptum
894 2734 967 2787 sit
992 2773 1007 2798 ,
1032 2729 1173 2800 quod
1204 2729 1392 2783 datum
1416 2743 1445 2780 a
1472 2727 1631 2783 Patre
1651 2767 1666 2791 ,
1697 2724 1880 2779 datum
1911 2724 2176 2779 referatur

580 2842 610 2881 τι
642 2826 803 2883 Filio.
852 2823 1120 2892 Numquid
1151 2830 1204 2879 et
1234 2823 1321 2877 hic
1359 2820 1652 2876 voluntatis
1681 2819 1858 2873 unitas
1886 2818 2175 2873 ederetur?

579 2921 771 2977 Omitto
817 2933 936 2988 qua:
967 2918 1130 2972 habet
1163 2916 1357 2981 Pater,
1388 2913 1511 2968 ινξιίὴ
1536 2921 1695 2967 simt:
1740 2922 1792 2967 et
1836 2914 2015 2967 omnia
2052 2926 2175 2983 qua:

588 3012 711 3070 Filii
739 3012 905 3086 228
929 3018 1073 3075 sunt,
1102 3008 1279 3066 Patris
1303 3012 1451 3063 Sunt.
1482 3004 1601 3075 Ipse
1628 3007 1773 3060 enim
1803 3008 1877 3059 ait
1902 3024 1914 3058 :
1967 3002 2034 3059 Et
2062 3022 2175 3058 mea

579 3105 753 3161 omnia
774 3115 866 3159 tua
885 3114 1029 3169 sunt,
1061 3111 1109 3158 et
1137 3111 1225 3157 tua
1244 3112 1358 3157 utea
1384 3100 1567 3173 (loeti.
1600 3112 1728 3165 svtt,
1765 3097 1877 3169 10).
1925 3098 2172 3155 Nttudum

2278 1890 2416 1945 vobis
2437 1898 2531 1954 est.
2561 1905 2744 1964 corpus
2772 1890 2975 1960 quidem
2990 1900 3245 1945 mortuum
3274 1900 3346 1944 est
3369 1888 3449 1964 (g)
3475 1908 3565 1959 per
3581 1894 3870 1957 peccatum,

2277 1982 2487 2054 spiritus
2513 1990 2683 2037 autem
2709 1984 2813 2037 vita
2840 1993 2913 2039 est
2936 1981 3013 2053 (4)
3038 1999 3128 2053 per
3138 1982 3414 2056 justitiam.
3460 1983 3521 2038 Si
3550 1993 3721 2037 autem
3747 1982 3876 2052 Spi-

2274 2078 2407 2133 ritus
2417 2082 2552 2151 ejus,
2564 2078 2651 2147 qui
2668 2080 2927 2133 suscitauit
2939 2075 3403 2143 Jesumttmortuis,
3423 2076 3614 2131 habitat
3632 2080 3681 2131 iu
3695 2079 3836 2133 vobis
3852 2096 3872 2146 ;

2275 2172 2366 2243 qui
2376 2172 2639 2225 suscitavit
2654 2170 2729 2241 (It)
2739 2172 2993 2226 Christum
3003 2172 3277 2235 emortuis,
3292 2172 3568 2242 uiuiﬁcabit
3576 2182 3624 2227 et
3633 2174 3874 2228 mortalia

2275 2276 2495 2335 corpora
2524 2273 2690 2319 uestra
2707 2275 2916 2337 propter
2934 2265 3099 2338 229
3118 2264 3371 2333 Spiritum
3386 2281 3559 2335 suum,
3577 2268 3661 2333 qui
3678 2267 3873 2322 habitat

2276 2358 2331 2410 in
2360 2356 2519 2411 uobis.
2572 2355 2855 2428 Spiritales
2894 2370 3085 2438 omnes
3122 2371 3313 2413 sumus
3337 2398 3354 2424 ,
3400 2360 3447 2413 si
3494 2358 3548 2415 in
3593 2360 3750 2415 nobis
3787 2370 3873 2416 est

2275 2449 2513 2517 Spiritus
2539 2448 2659 2505 Dei.
2708 2449 2814 2505 Sed
2845 2449 2931 2504 hic
2974 2449 3208 2520 Spiritus
3255 2451 3348 2505 Dei
3373 2492 3389 2515 ,
3426 2450 3496 2521 (i)
3543 2461 3598 2508 et
3637 2451 3871 2523 Spiritus

2274 2539 2474 2597 Christi
2497 2550 2600 2597 est.
2654 2544 2719 2598 Et
2746 2559 2868 2599 cum
2904 2544 3104 2598 Christi
3136 2544 3368 2614 Spiritus
3401 2545 3473 2620 (j)
3508 2547 3559 2601 in
3591 2547 3749 2603 nobis
3776 2550 3869 2612 sit,

2274 2632 2394 2702 ejus
2425 2644 2604 2688 tamen
2630 2633 2863 2704 Spiritus
2888 2636 2941 2690 in
2970 2634 3127 2691 nobis
3150 2648 3231 2694 est
3257 2677 3272 2703 ,
3318 2639 3408 2709 qui
3440 2638 3716 2695 Christum
3742 2657 3871 2697 sus-

2273 2726 2459 2781 citavit
2483 2740 2513 2781 a
2539 2729 2766 2783 mortuis
2794 2745 2808 2782 :
2844 2738 2898 2783 et
2922 2730 3011 2798 qui
3040 2730 3319 2785 suscitavit
3360 2730 3634 2789 Christum
3663 2748 3696 2786 a
3726 2748 3873 2789 mur—

2276 2821 2421 2886 tuis,
2489 2834 2715 2890 corpora
2778 2836 2992 2892 quoque
3040 2832 3223 2877 nostra
3271 2824 3515 2879 mortalia
3576 2825 3872 2884 viviﬁcabit

2274 2922 2493 2985 protiter
2538 2913 2866 2969 habitantem
2920 2916 3177 2987 Spiritum
3225 2916 3343 2988 ejus
3388 2918 3440 2972 in
3493 2920 3667 2977 nobis.
3723 2920 3868 2975 Vivi-

2276 3010 2500 3065 iieamur
2522 3024 2653 3081 ergo
2676 3050 2692 3075 ,
2728 3020 2949 3082 propter
2974 3011 3305 3068 habitantem
3337 3012 3390 3069 in
3420 3016 3575 3071 uobis
3606 3015 3869 3084 Spiritum

2276 3100 2500 3167 Christi,
2536 3116 2632 3172 per
2658 3117 2783 3159 eum
2805 3104 2895 3173 qui
2921 3102 3196 3160 Christum
3226 3108 3509 3164 suscitavit
3551 3123 3584 3163 a
3610 3113 3866 3165 mortuis.

579 3195 685 3254 luet
715 3206 801 3254 est
828 3240 843 3264 ,
876 3203 937 3252 ut
967 3198 1334 3252 demonstrem
1363 3236 1379 3261 ,
1411 3208 1511 3251 cur
1538 3194 1611 3248 ita
1636 3194 1867 3249 dixerit:
1915 3192 2170 3260 Quoniam
2202 3176 2248 3241 C
2280 3192 2499 3249 Etcum
2525 3198 2644 3265 ejus
2672 3235 2687 3260 ,
2717 3195 2806 3264 qui
2832 3197 3112 3253 suscitavit
3135 3196 3408 3254 Christum
3436 3215 3464 3253 a
3496 3204 3726 3257 mortuis
3749 3246 3763 3269 ,
3814 3207 3868 3259 iu

578 3291 643 3346 de
663 3306 773 3345 meo
798 3288 1047 3359 accipiet:
1079 3288 1238 3343 tutori
1266 3285 1412 3343 enim
1444 3284 1707 3354 temporis
1727 3285 2048 3355 signiﬁcatio
2064 3295 2169 3349 est,

579 3386 665 3441 ubi
688 3392 1008 3455 accepturus
1038 3381 1359 3438 ostenditur.
1417 3380 1569 3435 Nunc
1597 3389 1747 3436 certe
1785 3379 1909 3435 ideo
1935 3394 1964 3433 a
1988 3394 2050 3436 se
2078 3394 2166 3433 ac-

578 3482 861 3550 repturutn
889 3476 984 3538 ait,
1012 3476 1138 3545 quia
1166 3475 1349 3529 omnia
1380 3473 1555 3527 Patris
1574 3486 1668 3527 sua
1700 3481 1903 3527 essent.
1954 3470 2172 3526 Disscca

580 3580 787 3628 uatttrze
820 3569 978 3640 huius
1004 3610 1020 3630 ,
1047 3565 1094 3621 si
1123 3576 1301 3637 potes,
1326 3566 1587 3621 unitatem
1612 3582 1625 3617 :
1668 3572 1724 3620 et
1747 3563 1981 3634 aliquam
2008 3562 2171 3619 dissi-

578 3663 902 3723 militudittis
933 3662 1072 3718 infer
1102 3662 1477 3718 necessitatem
1506 3704 1519 3723 .
1553 3676 1646 3728 per
1675 3674 1834 3728 quam
1868 3658 2034 3714 Filius
2063 3676 2169 3715 non

577 3761 648 3814 sit
676 3758 730 3813 in
763 3757 968 3811 unitate
996 3756 1227 3809 ttathrzc.
1283 3755 1318 3807 Α
1353 3754 1509 3809 Patre
1532 3754 1676 3808 enim
1711 3750 1954 3821 procedit
2000 3751 2169 3821 Spiri-

583 3861 670 3909 tus
696 3850 939 3907 veritatis
964 3868 977 3904 :
1003 3849 1097 3905 sed
1127 3850 1208 3918 (ά)
1235 3861 1263 3902 a
1287 3848 1427 3903 Filio
1449 3861 1479 3901 a
1513 3847 1671 3902 Patre
1699 3846 1945 3901 mittitur.
1976 3845 2169 3901 Omnia

575 3950 695 4020 qua:
725 3947 899 4003 Putris
926 3952 1053 4002 sunt
1076 3989 1091 4011 ,
1126 3945 1248 4000 Filii
1278 3954 1437 4000 sunt:
1476 3951 1532 3997 et
1558 3943 1759 3997 idcirco
1787 3940 2045 4014 quidquid
2073 3958 2167 3999 ac-

573 4041 737 4108 cipiet
756 4080 772 4107 ,
818 4052 847 4093 ti
892 4038 1030 4094 Filio
1051 4036 1135 4111 (Ξ)
1165 4035 1235 4108 (e)
1265 4036 1490 4105 accipiet
1530 4035 1621 4091 ille
1652 4035 1947 4091 mittendus
1970 4076 1986 4101 ,
2042 4038 2165 4103 quia

576 4132 696 4189 Filii
744 4143 869 4185 sunt
916 4131 1164 4185 univcrsa
1191 4145 1311 4199 qua:
1339 4128 1517 4183 Patris
1546 4137 1691 4183 sunt.
1742 4127 1942 4184 Natura
1985 4130 2169 4202 itaque

574 4229 629 4284 itt
658 4225 909 4282 omnibus
938 4236 1081 4282 tenet
1108 4240 1257 4279 suam
1292 4224 1465 4292 legem
1491 4264 1507 4283 ς
1551 4233 1605 4277 et
1635 4221 1776 4293 quod
1813 4240 1977 4278 unum
2006 4225 2168 4279 ambo

570 4332 698 4381 sunt
724 4364 739 4390 ,
789 4320 1034 4391 ejusdem
1058 4320 1110 4374 in
1142 4330 1373 4389 utroque
1400 4332 1497 4387 per
1520 4318 1927 4389 generationem
1974 4320 2169 4374 nativi—

641 4462 723 4535 (1)
757 4462 821 4519 In
843 4464 980 4535 autut
1005 4462 1229 4517 ueritate.
1258 4459 1401 4528 Mox,
1433 4460 1676 4529 loquitur.
1715 4460 1929 4529 Postea,
1961 4479 2167 4519 αιιιιιιιι-

571 4534 712 4593 tiabit
738 4540 854 4591 sine
876 4534 1037 4589 vobis.

643 4608 726 4681 (2)
751 4608 968 4679 Accipit.

2278 3288 2433 3344 nobis
2458 3296 2541 3343 est
2564 3288 2795 3359 Spiritus
2818 3308 2831 3357 ;
2855 3301 2910 3345 et
2936 3290 3170 3363 Spiritus
3200 3292 3277 3364 (lt)
3316 3305 3493 3350 tamen
3522 3296 3578 3351 in
3609 3298 3763 3355 uobis
3785 3311 3871 3354 est

2276 3383 2497 3448 Christi,
2530 3400 2627 3440 uec
2650 3395 2828 3440 tamen
2850 3400 2955 3440 non
2984 3385 3079 3441 Dei
3105 3396 3189 3441 est
3208 3388 3442 3458 Spiritus
3460 3433 3477 3455 ,
3504 3392 3595 3458 qui
3626 3390 3683 3447 itt
3711 3392 3870 3448 nobis

2276 3486 2376 3531 est.
2428 3476 2683 3534 Diseerne
2722 3480 2881 3547 igitur
2906 3520 2920 3545 ,
2950 3494 2985 3533 ο
3014 3480 3263 3535 ltzcretice
3286 3524 3301 3546 ,
3352 3480 3613 3550 Spiritum
3662 3484 3868 3540 Christi

2277 3584 2306 3623 a
2331 3570 2533 3639 Spiritu
2558 3571 2653 3627 Dei
2678 3616 2695 3640 ,
2736 3580 2796 3628 et
2819 3574 3039 3630 excitati
3069 3588 3100 3628 a
3126 3574 3354 3631 mortuis
3377 3575 3640 3647 Spiritum
3665 3579 3868 3637 Christi

2274 3663 2343 3719 ab
2373 3665 2576 3735 Spiritu
2602 3666 2697 3721 Dei
2727 3664 3001 3722 Christum
3045 3682 3075 3722 a
3119 3670 3347 3723 mortuis
3374 3672 3695 3739 excitantis;
3745 3684 3867 3728 cum

2274 3758 2589 3815 inhabitans
2617 3759 2673 3816 in
2702 3760 2858 3816 nobis
2886 3762 3119 3830 Spiritus
3139 3762 3363 3824 Christi,
3395 3765 3625 3835 Spiritus
3650 3767 3741 3821 Dei
3764 3769 3867 3835 sit;

2271 3861 2325 3909 et
2355 3868 2477 3908 cum
2505 3853 2736 3923 Spiritus
2764 3853 2961 3910 Christi
2997 3871 3025 3909 a
3059 3858 3285 3911 mortuis
3317 3859 3534 3914 excitati
3567 3902 3579 3923 ,
3632 3860 3870 3931 Spiritus

2273 3950 2449 4000 tatttcn
2477 3945 2572 4000 Dei
2601 3947 2671 4000 sit
2699 3945 2971 4002 Christum
3004 3965 3031 4001 τι
3060 3949 3289 4005 mortuis
3314 3951 3621 4007 excitantis.

2341 4039 2432 4096 22.
2460 4038 2687 4110 Spiritus
2725 4038 2821 4096 Dei
2848 4058 2916 4096 att
2966 4054 3173 4109 natura,
3220 4056 3288 4098 att
3332 4060 3412 4099 res
3443 4058 3661 4103 statim.
3688 4079 3760 4091 --
3800 4051 3869 4106 Et

2273 4148 2457 4203 quer
2485 4149 2625 4187 nunc
2655 4136 2706 4188 in
2734 4131 2938 4202 Spiritu
2998 4136 3090 4192 Dei
3138 4145 3315 4192 utrum
3364 4149 3632 4208 naturam,
3654 4157 3722 4197 an
3750 4158 3863 4197 rem

2272 4237 2479 4282 natura:
2501 4225 2850 4297 signiﬁcatam
2873 4227 3176 4285 existimes.
3207 4229 3325 4286 Non
3352 4230 3494 4287 idem
3512 4242 3596 4288 est
3615 4234 3679 4305 (Ι)
3719 4234 3863 4291 enim

2276 4330 2491 4392 natura,
2514 4322 2657 4394 quod
2680 4331 2887 4379 natura:
2918 4339 3006 4379 res
3030 4341 3045 4379 :
3072 4324 3231 4382 sicuti
3259 4340 3365 4382 non
3392 4326 3534 4383 idem
3556 4337 3641 4385 est
3677 4328 3862 4398 homo,

2348 4467 2429 4537 (ὅ)
2460 4466 2522 4522 Si
2562 4467 2765 4538 quidem
2796 4466 3024 4536 Spiritus
3064 4464 3160 4522 Dei
3198 4467 3391 4522 habitat
3420 4469 3473 4524 in
3509 4470 3685 4539 uobis,
3712 4470 3864 4541 juxta

2275 4553 2512 4609 grtccttm
2546 4548 2648 4593 text
2659 4554 2770 4593 um.

2342 4610 2423 4685 (ι)
2460 4608 2678 4683 Propter
2689 4610 3135 4683 justificstioncm:

640 4746 718 4821 (ιι)
743 4745 999 4829 lta_j_usta
1024 4757 1258 4829 grmfum
1290 4738 1757 4829 codexﬁVaixbas.
1783 4754 1910 4822 cum
1937 4740 2158 4829 _htartin.
2193 4742 2242 4803 D
2338 4742 2415 4829 (ει)
2440 4744 2571 4829 Mss.
2603 4744 2808 4829 accipit:

573 4811 922 4879 c.-r'teris,lih.
950 4832 1008 4878 tt.
1033 4811 1095 4869 ιι.
1127 4815 1219 4880 35,
1250 4811 1712 4868 consentientibus
1738 4830 1752 4865 :
1780 4812 1833 4866 in
1859 4811 2055 4885 quibus
2083 4823 2163 4869 ta-

572 4906 695 4947 men
727 4892 811 4941 hic.
838 4897 1014 4943 exalat
1039 4889 1095 4941 in
1115 4886 1253 4940 omni
1282 4886 1507 4939 ueritate.

642 4962 718 5035 (lt)
749 4959 1059 5035 Injtulgatis
1084 5002 1099 5027 ,
1142 4957 1272 5035 nihil
1301 4955 1527 5035 differre.
1575 4955 1799 5035 item-ius
1837 4955 1991 5035 abest
2030 4955 2163 5011 stibi!

572 5051 600 5089 a
632 5026 762 5087 ιίιὲε.
796 5026 1122 5086 Conceditur
1148 5029 1471 5084 adversariis
1497 5026 1756 5099 quidquid
1782 5028 2067 5093 uoluerint,
2106 5037 2164 5084 ιιι

574 5104 959 5161 iuviucitnliti-r
982 5102 1347 5159 revincautur.

644 5179 715 5244 (c)
748 5177 876 5231 Mss.
907 5176 1022 5230 has.
1059 5174 1201 5237 Vat.,
1232 5171 1467 5236 Marum,
1494 5169 1655 5227 Caro.
1685 5170 1883 5244 aliique
1905 5213 1919 5236 ,
1943 5170 2079 5238 quod
2100 5172 2166 5226 sit

2337 4814 2409 4891 if)
2430 4815 2554 4891 Lib.
2590 4832 2625 4871 ll
2648 4832 2748 4891 Ἀιι.
2778 4815 2847 4871 29
2874 4859 2889 4878 .
2926 4831 3050 4873 cum
3098 4815 3342 4891 pluribus
3371 4830 3502 4874 mss.
3527 4827 3586 4876 et
3614 4819 3864 4876 omnibus

2267 4887 2396 4943 edit.
2426 4890 2619 4957 legitur
2640 4888 2683 4941 si
2711 4899 2899 4942 tamen.

2340 4961 2417 5033 (ῃ)
2458 4958 2680 5035 Cnt'nut.
2732 4958 2898 5015 codex
2929 5002 2947 5028 ,
2995 4972 3207 5034 propter
3250 4974 3513 5035 peractum
3541 4979 3562 5016 :
3589 4971 3646 5018 et
3690 4977 3814 5020 mox
3841 5006 3859 5033 ,

2270 5032 2476 5105 propter
2490 5032 2766 5105 justitiam.

2344 5102 2424 5174 (lt)
2455 5102 2610 5165 Editi,
2646 5104 2905 5160 suscitauit
2944 5104 3157 5160 Iesum:
3200 5103 3586 5169 dissidentibus
3625 5121 3757 5162 mss.
3807 5114 3865 5163 ιι

2267 5191 2446 5246 ετωεο
2477 5184 2623 5230 textu
2651 5218 2662 5233 .
2697 5187 2752 5229 ut
2773 5176 2879 5245 jam
2909 5186 3149 5233 notatum
3177 5176 3269 5231 lib.
3298 5192 3335 5231 ιι
3355 5218 3370 5241 ,
3412 5195 3465 5231 ιι.
3495 5178 3585 5235 29.
3630 5178 3753 5235 Mox
3803 5180 3856 5235 in

570 5268 603 5304 a
636 5242 790 5303 Patre
812 5246 1101 5331 procedere.
1166 5244 1462 5331 tietinemla
1503 5244 1666 5331 lectio
1699 5242 1910 5313 vulgata
1935 5282 1952 5308 ,
1996 5258 2159 5313 quam
2263 5242 2589 5331 veterenms.
2623 5242 2782 5331 Cotb.
2799 5247 3041 5331 spititum
3066 5252 3203 5331 ejus,
3234 5263 3533 5331 plausuum.

570 5336 693 5376 eum
714 5322 919 5379 optimo
945 5319 1099 5373 Colit.
1128 5316 1385 5371 exhibent
1413 5326 1461 5370 et
1494 5316 1676 5383 plures
1706 5330 1838 5370 mss.

643 5391 724 5462 (Α)
753 5390 806 5462 iu
834 5390 1083 5460 vulgatis,
1126 5404 1157 5462 ιι
1193 5386 1330 5442 Filio
1359 5388 1576 5462 mittitur
1604 5396 1649 5462 et
1676 5404 1722 5462 tt
1743 5385 2018 5462 Ηυξ-,ιιι
2052 5403 2155 5462 ms.

578 5456 871 5524 bas.'Vat.,
900 5456 1008 5515 uno
1036 5460 1267 5515 Sorbon.
1317 5470 1371 5512 et
1411 5460 1583 5515 altero
1609 5457 1763 5513 Colh.
1797 5473 1829 5513 a
1862 5456 1998 5512 Filio
2018 5459 2153 5515 acci-

2335 5317 2409 5400 (i).
2454 5318 2573 5373 Par.
2630 5318 2744 5400 sed
2773 5320 2872 5400 hic
2932 5317 3203 5400 Sphinga
3232 5319 3420 5400 bieiius
3469 5322 3562 5377 alii
3615 5319 3762 5391 libri,
3811 5331 3861 5379 et

2264 5390 2518 5463 Spiritus,
2549 5390 2701 5461 quasi
2728 5390 2861 5445 idem
2890 5390 3087 5462 quoque
3110 5391 3359 5462 Spiritus.

2336 5462 2412 5536 (ᾖ)
2434 5461 2525 5519 Sic
2568 5477 2703 5518 mss.
2737 5464 2805 5517 At
2832 5464 3045 5531 excttsi,
3078 5466 3132 5519 in
3176 5464 3322 5519 nobis
3344 5474 3441 5533 est,
3465 5466 3575 5539 ejus
3594 5474 3706 5521 tum
3740 5465 3865 5539 Spi-

574 5535 697 5603 piet.
727 5550 761 5587 a
792 5532 946 5587 Patre
970 5532 1223 5597 mittitur;
1267 5530 1324 5586 In
1349 5530 1560 5603 Martio.
1604 5546 1652 5603 ag
1678 5528 1818 5583 Filio
1846 5532 2029 5603 accipit
2058 5544 2105 5603 et
2132 5547 2164 5585 tt
2266 5528 2418 5594 ritus,
2448 5541 2555 5590 etc.

583 5605 743 5659 Patre
772 5606 1011 5658 mittitur.
1048 5605 1236 5659 Verius
1266 5605 1318 5656 in
1341 5602 1580 5670 pluribus
1608 5601 1751 5667 aliis,
1777 5619 1810 5656 a
1839 5601 1977 5657 Filio
1999 5621 2030 5657 α
2060 5602 2163 5657 Pa-

584 5689 659 5729 tre
685 5677 941 5739 mittitur;
974 5690 1094 5730 cum
1130 5674 1266 5729 haud
1295 5673 1457 5729 dultic
1483 5673 1804 5738 restticiatur
1828 5676 1955 5728 tlitttl
1974 5716 1987 5732 .
2020 5692 2167 5736 quem

586 5765 680 5817 ego
706 5748 903 5802 mittam
930 5748 1066 5804 nobis
1095 5763 1126 5799 ιι
1168 5747 1345 5802 Patre.
1388 5746 1713 5817 Scrupulose
1755 5745 1892 5800 adeo
1940 5747 2173 5803 Hilarius

586 5816 769 5880 otnuia
796 5820 863 5877 de
887 5820 1089 5894 Spiritu
1119 5830 1306 5878 sancto
1327 5820 1492 5879 verba
1510 5833 1650 5877 suae
1670 5816 1961 5890 Scripturis
1984 5820 2170 5894 exigit.

2347 5604 2430 5676 (It)
2455 5606 2688 5661 Rursum
2716 5605 2773 5678 in
2802 5607 2889 5663 hie
2911 5607 3125 5663 t’XCltSiS
3152 5623 3258 5663 tum
3288 5622 3387 5678 pro
3416 5618 3584 5665 tamen
3612 5618 3753 5667 erat.

2356 5677 2419 5749 (ι)
2447 5678 2614 5733 Abest
2659 5677 2793 5749 enim
2819 5695 2847 5733 a
2904 5677 3297 5735 vetustioribus
3328 5697 3459 5737 mss.
3483 5681 3753 5749 Quaeritur
3775 5682 3865 5739 hic

2276 5747 2451 5803 utrum
2477 5750 2705 5834 Spiritus
2733 5747 3077 5834 Dejpomiue
3103 5747 3565 5834 propt~iam_Pa_tri_s
3589 5762 3863 5824 naturam,

2275 5838 2347 5880 au
2376 5835 2496 5881 rem
2547 5821 2692 5883 illius
2728 5823 2947 5898 quidem
2977 5821 3273 5903 propriam,
3297 5824 3396 5889 sed
3432 5825 3502 5887 ait
3536 5826 3657 5901 ipso
3681 5821 3867 5888 tamen
