4316 6444
588 231 691 288 253

1785 228 1865 284 SA
1878 226 2030 285 NCTI
2070 228 2327 286 llllARll
2370 229 2675 289 EPISCttl‘I

3779 235 3890 289 238

588 347 719 415 tica,
749 346 826 420 (i)
852 346 944 401 sed
975 347 1271 418 ap0stoiica
1296 343 1639 413 auctoritate,
1665 359 1788 401 cum
1810 344 2006 400 dicitur
2037 363 2049 399 :
2084 344 2191 401 Sed
2216 350 2266 409 Α
2294 348 2470 422 diliget
2521 365 2657 408 eum.
2688 360 2733 403 et
2759 350 2829 403 ad
2866 367 2978 406 eum
3008 352 3282 416 veniemus,
3317 359 3363 405 ct
3390 351 3707 407 mansionem
3750 350 3893 421 apud

588 441 687 494 hoc
712 450 806 506 est,
837 438 977 511 quod
991 439 1183 493 dictum
1207 450 1278 493 est
1308 455 1398 507 per
1428 437 1753 509 prapbetam,
1773 436 1883 492 Erit
1905 439 1957 492 in
1979 438 2194 492 novissi-

588 535 685 590 mis
706 532 906 602 diebus,
941 534 1066 589 dicit
1108 532 1379 597 Dominus,
1409 533 1673 600 e/fundam
1696 532 1758 587 de
1780 533 1983 601 Spiritu
2002 548 2113 588 meo
2143 533 2197 587 in

589 643 789 682 onmem
833 642 1059 688 caruerit.
1085 635 1131 682 et
1173 624 1541 699 prophetabunt
1568 625 1668 698 ﬁlii
1694 641 1871 680 eorum
1891 636 1938 680 et
1964 626 2090 697 ﬁlia:
2112 641 2197 681 ea-

588 738 702 777 rum
752 722 890 791 (Act.
925 738 982 788 tt,
1016 722 1102 787 16,
1137 720 1301 792 seqq.)
1345 721 1408 776 Et
1437 729 1865 775 consummatum
1893 719 1996 775 hoc
2025 730 2193 775 totum

590 817 755 871 fuisse
785 817 838 869 in
878 813 1153 883 Apostoiis
1178 813 1419 879 docetur,
1439 829 1560 870 cum
1587 814 1756 871 misso
1783 813 1987 885 Spiritu
2006 822 2194 870 sancto

592 924 780 965 omnes
800 910 877 980 (o)
900 908 1096 980 linguis
1121 908 1361 979 gentium
1389 917 1514 965 sunt
1540 908 1724 964 loeuti.

659 1003 752 1057 '26.
786 1000 849 1056 In
874 1002 1019 1057 nobis
1047 1012 1124 1057 est
1165 999 1325 1065 Deus.
1348 1020 1463 1057 cum
1507 1000 1744 1058 Christus
1768 1018 1925 1069 ;cum
1965 1002 2193 1073 Spiritus

589 1094 802 1161 Christi,
828 1093 1057 1164 Spiritus
1089 1094 1204 1149 Dei.
1236 1092 1365 1148 Fitii
1392 1103 1441 1148 et
1468 1093 1643 1149 Patris
1660 1109 1845 1149 natura
1866 1094 2193 1150 unm—Hac

588 1198 771 1242 autem
828 1188 1031 1242 idcirco
1083 1194 1210 1241 sunt
1262 1186 1629 1242 demonstrata
1694 1185 2021 1254 necessario,
2050 1194 2109 1241 ut
2140 1187 2191 1242 in

593 1294 991 1351 quamcumque
1021 1295 1079 1336 se
1106 1280 1236 1334 licet
1268 1292 1472 1351 partem
1498 1280 1749 1336 hreretiea
1774 1279 1976 1335 falsitas
2003 1291 2194 1338 contu-

594 1376 768 1441 lisset,
799 1374 993 1430 ﬁnibus
1021 1384 1199 1429 tamen
1231 1384 1389 1445 atque
1421 1375 1735 1445 praescripto
1762 1376 2002 1429 veritatis
2024 1390 2189 1431 evan-

591 1470 780 1541 gelii-te
802 1466 1240 1524 concluderetur.
1268 1467 1480 1522 llabitat
1500 1467 1645 1523 enim
1669 1469 1721 1521 iu
1748 1468 1904 1522 nobis
1924 1468 2190 1523 Christus:

590 1573 647 1620 et
678 1564 951 1618 habitante
980 1562 1219 1629 Christo,
1253 1561 1455 1616 habitat
1484 1560 1644 1616 Deus.
1676 1560 1884 1616 Etcum
1916 1561 2120 1618 habitat
2141 1564 2193 1617 in

593 1660 751 1716 nobis
772 1660 1003 1733 Spiritus
1028 1658 1226 1715 Christi
1257 1676 1273 1725 ;
1302 1660 1576 1715 habitante
1606 1667 1787 1714 tamen
1812 1659 1863 1713 in
1894 1659 2047 1715 nobis
2068 1658 2191 1730 Spi-

2300 456 2413 493 cum
2455 441 2699 510 faciemus
2730 439 2935 512 (10011.,
2973 458 3086 509 xtv,
3114 442 3229 515 23).
3266 442 3365 499 Per
3396 442 3445 498 id
3474 443 3640 510 enim,
3679 442 3885 513 Spiritu

2294 529 2499 588 Christi
2530 532 2584 588 in
2616 533 2775 590 nobis
2807 546 3079 598 manente.
3106 536 3200 591 Dei
3229 536 3487 607 Spiritum
3518 538 3568 592 in
3599 537 3754 592 nobis
3778 552 3894 594 ma-

2297 639 2425 681 nere
2457 634 2685 681 testatus
2713 637 2817 686 est.
2849 644 2949 684 nec
2993 629 3264 683 diversum
3307 644 3339 684 a
3393 644 3452 684 se
3482 645 3603 687 esse
3632 631 3890 701 Spiritum

2296 731 2326 772 a
2348 720 2577 775 mortuis
2600 720 2685 791 (ὅ)
2713 721 2930 777 excitati
2952 720 3024 797 (τ)
3054 728 3110 777 et
3132 720 3398 791 Spiritum
3434 739 3463 778 a
3492 722 3720 783 mortuis
3748 725 3895 781 exci-

2294 814 2720 870 tantis.Veniuut
2746 815 2913 881 enim,
2940 805 3102 885 atque
3123 814 3361 871 habitant
3383 817 3434 873 in
3458 816 3613 872 nobis
3639 835 3653 871 :
3675 828 3731 873 et
3758 834 3891 889 rogo

2298 918 2473 963 utrum
2498 905 2575 979 (4)
2609 905 2687 979 (d)
2717 907 2972 963 comitatu
2997 907 3365 963 diversitatum
3390 898 3623 979 venient,
3655 912 3892 967 mansio-

2297 1016 2527 1073 nemque
2551 1002 2768 1065 facient.
2799 1016 2864 1057 an
2897 1002 3099 1057 unitate
3131 1002 3361 1058 natura?
3380 1001 3487 1060 Sed
3512 1004 3772 1060 obnititur
3796 1003 3899 1061 do-

2296 1104 2412 1150 Clor
2439 1093 2699 1163 gentium,
2735 1110 2843 1150 non
2868 1094 3003 1149 duos
3033 1093 3275 1164 spiritus,
3308 1093 3405 1151 Dei
3434 1095 3643 1152 scilicet
3663 1107 3718 1153 et
3736 1098 3895 1154 Chri-

2295 1189 2384 1255 sti,
2419 1188 2519 1248 sed
2545 1190 2802 1260 Spiritum
2837 1190 3061 1257 Clu-isti,
3090 1190 3179 1263 qui
3219 1200 3271 1246 ct
3296 1191 3530 1263 Spiritus
3558 1191 3650 1248 Dei
3679 1202 3782 1257 est,
3811 1194 3893 1249 iu-

2295 1298 2416 1339 esse
2438 1283 2811 1341 credentibus.
2843 1284 2964 1340 Non
3013 1294 3097 1339 cst
3140 1285 3491 1351 cobabitatio,
3518 1285 3609 1341 sed
3640 1278 3900 1343 habitatio

2298 1384 2380 1430 est
2408 1395 2418 1428 :
2452 1376 2551 1429 sub
2572 1385 2908 1431 sacramento
2954 1387 3129 1431 tamen
3172 1376 3587 1432 cobabitationis
3617 1376 3897 1447 habitatio,

2297 1470 2423 1527 dum
2468 1487 2643 1543 neque
2674 1472 2781 1527 duo
2810 1474 2878 1543 (ε)
2915 1470 3178 1538 habitam,
3212 1489 3387 1545 neque
3417 1474 3487 1528 ab
3510 1474 3616 1528 alio
3642 1473 3897 1530 diversus

2298 1564 2569 1621 habitator
2585 1574 2687 1621 est.
2718 1564 2814 1621 Esi
2844 1566 2989 1620 enim
3018 1566 3069 1621 in
3102 1566 3259 1623 nobis
3286 1567 3521 1638 Spiritus
3546 1564 3663 1631 Dei,
3688 1568 3781 1623 sed
3811 1576 3898 1623 est

2300 1657 2351 1712 in
2383 1656 2541 1713 nobis
2565 1658 2796 1729 Spiritus
2824 1657 3028 1713 Cht‘isli
3062 1676 3073 1712 ε
3103 1670 3157 1716 ct
3185 1677 3304 1713 cum
3333 1660 3568 1732 Spiritus
3588 1658 3784 1715 Christi
3818 1660 3891 1715 itt-

592 1754 701 1809 ritu
727 1751 924 1808 Christi
958 1795 973 1818 ,
1008 1768 1115 1807 non
1161 1752 1306 1808 alius
1335 1763 1512 1807 tamen
1542 1752 1759 1821 spiritus
1788 1751 2012 1819 habitat,
2035 1768 2196 1833 quam
2227 1753 2277 1814 B
2301 1761 2404 1815 est.
2434 1754 2573 1810 inest
2600 1754 2836 1825 Spiritus
2854 1754 2970 1810 Dei.
2999 1754 3075 1810 ita
3107 1770 3229 1809 cum
3252 1756 3394 1825 quod
3420 1754 3514 1809 Dei
3538 1763 3640 1818 est,
3664 1764 3719 1809 et
3741 1755 3901 1810 Chri-

599 1844 833 1917 Spiritus
863 1845 977 1901 Dei.
999 1845 1149 1913 Quod
1193 1846 1240 1900 si
1268 1859 1362 1912 per
1390 1845 1646 1914 Spiritum
1678 1853 1922 1899 sanctum
1950 1830 2197 1901 Christus

593 1938 646 1993 in
680 1940 834 1994 nobis
865 1953 986 1993 esse
1038 1938 1372 2009 intelligitur,
1406 1938 1544 1992 hunc
1586 1948 1766 1994 tamen
1820 1941 1891 1993 ita
1936 1937 2193 2011 Spiritum

593 2032 710 2094 Dei.
733 2043 791 2087 ut
812 2031 1076 2100 Spiritum
1103 2030 1302 2087 Christi
1332 2048 1453 2088 esse.
1472 2033 1801 2087 noscendum
1829 2044 1931 2088 est.
1958 2031 2025 2087 Et
2048 2048 2193 2102 cum,

596 2124 675 2195 (2)
709 2125 782 2198 (ὁ)
817 2140 911 2196 per
936 2134 1179 2180 naturam
1214 2126 1290 2181 rei
1335 2136 1522 2182 natura
1553 2126 1662 2193 ipsa
1690 2126 1891 2182 habitet
1924 2128 1974 2181 in
1999 2127 2189 2195 nobis;

594 2218 909 2275 indill‘ercns
938 2230 1127 2274 natura
1177 2218 1297 2274 Filii
1348 2235 1470 2275 esse
1522 2221 1772 2275 credetur
1800 2236 1828 2274 a
1860 2219 2041 2285 Patre.
2071 2236 2192 2277 cum

592 2314 830 2383 Spiritus
882 2323 1130 2382 sanctus,
1161 2316 1249 2386 qui
1282 2326 1337 2371 et
1386 2314 1620 2384 Spiritus
1657 2314 1856 2370 Christi
1884 2325 1937 2369 ct
1963 2315 2193 2385 Spiritus

595 2406 689 2463 Dei
719 2416 823 2476 est,
852 2422 943 2463 res
984 2416 1190 2463 natura:
1219 2422 1341 2463 esse
1367 2407 1768 2464 demonstretur
1794 2408 2194 2478 unius.'Qu:ero

596 2516 736 2555 nunc
764 2500 942 2569 igitur,
973 2499 1249 2571 quomodo
1280 2516 1386 2556 non
1415 2516 1480 2556 ex
1528 2514 1717 2558 natura
1760 2518 1924 2557 unum
1951 2503 2120 2577 sunt?
2149 2506 2190 2558 Α

597 2604 749 2666 patre
786 2595 1028 2666 procedit
1069 2596 1303 2666 Spiritus
1334 2598 1573 2652 veritatis
1602 2615 1615 2651 :
1648 2614 1677 2654 a
1702 2597 1840 2654 Filio
1870 2599 2115 2663 mittitur,
2140 2611 2194 2655 et

594 2705 623 2744 a
656 2689 793 2745 l-‘ilio
824 2690 1036 2759 accipit.
1088 2690 1195 2747 Sed
1249 2694 1452 2757 omnia,
1504 2708 1624 2761 quin
1680 2694 1837 2747 habet
1864 2692 2042 2759 Pater,
2076 2694 2191 2749 Filii

595 2794 722 2839 Stttti
744 2785 1141 2855 :etidcireoqui
1156 2784 1301 2840 abeo
1321 2787 1535 2857 accipit,
1556 2787 1650 2843 Dei
1669 2787 1896 2857 Spiritus
1915 2788 2076 2861 232
2089 2800 2189 2851 est.

596 2881 691 2936 sed
726 2881 865 2936 idem
888 2893 942 2936 et
970 2880 1421 2952 SpiritusChristi
1449 2892 1549 2937 cst.
1586 2884 1690 2938 lies
1714 2891 1917 2937 natura:
1946 2882 2064 2937 Filii
2111 2895 2194 2939 est

594 2977 819 3047 (supple,
850 2975 1130 3046 Spiritus),
1148 2975 1240 3031 sed
1255 2976 1440 3032 eadem
1467 2991 1554 3032 res
1581 2986 1633 3031 et
1666 2986 1871 3030 naturae
1896 2976 2067 3031 Patris
2088 2989 2188 3033 e5t.

593 3066 893 3124 Excitautis
914 3067 1188 3125 Christum
1217 3086 1245 3123 a
1275 3075 1500 3126 mortuis
1521 3070 1753 3142 Spiritus
1780 3078 1863 3125 est
1888 3086 1902 3135 ;
1926 3070 2021 3127 sed
2049 3071 2189 3125 idem

2300 1849 2366 1902 sti
2394 1858 2517 1912 est;
2548 1860 2604 1903 et
2631 1862 2752 1904 cum
2780 1846 2922 1919 quod
2951 1845 3154 1903 Christi
3185 1857 3288 1913 est,
3323 1846 3415 1902 Dei
3443 1856 3525 1903 est
3551 1866 3563 1901 :
3594 1864 3697 1902 non
3724 1857 3901 1918 potest

2300 1941 2442 1997 aliud
2465 1943 2591 2011 quid
2621 1942 2892 1997 diversum
2918 1940 2987 2013 (Γ)
3015 1942 3260 1997 Christus
3280 1954 3420 2008 esse,
3449 1956 3606 2013 quam
3634 1939 3774 1996 Deus
3792 1950 3899 1995 est.

2302 2037 2441 2091 Deus
2468 2036 2629 2106 igitur
2652 2032 2896 2091 Christus
2917 2046 2999 2090 est
3014 2033 3095 2107 (5)
3111 2034 3193 2109 (g)
3214 2050 3347 2089 unus
3365 2049 3487 2089 cum
3509 2034 3617 2087 Deo
3639 2032 3896 2102 Spiritus.

2369 2130 2459 2187 '18.
2494 2131 2731 2185 Ariania
2757 2127 2961 2199 Spiritu
3004 2138 3183 2184 sancto
3231 2128 3391 2183 alieni
3427 2126 3686 2183 Christum
3738 2124 3902 2179 Deum

2299 2234 2506 2300 ttegrtttt,
2533 2234 2580 2279 et
2597 2234 2765 2279 tamen
2789 2222 3061 2279 rolunt.—
3089 2220 3159 2277 Et
3190 2219 3323 2277 illud
3354 2214 3721 2291 evangelicum
3746 2237 3758 2271 :
3787 2216 3901 2291 Ego

2298 2328 2343 2371 et
2374 2316 2529 2371 Pater
2553 2334 2710 2372 unum
2744 2332 2922 2370 sumus
2951 2312 3158 2386 (domu,
3191 2330 3247 2381 ι,
3276 2313 3391 2385 30),
3422 2313 3581 2369 docet
3611 2312 3902 2384 Apostolus

2304 2412 2563 2465 unitatem
2592 2424 2712 2466 esse
2741 2419 2968 2477 naturar,
2993 2424 3099 2463 non
3122 2405 3475 2465 solitudinem
3500 2407 3737 2473 unionis,
3760 2406 3899 2461 scri-

2301 2504 2440 2559 bens
2469 2502 2765 2558 Corinthiis
2794 2520 2808 2557 :
2836 2500 3058 2571 Propter
3082 2501 3219 2571 quod
3240 2509 3411 2556 notum
3435 2502 3572 2574 facio
3593 2500 3754 2566 vobis,
3778 2502 3900 2572 quia

2301 2614 2449 2652 nemo
2505 2598 2559 2651 in
2592 2597 2792 2667 Spiritu
2826 2595 2918 2653 Dei
2972 2596 3055 2667 (It)
3106 2597 3230 2651 dicit
3283 2596 3557 2651 anathema
3580 2595 3664 2668 (6)
3694 2596 3895 2652 Iesum.

2302 2689 2490 2747 Scisne
2519 2706 2679 2753 nunc,
2710 2689 2987 2758 tueretice,
3021 2691 3072 2744 in
3126 2706 3232 2759 quo
3284 2690 3475 2759 Spiritu
3528 2689 3677 2746 dicas
3728 2690 3889 2745 Chri-

2298 2796 2440 2842 stum
2478 2795 2781 2842 creaturam
2802 2786 2844 2857 (1
2875 2783 3020 2847 Cor.,
3046 2801 3142 2849 xu,
3165 2786 3220 2855 3)
3252 2786 3275 2838 ?
3302 2783 3434 2840 Cum
3478 2786 3622 2839 enim
3662 2785 3717 2841 in
3761 2799 3893 2840 aua-

2299 2879 2537 2936 themate
2558 2880 2685 2946 sint,
2716 2880 2807 2951 qui
2830 2879 3133 2935 servierunt
3162 2888 3420 2936 creatum
3441 2880 3600 2952 233
3632 2880 3698 2954 (i)
3720 2882 3900 2952 potius

2297 2990 2457 3049 quam
2479 2974 2719 3031 Creatori
2744 2974 2947 3047 (Rom.,
2969 2989 3008 3039 ι,
3029 2970 3433 3042 25);Christum
3447 2982 3751 3029 creaturam
3767 2990 3895 3031 con-

2298 3070 2482 3136 ﬁtens,
2504 3069 2633 3142 quid
2658 3068 2733 3125 sis
2756 3067 3016 3139 intelligo,
3048 3068 3139 3139 qui
3169 3082 3275 3123 non
3306 3068 3520 3137 ignores
3545 3067 3671 3133 quin
3695 3069 3747 3123 in
3779 3084 3898 3124 ma-

594 3161 827 3231 Spiritus
853 3162 1052 3218 (.‘liriSIi
1085 3174 1170 3218 est
1193 3178 1221 3217 a
1270 3162 1501 3218 mortuis
1526 3164 1766 3219 excitati.
1796 3164 1851 3218 in
1883 3162 2062 3235 aliquo
2084 3163 2185 3220 dif-
2213 3166 2259 3230 Ο
2291 3162 2487 3220 iedicto
2541 3164 2613 3217 sit
2662 3160 2851 3233 religio
2900 3172 3183 3217 creatum.
3216 3158 3280 3214 Et
3321 3159 3447 3231 quid
3487 3167 3745 3232 sequatur
3794 3162 3897 3217 ad-

593 3256 733 3317 ferat
761 3257 961 3315 Christi
993 3269 1045 3315 et
1072 3258 1167 3314 Dei
1197 3267 1406 3323 natura,
1431 3276 1497 3313 ne
1527 3258 1717 3313 eadem
1749 3260 1852 3324 sit;
1876 3260 1921 3314 si
1951 3262 2192 3330 prmstari

598 3363 777 3428 potest
805 3364 861 3408 ut
886 3351 1139 3422 Spiritus,
1173 3352 1261 3423 qui
1292 3352 1388 3407 Dei
1418 3361 1523 3415 est.
1549 3370 1654 3408 non
1686 3354 1755 3409 sit
1782 3365 1837 3408 et
1860 3352 2083 3410 Christi.

661 3448 752 3504 27.
788 3445 914 3501 Filii
961 3456 1009 3500 et
1062 3444 1234 3499 Patris
1279 3446 1381 3498 una
1418 3446 1559 3514 apud
1580 3463 1672 3503 nos
1720 3447 2066 3503 Itabitutio.--
2085 3449 2191 3505 Sed

595 3551 670 3606 te,
704 3541 980 3601 itteretice,
1032 3538 1327 3604 furentem,
1354 3548 1410 3593 et
1456 3538 1645 3608 spiritu
1698 3540 1959 3597 doctrina:
2005 3543 2193 3597 morti-

594 3637 723 3693 tene
752 3636 1137 3690 circumactum
1170 3642 1316 3688 tenet
1346 3641 1659 3688 eteoarctat
1683 3632 2000 3703 Apostolus,
2031 3635 2187 3692 Chri-

593 3740 736 3786 stum
768 3729 924 3785 nobis
953 3726 1356 3782 fundamentum
1408 3741 1614 3796 ponens
1666 3725 1789 3783 iidei
1845 3725 1889 3797 (l
1915 3726 2061 3795 Cor.,
2102 3744 2190 3795 ut,

597 3823 712 3893 ii),
737 3823 867 3878 dicti
911 3820 1070 3890 hujus
1099 3834 1314 3890 quoque
1353 3817 1607 3873 dominici
1667 3834 1771 3874 non
1830 3822 2080 3875 nescius:
2133 3821 2193 3879 Si

598 3917 712 3987 quis
741 3915 907 3987 diligit
930 3931 1026 3975 me,
1059 3922 1103 3967 ct
1132 3913 1333 3967 verbum
1347 3928 1515 3965 meum
1531 3912 1747 3968 servabit
1774 3932 1793 3969 :
1822 3922 1867 3970 et
1885 3923 2029 3985 pater
2051 3931 2193 3971 meus

697 4063 751 4129 i)
784 4060 892 4116 Sed
919 4068 970 4113 et
989 4059 1291 4129 apostolica.

690 4128 748 4201 2)
782 4129 887 4187 Per
915 4138 1152 4201 naturam
1174 4128 1292 4182 Dei.

698 4198 751 4270 5)
782 4203 1009 4259 Excitati
1026 4200 1172 4257 Jan.
1206 4201 1351 4270 Mox,
1382 4200 1649 4257 mitantie
1665 4198 1865 4258 Iesum.

698 4208 727 4257 ‘5
782 4206 1172 4259 Excitatilesu.
1207 4206 1268 4256 Mt

692 4206 751 4345 ιζ
775 4274 1032 4352 Comitatu
1061 4275 1268 4329 diversi.

692 4416 744 4485 η)
777 4417 938 4483 Editi,
971 4423 1202 4485 excepto
1232 4412 1381 4479 Par.,
1414 4428 1593 4467 omnes
1630 4414 1853 4485 (ingeras.

692 4436 721 4470 η
777 4417 938 4483 Editi,
971 4423 1202 4485 excepto
1232 4416 1381 4479 Par.,
1414 4428 1593 4467 omnes
1630 4416 1701 4468 lin
1742 4430 1853 4470 uae.

666 4416 744 4561 ibi
772 4488 1112 4544 Praei‘orimus
1136 4501 1263 4561 cum
1288 4494 1468 4541 vetere
1493 4501 1597 4540 ms.
1618 4430 1773 4541 Coii).
1802 4495 1858 4542 et
1884 4486 2073 4545 Germ.
2102 4507 2192 4561 per

596 4558 835 4616 naturam
864 4561 959 4625 rei,
1009 4558 1239 4614 inversis
1267 4569 1468 4619 tamen,
1505 4568 1556 4611 ut
1589 4573 1733 4627 saepe
1761 4574 1857 4614 usu
1898 4562 2063 4627 venit,
2100 4558 2193 4619 vo-

596 4634 803 4689 cabulis
830 4633 949 4687 scil.
979 4647 1098 4699 pro,
1125 4647 1215 4697 per
1236 4639 1432 4684 natura:
1460 4646 1585 4683 rem.
1604 4629 1660 4685 lu
1691 4628 1842 4685 libris
1873 4631 1993 4687 aliis
2022 4633 2189 4689 habe-

600 4715 686 4759 tur
713 4722 800 4775 per
831 4715 1072 4757 naturam
1274 4700 1355 4775 Ab
1388 4703 1511 4775 hinc
1542 4716 1861 4775 responsum
1890 4704 1941 4758 in
1982 4719 2076 4761 eos
2102 4722 2192 4763 ac—

598 4773 994 4840 commodatur,
1027 4774 1118 4846 qui
1169 4773 1428 4843 Spiritum
1458 4774 1552 4828 Dei
1577 4789 1691 4829 rem
1716 4782 1921 4831 natura:
1948 4791 2071 4834 esse
2100 4795 2193 4835 vo-

601 4848 732 4904 lettt.

674 4920 748 4991 (υ)
774 4921 905 4975 iline
936 4934 1120 4974 vocem
1171 4916 1320 4983 Iesu,
1351 4932 1560 4972 necnon
1591 4916 1768 4971 Iesum
1816 4930 1939 4988 post
1968 4919 2190 4977 verbum

599 4996 891 5055 excutiatis,
925 4991 1240 5047 susmlimus
1266 4992 1583 5044 auctoritate.
1605 4992 1866 5060 potiorum
1894 5008 2023 5047 mss.

672 5066 753 5133 (di
782 5064 1128 5119 Martiuianus
1178 5062 1370 5125 Codex,
1422 5064 1660 5115 comitatu
1692 5064 1896 5117 diversi.
1951 5066 2194 5133 Amplius

604 5152 788 5191 nescio
808 5138 934 5205 quid
966 5135 1127 5189 habet
1151 5134 1397 5188 comitatu
1427 5134 1799 5199 dit-crsitatum,
1834 5146 1980 5203 puta,
2012 5151 2079 5191 an
2107 5153 2195 5192 ra-

604 5210 678 5263 tio
704 5209 862 5263 simul
919 5205 1169 5263 veniendi
1218 5206 1317 5260 sita
1357 5205 1428 5261 sit
1455 5208 1506 5258 in
1544 5206 1774 5276 quadam
1819 5208 2190 5264 diversitatum

601 5283 873 5350 congerie,
899 5296 964 5333 an
996 5280 1048 5333 in
1081 5278 1284 5350 unitate
1312 5278 1553 5333 natum?

676 5348 748 5425 (ὁ)
778 5353 1011 5423 Sttpple,
1063 5348 1293 5425 Spiritus
1320 5366 1338 5404 :
1372 5351 1513 5425 altas
1553 5349 1977 5425 cobabitationis
2014 5366 2193 5409 sacra-

602 5420 845 5483 mentum
870 5420 977 5481 non
999 5421 1123 5483 erit.
1140 5423 1241 5476 nisi
1265 5420 1372 5476 duo
1398 5421 1641 5477 habitent
1672 5424 1913 5490 personis
1928 5422 2189 5481 distincti.

602 5500 738 5556 Tum
771 5502 821 5554 in
853 5513 954 5552 ms.
986 5494 1109 5550 Val.
1138 5494 1252 5565 bas.
1287 5511 1445 5565 neque
1485 5496 1547 5549 ab
1577 5497 1680 5550 alio
1708 5496 1936 5552 diuersur
1963 5513 2020 5551 ro
2045 5499 2187 5553 habi-

604 5580 738 5626 tator
763 5589 781 5626 :
805 5576 988 5640 posset
1038 5565 1163 5623 icrri
1218 5564 1447 5622 diversus
1474 5568 1818 5629 cohabitator.
1860 5568 2005 5643 quod
2034 5569 2195 5628 habet

606 5644 971 5699 Martininuus.

682 5716 748 5790 (fi
775 5716 894 5771 Vat.
926 5716 1040 5770 bas.
1066 5718 1233 5790 codex
1258 5712 1547 5790 «talartiu.
1583 5714 1775 5771 Cltrtstt
1798 5732 1908 5773 este
1931 5732 2084 5786 quam
2097 5716 2194 5774 Dei

609 5783 731 5844 est":
756 5805 860 5843 non
894 5793 1016 5841 sunt
1048 5783 1361 5853 recipiendi.

2299 3268 2451 3315 verte
2487 3275 2499 3312 :
2532 3255 2598 3311 Et
2621 3272 2767 3311 nemo
2797 3264 2961 3329 potest
2986 3255 3152 3309 dicere
3181 3251 3459 3308 Dominum
3484 3251 3688 3315 Iesum,
3719 3256 3819 3310 nisi
3842 3255 3896 3309 in

2298 3351 2501 3422 Spiritu
2552 3359 2727 3403 sancto
2751 3348 2793 3419 (l
2818 3346 2961 3412 Cor.,
2998 3364 3092 3411 xu,
3122 3348 3200 3419 3).
3248 3345 3497 3403 Sentisne
3523 3348 3651 3417 quid
3680 3347 3775 3403 tibi
3798 3348 3894 3405 dc-

2292 3445 2382 3511 sit,
2421 3445 2489 3517 (j)
2518 3441 2734 3499 Christo
2762 3440 3006 3513 negando
3031 3439 3174 3511 quod
3204 3454 3359 3494 suum
3376 3451 3457 3494 est
3478 3440 3501 3493 ?
3526 3440 3582 3495 Si
3614 3456 3710 3512 per
3735 3450 3892 3495 natu--

2295 3554 2410 3595 ram
2463 3538 2555 3592 Dei
2602 3533 2850 3591 Clu-istos
2878 3533 2971 3589 tibi
3000 3533 3261 3589 Dominus
3299 3544 3404 3599 est,
3436 3530 3604 3587 habes
3633 3532 3893 3604 Spiritum

2296 3640 2540 3686 sanctum
2567 3647 2580 3682 :
2610 3628 2654 3683 si
2685 3642 2815 3682 vero
2835 3642 2931 3698 per
2952 3626 3261 3696 adoptivum
3291 3638 3490 3681 nomen
3518 3625 3607 3681 hic
3642 3626 3896 3682 dominus

2299 3724 2624 3796 est,Spiritu
2666 3734 2856 3778 sancto
2885 3735 3101 3788 carens,
3140 3720 3331 3791 spiritu
3362 3720 3565 3776 erroris
3593 3720 3849 3776 animaris
3878 3739 3891 3775 :

2298 3820 2423 3891 quia
2479 3832 2643 3874 nemo
2693 3816 2793 3871 ιιίδί
2823 3817 2876 3873 in
2920 3813 3123 3884 Spiritu
3150 3822 3339 3870 sancto
3372 3812 3664 3872 Dominum
3707 3813 3893 3871 lesum

2302 3914 2704 3985 potestdicere.
2757 3910 2824 3966 Et
2865 3918 2918 3965 tu
2974 3918 3280 3966 creaturam
3336 3922 3458 3964 eum
3508 3909 3685 3979 potius
3730 3926 3891 3981 quam

2488 4058 2652 4137 Unius
2685 4072 2781 4128 pro
2810 4056 3057 4137 ejusdem.
3205 4133 3215 4137 _
3396 4124 3430 4137 __
3565 4126 3615 4137 η
3763 4124 3795 4137 η
3832 4124 3843 4135 .

2373 4124 2626 4259 (63km,
2660 4124 2765 4186 non
2795 4124 2993 4197 Iesum,
3018 4127 3071 4183 in
3098 4133 3286 4184 nostro
3310 4124 3521 4184 codice.
3565 4126 3711 4195 Mox,
3738 4124 3888 4193 diris,

2300 4219 2406 4262 non
2466 4219 2590 4258 ρεαδ.

2218 4423 2275 4486 D
2334 4418 2683 4494 ,(g)lnmss.
2709 4415 2923 4471 Martio.
2965 4413 3159 4481 Carm,
3184 4410 3376 4481 Corb.,
3400 4410 3546 4469 Prat.
3590 4419 3645 4469 et
3682 4410 3891 4486 aliquot

2296 4493 2439 4554 aliis,
2463 4492 2633 4546 unius.

2368 4562 2451 4634 (Ir)
2485 4562 2719 4619 Verbum
2746 4564 2958 4631 loquens
2984 4559 3071 4614 hic
3097 4557 3303 4634 addunt.
3328 4556 3478 4634 editi,
3497 4555 3768 4634 quodnon
3797 4556 3889 4613 ha-

2296 4630 2450 4700 bent,
2482 4635 2576 4690 lib.
2608 4650 2669 4699 ll,
2702 4651 2756 4688 n.
2784 4630 2877 4696 δι,
2910 4645 3081 4698 neque
3121 4630 3205 4683 hic
3232 4630 3535 4698 reperimus
3566 4630 3665 4685 nisi
3692 4630 3744 4684 in
3784 4645 3891 4686 uno

2296 4709 2603 4763 recentiore
2630 4722 2730 4759 ms.
2754 4705 2910 4759 Colh.
2944 4702 3063 4758 Mox
3096 4704 3149 4757 in
3176 4701 3388 4758 Martio.
3413 4712 3471 4756 et
3498 4700 3625 4758 aliis
3650 4704 3882 4758 nonnul-

2298 4780 2389 4844 lis,
2407 4778 2556 4841 Jesu,
2588 4794 2692 4833 non
2720 4776 2917 4832 Iesum.

2369 4850 2447 4923 (i),
2462 4849 2633 4923 Simili
2673 4850 2879 4923 ratione
2899 4846 3216 4905 Ambrosius
3238 4888 3255 4914 ,
3287 4845 3382 4923 lib.
3408 4861 3426 4901 l
3451 4844 3520 4902 de
3542 4844 3696 4912 Fide,
3719 4860 3783 4923 c._
3798 4845 3885 4913 I6,

2296 4940 2351 4978 η.
2380 4918 2495 4979 ’104
2526 4940 2537 4975 :
2567 4920 2686 4992 Ipse
2731 4922 2926 4977 Paulus
2964 4929 3212 4973 creatum
3255 4921 3444 4992 servire
3479 4934 3580 4992 nos
3613 4918 3842 4986 prohibet
3871 4934 3891 4973 :

2297 4990 2727 5064 quemadmodum
2762 5010 2881 5063 ergo
2906 4992 3107 5045 (.‘ttristo
3127 4993 3254 5064 ipse,
3274 4990 3501 5064 serviret,
3540 4991 3589 5064 si
3605 4998 3888 5064 creaturam

2296 5060 2555 5121 Christum
2584 5076 2783 5131 putaret
2798 5060 2834 5119 2⁷
2881 5064 2956 5118 Ex
2982 5079 3088 5131 quo
3108 5060 3379 5117 concludit
3403 5079 3416 5115 :
3443 5061 3546 5116 Aut
3571 5062 3727 5132 igitur
3750 5062 3887 5115 desi-

2297 5140 2607 5192 nautcotere
2634 5154 2781 5207 quem
2824 5146 3110 5191 creaturam
3148 5134 3430 5207 appellant.
3455 5143 3543 5186 aut
3581 5132 3887 5187 desitum...

2297 5210 2464 5265 dicere
2502 5205 2786 5265 creaturam
2814 5216 2905 5263 :et
2934 5223 2984 5262 c.
3011 5207 3097 5271 ii,
3130 5223 3184 5261 ιι.
3210 5205 3279 5260 b9
3312 5223 3324 5258 :
3364 5206 3427 5261 Si
3455 5207 3681 5260 alienum
3706 5214 3890 5275 putant

2296 5280 2501 5347 Deum,
2539 5298 2631 5336 cur
2682 5280 2897 5336 adorant
2936 5278 3223 5332 eumtcum
3258 5287 3509 5345 nuptum
3550 5276 3615 5331 sit
3656 5293 3675 5331 :
3710 5275 3890 5346 Neque

2298 5354 2537 5416 adorabis
2578 5352 2741 5417 Deum
2789 5353 3034 5407 alienum.
3086 5349 3233 5406 Idem
3273 5356 3648 5420 argumentum
3696 5348 3885 5420 adver-

2297 5442 2391 5481 sus
2416 5426 2645 5482 Arianos
2676 5436 2733 5481 ut
2756 5435 3019 5479 creatura:
3058 5421 3293 5477 cultores
3329 5419 3622 5477 coniiciunt
3650 5419 3889 5476 Athana-

2297 5498 2430 5563 sius.
2462 5497 2479 5523 '
2512 5498 2711 5561 uilius.
2738 5495 3029 5567 Gregorius
3048 5494 3232 5567 Nyss.,
3261 5503 3366 5567 etc:

2368 5570 2444 5645 (j)
2495 5570 2620 5626 Mss.
2649 5564 3043 5645 Caru..Co‘lh.,
3090 5564 3886 5645 G_erin._CIn_-istutu__negando.

2297 5636 2521 5699 Plain-unt
2550 5650 2631 5699 est
2659 5640 2900 5711 proxima
2924 5638 3165 5711 ApoStoii
3194 5638 3355 5693 verba
3377 5639 3455 5711 sic
3482 5637 3549 5711 ab
3573 5636 3783 5711 AHiia’rio
3806 5640 3891 5693 in-

2297 5715 2548 5769 teiieeta:
2581 5708 2747 5768 Nrino
2774 5722 2938 5785 potest
2976 5708 3144 5769 dicere
3187 5717 3242 5768 et
3283 5708 3527 5769 conﬁteri
3556 5708 3741 5766 Iesum
3782 5726 3892 5768 esse

2298 5786 2594 5855 Dominum,
2621 5786 2739 5855 nisi,
2771 5794 2875 5842 etc.
