4316 6478
354 404 464 462 257

1597 388 1685 449 DE
1725 381 2098 448 TRINITATE
2138 376 2345 442 LIBER
2383 375 2517 440 VIII.

3548 367 3658 431 258

362 520 527 574 Deum
557 517 766 584 dicens,
795 510 1073 571 dominum
1119 510 1244 569 licet
1297 523 1633 583 nuncupatis,
1662 510 1946 566 Dominum
1976 508 2066 577 Α(

1942 530 1946 563 ι
1976 508 2028 567 Α
2050 522 2268 577 audistis
2294 522 2358 577 tle
2381 537 2468 577 ore
2494 536 2627 584 meo,
2653 516 2907 587 Quoniam
2926 512 3155 570 Joannes
3183 512 3459 587 baptizavit
3489 527 3646 576 aqua,

362 623 541 668 tamen
594 626 716 667 esse
765 623 874 666 non
926 606 1255 678 dicis;quia
1304 604 1396 662 tibi
1448 602 1529 680 (tt)
1576 620 1641 662 ex
1685 604 1957 662 communi

362 719 559 775 genere
588 702 768 773 potius
794 708 851 758 et
894 698 1145 756 familiari
1194 700 1432 769 nomine,
1464 713 1624 759 uuam
1671 712 1739 755 ex
1769 708 1957 753 natura

363 797 431 853 sit
462 796 744 852 Dominus.
768 792 875 851 Sed
908 792 987 867 (ὸ)
1013 809 1043 848 a
1071 791 1239 849 Paulo
1267 791 1416 849 disce
1441 798 1707 848 naturam.

431 892 522 950 $29.
558 889 853 948 Gratiarum
892 890 1190 947 divisiones.
1214 922 1283 934 —-
1305 889 1561 962 Sequitur
1595 889 1740 947 enim
1768 907 1781 944 :
1816 887 1959 945 Dici-

364 980 532 1043 siones
556 996 727 1042 autent
760 987 1013 1041 donorum
1050 994 1190 1054 sunt,
1220 984 1356 1040 idem
1383 993 1551 1041 autem
1578 984 1805 1054 Spiritus
1843 988 1957 1049 est;

365 1091 413 1135 et
442 1079 718 1136 divisiones
746 1078 1147 1135 ministeriorum
1174 1086 1314 1145 sunt,
1337 1090 1385 1132 et
1404 1079 1539 1133 idem
1554 1078 1659 1151 ipse
1677 1076 1956 1143 Dominus;

369 1181 419 1229 et
446 1172 718 1228 divisiones
749 1174 1104 1244 operationum
1140 1180 1260 1227 sunt
1278 1213 1293 1236 ,
1338 1171 1472 1226 idem
1502 1181 1670 1226 autem
1693 1168 1849 1233 Deus,
1873 1170 1961 1241 qui

368 1276 606 1335 operatur
625 1266 795 1321 omnia
831 1264 885 1320 in
905 1262 1163 1321 omnibus:
1184 1262 1470 1336 Unicuique
1496 1274 1663 1319 autem
1684 1264 1836 1318 datur
1849 1279 1960 1318 ma-

367 1358 627 1431 nifestatio
654 1357 884 1431 Spiritus
906 1356 1005 1433 (c),
1026 1360 1097 1414 ad
1124 1358 1178 1413 id
1205 1359 1341 1431 quod
1382 1359 1508 1415 utile
1546 1370 1618 1415 est
1641 1356 1804 1433 (Ibid.
1829 1362 1885 1426 4,
1912 1368 1960 1415 et

368 1455 558 1524 κείνᾳ).
599 1448 656 1507 lu
687 1449 940 1524 presenti
971 1466 1222 1508 sermone
1248 1448 1599 1523 quadrimoda
1638 1450 1961 1523 signiﬁcatio

370 1544 705 1619 intelligitur,
735 1557 860 1602 cum
887 1546 940 1601 in
972 1544 1239 1602 divisione
1266 1545 1531 1602 donorum
1561 1544 1701 1602 idem
1726 1546 1961 1618 Spiritus

368 1647 472 1703 cst,
497 1649 557 1695 et
576 1637 631 1694 in
659 1637 929 1696 divisione
952 1638 1376 1717 ministeriorum
1398 1638 1539 1697 idem
1566 1641 1679 1710 ipse
1699 1638 1962 1696 Dominus

368 1742 475 1798 est,
504 1741 562 1789 et
588 1730 642 1788 in
669 1728 935 1789 divisione
959 1733 1331 1805 operationum
1361 1733 1505 1789 idem
1536 1732 1680 1790 Deus
1700 1742 1806 1800 est,
1828 1733 1959 1789 etin

371 1824 617 1881 utilitatis
643 1824 865 1884 dotione
898 1824 1264 1883 maniiestatio
1288 1826 1543 1898 Spiritus.
1570 1828 1749 1895 Atque
1778 1836 1836 1881 ut
1864 1826 1959 1881 da-

2058 634 2147 672 ros
2176 628 2346 671 autem
2374 614 2575 682 Spiritu
2610 623 2787 667 sancto
2821 611 3106 682 tingentini,
3138 625 3295 681 quem
3322 618 3371 661 et
3399 605 3662 675 accipietis

2058 728 2159 764 non
2188 718 2300 783 post
2344 708 2532 762 multos
2563 708 2654 762 Iros
2688 708 2817 761 dies.
2879 704 2943 760 Et
2982 719 3196 760 rursum
3223 724 3235 756 :
3261 700 3367 758 Sed
3402 696 3665 771 accipietis

2060 802 2291 857 virtutem
2320 800 2704 872 superveniente
2738 797 2936 871 Spiritu
2978 806 3153 852 sancto
3200 797 3254 850 in
3295 811 3403 862 vos,
3432 802 3480 846 et
3519 789 3664 846 eritis

2058 896 2185 950 mihi
2205 904 2354 950 testes
2376 896 2428 948 in
2452 891 2765 957 Jerusalem,
2789 901 2834 946 et
2862 891 3001 944 omni
3021 889 3232 956 ludant,
3252 899 3297 942 et
3325 883 3591 947 Samaria,
3618 888 3668 936 et

2058 964 2217 1059 usque
2227 986 2295 1042 ad
2307 987 2545 1042 ultimum
2564 1000 2712 1042 terra!
2728 986 2868 1057 (Act.
2883 1001 2920 1049 I,
2935 982 2990 1050 4,
3008 993 3054 1039 ct
3073 982 3228 1055 σαι).
3248 979 3669 1038 Promissionem

2059 1080 2261 1148 Patris,
2292 1096 2410 1153 qua:
2431 1080 2499 1136 de
2534 1096 2629 1137 ore
2662 1080 2779 1150 ejus
2799 1078 2978 1134 audita
3017 1090 3121 1146 est,
3158 1076 3457 1148 ettspectari
3484 1073 3658 1144 jubet.

2060 1171 2219 1229 Certe
2240 1173 2403 1228 etiam
2422 1186 2567 1231 nunc
2587 1171 2705 1242 ejus
2724 1181 2961 1242 paterna:
2983 1168 3360 1243 promissionis
3388 1164 3666 1237 eloquium

2060 1274 2163 1319 est.
2183 1265 2286 1322 Per
2299 1264 2396 1320 itas
2411 1263 2834 1336 igiturvirtutum
2850 1261 3167 1320 elﬁcientias
3182 1257 3670 1327 maniieStatioSpi-

2062 1356 2200 1413 ritus
2240 1365 2343 1414 est.
2370 1356 2554 1427 Neque
2573 1358 2717 1413 enim
2741 1358 2791 1411 in
2817 1358 3029 1412 occulto
3057 1363 3142 1409 est
3180 1352 3413 1422 Spiritus
3439 1351 3666 1415 donum,

2063 1449 2154 1505 ubi
2197 1464 2377 1507 sermo
2426 1448 2709 1520 sapientiae
2739 1459 2841 1514 est,
2890 1459 2944 1505 et
2974 1447 3134 1503 verba
3166 1446 3288 1499 vita:
3330 1444 3621 1499 audiuntur
3654 1456 3669 1492 θ

2063 1545 2151 1601 vel
2198 1544 2287 1601 ubi
2347 1544 2543 1601 divinae
2599 1543 2925 1615 cognitionis
2967 1541 3188 1598 scicntia
3230 1548 3347 1605 est,
3400 1554 3467 1592 ne
3508 1551 3675 1607 pecu-

2065 1639 2193 1696 dum
2256 1638 2421 1697 modo
2495 1652 2592 1711 per
2646 1639 3036 1711 ignorationem
3096 1635 3225 1701 Dei,
3288 1634 3409 1689 vitae
3471 1636 3672 1686 ucstra

2063 1734 2377 1804 ignoremus
2405 1742 2679 1789 auctorem
2708 1749 2722 1784 :
2749 1733 2829 1787 vel
2859 1747 2953 1802 per
2980 1730 3139 1785 iidem
3172 1727 3287 1793 Dei,
3314 1742 3383 1784 ne
3411 1741 3516 1781 non
3552 1737 3673 1779 cre-

2061 1826 2255 1884 dentes
2292 1826 2640 1898 Evangelium
2697 1825 2814 1895 Dei,
2863 1837 3015 1881 extra
3066 1822 3420 1892 Evangelium
3461 1820 3553 1874 Dei
3602 1817 3674 1873 si-

380 1918 455 1974 tio
478 1918 729 1975 utilitatis
772 1918 826 1975 in
869 1917 1303 1976 manifestatione
1329 1918 1564 1990 Spiritus
1609 1927 1960 1984 nosceretur;
1992 1908 2043 1972 Β
2069 1934 2188 1975 ntus
2223 1938 2235 1973 :
2266 1918 2350 1975 vel
2390 1934 2487 1990 per
2533 1919 2731 1975 donum
2780 1916 3137 1983 curationum,
3184 1926 3241 1972 ut
3274 1917 3501 1988 gratiam
3531 1916 3674 1989 ejus,

377 2010 638 2067 continuo
674 2010 973 2082 subjectum
1009 2020 1136 2068 est:
1170 2009 1310 2066 Huic
1343 2010 1547 2082 quidem
1583 2028 1673 2083 per
1708 2010 1963 2083 Spiritum

379 2103 534 2158 datur
558 2119 725 2159 sermo
759 2104 1048 2177 sapientia,
1085 2104 1179 2160 alii
1202 2113 1372 2161 autem
1408 2122 1577 2163 sermo
1616 2107 1844 2162 scientia
1879 2123 1961 2163 se-

379 2198 602 2251 cundum
615 2196 846 2254 eumdem
872 2197 1151 2271 Spiritum,
1168 2198 1319 2253 alteri
1344 2209 1511 2255 autem
1537 2199 1667 2271 ﬁdes
1689 2197 1768 2273 (Δ)
1798 2201 1851 2254 in
1878 2216 1964 2255 eo-

372 2289 486 2344 dem
510 2287 734 2360 Spiritu,
762 2290 854 2346 alii
873 2292 1064 2346 donum
1089 2292 1414 2346 curationum
1443 2291 1497 2346 in
1525 2291 1701 2347 eodem
1735 2273 1961 2362 Spiritu,

370 2382 463 2438 alii
507 2382 737 2455 operatio
771 2383 1015 2438 uirtutum
1040 2426 1054 2449 ,
1098 2384 1192 2440 alii
1234 2383 1501 2456 prophetia
1521 2426 1537 2451 ,
1589 2385 1683 2439 alii
1724 2385 1967 2439 discretio

388 2475 716 2548 Spirituum,
753 2473 848 2533 alii
884 2495 1071 2552 genera
1114 2480 1446 2550 linguarum,
1476 2480 1568 2536 alii
1612 2482 1966 2553 interpretatio

372 2568 665 2639 linguarum
695 2568 891 2647 (Ibid,
919 2571 953 2627 8
973 2581 1022 2626 et
1043 2570 1233 2644 καφ).

442 2660 533 2717 30.
580 2660 813 2730 Spiritus
857 2664 1223 2734 manifestatio.
1250 2664 1412 2722 —Et
1454 2664 1669 2737 quidem
1720 2667 1794 2736 id,
1822 2669 1966 2739 quod

372 2760 621 2821 quartum
648 2754 1047 2827 essediximus,
1078 2755 1127 2811 id
1157 2766 1263 2825 est,
1293 2757 1344 2811 in
1374 2757 1595 2831 datique
1616 2761 1862 2817 utilitatis
1892 2761 1967 2835 (e)

375 2844 605 2913 Spiritus
628 2846 1136 2915 muniit-stationem,
1162 2850 1461 2906 absolutam
1479 2852 1636 2908 habet
1657 2854 1961 2926 intelligen-

375 2935 522 2992 tiam.
544 2935 708 3011 235
721 2938 1213 2997 Comtnemoratum
1236 2947 1378 2999 enim
1396 2954 1502 3009 est,
1527 2960 1626 3016 per
1643 2961 1776 3018 quas
1793 2947 1965 3003 datio-

375 3029 504 3087 num
528 3032 785 3089 utilitates
812 3035 928 3090 bac
948 3046 1089 3091 esset
1122 3034 1359 3107 Spiritus
1381 3038 1767 3096 manifestatio.
1803 3042 1858 3097 In
1884 3041 1968 3097 Itis

378 3138 610 3196 namque
634 3124 959 3184 divisionum
999 3128 1289 3185 virtutibus
1319 3146 1425 3186 non
1457 3134 1660 3191 incerta
1693 3135 1818 3189 doni
1864 3137 1964 3192 Ιιιι-

372 3217 464 3288 jus
489 3220 730 3276 ostensio
754 3230 859 3288 est,
891 3221 959 3279 de
987 3237 1095 3293 quo
1124 3222 1384 3281 Dominus
1410 3226 1477 3279 ad
1504 3225 1795 3297 Apostolus
1817 3228 1967 3286 dise-

378 3321 481 3377 rat,
525 3311 840 3382 praecipiens
879 3311 986 3379 his,
1024 3329 1089 3368 ne
1135 3319 1202 3368 ab
1238 3312 1581 3388 Jerosolymis
1620 3320 1970 3389 discederent;
1995 3298 2042 3362 (ἶ

382 3403 451 3475 (f)
471 3404 560 3459 sed
583 3415 888 3475 exspectate,
922 3406 1123 3477 inquit,
1164 3409 1557 3477 promissionem
1586 3408 1783 3477 Patris,
1808 3431 1965 3485 quam

453 3566 533 3639 (Ι)
574 3566 781 3643 Velper
817 3568 1302 3641 interpretationem,
1334 3572 1605 3643 quomodo
1640 3584 1796 3631 antea
1819 3576 1970 3635 dixe-

381 3648 461 3694 rat
485 3655 575 3711 per
601 3640 778 3709 ﬁdem,
799 3657 891 3712 per
910 3640 1121 3710 donum,
1147 3659 1238 3714 per
1265 3640 1633 3715 operationem,
1655 3658 1785 3716 etc.,
1812 3653 1970 3720 paulo

456 3787 533 3857 la)
571 3784 803 3855 Optima:
845 3793 986 3843 noue
1032 3801 1163 3844 mss.
1205 3782 1396 3857 Carm,
1419 3786 1606 3845 Germ.
1638 3806 1760 3851 cum
1788 3794 1976 3853 tribus

383 3858 727 3930 Collwrtinis,
778 3874 843 3912 ca:
882 3860 1138 3913 communi
1172 3858 1341 3930 potius
1376 3871 1421 3912 et
1466 3862 1714 3929 familiari
1751 3868 1971 3922 nomine.

386 3928 537 3986 Unus
558 3931 887 4003 Scribonia:
911 3928 1188 3997 communi,
1226 3928 1672 4003 generali’potius,
1720 3947 1823 3991 etc.
1856 3938 1972 3993 Vat.

388 4003 524 4083 bas.“
554 4012 612 4056 et
657 4000 872 4057 Hartin.
904 4016 975 4057 ea:
1010 4000 1363 4059 commuriione
1407 4000 1605 4075 generis
1647 4000 1695 4061 et
1723 4007 1976 4077 familiari

386 4090 606 4128 nonttue.
1048 4116 1056 4122 ε
1069 4122 1075 4131 .

463 4143 541 4217 (b)
573 4142 747 4213 Apud.
780 4141 871 4199 Er.
910 4154 961 4199 et
995 4145 1046 4198 in
1077 4162 1183 4201 uno
1206 4161 1310 4203 ms.
1338 4146 1509 4205 Vatic.
1531 4166 1564 4203 ιι
1594 4146 1766 4206 Paulo
1806 4161 1853 4205 et
1879 4150 1977 4207 Dei

388 4216 574 4291 spiritu
615 4218 667 4269 in
691 4232 751 4270 eo
780 4216 920 4291 disce
945 4230 1204 4291 naturam.
1238 4220 1393 4289 Apud
1421 4219 1569 4291 Lips.
1600 4230 1655 4275 et
1684 4222 1805 4279 Par.
1852 4240 1979 4279 nec-

390 4304 498 4360 non
540 4287 592 4342 in
635 4302 736 4360 ms.
781 4283 944 4360 Curii,
982 4290 1259 4360 etaliquot
1285 4283 1427 4359 aliis,
1470 4283 1502 4347 ἁ
1528 4291 1701 4347 Paulo
1728 4306 1775 4349 et
1805 4293 1902 4350 Dei
1933 4304 1977 4349 et

391 4359 623 4429 Spiritus
659 4358 712 4411 in
733 4375 799 4429 _eo
836 4359 977 4412 disce
1012 4358 1268 4415 naturam.
1298 4361 1356 4417 In
1397 4358 1570 4418 tribus
1598 4362 1751 4420 Colb.
1787 4378 1840 4421 et
1871 4383 1978 4421 uno

392 4427 626 4485 sarum.
654 4447 686 4483 a
724 4427 895 4501 Paulo
927 4429 1019 4483 Dei
1042 4431 1297 4501 Spiritum
1324 4436 1377 4488 in
1404 4449 1484 4500 eo,
1523 4445 1570 4490 et
1603 4435 1698 4490 Dei
1723 4436 1860 4491 disce
1885 4455 1980 4491 na-

391 4512 579 4578 turam.
600 4499 905 4578 Simplicius
928 4510 1004 4568 et,
1030 4499 1095 4555 ut
1107 4515 1381 4578 putamus.
1405 4499 1671 4561 sincerius
1700 4507 1855 4573 Bad.,
1883 4525 1978 4578 0p-

392 4574 556 4629 timus
574 4572 923 4645 codexitiolb.
949 4588 1069 4635 cum
1096 4572 1282 4645 Carm.
1314 4576 1782 4645 Martin.,6erm.,
1821 4572 1973 4635 Vinii.

2065 2013 2157 2083 qui
2188 2014 2304 2068 lucc
2332 2011 2539 2081 tribuit,
2565 2011 2937 2069 inlirmitatum
2965 2012 3245 2068 curatione
3270 2020 3563 2067 testemur:
3583 2013 3672 2069 vel

2068 2120 2165 2176 per
2194 2108 2560 2176 operationem
2590 2105 2867 2171 virtutum,
2894 2114 2951 2160 ut
2979 2104 3117 2178 quod
3146 2106 3373 2176 agimus,
3408 2104 3503 2159 Dei
3549 2121 3671 2162 esse

2071 2196 2154 2273 (g)
2178 2198 2348 2255 virtus
2394 2198 2722 2271 intelligatur
2753 2222 2765 2252 ;
2796 2198 2878 2254 vel
2929 2214 3026 2269 per
3069 2197 3428 2270 prophetiam,
3476 2208 3533 2252 ut
3577 2214 3675 2270 per

2073 2294 2336 2349 docti-inte
2366 2292 2771 2363 intelligentiam
2804 2291 3164 2363 intelligamur
3191 2306 3255 2346 ex
3288 2291 3400 2346 Deo
3428 2291 3626 2346 eruditi
3657 2307 3673 2346 :

2077 2386 2161 2441 vel
2209 2402 2303 2456 per
2349 2385 2729 2441 discretionem
2770 2385 3079 2455 spirituum,
3131 2398 3197 2439 ne
3243 2382 3412 2453 ignari
3471 2385 3665 2449 simus,

2070 2488 2260 2534 sancto
2286 2494 2353 2534 an
2381 2494 2635 2549 perverso
2662 2476 2854 2549 spiritu
2882 2478 2998 2547 quis
3029 2477 3278 2546 loquatur
3304 2494 3317 2529 :
3350 2476 3432 2532 vel
3461 2492 3554 2546 per
3575 2492 3666 2548 ge-

2072 2588 2201 2628 nera
2230 2572 2554 2642 linguarum,
2584 2583 2639 2626 ut
2663 2570 2742 2644 (h)
2772 2572 2824 2626 in
2856 2572 3066 2641 signum
3102 2569 3211 2625 (ιιιιί
3236 2570 3469 2639 Spiritus
3496 2573 3671 2627 sancti

2081 2665 2380 2737 linguarum
2410 2682 2590 2721 sermo
2624 2666 2855 2720 donetur
2880 2664 2921 2736 (ι
2956 2664 3074 2720 Cor.
3118 2680 3227 2731 xiv,
3259 2664 3353 2735 6):
3390 2664 3470 2735 (ι)
3494 2665 3575 2719 vel
3614 2666 3670 2718 in

2082 2759 2523 2829 interpretatione
2558 2758 2883 2829 linguarum,
2924 2774 2992 2814 ne
3032 2759 3363 2829 ignoratione
3392 2757 3524 2813 ﬁdes
3568 2773 3665 2812 au-

2070 2850 2330 2909 dientium
2359 2854 2710 2922 periclitetur,
2741 2866 2864 2908 cum
2904 2852 3140 2923 linguam
3173 2852 3545 2922 ignorantibus
3571 2852 3674 2905 litt-

2070 2963 2186 3018 guze
2216 2950 2593 3019 interpretator
2622 2948 2871 3002 absolvit.
2903 2946 2958 3000 In
3000 2948 3082 3000 bis
3123 2944 3283 3017 igitur
3325 2947 3576 3001 omnibus
3605 2945 3672 3000 ad

2072 3043 2352 3097 utilitatem
2380 3041 2669 3112 unicuique
2694 3041 2882 3098 divisis
2906 3040 3268 3097 manilestatio
3308 3041 3545 3110 Spiritus
3569 3052 3676 3109 est,

2075 3148 2171 3203 per
2212 3137 2308 3188 bas
2350 3135 2557 3190 scilicet
2607 3134 2743 3189 datu:
2791 3134 3078 3203 unicuique
3122 3134 3283 3206 235
3324 3134 3389 3204 (ὁ)
3434 3133 3679 3189 utilitatis

2070 3227 2456 3283 admirationes
2482 3228 2629 3283 dono
2664 3226 2896 3296 Spiritus
2926 3244 3032 3282 nou
3067 3227 3286 3283 latente.

2146 3321 2237 3377 51.
2270 3320 2397 3377 licet:
2423 3321 2561 3378 dona
2590 3322 2726 3377 alius
2771 3332 2920 3393 atque
2964 3322 3097 3375 alius
3137 3322 3381 3393 largitur,
3434 3331 3481 3377 et
3509 3331 3679 3375 tamen

2080 3434 2211 3472 unus
2270 3417 2523 3488 Spiritus.
2569 3446 2641 3458 —
2687 3415 2885 3472 Tenuit
2936 3427 3117 3471 autem
3167 3416 3357 3471 beatus
3406 3416 3683 3487 apostolus

2080 3589 2221 3652 post,
2252 3580 2497 3638 absolvat.
2524 3578 2662 3638 Tum
2685 3580 2928 3649 inferius,
2954 3580 3190 3636 utilitatis
3210 3579 3586 3637 admirationis.

2083 3800 2153 3853 tio
2187 3816 2511 3869 sermonum,
2562 3817 2669 3857 non
2720 3802 3018 3874 linguarum
3046 3816 3069 3855 ς
3098 3798 3399 3856 refutantur
3437 3816 3505 3857 ex
3550 3814 3681 3858 mss.

2084 3880 2226 3926 textu
2258 3890 2451 3943 grteco,
2485 3884 2539 3929 et
2564 3874 2807 3943 subjecta
2838 3874 3300 3944 interpretatione.

2156 3964 2225 4036 (ρ)
2251 3968 2404 4033 Apud
2438 3967 2559 4023 Par.
2592 3968 2806 4039 spiritus
2857 3967 3327 4039 manifestatiouum
3352 3982 3370 4022 :
3400 3967 3684 4024 mendose.

2083 4036 2251 4105 Magis
2287 4039 2524 4108 placeret
2561 4036 2909 4109 manifestatio
2935 4056 2953 4092 :
2986 4036 3078 4094 Sed
3125 4040 3584 4108 manifestationem
3615 4039 3683 4095 ad

2085 4114 2382 4178 proximum
2408 4112 2625 4165 verbum
2651 4111 2874 4165 diximus
2900 4109 3107 4165 referre
3135 4110 3282 4166 licet.

2155 4201 2222 4273 (f)
2256 4202 2416 4270 Editi,
2439 4203 2528 4256 sed
2550 4212 2914 4270 exspectarent.
2943 4201 3078 4256 Tum
3110 4200 3260 4272 Lips.
3292 4211 3348 4257 et
3380 4202 3499 4257 Par.
3529 4218 3685 4273 quant

2084 4274 2303 4329 audistis
2344 4273 2523 4343 inquit.
2564 4275 2631 4329 At
2676 4274 2728 4329 in
2771 4273 3020 4328 omnibus
3065 4290 3195 4328 mss.
3249 4273 3687 4342 exspectatucui

2086 4345 2249 4399 verbo
2273 4348 2322 4398 in
2346 4346 2518 4399 tribus
2544 4356 2751 4400 tantum
2778 4346 3021 4414 proxime
3042 4344 3327 4413 subjicitur
3351 4346 3534 4415 inquit,
3561 4360 3683 4401 cum

2085 4432 2255 4486 neque
2289 4418 2394 4476 hic.
2427 4432 2603 4485 neque
2632 4430 2751 4486 post
2794 4427 2968 4472 exstet
2999 4418 3049 4470 in
3082 4417 3227 4471 aliis.
3260 4415 3378 4471 Mox
3411 4420 3462 4471 in
3492 4415 3681 4483 Colb.,

2083 4488 2268 4555 Carm,
2294 4488 2532 4557 Mattin.,
2564 4488 2750 4545 Germ.
2780 4487 3184 4557 baptizabimint',
3209 4502 3315 4542 non
3339 4488 3626 4559 tingentini.

393 4623 1291 4703 sinistrarum.istiisti;
1310 4623 1978 4713 ἆὲἆέἶῖἇὶὗῖιὶιῖξιῖοἴὲὲῖ
2008 4628 2063 4689 Ι)
2090 4697 2125 4713 η
2161 4624 2257 4713 (9).
2276 4624 2361 4713 _1'),
2384 4623 2663 4713 ίννιὲθιῖεν
2710 4625 2911 4713 νῖνευξὶε
2955 4624 3339 4713 ίθ¹¹⁶ζ¹ίθαη¹ἓ¹⁸ί
3371 4624 3507 4709 Tm"
3539 4624 3681 4713 θρυεί

392 4732 513 4792 quas
541 4718 711 4792 ipsius
736 4716 806 4771 sit
834 4723 1044 4782 natura,
1073 4729 1121 4771 et
1148 4736 1445 4792 quamnon
1473 4737 1545 4776 ex
1577 4720 1981 4792 nuncupatione

393 4785 593 4863 solum,
617 4785 711 4842 sed
736 4802 860 4863 vere
898 4797 1041 4863 etes
1070 4785 1255 4845 natura
1278 4791 1354 4863 sit
1392 4792 1649 4847 Dominus
1681 4812 1694 4846 :
1728 4785 1869 4863 quod
1903 4795 1986 4849 lu-

393 4860 607 4933 sisstme
648 4858 920 4933 probatur.
960 4857 1203 4933 Namque
1239 4862 1307 4917 ab
1349 4863 1474 4919 hinc
1519 4880 1689 4933 usque
1710 4857 1779 4919 ad
1828 4885 1882 4921 ιι.
1915 4866 1985 4921 55

392 4931 731 5005 demonstrat
770 4929 1023 5005 ll_ilarius,
1074 4929 1237 5005 alium
1278 4936 1497 5005 quidem
1535 4929 1656 4991 esse
1686 4936 1855 4992 Deum
1886 4938 1985 4993 Ps-

397 5014 559 5069 trem,
606 5002 768 5057 alium
797 5001 1080 5057 Dominum
1112 5001 1312 5062 .Iesum'
1340 5004 1636 5072 Christum,
1686 5008 1780 5063 sed
1825 5025 1984 5063 unum

398 5082 579 5130 tamen
623 5073 902 5142 utriusque
945 5073 1231 5144 Spiritum,
1276 5092 1434 5133 unam
1474 5094 1597 5135 esse
1628 5079 1985 5145 divinitatem,

396 5148 556 5215 cujus
607 5148 780 5199 virtus
831 5159 897 5199 ac
941 5158 1132 5203 natura
1173 5146 1332 5204 donis
1374 5150 1486 5205 suis
1531 5150 1813 5207 ntauil'esta
1862 5153 1985 5208 iiut.

401 5217 593 5343 Boston
620 5232 749 5272 vero
789 5218 1027 5287 apertius
1064 5218 1301 5276 ostendit
1332 5219 1606 5280 Christum
1640 5234 1845 5279 natura
1873 5238 1994 5279 esse

450 5306 709 5343 οιιιιιιιιιιι.

450 5306 709 5345 omnium.

476 5381 548 5451 (ε)
579 5380 635 5436 In
672 5397 772 5436 ms.
800 5378 967 5436 Corn.
998 5380 1226 5450 Spiritus
1250 5384 1561 5440 tllurnlnatio
1592 5386 1660 5439 ad
1704 5388 1990 5441 utilitatem.

402 5451 477 5508 Ita
521 5454 735 5522 quidem
786 5454 1013 5507 habetur
1058 5454 1150 5510 lib.
1203 5470 1260 5517 lt,
1310 5472 1365 5509 ιι.
1399 5459 1489 5520 54,
1539 5460 1999 5513 consentientibus

404 5524 621 5593 SL'l‘IpltS
648 5525 801 5578 simul
840 5537 896 5581 et
932 5529 1147 5581 excusis
1178 5544 1191 5579 :
1224 5538 1277 5581 at
1302 5526 1391 5583 hic
1431 5530 1589 5585 aliter
1618 5530 1897 5598 legendum
1933 5532 1997 5583 li-

401 5609 532 5667 quct
561 5613 625 5652 ex
658 5598 932 5653 subuersis.

478 5691 561 5767 (tl)
604 5691 926 5767 Siegra-co
970 5691 1492 5767 textuAsuﬂ‘ragante
1540 5696 1735 5767 legitur
1783 5698 1871 5751 lib.
1926 5712 1993 5761 ll,

406 5778 463 5815 ιι.
497 5765 585 5828 δι,
619 5775 673 5818 et
712 5762 799 5818 hic
833 5762 885 5817 in
935 5762 1227 5833 exemplari
1258 5762 1419 5820 Cain.
1457 5766 1544 5822 ubi
1572 5762 1628 5823 ἱῖι
1682 5769 1892 5823 Martio.
1944 5770 1997 5820 in

408 5850 509 5887 uno
536 5838 737 5904 spiritu,
765 5836 815 5889 in
844 5834 964 5912 aliis
990 5845 1192 5912 autem,
1218 5836 1271 5890 in
1299 5837 1530 5912 eumdem
1558 5838 1833 5912 Spiritum,
1868 5840 1998 5893 Post

408 5918 580 5977 pauca
608 5922 818 5963 rursum
852 5905 1047 5976 vulgati
1076 5905 1163 5963 bic
1204 5922 1312 5977 pne
1336 5924 1395 5967 se
1425 5905 1662 5968 ferentes
1690 5912 1996 5979 ittlt‘t'pt‘t‘ltt-

2088 4697 2213 4822 fiat].
2241 4707 2292 4753 et
2321 4695 2413 4751 Er.
2437 4695 2517 4752 uel
2544 4714 2633 4766 per
2655 4698 2999 4770 prophetiam,
3030 4707 3085 4751 ut
3108 4695 3200 4768 per
3224 4700 3508 4753 doctrinam
3534 4695 3683 4753 intel-

2108 4784 2325 4822 mantus.

2108 4784 2325 4839 tgamus.

2161 4838 2243 4911 (h)
2271 4839 2438 4911 Abest
2459 4841 2512 4895 in
2542 4855 2570 4893 a
2603 4855 2735 4895 mss.
2760 4837 2916 4896 Colb.
2950 4839 3161 4896 Martia.
3189 4850 3243 4896 et
3270 4837 3454 4898 Germ.
3479 4842 3613 4903 Tum
3635 4843 3687 4900 in

2089 4910 2272 4973 editis,
2304 4910 2411 4965 dati
2439 4911 2691 4981 Spiritus,
2725 4913 2841 4967 sine
2866 4915 3050 4965 sancti.

2164 4981 2228 5054 (i)
2260 4981 2422 5049 Editi,
2486 4984 2722 5037 utilitatis
2762 4984 3253 5041 administrationes.
3303 4983 3523 5041 Rectius
3555 5002 3680 5042 mss.

2096 5069 2307 5108 summo
2330 5071 2619 5118 consensu,
2648 5055 2887 5109 utilitatis
2911 5055 3299 5119 admirationes,
3332 5059 3415 5112 vel
3442 5060 3691 5113 utilitates

2098 5126 2641 5197 admirationis:quia
2683 5127 2934 5181 nimirum
2983 5127 3185 5184 utilitas
3231 5128 3392 5183 modo
3440 5146 3546 5185 nun
3592 5130 3688 5185 Itu-

2102 5213 2260 5252 tuano
2282 5200 2513 5272 pinsum
2546 5198 2958 5272 admirationem
2986 5202 3208 5272 excitat,
3237 5216 3300 5255 ac
3318 5201 3571 5272 Spiritus,
3597 5216 3685 5257 Cu-

2097 5273 2183 5337 jus
2213 5269 2451 5341 subsidio
2492 5268 2787 5341 confertur,
2824 5270 3059 5341 divinam
3094 5271 3342 5341 virtu'em
3362 5268 3547 5341 palam
3594 5274 3688 5329 de-

2101 5341 2290 5394 clarat.
2337 5338 2427 5399 Sic
2483 5338 2577 5395 lib.
2612 5356 2701 5407 vn,
2737 5357 2791 5397 ιι.
2828 5342 2882 5401 5,
2925 5339 3195 5397 Sabellius
3238 5342 3331 5397 Dei
3373 5338 3434 5398 in
3471 5341 3691 5400 Christo

2104 5422 2345 5484 naturam
2371 5428 2459 5482 per
2477 5421 2728 5484 gestorum
2752 5413 3143 5466 admirationem
3160 5413 3446 5484 agnovisse
3464 5416 3686 5479 dicitur;

2106 5496 2155 5537 et
2190 5483 2283 5540 lib.
2322 5486 2371 5536 in
2419 5482 2791 5539 Constantium
2826 5503 2877 5537 n.
2916 5486 2952 5538 8
2995 5482 3351 5549 praedicantur
3390 5486 3694 5542 admiratio-

2103 5571 2225 5608 num
2257 5574 2411 5623 opera
2431 5572 2612 5610 eorum
2638 5556 2954 5611 venerandis
2985 5556 3276 5623 Martyrum
3302 5560 3517 5613 OSsibtts
3563 5572 3689 5612 eon-

2102 5639 2299 5693 spoeta.
2319 5627 2559 5697 Denique
2581 5626 2634 5682 in
2660 5626 2795 5695 pSaI.
2826 5642 2935 5689 XCI,
2957 5644 3011 5682 ιι.
3035 5628 3089 5691 4,
3118 5623 3200 5680 Itis
3241 5630 3435 5693 verbis,
3468 5640 3519 5681 ut
3541 5623 3696 5683 Crea-

2103 5702 2223 5751 toris
2259 5709 2476 5764 potestas
2504 5714 2593 5769 per
2640 5710 2891 5753 creaturis
2922 5699 3315 5752 admirationem
3344 5710 3513 5767 posset
3542 5700 3693 5753 intel-

2103 5770 2211 5839 ligi,
2241 5770 2339 5824 ista
2375 5771 2639 5825 habentur
2676 5786 2998 5841 synonyma,
3028 5780 3081 5823 ut
3104 5787 3192 5839 per
3216 5772 3349 5823 hanc
3375 5772 3691 5842 conspicabi-

2100 5842 2228 5895 litmt
2256 5857 2465 5912 operum
2493 5844 2893 5914 magnitudinem
2921 5843 3077 5895 uirtus
3106 5843 3216 5914 eius
3256 5843 3339 5914 qui
3367 5841 3473 5897 lucc
3500 5841 3625 5914 ’opet
3639 5860 3696 5897 tt-

2099 5921 2179 5967 tus
2211 5924 2281 5970 est
2310 5922 2715 5982 cognosceretur.
2744 5912 2807 5969 ν.
2841 5912 2935 5970 lib.
2960 5928 3040 5981 ιιι,
3064 5928 3117 5968 ιι.
3144 5912 3177 5969 5
3203 5923 3259 5970 ct
3284 5912 3337 5969 6.
