4316 6468
281 268 394 328 9.65
1491 272 1578 329 Illi
1615 269 1992 330 TRIM'lATE
2018 268 2221 328 LIBER
2254 269 2390 326 Vlll.
3467 271 3580 332 966

285 389 446 443 Patre
488 383 740 456 Spiritus,
779 384 928 442 disce
957 385 1120 442 etiam
1151 385 1254 442 hoc
1295 384 1414 456 ipso
1459 386 1530 443 de
1574 403 1684 459 quo
1731 403 1874 443 nunc
1901 389 1950 452 Α
1979 389 2170 443 clarat.
2200 386 2441 458 Namque
2468 393 2589 455 post
2619 382 2744 438 illud
2784 383 3091 438 divitiarum
3120 391 3173 438 et
3199 383 3480 456 sapientize
3523 401 3578 442 et

284 481 459 552 agitur
500 479 744 550 Apostoli
773 478 935 535 dicto.
965 478 1259 534 Confessus
1305 481 1449 535 enim
1495 495 1658 535 unum
1706 480 1875 536 Deum

284 581 494 644 patrem
523 587 588 628 cx
619 589 728 645 quo
756 573 936 626 omnia
970 581 1115 634 sunt.
1150 581 1205 628 et
1248 587 1412 628 unum
1455 571 1738 626 Dominum
1789 571 1880 628 Je-

281 680 402 721 sum
430 665 706 722 Christum
727 679 820 735 per
844 679 1005 738 quem
1027 663 1206 721 omnia
1226 679 1438 734 :qutero
1453 661 1580 736 quid
1599 665 1883 720 diversita-

284 758 628 824 tisattulerit,
639 757 827 816 dicens
841 774 909 815 es
923 755 1199 832 “10cc
1214 758 1411 823 omnia,
1429 769 1480 815 et
1497 773 1596 830 per
1605 755 1878 814 Christum

285 851 467 909 omnia
486 850 528 922 (ἰ
554 850 790 920 Comm,
812 851 872 924 6)
889 851 914 907 2
934 857 1087 908 sane
1111 849 1187 924 (α)
1209 849 1377 923 possit
1406 850 1484 924 (ί)
1509 849 1826 923 separabilis
1850 865 1882 906 a

285 959 348 1002 se
370 951 574 1000 natum
589 953 644 1001 et
664 941 884 1016 spiritus
911 941 1134 1015 intelligi
1149 957 1218 999 ex
1237 959 1366 1015 quo,
1397 953 1453 999 et
1476 958 1740 1014 perqnem
1766 957 1884 999 om-

289 1035 616 1096 niatOmuia
645 1037 792 1094 enim
816 1051 912 1107 per
935 1034 1128 1093 Filium
1147 1051 1214 1093 ex
1238 1035 1406 1092 nihilo
1427 1035 1815 1104 substiterunt,
1829 1042 1886 1092 ct

288 1129 358 1188 ad
390 1129 556 1189 Deum
577 1145 642 1187 ea:
670 1145 774 1200 quo
797 1128 995 1195 omnia,
1019 1127 1087 1185 ad
1109 1127 1303 1185 Filium
1332 1142 1463 1186 vero
1483 1145 1579 1201 per
1599 1143 1751 1197 quem
1775 1143 1886 1184 orn-

290 1229 379 1281 nia
409 1223 699 1296 Apostolus
743 1225 818 1297 (ὁ)
849 1222 1051 1280 retulit.
1085 1222 1152 1279 Et
1179 1237 1285 1280 non
1324 1221 1541 1278 invenio
1568 1221 1694 1293 quid
1725 1221 1882 1278 δῆσε»-

290 1331 398 1387 rat,
442 1335 564 1376 cum
594 1334 690 1390 per
716 1329 1004 1387 utrumque
1023 1331 1158 1388 opus
1179 1315 1251 1374 sit
1275 1317 1494 1373 virtutis
1512 1315 1779 1387 ejusdem.
1827 1315 1883 1373 Si

293 1415 439 1472 enim
466 1413 535 1470 ad
565 1413 934 1471 universitatis
958 1412 1314 1470 substantiam
1345 1411 1620 1484 proprium
1647 1425 1711 1466 ac
1735 1409 1886 1465 sulti-

293 1511 446 1570 ciens
475 1511 741 1568 creaturis
771 1517 920 1566 esset
956 1507 1100 1581 quod
1131 1524 1198 1566 es
1223 1507 1338 1565 Deo
1363 1517 1521 1573 sunt;
1547 1503 1674 1576 quid
1703 1501 1890 1562 habuit

291 1605 633 1664 necessitatis
662 1617 1012 1669 memorasse,
1042 1601 1184 1675 quod
1223 1617 1345 1674 qua:
1370 1617 1439 1658 ex
1469 1600 1582 1656 Deo
1605 1608 1752 1665 sunt,
1793 1613 1889 1668 per

292 1696 571 1755 Christum
600 1695 736 1765 sint,
765 1695 867 1753 nisi
891 1695 1034 1766 quod
1059 1709 1224 1750 unum
1251 1693 1396 1751 idem
1422 1703 1505 1749 est
1529 1736 1546 1758 ,
1575 1707 1676 1764 per
1698 1690 1889 1748 Chris-

1987 481 2229 540 seientite
2258 481 2350 536 Dei
2378 486 2732 549 protestatum
2752 479 3094 548 profundum.
3121 479 3200 548 (ὅ)
3232 490 3283 534 et
3312 481 3580 536 inSt-ruta-

1984 573 2170 629 bilium
2231 573 2558 644 indiciorum
2623 570 2926 628 confessam
2980 569 3053 643 (ι’)
3113 572 3580 644 ininteltigentiam

1991 666 2196 740 (Rom,
2227 684 2304 735 at,
2333 669 2452 739 53),
2475 677 2530 724 et
2555 665 3064 737 ininveStigabilium
3092 667 3300 722 viarum
3336 669 3578 723 dcnnnis-

1989 773 2182 818 tratam
2203 761 2871 836 ignorationemJiumame
2892 769 3069 816 tamen
3087 759 3208 816 ﬁdei
3229 776 3358 816 usus
3379 761 3581 828 ofﬁcio,

1987 854 2134 912 hunc
2157 854 2420 910 honorem
2439 851 2888 925 invesugabilium
2911 861 2966 907 et
2987 851 3580 926 inscrutabiliumgﬁz

1986 949 2294 1008 caelestium
2319 955 2782 1004 sacramentorum
2804 945 3074 1017 profundo
3089 944 3344 1011 reddidit,
3366 946 3581 1002 dicens;

1989 1043 2247 1112 Quoniam
2267 1058 2331 1099 ea:
2351 1043 2487 1115 ipso,
2519 1051 2567 1096 et
2596 1057 2686 1110 per
2705 1043 2877 1110 ipsum
2900 1081 2914 1108 ,
2947 1049 2995 1095 et
3023 1038 3077 1095 in
3106 1040 3221 1110 ipso
3240 1051 3360 1096 sunt
3385 1041 3579 1105 omnia,

1985 1135 2088 1205 ipsi
2109 1135 2277 1208 gloria
2297 1137 2351 1188 in
2376 1134 2566 1189 tacula
2597 1133 2672 1207 (g)
2698 1150 2846 1188 amen
2875 1130 3065 1206 (Ibid.,
3092 1135 3184 1205 56)
3214 1151 3225 1185 :
3259 1132 3308 1189 id
3344 1150 3485 1190 nunc
3514 1135 3582 1189 ad

1986 1228 2148 1283 unius
2176 1235 2382 1283 natura:
2417 1225 2864 1300 signiﬁcationem
2891 1226 3158 1295 referens,
3185 1225 3329 1297 quod
3349 1243 3455 1284 non
3482 1227 3582 1283 nisi

1987 1335 2124 1392 Opus
2146 1320 2305 1376 unius
2330 1321 2502 1391 possit
2530 1333 2652 1376 esse
2675 1329 2903 1375 nalttra'.

2060 1415 2152 1472 59.
2181 1411 2438 1486 Epilogus
2459 1429 2480 1468 .’
2522 1430 2587 1470 ex
2613 1413 2875 1484 pradictis
2902 1411 3058 1468 Pauli
3088 1413 3213 1469 locis
3235 1413 3360 1483 quid
3383 1418 3593 1484 confer--

1989 1517 2097 1563 tum
2123 1509 2208 1562 sit.
2237 1534 2307 1548 —-
2328 1505 2462 1562 Cum
2487 1507 2630 1562 enim
2659 1505 2970 1577 specialiter
2995 1504 3106 1562 Deo
3133 1503 3183 1560 id
3216 1505 3591 1576 adseripserit,

1991 1611 2050 1658 ut
2077 1616 2142 1657 ex
2165 1617 2230 1658 eo
2271 1600 2452 1657 omnia
2478 1617 2492 1665 ;
2548 1608 2606 1657 et
2628 1601 2904 1672 proprium
2934 1599 3156 1656 Christo
3179 1599 3436 1657 detulerit
3464 1642 3479 1664 ,
3536 1611 3596 1655 nt

1993 1709 2088 1764 per
2116 1708 2239 1750 eum
2267 1693 2480 1758 omnia;
2513 1699 2570 1746 et
2596 1705 2739 1746 nunc
2768 1693 2941 1746 honor
2965 1690 3058 1746 Dei
3087 1691 3178 1757 sit,
3205 1691 3347 1760 quod
3378 1707 3442 1746 ex
3471 1690 3594 1760 ipso

297 1800 411 1847 tum
431 1805 555 1849 esse
579 1798 635 1848 et
653 1805 719 1846 ex
745 1787 860 1845 Deo
881 1788 1044 1843 esse?
1071 1785 1180 1843 Sed
1208 1785 1662 1858 quemadmodum
1683 1780 1757 1857 (ε)
1783 1783 1890 1838 Do-
1917 1795 1968 1859 Β
1993 1795 2050 1842 et
2091 1801 2190 1856 per
2215 1787 2390 1858 ipsum
2419 1792 2478 1842 et
2507 1784 2556 1863 in
2586 1784 2706 1856 ipso
2733 1784 2840 1838 sint
2867 1783 3044 1838 omnia
3077 1802 3090 1850 ;
3118 1790 3172 1838 et
3214 1799 3334 1838 cum
3363 1783 3597 1855 Spiritus

295 1884 504 1942 minum
526 1893 584 1941 et
625 1882 794 1941 Deum
824 1882 1041 1952 utrique
1084 1894 1292 1947 eorum,
1323 1887 1385 1936 ut
1428 1887 1672 1934 mutuum
1713 1886 1887 1942 esset,

295 1979 626 2049 adscriptum
673 1983 795 2034 est:
825 1974 897 2031 ita
935 1989 1002 2029 ea:
1024 1989 1124 2045 quo
1161 1981 1219 2031 et
1264 1987 1522 2043 perquem
1563 1971 1789 2028 relatum
1821 1968 1888 2025 ad

298 2084 587 2144 utrumque
608 2079 715 2138 est,
741 2079 796 2127 et
818 2069 883 2125 ad
909 2065 1426 2124 demonstrationem
1449 2064 1668 2122 unitatis
1691 2063 1888 2119 utrius—

296 2184 428 2239 que,
457 2183 556 2224 nec
580 2165 647 2223 ad
694 2162 1104 2237 intelligentiam
1135 2160 1444 2233 singularis.
1473 2159 1590 2214 Non
1641 2167 1784 2230 patet
1823 2157 1890 2214 ad

299 2259 643 2318 occasionem
673 2258 964 2330 impietatis
995 2254 1076 2328 (2)
1102 2254 1271 2325 ipsius
1302 2253 1379 2328 (ἀ)
1428 2267 1642 2321 sermo,
1673 2259 1729 2310 et
1760 2266 1894 2324 apo-

299 2352 495 2414 stolica
523 2352 656 2410 lides
683 2368 790 2409 non
816 2358 900 2408 est
926 2359 1080 2408 extra
1108 2346 1504 2420 praedicationis
1527 2346 1890 2419 diligentiam.

302 2445 401 2505 llis
447 2447 592 2504 enim
635 2460 697 2502 se
741 2442 1030 2502 verborum
1077 2440 1496 2514 proprietatibus
1531 2439 1896 2512 temperavit,

302 2539 500 2615 quibus
526 2555 629 2597 nec
671 2539 807 2596 duos
854 2537 987 2595 deos
1025 2536 1418 2607 intelligeretur
1452 2535 1781 2608 signiﬁcare,
1805 2548 1902 2591 ne-

303 2648 413 2706 que
439 2633 691 2690 unicum:
732 2629 862 2687 dam
891 2639 949 2689 et
974 2629 1226 2686 unionem
1250 2630 1573 2697 detestatur,
1605 2629 1707 2686 uel:
1753 2642 1903 2700 sepa—

307 2739 394 2786 rat
412 2726 702 2794 uuitatem,
716 2725 820 2785 hoc
848 2725 992 2784 enim
1012 2739 1079 2780 ea:
1099 2739 1202 2794 quo
1223 2725 1416 2784 omnia.
1435 2731 1490 2780 et
1507 2739 1596 2795 per
1620 2739 1769 2794 quem
1792 2739 1902 2778 ont-

310 2823 419 2890 nla,
452 2819 579 2879 licet
607 2833 718 2876 non
762 2817 1089 2892 singularem
1138 2817 1494 2874 constitueret
1534 2817 1589 2872 in
1637 2824 1907 2888 potestate

307 2915 544 2981 virtutis,
572 2929 680 2970 non
704 2921 884 2969 tamen
912 2911 1186 2968 diversum
1209 2912 1613 2967 demonstraret
1641 2909 1722 2982 (3)
1751 2911 1806 2966 in
1829 2910 1905 2984 (e)

308 3005 602 3066 eiﬂéientia
630 3022 648 3073 ;
689 3019 814 3062 cum
838 3015 1024 3077 nouo
1050 3004 1224 3060 omnia
1245 3043 1262 3070 ,
1306 3012 1360 3059 et
1397 3019 1488 3074 per
1519 3018 1669 3076 quem
1712 3003 1906 3068 omnia,

311 3099 554 3172 ejusdem
618 3104 848 3160 natum:
884 3097 951 3153 ad
1026 3096 1080 3153 id
1141 3095 1540 3154 demonstraret
1605 3107 1904 3154 auctorem.

1998 1878 2093 1934 Dei
2121 1878 2264 1936 idem
2294 1879 2366 1934 sit
2391 1891 2444 1932 et
2471 1877 2704 1948 Spiritus
2729 1875 2966 1942 Christi;
3005 1875 3091 1932 vel
3131 1890 3253 1932 cum
3282 1878 3362 1948 (Ii)
3398 1879 3450 1932 in
3490 1876 3598 1933 mi-

1997 1970 2222 2029 nisterio
2254 1971 2464 2027 Domini
2486 1981 2535 2026 et
2562 1967 2642 2042 (5)
2667 1970 2720 2024 in
2745 1970 3062 2040 operatione
3080 1969 3173 2026 Dei
3203 1969 3436 2041 Spiritus
3459 1987 3599 2028 unus

1997 2074 2250 2137 operetur
2279 2074 2330 2120 et
2351 2062 2576 2130 dividat,
2605 2077 2710 2118 non
2734 2072 2959 2134 possunt
2986 2080 3090 2119 non
3113 2081 3278 2120 unum
3295 2081 3437 2135 esse,
3461 2083 3599 2140 quo-

1997 2175 2118 2215 rum
2147 2156 2361 2230 propria
2393 2157 2550 2213 unius
2579 2168 2703 2212 sunt
2731 2173 2746 2223 ;
2775 2172 2898 2212 cum
2938 2157 2990 2213 in
3017 2157 3208 2214 eodem
3240 2159 3469 2217 Domino
3514 2162 3598 2219 Fi-

1997 2249 2093 2316 lio,
2121 2259 2177 2306 et
2206 2252 2259 2306 in
2286 2249 2480 2307 eodem
2513 2250 2622 2306 Deo
2648 2249 2804 2306 Patre
2828 2291 2845 2317 ,
2892 2265 3034 2306 unus
3069 2259 3230 2322 atque
3259 2252 3402 2309 idem
3431 2255 3604 2324 Spiri.

2001 2353 2088 2399 tus
2116 2343 2195 2415 (6)
2227 2346 2279 2399 in
2305 2341 2367 2414 (i)
2396 2343 2586 2398 eodem
2612 2341 2815 2412 Spiritu
2844 2351 3033 2398 sancto
3052 2343 3320 2408 dividens,
3348 2346 3603 2404 universa

2001 2439 2264 2512 perﬁciat.
2297 2439 2342 2494 0
2366 2437 2561 2508 dignus
2593 2437 2682 2493 ille
2720 2453 3036 2509 magnorum
3082 2449 3133 2492 et
3181 2439 3482 2498 caelestium
3513 2459 3604 2498 ar-

2000 2547 2260 2589 canorum
2282 2530 2636 2594 conscientia,
2674 2539 2730 2586 et
2755 2542 3063 2602 assumptus
3103 2542 3434 2590 secretorum
3460 2537 3605 2592 divi-

2003 2639 2200 2682 norum
2221 2623 2536 2694 electusque
2558 2621 2853 2694 particeps,
2872 2637 2936 2678 ea
2968 2624 3078 2694 ipsa
3105 2623 3174 2697 (j)
3203 2624 3375 2681 illiciti
3402 2627 3606 2698 eloquii

2001 2720 2221 2777 silentio
2251 2717 2560 2774 necessario
2589 2725 2793 2784 tacens,
2827 2727 2882 2772 et
2910 2731 3040 2772 Vere
3067 2719 3360 2790 Apostolus
3381 2718 3606 2790 Christi,

2005 2814 2148 2886 quali
2174 2813 2422 2868 humana:
2448 2811 2823 2883 perversitatis
2851 2810 3059 2881 ingenia
3086 2813 3320 2869 absoluti
3344 2816 3613 2872 sermonis

2008 2906 2093 2964 sui
2125 2905 2511 2977 pradicatione
2537 2904 2826 2966 conclusit,
2860 2919 3020 2958 unum
3054 2903 3268 2961 Patrem
3318 2907 3486 2963 Deum
3513 2953 3526 2972 ,
3557 2919 3614 2965 et

2009 3016 2174 3057 unum
2205 2999 2491 3054 Dominum
2522 2994 2704 3052 Iesum
2736 2995 3012 3051 Christum
3056 2997 3396 3064 conﬁtendo;
3431 3008 3489 3055 ut
3532 3001 3617 3056 in-

2014 3101 2097 3148 ter
2119 3090 2236 3146 huic
2261 3090 2342 3163 (7)
2369 3102 2469 3144 nec
2496 3088 2636 3143 duos
2661 3086 2740 3158 (lt)
2767 3088 3050 3157 quisquam
3080 3091 3251 3158 possit
3276 3090 3570 3160 praedicare
3593 3133 3613 3162 ,

312 3190 616 3265 Utrumque
638 3200 820 3248 autem
846 3187 1090 3262 ejusdem
1125 3198 1330 3247 naturae
1357 3189 1634 3262 proprium
1663 3205 1788 3251 esse
1811 3190 1907 3248 de-
1936 3181 1982 3246 C
2016 3199 2193 3258 neque
2219 3185 2434 3240 unicum
2471 3197 2485 3236 :
2516 3195 2640 3236 cum
2669 3192 2848 3235 tamen
2880 3179 2969 3250 qui
2999 3194 3109 3236 non
3141 3184 3329 3237 unicus
3357 3191 3442 3238 est
3464 3227 3478 3250 ,
3505 3200 3613 3240 non

387 3328 473 3472 (1)
500 3327 794 3402 Seporabili
817 3347 852 3383 a
875 3341 932 3382 se
955 3335 1140 3382 natura
1165 3338 1213 3381 et
1231 3327 1440 3394 spiritu.

387 3401 448 3472 (ἓ
501 3399 628 3456 Pius
648 3415 839 3458 sermo.
870 3399 1038 3458 Paulo
1066 3408 1207 3470 post,
1237 3411 1292 3454 ut
1318 3416 1410 3456 nec

353 3399 473 3528 ἐξ)
501 3399 628 3456 Pius
648 3415 839 3458 sermo.
870 3399 1038 3458 Paulo
1066 3408 1207 3470 post,
1237 3411 1292 3454 ut
1318 3416 1410 3456 nec
1444 3401 1574 3457 duos
1603 3414 1700 3470 pro
1725 3401 1911 3472 quibus

318 3489 352 3527 η
475 3489 587 3530 ω.

389 3544 478 3687 (3)
507 3544 575 3598 In
596 3541 883 3628 efﬁcientia:
906 3551 1178 3671 anteum.
1405 3615 1420 3627 .
1464 3615 1473 3625 .
1626 3615 1637 3626 _

416 3617 473 3687 4)
499 3614 568 3670 Et
611 3626 902 3672 tneucruta
960 3614 1250 3672 ltumJlox
1300 3623 1348 3669 et
1399 3625 1635 3671 minuat:

416 3617 473 3688 4)
499 3614 568 3670 Et
611 3614 1106 3672 ineucrutnbilium.
1129 3614 1250 3672 llo:
1300 3623 1348 3669 et
1399 3615 1909 3686 ininvestigabilium,

393 3747 596 3823 (θυῖε.
622 3746 786 3808 Corb.
813 3747 884 3806 ab
917 3750 1134 3822 antiqua
1177 3766 1339 3806 manu
1373 3749 1614 3808 secunda
1637 3793 1650 3816 ,
1698 3753 1915 3823 possint.

323 3822 527 3880 Deinde
554 3822 624 3896 in
650 3825 890 3896 esensis,
916 3823 1230 3896 separabilis
1246 3840 1277 3876 a
1306 3839 1361 3877 se
1387 3834 1574 3877 natura
1601 3832 1646 3876 et
1681 3822 1908 3895 spiritus.

321 3895 381 3953 In
403 3894 652 3950 omnibus
679 3895 792 3951 lere
817 3911 946 3950 mss.
972 3894 1252 3963 'separabili
1277 3914 1310 3951 α
1335 3911 1387 3950 se
1408 3905 1592 3950 natura
1613 3906 1658 3949 et
1681 3894 1869 3966 spiritu
1900 3915 1912 3950 :

363 3969 516 4022 uibus
536 3967 712 4022 verbis
731 3965 895 4021 Caro.
914 3968 1352 4037 pra-positionem
1367 3968 1422 4020 in
1441 3965 1719 4035 [inclitam
1735 3967 1916 4023 habet.

381 4041 612 4109 :quimnr
660 4035 950 4109 exemplar
991 4035 1113 4094 Vat.
1157 4039 1269 4092 itas.
1318 4038 1567 4108 quamvis
1595 4051 1918 4095 exteret-uin

325 4107 612 4167 lectionem
640 4109 780 4164 haud
812 4107 954 4165 aliud
978 4117 1260 4165 sonantem
1284 4107 1391 4164 non
1418 4118 1756 4176 respiramus.

400 4183 476 4253 (ll)
511 4181 676 4253 Editi,
704 4182 954 4253 retuletjt.
983 4181 1171 4253 Melius
1201 4195 1330 4236 mss.
1357 4183 1553 4237 retulit.
1587 4181 1694 4238 llas
1723 4197 1915 4248 voces,

328 4272 393 4310 ea:
419 4250 521 4324 quo
541 4252 748 4324 omnia,
779 4251 844 4308 ad
875 4251 1121 4320 Patrem,
1150 4250 1283 4309 istas
1302 4269 1464 4319 vero,
1497 4269 1586 4322 per
1615 4269 1768 4322 quam
1808 4272 1921 4308 0m-

329 4333 454 4392 uia,
481 4327 546 4379 ad
595 4323 787 4379 Filium
832 4325 1085 4380 retulisse
1112 4327 1407 4395 Apostolus
1453 4339 1754 4380 enarratur.
1800 4327 1921 4380 Mox

332 4397 463 4453 Bad.
488 4405 543 4450 et
565 4395 684 4460 En,
700 4412 817 4450 cum
838 4405 1112 4464 utrumque
1135 4397 1376 4466 apposuit
1396 4396 1520 4464 (duo
1541 4411 1669 4451 mss.
1695 4412 1810 4451 eum
1835 4413 1926 4466 per

330 4479 602 4541 utrumque
627 4467 886 4538 opposuit)
907 4469 1110 4541 virtutis
1128 4467 1363 4541 ejusdem
1384 4481 1404 4522 :
1425 4468 1713 4541 mendose.

404 4540 479 4613 (ι)
505 4541 646 4613 yat.
672 4541 790 4594 bas.
820 4555 924 4594 ms.
954 4555 1044 4612 per
1076 4539 1378 4598 Do‘minutn.
1424 4539 1691 4596 Malumns
1718 4539 1928 4610 simpli—

332 4609 469 4669 citer
495 4609 792 4676 Dominum,
824 4609 987 4666 tacito
1015 4615 1180 4666 verbo
1202 4627 1328 4666 esse.

407 4681 488 4756 (rt)
523 4683 660 4738 Editi
689 4685 1066 4756 esceptoiPar.
1096 4696 1221 4738 cum
1253 4683 1458 4756 aliquot
1475 4695 1612 4756 mss.
1640 4683 1777 4755 pius.
1821 4682 1928 4756 lte-

335 4753 571 4812 tirieiiius
598 4769 722 4809 cum
747 4754 1132 4810 vetustioribus
1177 4753 1386 4822 ipsius,
1439 4753 1490 4808 id
1513 4762 1600 4809 est
1641 4753 1881 4823 Apostoli
1913 4769 1927 4805 ε

342 4828 434 4884 ubi
466 4831 700 4896 pessime
727 4827 778 4882 in
804 4841 936 4884 mss.
973 4825 1091 4880 Vat.
1126 4825 1266 4896 ωδε.
1288 4839 1416 4880 σιω.

2017 3326 2158 3399 quod
2193 3323 2525 3394 prtetnlimns
2554 3321 2820 3399 superiori
2851 3319 3070 3378 lectioni
3096 3364 3111 3390 ,
3162 3325 3612 3399 investigabrtium.

2020 3394 2224 3456 Deinde
2252 3394 2798 3468 imperscrutabiliunz.

2091 3472 2170 3542 (5)
2203 3469 2267 3542 in
2309 3467 2497 3542 Spiritu
2525 3467 2638 3542 Dei.

2091 3539 2175 3614 (6)
2200 3539 2267 3614 [τ
2296 3559 2366 3614 eo
2386 3540 2588 3614 Spirjtu
2613 3547 2813 3614 sancto.

2091 3607 2170 3687 (7)
2201 3611 2312 3668 Nec
2335 3612 2464 3666 duos
2484 3607 2622 3666 Deos
2649 3613 2914 3682 quisquam
2939 3623 3125 3683 posset.

2029 3750 2258 3825 Spiritus
2287 3750 2385 3806 Dei
2417 3749 2971 3825 .Spiritusunusmtcw
2994 3768 3117 3824 quae
3145 3754 3328 3820 lectio,
3349 3757 3513 3812 etiam
3553 3757 3623 3814 ad.

2028 3821 2249 3896 Iiinbum
2280 3839 2376 3876 ms.
2414 3821 2576 3878 Curb.
2616 3824 2684 3878 ab
2712 3822 2928 3896 antiqua
2980 3821 3141 3879 inanti
3169 3825 3458 3894 adscripta.
3512 3845 3622 3884 non

2029 3895 2278 3966 displicet
2309 3896 2410 3952 hoc:
2432 3910 2617 3956 sensu,
2647 3904 2707 3950 ut
2745 3898 2870 3951 licet
2899 3898 2950 3950 in
2978 3897 3292 3953 ministeriis
3320 3898 3626 3957 dividendis

2031 3968 2262 4038 Spiritus
2289 3970 2359 4022 sit
2382 3968 2590 4022 Domina
2613 4007 2629 4032 ,
2671 3978 2725 4022 et
2766 3969 2818 4023 in
2850 3969 3118 4038 largiendi:
3149 3973 3466 4038 operatione
3495 3974 3623 4036 Spi-

2031 4038 2320 4111 ritusDei,
2366 4054 2505 4094 unus
2537 4049 2714 4111 tamen
2743 4040 2974 4108 Spiritus
3019 4050 3075 4096 et
3097 4051 3354 4111 operetur
3398 4051 3452 4096 et
3481 4042 3621 4098 divis

2029 4111 2140 4165 dat.
2173 4109 2227 4166 lu
2247 4107 2704 4181 vetustioreColb.
2731 4126 2938 4166 necnon
2957 4107 3387 4174 Martin.,Carn.,
3407 4114 3622 4181 (lenm,

2029 4181 2387 4242 Vind.,Corb.
2416 4196 2464 4237 e;
2499 4196 2606 4235 uno
2635 4179 2836 4246 Vatic.,
2858 4199 2972 4235 cum
2997 4184 3049 4234 in.
3075 4185 3360 4239 ministerio
3390 4179 3620 4251 Domini,

2027 4265 2072 4309 et
2103 4255 2156 4307 in
2182 4253 2386 4322 Spiritu
2415 4251 2514 4307 De;
2545 4252 2774 4320 Spiritus
2797 4271 2953 4307 unus.
2981 4255 3062 4308 Ex
3101 4257 3296 4323 quibus
3327 4259 3467 4324 apud
3500 4255 3621 4312 Par.

2028 4324 2258 4397 positum
2290 4338 2396 4390 est,
2427 4341 2540 4397 cunt
2592 4325 2647 4397 in
2678 4327 2962 4397 ministerio
2995 4325 3224 4388 Domini,
3255 4340 3306 4381 et
3361 4327 3414 4378 in
3437 4344 3628 4397 opera-

2028 4393 2165 4451 tione
2196 4393 2311 4462 Dei,
2342 4405 2391 4449 et
2419 4397 2470 4449 in
2503 4395 2708 4463 Spiritu
2739 4393 2838 4448 Dei
2869 4396 3097 4465 Spiritus
3133 4415 3286 4451 unus.
3316 4393 3628 4454 Lectionem

2027 4484 2188 4537 quam
2221 4481 2542 4523 revocamus
2565 4481 2629 4520 ex
2662 4467 2784 4538 aliis
2805 4469 2936 4521 edit.
2967 4481 3018 4522 et
3049 4469 3318 4538 aliquibus
3339 4483 3471 4524 mss.
3499 4487 3628 4525 eon-

2033 4536 2246 4594 lirmant
2276 4539 2392 4594 hac
2433 4554 2581 4593 num.
2613 4536 2678 4610 _'5l
2709 4559 2719 4590 ;
2753 4537 3095 4607 Appio/tende
3117 4536 3152 4602 ,“
3183 4544 3224 4594 si
3253 4551 3418 4610 potes.
3452 4540 3629 4596 Domi-

1954 4608 2008 4669 D
2033 4627 2153 4664 tium
2196 4611 2247 4663 in
2278 4611 2527 4665 diuisione
2555 4608 2975 4675 ministeriorum,
3026 4621 3072 4664 et
3103 4608 3264 4664 Deum
3296 4618 3350 4665 in
3379 4613 3630 4668 divisione

2031 4681 2389 4750 operationum
2411 4683 2547 4735 hunc
2573 4681 2809 4753 eumdem
2833 4699 2988 4734 unum
3011 4697 3122 4738 esse
3145 4683 3421 4753 Spiritum,
3447 4694 3493 4738 et
3514 4685 3629 4740 ino-

2035 4767 2316 4824 pcrantem,
2347 4763 2395 4807 et
2419 4763 2567 4824 prout
2589 4752 2699 4824 fuit
2725 4753 3054 4807 diuidentem.

2106 4827 2173 4894 (i)
2201 4824 2358 4891 Bad.,
2389 4822 2482 4880 Er.
2512 4833 2567 4879 et
2589 4822 2733 4896 Lips.
2768 4826 2821 4877 in
2842 4827 3017 4878 eodem
3045 4826 3271 4896 Spiritu.
3294 4825 3621 4882 sinesancto.

410 4895 486 4968 (ρ)
518 4897 596 4952 Ita
623 4897 993 4968 castigationes
1037 4911 1192 4969 mss.~
1219 4895 1364 4953 Editi
1396 4911 1545 4961 vero,
1573 4898 1625 4950 in
1654 4896 1934 4967 eﬂicteutia‘
2036 4895 2262 4969 Carnul.
2302 4896 2472 4969 codex
2494 4936 2508 4961 ,
2535 4897 2587 4948 in
2621 4895 2823 4964 Spiritu
2849 4908 3046 4969 sancto,
3082 4895 3198 4951 sine
3226 4898 3425 4969 eodem,
3472 4902 3630 4969 cujus

336 4981 619 5044 potestate.
646 4967 861 5044 Martini.
897 4984 1002 5044 ms.
1021 4970 1078 5022 in
1104 4967 1398 5044 efﬁcientia
1427 4976 1750 5044 potestatem.

411 5043 485 5116 (ί)
513 5041 669 5116 Bad.,
697 5039 914 5116 Papae
947 5041 1126 5112 plures
1148 5054 1308 5116 m_ss.,
1329 5040 1724 5116 intelligentiam
1741 5039 1941 5116 :easti-

335 5109 534 5186 gantur
549 5129 614 5167 ex
642 5115 754 5179 lin,
786 5112 928 5186 Lips.
949 5109 1008 5167 'ct
1032 5109 1348 5186 tnss.rCorh.
1371 5111 1754 5186 Mos‘rcposuit
1777 5111 1939 5166 liras-

340 5181 461 5243 inns
488 5183 984 5254 ininvestigabilium,
1013 5199 1136 5238 cum
1167 5185 1219 5237 in
1242 5197 1374 5238 mss.
1403 5191 1458 5238 et
1485 5181 1614 5237 Bait.
1654 5191 1828 5254 exstet
1858 5187 1936 5237 m-

339 5253 737 5328 uesrigabitinm.
763 5255 842 5328 Illi
872 5270 1049 5312 tamen
1089 5254 1413 5328 sullragatur
1439 5269 1584 5328 unus,
1621 5269 1722 5308 ms.
1751 5253 1934 5316 Colb.,

342 5331 438 5386 lib.
471 5326 532 5392 ξι,
565 5345 620 5382 n.
650 5328 740 5382 69.
777 5326 887 5383 Usu
917 5341 1079 5398 porro
1099 5327 1182 5382 vel
1211 5327 1382 5381 abusu
1404 5327 1715 5398 experimur
1736 5340 1934 5398 nomen

340 5399 714 5470 irwestigubilis
743 5398 850 5453 vim
876 5395 1120 5454 obtinere
1150 5397 1403 5470 negandi,
1432 5395 1677 5468 quamvis
1712 5395 1932 5452 verbum

343 5469 652 5540 inuestigare
682 5471 874 5525 habeat
903 5469 1225 5540 aﬂirmandi.

414 5545 493 5616 (ς)
511 5538 586 5598 fta
609 5541 882 5598 veterrimi
909 5557 1037 5598 mss.
1061 5539 1184 5596 Vat.
1201 5543 1337 5604 bas.,
1352 5538 1528 5616 Colb.,
1548 5538 1783 5616 Martio,
1798 5549 1904 5594 etc.
1918 5581 1933 5606 ,

344 5611 724 5672 consentiente
746 5627 904 5685 sacro
928 5622 1076 5670 textu
1097 5627 1276 5685 graeco
1304 5623 1359 5669 et
1383 5613 1570 5667 latino.
1600 5615 1669 5667 At
1699 5611 1752 5666 in
1775 5625 1938 5667 excu-

346 5690 447 5750 sis.
469 5687 661 5742 stet-uta
680 5684 987 5740 secutorum
1010 5728 1025 5752 ,
1065 5684 1269 5742 omisso
1295 5700 1464 5741 amen.

417 5759 502 5833 (tr)
533 5757 588 5813 In
609 5756 832 5833 duobus
857 5755 1202 5833 mss..Col_b.,
1249 5756 1598 5833 ynoltemig.
1625 5765 1680 5813 et
1706 5752 1892 5833 Thcod
1924 5795 1940 5820 ,

349 5823 572 5887 reicitis
602 5829 656 5884 in
679 5829 962 5883 ministerio
981 5828 1209 5899 Spiritus
1237 5823 1471 5896 Domini,
1494 5823 1622 5883 etin.
1647 5827 1944 5899 operatione

643 5924 922 5989 Ρλτιιοι.
990 5920 1073 5984 Χ.

2037 4967 2188 5024 vocis
2208 4979 2316 5024 tres
2346 4968 2539 5022 littera:
2568 4969 2898 5036 posteriores
2923 4966 2974 5019 in
3016 4973 3236 5038 antiquo
3258 4967 3416 5024 COIb.
3452 4966 3631 5038 prisco

2041 5056 2194 5095 more
2214 5049 2498 5108 eapunctte
2518 5048 2663 5100 sunt,
2699 5040 2749 5092 id
2779 5051 2881 5102 est,
2917 5046 3124 5108 punctis
3151 5041 3412 5108 subjectis
3436 5055 3631 5109 supero

2042 5110 2165 5166 ﬂute
2195 5109 2515 5165 indicantur.
2548 5109 2702 5183 [inde
2734 5109 2946 5164 Martin.
2973 5122 3026 5165 et
3055 5112 3144 5166 alii
3168 5127 3297 5166 mss.
3330 5127 3631 5183 promoui--

2042 5197 2140 5238 nes
2170 5183 2389 5243 habent,
2417 5183 2470 5235 in
2501 5196 2558 5234 co
2586 5181 2785 5247 Spiritu
2817 5193 3011 5236 sancto.

2115 5253 2186 5328 (λ)
2217 5255 2326 5328 line
2353 5263 2612 5328 est,_qn:e
2642 5263 2764 5306 sunt
2795 5253 2968 5309 illiciti
2998 5255 3343 5328 eloquii._seu
3374 5270 3495 5328 qum
3523 5271 3630 5311 non

2041 5325 2166 5380 licet
2195 5327 2397 5395 eloqui.
2435 5325 2510 5381 Ne
2537 5339 2668 5379 vero
2698 5328 2892 5392 legeris
2914 5340 3035 5379 cum
3073 5325 3194 5381 end.
3229 5325 3346 5379 Vat.
3378 5326 3491 5380 bas.
3528 5329 3634 5381 illi-

2040 5399 2142 5450 cita
2171 5398 2358 5465 eloqui,
2392 5411 2530 5451 neve
2553 5395 2747 5450 deinde
2773 5395 3027 5462 pra'l‘i-ras
3055 5412 3178 5451 cum
3219 5396 3373 5450 Vind.
3423 5414 3633 5454 necnon

2045 5468 2175 5523 Bad.
2210 5480 2263 5523 et
2286 5467 2403 5536 ΕΓ..
2432 5477 2678 5534 statuens,
2714 5468 2794 5522 vel
2821 5482 2944 5522 cum
2966 5484 3075 5524 uno
3100 5467 3251 5525 Colh.
3284 5484 3499 5539 parens,
3537 5486 3634 5540 pro

2043 5551 2234 5595 tacens.

2119 5611 2194 5682 (lt)
2219 5610 2274 5666 lu
2297 5609 2420 5666 cod.
2446 5609 2576 5683 Vat.
2594 5609 2738 5675 bas.,
2762 5607 2998 5683 Marum,
3038 5609 3267 5683 aliisque
3293 5609 3505 5666 duobus
3536 5611 3644 5668 γει..

2048 5681 2140 5738 tie.
2177 5686 2304 5737 duos
2335 5683 2471 5736 deos.
2517 5681 2684 5737 Abest
2725 5682 2794 5738 ah
2831 5683 2954 5738 aliis
2984 5685 3104 5738 deos
3134 5700 3149 5737 :
3185 5681 3313 5738 cum
3356 5698 3459 5752 qua
3506 5698 3641 5740 voce

2049 5768 2398 5826 suppressum
2425 5751 2722 5826 intelligere
2741 5764 2826 5812 est
2848 5766 2935 5809 aut
2958 5755 3211 5820 dominos,
3240 5751 3387 5826 puta,
3403 5770 3494 5808 nec
3515 5755 3644 5815 duos

2051 5828 2174 5882 deos
2200 5836 2292 5880 aut
2319 5824 2570 5880 dominos.

3126 5919 3164 5981 9
