4316 6486
1242 30 1555 47 πςθνῂμ-ΪῨ

570 321 674 382 971

1784 310 2025 372 SANCTI
2064 308 2318 371 lilLARll
2361 307 2666 370 EPISCOI‘i

3758 300 3868 356 (ΞΊῖ

576 452 698 491 cum
756 436 809 489 in
856 433 1027 489 forum
1058 432 1153 489 Dei
1204 440 1385 494 esset.
1446 444 1634 504 qntero
1681 429 1811 502 quid
1864 428 2162 486 manserit?
2192 430 2239 492 Α
2266 426 2614 496 coimaginari
2639 424 2807 497 possit
2825 421 2890 478 ad
2916 422 3194 494 speciem?
3234 419 3419 493 Imago
3444 419 3589 477 enim
3630 418 3866 475 tortnatu

576 540 829 583 utrumne
856 529 908 582 in
940 536 1129 583 natura
1164 526 1262 581 Dei
1293 568 1307 592 ,
1352 541 1471 597 quzc
1492 526 1827 596 signiﬁcatur
1877 525 1928 579 in
1974 524 2167 591 gloria,

589 620 671 691 (l)
700 617 1039 691 Christus(a)
1064 618 1293 690 Spiritus
1326 617 1653 684 luctiﬁcum
1677 616 1729 671 in
1752 617 1921 687 gloria
1955 616 2047 671 Dei
2078 631 2171 685 pa-

580 712 673 765 tris
707 711 955 767 Christus
985 710 1144 767 Jesus
1168 753 1183 777 ,
1212 711 1264 765 id
1292 719 1395 776 est,
1427 711 1501 782 (ὁ)
1531 710 1693 765 homo
1725 719 1879 766 natus
1905 707 2172 765 exstabit?

650 803 738 857 47.
785 804 923 859 Deus
950 820 1105 869 unus,
1137 820 1238 858 non
1271 804 1476 858 unicus.
1524 833 1595 845 —
1643 801 1815 859 Tenet
1839 804 1890 858 in
1921 802 2173 858 omnibus

579 898 771 952 beatus
821 897 1116 965 Apostolus
1169 895 1294 951 ﬁdei
1344 894 1675 967 evangelicae
1729 894 2171 950 indemntabilem

576 987 1045 1057 praedicationem,
1076 986 1237 1060 247
1269 987 1339 1041 ita
1368 987 1654 1043 Dominum
1680 987 1869 1045 .lesum
1895 987 2172 1043 Christum

581 1081 748 1135 Deum
773 1079 1096 1147 praedicans,
1120 1089 1178 1134 ut
1205 1093 1380 1149 neque
1400 1095 1496 1149 per
1523 1081 1749 1136 alterius
1769 1081 1983 1152 generis
2004 1079 2172 1136 Deum

584 1173 636 1224 iu
664 1171 799 1226 deos
824 1170 960 1226 duos
989 1170 1122 1227 lides
1168 1170 1462 1242 apostolica
1489 1174 1781 1243 depereat,
1830 1189 2004 1244 neque
2031 1174 2175 1229 inse-

588 1264 842 1331 parabilis
884 1279 913 1318 a
944 1263 1104 1319 Patre
1133 1264 1303 1319 Filius
1326 1265 1471 1320 Deus
1508 1267 1652 1322 unici
1681 1265 1756 1339 (ο)
1790 1280 1856 1321 ac
1887 1265 2176 1336 singularis

584 1354 681 1409 Dei
717 1354 1041 1424 praedicandi
1063 1357 1405 1412 occasionem
1434 1357 1653 1427 impiam
1678 1358 1934 1427 przebeat.
1981 1358 2176 1414 Diccns

582 1450 750 1516 enim,
774 1451 1017 1519 informa
1046 1448 1160 1517 Dei,
1189 1459 1236 1505 et
1263 1451 1318 1504 iu
1346 1449 1514 1520 gloria
1536 1449 1632 1505 Dei
1659 1453 1842 1522 patris,
1873 1467 2047 1524 neque
2072 1453 2177 1507 dif-

586 1543 728 1597 terre
750 1541 954 1607 docuit,
989 1558 1166 1615 neque
1195 1558 1304 1599 non
1344 1544 1696 1601 exsistentcm
1724 1560 1824 1601 nos
1863 1546 2177 1602 existimare

592 1633 836 1702 permisit
892 1632 1050 1689 Nam
1079 1636 1170 1705 qui
1202 1636 1256 1690 in
1288 1635 1460 1691 turma
1491 1636 1583 1692 Dei
1626 1647 1733 1702 cst,
1783 1652 1959 1708 neque
1996 1636 2049 1692 in
2097 1637 2177 1691 al-

586 1739 761 1782 ternm
794 1727 961 1783 Deum
993 1727 1241 1798 prolicit,
1292 1744 1470 1801 neque
1522 1730 1685 1787 etiam
1732 1733 1848 1802 ipse
1898 1746 2004 1786 non
2038 1731 2180 1786 Deus

2272 537 2499 579 necesse
2525 531 2610 577 est
2636 520 2755 590 ejus
2780 518 2987 582 reddat,
3021 516 3173 587 cujus
3197 528 3249 572 ct
3274 517 3453 587 imago
3481 523 3585 570 cst.
3644 512 3746 579 Qui
3776 526 3868 563 ιο-

2271 617 2391 672 lunt
2420 625 2600 671 autem
2630 614 2854 669 alterius
2890 611 3107 681 generis
3148 610 3201 664 in
3232 608 3372 664 Filio
3419 622 3545 664 essc
3594 615 3867 664 naturam,

2272 707 2607 766 constituant
2646 704 2950 776 cnjusmodi
2979 702 3178 759 Filium
3224 700 3513 771 imaginem
3540 709 3666 755 esse
3687 697 3872 751 invisi-

2274 802 2401 859 bilis
2431 801 2527 858 Dei
2577 800 2761 857 velint.
2803 798 2959 855 Anne
3007 810 3326 866 corpoream
3349 836 3363 861 ,
3391 804 3447 850 et
3472 788 3870 863 contemplabi-

2274 895 2382 952 letn
2410 937 2423 960 ,
2471 901 2529 951 et
2557 910 2622 949 es
2656 895 2789 949 locis
2826 894 2878 947 in
2905 893 3020 946 loca
3049 901 3197 945 motu
3226 889 3554 960 incessuque
3570 886 3873 942 circumra-

2273 988 2436 1058 gam?
2500 986 2839 1042 Memineriut
2884 996 3061 1041 tamen
3091 984 3199 1055 (ι’),
3242 980 3543 1039 secundum
3577 977 3868 1048 Erangelia

2273 1093 2324 1138 ct
2357 1080 2675 1151 prophetas.
2716 1088 2771 1135 et
2800 1080 3073 1134 Christum
3120 1076 3369 1147 spiritum
3408 1081 3467 1131 et
3489 1072 3661 1128 Deum
3700 1070 3868 1142 spiri-

2277 1183 2412 1229 tttm.
2477 1173 2579 1241 Qui
2605 1171 2769 1244 2&8
2792 1173 2833 1224 si
2870 1170 3320 1226 circumscribcnt
3348 1167 3492 1223 hunc
3513 1166 3761 1237 Spiritum
3792 1165 3875 1232 (ς)

2277 1266 2549 1322 Christum
2582 1265 2849 1319 formabili
2871 1273 2926 1317 et
2949 1263 3219 1332 corporali
3250 1260 3451 1327 modo;
3499 1273 3607 1315 non
3638 1257 3745 1313 erit
3785 1259 3874 1311 in-

2278 1358 2510 1415 visibilis
2539 1356 2635 1413 Dei
2661 1356 2741 1429 (h)
2770 1359 2946 1428 imago
2972 1369 3290 1427 corporeus,
3328 1349 3718 1411 nec‘iadetlniti
3754 1362 3878 1421 spc-

2280 1454 2393 1508 cies
2418 1450 2641 1507 dellnita
2671 1449 2997 1505 moderatio.

2350 1542 2441 1601 ιθ.
2477 1541 2662 1614 Imago
2688 1538 2783 1596 Dei
2812 1551 2889 1596 est
2908 1582 2924 1605 ,
2971 1550 3225 1611 quatenus
3250 1541 3297 1596 ei
3322 1539 3515 1594 diuina
3538 1546 3742 1591 natura:
3769 1534 3879 1590 air-

2279 1646 2382 1692 tus.
2413 1665 2483 1678 -
2509 1634 2617 1692 Sed
2646 1648 2822 1704 neque
2850 1633 3112 1689 Dominus
3152 1631 3422 1689 incertum
3447 1629 3670 1701 reliquit
3690 1669 3709 1695 ,
3771 1626 3878 1696 Qui

2284 1744 2362 1783 me
2383 1729 2531 1795 uidit,
2562 1728 2687 1782 uidit
2711 1737 2761 1781 et
2789 1724 2997 1781 Patrem
3026 1725 3208 1795 (John.
3238 1739 3348 1792 xiv,
3378 1723 3473 1793 9);
3519 1737 3695 1789 neque
3734 1720 3881 1791 Apo-

585 1826 701 1872 est:
734 1817 858 1889 quia
888 1832 989 1875 nec
1018 1819 1264 1888 separari
1290 1828 1468 1890 potest
1486 1835 1517 1875 a
1550 1821 1645 1875 Dei
1667 1820 1864 1887 forma,
1886 1836 2012 1877 cum
2035 1820 2089 1875 in
2120 1836 2185 1876 ea
2211 1822 2262 1885 Β
2291 1821 2466 1879 stolus
2492 1822 2660 1876 tacuit
2684 1820 2861 1889 qualis
2891 1828 3070 1879 esset,
3113 1816 3217 1884 Qui
3237 1825 3313 1873 est
3333 1817 3506 1885 inroga
3537 1814 3631 1870 Dei
3654 1812 3885 1869 invisibi-

587 1913 696 1978 sit;
729 1927 829 1969 nec
848 1912 941 1984 qui
972 1914 1023 1967 in
1058 1914 1149 1967 Dei
1180 1923 1265 1969 est
1293 1912 1485 1979 turma,
1543 1928 1651 1970 non
1675 1913 1822 1969 Deus
1849 1925 1951 1970 est.
2030 1912 2183 1970 Sicut

586 2006 678 2076 qui
724 2006 775 2061 in
822 2007 993 2078 gloria
1026 2006 1118 2062 Dei
1147 2016 1263 2072 est,
1322 2024 1430 2063 non
1470 2018 1648 2079 potest
1674 2008 1818 2064 aliud
1860 2024 1985 2066 esse
2020 2025 2183 2080 quam

592 2100 735 2154 Deus
769 2108 891 2163 est;
934 2110 990 2155 et
1018 2097 1149 2154 dum
1190 2099 1244 2154 in
1289 2101 1459 2170 gloria
1489 2099 1585 2156 Dei
1617 2100 1760 2158 Dens
1792 2110 1912 2168 est,
1960 2103 2185 2158 alterius

589 2191 686 2247 Dei
713 2199 877 2260 atque
903 2208 932 2243 a
966 2191 1077 2248 Deo
1106 2190 1306 2247 diversi
1335 2208 1442 2248 non
1489 2193 1655 2249 habet
1707 2195 2183 2265 medicationem;

587 2285 713 2354 quia
744 2298 841 2356 per
887 2283 962 2351 id,
1004 2283 1148 2356 quod
1199 2286 1451 2356 ingloria
1501 2286 1594 2342 Dei
1628 2296 1747 2355 est,
1777 2304 1847 2344 ex
1889 2304 1957 2343 co
1996 2289 2049 2345 in
2086 2305 2185 2345 cu-

583 2379 675 2447 jus
702 2377 869 2446 gloria
895 2385 982 2433 est
1003 2418 1018 2441 ,
1074 2376 1238 2433 habet
1286 2378 1338 2431 in
1370 2392 1429 2433 sc
1459 2378 1706 2434 naturale
1731 2379 1875 2450 quod
1911 2379 2057 2435 Deus
2078 2390 2184 2437 est.

660 2468 753 2523 43.
795 2467 1030 2524 Christus
1059 2480 1113 2525 ttt
1137 2470 1306 2541 imago
1330 2468 1451 2535 Dei,
1482 2485 1586 2524 non
1613 2470 1829 2525 alterius
1858 2482 1935 2527 est
1964 2484 2183 2527 natura.

596 2594 657 2603 -—
690 2560 808 2618 Non
842 2562 1178 2632 periclitatur
1198 2604 1212 2626 ,
1260 2578 1357 2633 per
1386 2562 1569 2630 plures
1600 2563 2012 2631 przedicationes
2054 2564 2190 2619 ﬁdes

592 2671 724 2720 una,
748 2669 817 2711 ne
842 2668 947 2710 una
984 2653 1076 2708 sit.
1120 2653 1463 2724 Evangelista
1489 2656 1636 2710 enim
1665 2654 1871 2711 dictum
1898 2670 1928 2709 a
1961 2655 2193 2711 Domino

588 2748 894 2812 docuerat,
940 2746 1041 2811 Qui
1070 2762 1149 2799 me
1178 2747 1323 2811 uidit,
1356 2747 1481 2801 uidit
1506 2757 1555 2800 et
1590 2745 1799 2801 Patrem
1837 2747 2019 2821 (Joan.
2077 2764 2189 2812 xtv,

590 2840 670 2910 9).
735 2840 844 2895 Sed
882 2839 1141 2909 numquid
1191 2839 1382 2895 doctor
1421 2841 1664 2911 gentium
1704 2841 1902 2897 Paulus
1940 2842 2191 2896 virtutem

596 2932 727 2988 dicti
754 2930 1013 2987 dominici
1039 2942 1132 2987 aut
1155 2933 1445 3004 ignoravit,
1477 2941 1573 2987 aut
1598 2918 1782 2997 taenit,
1812 2933 2004 2989 dicens
2039 2952 2054 2989 :
2091 2932 2193 2999 Qui

592 3034 670 3078 est
698 3025 870 3096 imago
894 3020 992 3077 Dei
1022 3023 1291 3079 invisibilis
1321 3021 1541 3093 (Coloss.
1577 3039 1617 3091 ι,
1648 3022 1778 3095 Ili)?
1808 3023 2086 3096 Interrogo
2114 3025 2195 3097 (tl)

595 3128 778 3172 utrum
819 3114 1050 3170 visibilis
1102 3117 1281 3186 imago
1322 3124 1409 3170 est
1440 3115 1725 3173 invisibilis
1756 3116 1883 3172 Dei:
1924 3125 1981 3173 et
2014 3126 2191 3173 utrum

2286 1919 2351 1972 lis
2390 1915 2615 1988 (Coloss.
2648 1928 2690 1972 ι.
2738 1913 2850 1984 l5).
2898 1911 3158 1967 Dominus
3204 1911 3351 1966 enim
3390 1910 3623 1971 dixerat.
3674 1907 3737 1964 Si
3776 1922 3884 1961 non

2287 2008 2425 2081 facio
2452 2022 2612 2077 opera
2636 2007 2797 2077 patris
2821 2003 2940 2071 mei,
2982 2003 3143 2057 nolite
3166 2002 3293 2056 mihi
3321 2001 3530 2057 oroden
3558 1998 3741 2068 (toan.
3773 2013 3885 2065 svi,

2256 2100 2259 2101 ⁷
2287 2102 2355 2158 57
2389 2107 2409 2175 )
2434 2144 2448 2167 ,
2492 2102 2621 2157 hinc
2651 2099 2826 2156 videri
2851 2100 2903 2155 in
2934 2114 2994 2155 se
3023 2097 3240 2153 Patrem
3266 2097 3469 2153 docens
3490 2139 3504 2160 .
3546 2094 3691 2165 quod
3718 2108 3887 2165 Opera

2288 2195 2410 2265 ejus
2448 2192 2733 2255 etticeret;
2784 2203 2841 2247 ut
2868 2193 3145 2247 intellecta
3187 2200 3393 2247 natum:
3430 2192 3602 2245 virtus
3636 2198 3885 2243 murram

2291 2286 2586 2343 intellecta:
2628 2283 2845 2341 virtutis
2883 2285 3230 2348 ostenderet,
3275 2298 3373 2353 per
3417 2279 3564 2348 quod
3593 2280 3889 2349 Apostolus

2291 2378 2431 2435 hanc
2454 2377 2742 2449 imaginem
2766 2378 2861 2432 Dei
2891 2393 3014 2432 esse
3044 2377 3355 2442 signiﬁcans
3374 2417 3388 2439 ,
3427 2376 3526 2441 ait,
3557 2373 3622 2445 (ι)
3672 2374 3776 2441 Qui
3800 2384 3877 2427 est

2289 2473 2463 2543 imago
2486 2469 2580 2524 Dei
2608 2469 2879 2524 invisibilis
2906 2511 2920 2531 ,
2970 2470 3337 2541 primogatitus
3370 2468 3542 2522 omnia
3584 2477 3835 2520 creatum
3863 2507 3879 2530 ,

2290 2564 2414 2635 quia
2450 2564 2504 2617 in
2548 2564 2668 2631 ipso
2696 2561 2771 2634 (j)
2814 2562 3091 2616 constituta
3131 2570 3253 2615 sunt
3282 2559 3459 2613 omnia
3486 2559 3541 2613 in
3580 2560 3726 2613 (telis
3762 2568 3811 2612 et
3832 2557 3891 2610 iu

2293 2665 2450 2718 terra,
2478 2654 2700 2710 visibilis
2728 2664 2776 2709 et
2800 2654 3098 2721 inuisibilia,
3160 2656 3266 2708 sine
3302 2652 3519 2720 Thr-oui,
3553 2653 3657 2708 sive
3687 2651 3895 2707 Princi-

2295 2759 2443 2820 patus
2459 2788 2475 2813 ,
2499 2750 2604 2802 sire
2629 2746 2917 2802 Potestates
2942 2786 2958 2811 ,
2988 2748 3091 2801 sire
3119 2747 3504 2802 Dominationes
3529 2786 3545 2812 ,
3596 2747 3772 2799 omnia
3800 2761 3894 2814 per

2295 2844 2467 2913 ipsum
2496 2850 2542 2895 et
2567 2843 2622 2896 in
2651 2842 2763 2910 ipso
2788 2840 2994 2895 condita
3020 2849 3139 2894 sunt
3163 2882 3180 2908 ,
3229 2851 3277 2893 et
3304 2840 3415 2912 ipse
3442 2848 3516 2894 est
3543 2849 3663 2894 ante
3686 2854 3889 2905 omnes,

2296 2944 2344 2988 et
2370 2936 2540 2988 omnia
2567 2932 2648 3002 (lt)
2672 2933 2771 3003 ipsi
2794 2924 3027 2987 constant
3052 2973 3067 2996 ,
3110 2942 3161 2987 et
3199 2932 3313 3002 ipse
3346 2941 3427 2985 est
3455 2941 3619 3000 eaput
3661 2931 3895 3000 corporis

2299 3027 2567 3095 Ecclesia,
2594 3028 2684 3099 qui
2701 3036 2782 3083 est
2808 3028 3034 3085 initium.
3061 3027 3439 3097 propagauit“
3464 3042 3532 3081 ea:
3556 3026 3792 3089 mortuis,
3838 3034 3897 3079 ut

2299 3123 2442 3193 ﬁeret
2484 3125 2539 3177 iu
2579 3122 2815 3177 omnibus
2853 3122 2967 3191 ipse
2992 3121 3271 3190 primatum
3290 3130 3511 3185 tenens;
3545 3119 3669 3189 quia
3694 3118 3752 3173 iss
3776 3120 3894 3187 ipso

598 3209 843 3267 inﬁnitus
859 3207 1001 3265 Deus
1033 3208 1107 3281 (ε)
1142 3224 1238 3280 per
1254 3207 1443 3265 turnia:
1459 3209 1882 3281 circumscripta:
1904 3210 2192 3281 imaginem
2219 3222 2267 3288 ο
2298 3217 2612 3290 cataplus-uit
2649 3232 2853 3271 omnem
2887 3212 3258 3288 plenitudinem
3300 3215 3366 3287 (ι)
3394 3213 3671 3282 ἤρκεσε,
3712 3222 3764 3269 et
3809 3228 3901 3285 per

670 3351 749 3423 (l)
786 3351 844 3408 tn
870 3350 1060 3409 codice
1090 3349 1289 3409 Veron.
1322 3348 1557 3407 Christus
1578 3364 1607 3404 a
1659 3348 1831 3421 prima
1859 3363 2045 3420 manu,
2093 3352 2189 3408 sed
2227 3351 2463 3410 secunda
2494 3352 2699 3425 antiqui
2729 3349 3084 3410 amanuensis
3112 3348 3422 3409 cmendarit
3443 3348 3659 3408 Christi.

676 3493 753 3564 (a)
795 3492 964 3559 Editi,
1008 3491 1204 3549 Christi
1247 3491 1503 3564 spiritus:
1534 3490 1923 3564 renitentibus
1969 3494 2196 3562 potiori-

600 3567 701 3620 bus
731 3561 864 3620 tnss.
909 3565 1079 3619 Porro
1102 3561 1394 3633 apponitur
1419 3561 1667 3617 Christus
1699 3561 1983 3633 Spiritus,
2009 3565 2060 3619 id
2087 3576 2194 3631 cst,

599 3636 777 3705 qualis
806 3635 906 3691 fuit
929 3646 1055 3691 ante
1077 3632 1413 3704 assumptum
1445 3636 1743 3705 hominem,
1763 3632 1977 3690 Christo
1991 3634 2194 3691 homini

596 3703 709 3777 jam
743 3706 905 3763 tacto.
959 3706 1035 3761 lla
1082 3709 1197 3759 hmo
1229 3703 1479 3774 qius-Stin,
1508 3703 1602 3760 lib.
1633 3719 1713 3763 ιιι.
1747 3722 1815 3777 ιιᾷ
1848 3708 1943 3761 ωε
1995 3706 2198 3774 Qua'ris

522 3834 527 3839 ,
597 3774 862 3843 quomodo
890 3778 1173 3833 secundum
1206 3776 1462 3847 Spiritum
1490 3786 1640 3830 natus
1670 3777 1735 3830 sit
1770 3774 1960 3841 Filius,
2012 3790 2198 3847 aperte

604 3851 898 3919 opponitur
924 3851 1009 3904 isti
1033 3868 1046 3901 :
1113 3848 1321 3913 Qttceris
1345 3847 1601 3917 quomodo
1628 3848 1915 3919 secundum
1932 3851 2197 3919 hominem

604 3918 757 3975 natus
778 3925 865 3974 sit.
894 3919 984 3974 Sic
1006 3919 1260 3988 Clemens
1285 3918 1447 3988 Papa,
1473 3920 1633 3986 epist.
1651 3933 1710 3985 tt,
1731 3934 1781 3973 c.
1818 3928 1872 3985 9,
1898 3918 1963 3975 Τ.
2003 3937 2018 3975 ι
2052 3921 2198 3976 Con-

605 3992 697 4045 cil.
729 4007 786 4063 p.
817 3990 950 4047 186:
979 3988 1137 4045 Iesus
1156 3987 1391 4063 Christus
1419 4029 1435 4052 ,
1478 3988 1694 4063 inquitL
1726 3989 1985 4063 Dominus
2008 4005 2199 4061 noster,

607 4065 693 4132 qui
716 4058 808 4117 rios
836 4064 1072 4126 servavit,
1100 4076 1217 4114 cum
1250 4062 1469 4131 primum
1497 4058 1623 4114 esset
1654 4058 1907 4133 Spiritus,
1936 4078 2058 4118 caro
2085 4058 2200 4135 (ac;

613 4147 697 4187 ιιις
720 4144 813 4189 est.

681 4204 762 4275 (ti)
803 4203 858 4259 lu
890 4218 990 4259 ms.
1020 4202 1137 4259 bas.
1165 4200 1285 4257 Vat.
1308 4200 1648 4259 desideratur
1676 4202 1732 4257 id
1748 4213 1824 4259 est
1843 4204 2031 4261 Immo:
2060 4206 2202 4275 apud

610 4274 745 4334 Bait.
773 4284 955 4331 autem
978 4284 1034 4330 et
1062 4275 1152 4329 Br.
1178 4275 1402 4330 verbum
1434 4284 1604 4328 natus.
1646 4274 1783 4330 Tum
1816 4276 1962 4346 Lips.
1990 4285 2047 4333 et
2075 4274 2198 4333 Par.

610 4357 736 4420 post
780 4347 870 4401 Er.
925 4347 1203 4420 retinuere
1249 4354 1680 4420 ent-retacum
1726 4350 1869 4420 apud
1908 4347 2038 4403 Dad.
2063 4360 2118 4405 et
2148 4351 2202 4405 in

613 4416 746 4475 inss.
778 4418 1098 4473 concinnius
1128 4417 1339 4486 legatur
1365 4416 1605 4477 exstabit.
1662 4428 1719 4471 ut
1747 4419 1908 4487 paulo
1958 4429 2086 4475 ante
2112 4421 2198 4476 dio

612 4502 769 4562 ctum
785 4498 877 4562 est
891 4487 1136 4562 ntauebit.
1179 4488 1234 4542 In
1260 4488 1965 4562 memoriam‘rerocandum
1991 4506 2056 4547 es
2078 4507 2198 4562 cap.

613 4564 652 4620 4
679 4564 733 4617 in
755 4559 945 4615 Matth.
972 4578 1027 4613 ιι.
1064 4560 1133 4615 M
1151 4600 1169 4627 ,
1195 4560 1339 4630 quod
1366 4558 1523 4615 Iesus
1562 4556 1788 4615 Domino
1806 4573 1991 4639 nostra
2019 4556 2205 4620 nomen

613 4649 681 4689 ex
700 4647 915 4701 corpore
934 4640 1030 4687 est.

690 4704 763 4776 (ε)
796 4700 1091 4774 Exemplar
1139 4702 1304 4758 Carn.
1352 4719 1414 4758 ac
1457 4703 1678 4759 solitarii
1718 4700 1857 4759 Dei:
1903 4703 2045 4761 haud
2096 4706 2205 4764 alio

618 4790 808 4831 scusu.

618 4883 626 4899 .
691 4846 773 4915 (tl)
810 4844 965 4916 Apud
998 4844 1127 4901 Bait.
1160 4857 1333 4898 utrum
1357 4846 1573 4901 risibilis
1601 4843 1761 4909 Deus.
1793 4856 1841 4902 et
1861 4864 2052 4915 turum,
2072 4858 2206 4916 etc.,

621 4918 774 4971 locus
800 4917 1133 4990 mutilus._ln
1160 4918 1281 4973 aliis
1310 4917 1466 4990 edit_.,
1500 4932 1672 4990 utrum
1697 4920 1909 4975 visibilis
1938 4920 2108 4990 imago
2130 4933 2206 4978 est

619 4987 1015 5061 iizvistbilt‘sDci
1043 4988 1197 5044 Deus.
1233 4988 1482 5043 Abundat
1505 5004 1606 5045 vox
1633 4989 1791 5058 Deus,
1826 5006 2002 5061 neque
2029 4987 2209 5051 exstat

621 5065 675 5115 in
707 5076 835 5115 mss.
874 5059 997 5114 llaec
1028 5063 1376 5133 interrogatio
1406 5061 1580 5128 pulsat
1611 5063 1861 5128 Ariauos,
1888 5059 1978 5133 qui
2008 5064 2201 5121 Filium

626 5133 765 5186 l'atri
823 5131 1140 5204 iumqualem
1186 5134 1308 5185 inde
1354 5134 1740 5200 argutabautur
1770 5178 1783 5198 ,
1835 5131 1977 5204 quod
2010 5135 2199 5192 Filium

622 5204 922 5279 visibilem,
942 5203 1504 5279 l’ntretninvisibilem
1531 5210 1711 5279 animo
1740 5203 2036 5279 ﬁngerent:
2068 5225 2199 5279 quo-

624 5290 743 5348 rum
784 5290 846 5330 ea
889 5274 961 5348 de
998 5289 1057 5329 re
1083 5273 1271 5329 delirta
1303 5275 1501 5343 sigillat
1546 5273 1898 5348 Augustinus.
1941 5278 2035 5334 lth.
2062 5273 2102 5334 ti
2130 5280 2198 5336 de

623 5346 774 5420 Ἰἰ-ιιι.
799 5360 850 5398 c.
884 5342 949 5400 M
969 5357 1079 5420 ,met
1108 5342 1407 5420 ScrtnLvti,
1441 5348 1588 5420 πμ).
1634 5342 1744 5402 lloc
1786 5365 1948 5420 porro
1975 5349 2063 5405 hic
2092 5352 2198 5407 sibi

622 5417 741 5469 vult
765 5426 949 5470 noster
974 5414 1243 5471 Hilarius:
1270 5416 1375 5470 Vos
1396 5417 1485 5487 qui
1510 5417 1721 5475 Patrem
1746 5414 2090 5485 itivisibilem,
2119 5421 2202 5477 Fi-

624 5488 755 5540 limn
779 5487 1268 5562 _visil_iile_tn__vultis,
1307 5488 1582 5559 interrogo
1621 5503 1799 5545 utrum
1843 5493 1931 5562 qui
1973 5494 2202 5549 visibilis

624 5568 727 5619 est.
779 5558 873 5631 Dei
901 5559 1183 5631 invisibilis
1210 5560 1385 5628 imago
1410 5558 1535 5615 esse
1563 5564 1748 5631 possit.

696 5631 779 5708 (e)_
811 5629 864 5683 In
919 5630 1147 5708 vulgatis
1172 5673 1185 5693 ,
1255 5648 1347 5708 per
1390 5629 1610 5708 [armatu
1645 5635 2109 5708 __circttntscriptam
2151 5646 2198 5692 et

622 5701 917 5775 imaginem.
994 5702 1321 5775 lndvetustis
1365 5704 1762 5773 exemplaribus
1783 5706 1936 5762 Colb.
1958 5701 1981 5772 ,⁷
2011 5708 2196 5775 Carn.,

627 5772 811 5859 Germ.
842 5789 904 5855 ac
925 5772 1166 5856 pluribus
1189 5775 1327 5841 aliis,
1361 5791 1449 5859 per
1475 5772 1656 5859 {armis
1680 5779 1973 5859 imaginem,
1998 5772 2202 5836 omisso

632 5844 797 5899 ωτι»)
824 5846 1256 5916 circumscriptio:
1303 5846 1445 5917 quod
1475 5844 1526 5903 in
1559 5844 2000 5920 Martinfcxstat,
2035 5862 2088 5909 et
2148 5858 2199 5908 in

2301 3494 2467 3551 Corb.
2500 3492 2757 3551 secundis
2784 3493 2930 3550 curis
2950 3492 3224 3563 adjectum
3243 3502 3329 3549 est
3357 3533 3374 3553 .
3416 3491 3563 3549 unde
3599 3499 3658 3548 et
3694 3490 3750 3549 in
3779 3491 3902 3550 aliis

2304 3568 2562 3624 obtinuit.
2636 3565 2724 3621 l\'il
2749 3565 2919 3621 ofﬁcit
2937 3566 3243 3636 adjectum;
3282 3581 3406 3622 cum
3429 3563 3677 3636 proxime
3702 3580 3901 3635 sequa-

2306 3648 2414 3705 tur,
2450 3637 2549 3705 Qttt
2575 3638 2619 3694 si
2642 3637 3235 3710 circumscribcnt,_etc.,
3254 3652 3438 3710 neque
3457 3639 3679 3710 omnino
3710 3652 3902 3710 neces-

2307 3711 2507 3765 sariunt
2535 3719 2641 3777 est,
2696 3718 2757 3764 ut
2792 3710 2959 3780 liquet
2987 3722 3052 3763 cx
3084 3708 3169 3763 his
3196 3705 3358 3763 num.’
3379 3707 3491 3780 £934
3531 3705 3603 3761 Ac
3636 3725 3700 3763 ne
3719 3708 3903 3778 (orum:

2307 3781 2478 3852 potius
2503 3821 2518 3847 ,
2561 3797 2713 3852 quam
2739 3777 2939 3852 natura:
2966 3781 3139 3850 imago
3161 3797 3291 3845 esse,
3313 3789 3424 3835 etc.
3450 3777 3534 3834 Ex
3573 3777 3773 3850 quibus
3814 3783 3902 3835 itt-

2310 3850 2602 3922 telligitur,
2647 3867 2767 3907 eam
2813 3851 2919 3907 dici
2951 3854 3132 3921 [omne
3153 3852 3429 3923 imaginem
3453 3892 3471 3917 ,
3498 3865 3622 3922 qua:
3659 3862 3902 3906 externae

2307 3932 2516 3977 tantum
2559 3924 2745 3993 ﬁgurae
2789 3924 3027 3993 speciem
3068 3933 3451 3994 repmentet,
3493 3924 3653 3995 eique
3695 3923 3902 3994 opponi

2306 3995 2579 4066 imaginem
2612 4006 2826 4049 natura.

2378 4064 2448 4137 (Γ)
2485 4064 2627 4137 Post
2643 4065 2964 4137 particulam
2991 4073 3192 4130 tamen,
3224 4064 3376 4120 solus
3405 4064 3579 4121 codex
3598 4064 3764 4137 Cara.
3802 4065 3869 4121 ad

2301 4135 2442 4208 jicit,
2468 4152 2560 4208 per
2585 4135 2781 4192 Filium
2808 4141 3023 4210 omnia:
3072 4138 3249 4210 minus
3301 4137 3366 4210 ad
3416 4152 3552 4194 rem.
3594 4136 3900 4210 Responsio

2308 4205 2567 4281 proxima:
2590 4211 2877 4281 quaestioni
2902 4209 3017 4264 haec
3045 4217 3153 4275 est,
3184 4205 3459 4281 Christum
3491 4223 3599 4265 non
3624 4205 3748 4265 esse
3772 4223 3893 4265 corr

2308 4293 2528 4363 porcam
2558 4280 2888 4363 imaginem,
2922 4290 2980 4335 ut
3013 4291 3138 4363 pote
3157 4281 3248 4363 qui
3276 4280 3501 4350 spiritus
3528 4289 3649 4350 est,
3697 4295 3893 4353 quem-

2305 4350 2770 4437 τδάεηςνάειιιιρεηε
2802 4360 3066 4437 recte“
3094 4350 3367 4437 ενῖτὲἓνετ-
3406 4421 3467 4437 ρ.
3514 4422 3526 4432 -

2380 4422 2462 4495 (g)
2509 4422 2653 4479 δ’Λίιί
2676 4428 2907 4491 excepto
2951 4423 3073 4477 Par.
3119 4424 3371 4477 omittunt
3402 4421 3682 4480 Christum.
3757 4423 3899 4483 Tum

2304 4493 2626 4621 pupxtzdlibips.
2657 4503 2712 4551 et
2741 4494 2866 4550 Par.
2893 4494 3242 4553 substitutum
3269 4502 3354 4550 est
3379 4496 3609 4567 formati,
3662 4511 3761 4569 pro
3788 4498 3889 4569 {or-

2305 4581 2504 4621 ιιιαοιιι.

2377 4635 2460 4710 (Ιι)
2489 4636 2564 4694 tta
2594 4637 2849 4710 meliores
2884 4652 3017 4710 mss.
3049 4637 3191 4709 quod
3219 4634 3572 4710 conﬁrmatur
3598 4638 3686 4695 his
3715 4640 3807 4696 lib.
3834 4656 3895 4709 ιι.

2226 4731 2281 4795 η
2310 4708 2461 4795 num.
2483 4711 2518 4766 5
2550 4728 2563 4766 :
2599 4708 2942 4795 incorporeus
2982 4708 3142 4795 Pater
3174 4720 3251 4765 cst
3280 4725 3299 4765 :
3338 4710 3382 4795 si
3414 4708 3584 4795 Filius
3616 4708 3899 4795 secundum

2311 4781 2551 4857 spiritum
2575 4781 2991 4857 ciscmnscriptus
3007 4792 3077 4857 est
3093 4797 3330 4857 corpore.
3358 4782 3464 4857 lam
3483 4782 3774 4857 incorporei
3793 4802 3897 4841 nou

2309 4864 2385 4909 est
2417 4856 2581 4927 [arma
2609 4868 2908 4927 corporeus.
2948 4855 3015 4908 At
3038 4853 3092 4907 in
3118 4853 3346 4927 vulgatis
3365 4893 3379 4913 .
3412 4855 3583 4924 imago
3605 4853 3853 4927 corporea
3876 4874 3898 4911 :

2309 4941 2374 4981 ac
2402 4922 2599 4998 deinde
2627 4922 2770 4997 apud
2789 4922 2933 4998 _Bad.
2958 4964 2976 4998 ρ
3022 4940 3115 4979 nec
3149 4925 3414 4998 indeﬁnite
3441 4922 3636 4998 species
3665 4922 3897 4998 deﬁnita:

2308 4997 2634 5071 moderatio;
2668 4995 2743 5053 et
2786 4995 2842 5071 in
2888 4995 3021 5053 edit.
3073 4997 3216 5066 aliis,
3269 5013 3362 5050 nec
3388 4996 3659 5068 indeﬁnito
3699 4995 3898 5071 species

2306 5068 2520 5139 deﬁnita
2557 5069 2860 5125 moderatio.

2381 5138 2444 5211 (ἰ)
2498 5143 2764 5212 Antiqnus
2816 5139 3196 5212 cmlexAColh.
3237 5152 3301 5212 ac
3351 5139 3537 5197 Germ.
3592 5144 3764 5212 prima
3798 5144 3889 5201 illa

2305 5208 2492 5284 verba,
2544 5208 2659 5281 Qui
2689 5222 2763 5267 est
2797 5211 2969 5284 imago
2999 5208 3095 5267 Dei
3120 5210 3421 5284 inuisibilia,
3469 5229 3575 5268 non
3594 5208 3891 5284 habentes,

2304 5284 2424 5407 al'iis
2475 5283 2697 5368 forsitan
2734 5282 3063 5341 sincer-iores
3095 5293 3240 5340 sunt.
3279 5282 3389 5341 Sed
3427 5285 3564 5342 nihil
3593 5295 3754 5343 uocet
3776 5282 3895 5344 haec

2304 5370 2354 5407 at
2378 5366 2553 5407 ιεειιο.

2304 5366 2553 5411 adiectio.

2569 5440 2679 5501 ms.
2711 5425 2876 5484 Carn.
2910 5426 2999 5483 hic
3024 5442 3125 5498 pro
3154 5426 3432 5482 constituta
3450 5437 3573 5501 sunt
3593 5472 3609 5497 ,
3678 5437 3736 5485 et
3764 5444 3891 5488 mox

2308 5500 2411 5567 pro
2448 5500 2656 5554 condita
2682 5510 2797 5570 sunt
2824 5543 2837 5560 .
2884 5507 3064 5555 exstat
3106 5506 3275 5570 creata
3297 5510 3436 5553 sunt.
3489 5500 3678 5557 Graece
3713 5504 3891 5570 primo

2308 5571 2428 5624 loco
2456 5572 2736 5640 przvtertut'
2774 5569 2995 5635 ἐκτίσθη,
3038 5570 3207 5627 altero
3243 5568 3492 5627 ἔκτισται.
3560 5578 3562 5583 ’

2374 5640 2448 5712 (Ir)
2500 5643 2662 5708 Editi,
2716 5644 2769 5696 in
2797 5644 2907 5713 ipso
2946 5651 3197 5709 constant,
3237 5642 3445 5699 favente
3464 5657 3625 5716 grite.
3660 5646 3710 5699 ἓν
3745 5646 3889 5713 αὐτῷ

2305 5716 2604 5779 συνέστηκε,
2642 5715 2736 5770 sed
2784 5716 3140 5771 renitentibus
3165 5730 3296 5771 mss.

2376 5784 2441 5867 (ι)
2472 5786 2527 5841 In
2555 5801 2656 5867 ms.
2687 5784 2853 5867 Caro.
2889 5786 3063 5867 lt_ic__et
3089 5786 3247 5852 intra,
3301 5786 3884 5867 plenitudinem.itit-iui-

2308 5857 2424 5911 tntis
2446 5877 2463 5911 ;
2494 5861 2578 5915 cui
2611 5857 2756 5915 favet
2800 5859 2929 5915 illud
2979 5858 3072 5917 lib.
3102 5874 3189 5928 tu,
3222 5875 3274 5915 η.
3310 5858 3375 5915 lii
3412 5857 3591 5927 :Quid
3627 5858 3766 5915 ("ilio
3793 5864 3885 5917 (ιε-
