4316 6490
597 351 707 408 979

670 462 874 518 Christo
920 474 1219 519 naturarum
1253 467 1435 518 uerita».
1459 463 1645 531 eli/{use
1669 463 1971 517 adstruitur.

609 553 705 609 llis
731 555 913 626 positis
935 598 948 620 ,
982 558 1048 609 ad
1077 560 1301 622 primum
1332 556 1685 610 Ita'reticormn
1725 552 1979 628 objectum
2009 593 2026 620 ,
2061 552 2200 619 Quid

674 662 763 703 me
779 647 914 701 dicis
940 646 1182 702 bonum?
1208 647 1377 704 Nemo
1405 647 1577 702 bonus
1598 689 1613 715 ,
1643 647 1745 703 nisi
1769 660 1907 702 unus
1930 647 2094 714 Deus,
2124 664 2206 702 re-

673 740 1093 811 ponitChristnm
1124 744 1203 797 his
1227 743 1389 797 ret-bis
1416 759 1516 797 non
1543 742 1670 798 boni
1701 754 1791 798 aut
1841 742 2083 813 magism
2112 756 2205 797 no-

673 852 788 892 men
809 852 1067 906 respuere,
1090 838 1177 889 sed
1200 838 1247 908 t-j
1254 853 1311 888 us
1330 833 1702 907 reprehendere
1726 830 1903 905 fidem,
1926 836 2014 904 qui
2035 834 2204 902 ipsum

676 930 845 986 Deum
870 945 969 982 non
992 928 1223 993 credens,
1257 929 1332 982 sic
1350 938 1518 981 tamen
1547 939 1898 1001 nuncuparet;
1940 929 2044 983 imo
2092 944 2203 983 sese

673 1024 836 1078 Deum
860 1039 919 1076 ac
939 1021 1238 1091 ntagistrum
1259 1021 1453 1084 testari,
1481 1036 1596 1074 cum
1619 1037 1672 1076 se
1690 1021 1919 1089 sequenti
1949 1019 2203 1075 scelestum

674 1115 972 1172 thesaurum
994 1115 1283 1184 pollicetur.
1302 1111 1436 1168 Tum
1457 1113 1689 1183 pluribus
1705 1115 2020 1168 dentonstrat
2035 1111 2203 1169 Chris-

672 1220 801 1276 tum,
825 1207 1128 1277 ubicumque
1162 1205 1325 1259 Deum
1350 1222 1507 1260 unum
1523 1209 1795 1278 prtcdicat,
1822 1223 1877 1261 se
1894 1208 2052 1263 alium
2083 1208 2202 1278 qui-

672 1304 788 1357 dem
814 1320 847 1355 a
868 1300 1027 1355 Patre
1058 1342 1071 1365 ,
1104 1316 1206 1354 non
1228 1309 1396 1355 tamen
1426 1301 1641 1355 alterius
1662 1310 1861 1356 natura
1884 1300 2197 1375 signiﬁcare.

606 1393 874 1466 Objection
900 1391 1117 1445 altrrum
1143 1432 1157 1456 ,
1201 1402 1258 1446 ut
1284 1393 1461 1447 sciant
1480 1402 1533 1447 te
1571 1394 1745 1448 solum
1774 1409 1955 1450 rerum
1988 1394 2156 1450 Deum
2183 1439 2197 1461 ,

669 1496 726 1541 ct
753 1500 913 1556 quem
946 1483 1137 1540 misisti
1167 1484 1351 1540 .icsum
1374 1484 1671 1551 Christum,
1693 1503 1757 1542 ea:
1777 1488 2125 1559 superioribus
2142 1506 2203 1543 ac

674 1578 983 1632 continuatis
1001 1578 1177 1634 lmicce
1198 1576 1310 1631 loco
1321 1576 1484 1631 verbis
1504 1578 1677 1632 diluit.
1704 1576 1803 1635 Ubi
1818 1581 1950 1634 enint
1967 1576 2203 1635 Christus

669 1668 851 1740 (Joan.
884 1670 995 1739 xw)
1035 1667 1210 1721 docuit
1264 1667 1476 1724 Putrem
1510 1670 1562 1724 in
1590 1685 1645 1724 se
1667 1686 1793 1734 esse,
1820 1672 1875 1726 in
1896 1672 2204 1743 seloquente

671 1762 833 1833 loqui.
858 1762 912 1814 in
943 1778 999 1815 se
1019 1769 1266 1829 operante
1292 1764 1521 1831 operari,
1545 1762 1597 1816 in
1618 1778 1673 1816 se
1701 1764 1808 1817 viso
1834 1762 1995 1818 rideri
2016 1763 2199 1832 (Joan.

1830 347 2071 405 SANCTI
2112 345 2373 405 illLARIl
2408 343 2713 402 EI‘ISCOI’I

2223 468 2273 525 Λ
2371 459 2511 516 solus
2539 459 2686 514 illum
2729 455 2871 512 Filio
2919 473 3020 513 non
3068 466 3237 513 tacet:
3283 457 3440 513 nescit
3481 464 3647 511 autem
3694 449 3743 507 Γ
3748 453 3897 519 ilius,

3795 335 3901 395 9.80

2381 558 2503 626 quia
2548 554 2678 610 nulli
2702 554 2905 610 revelat.

2376 738 2539 811 257
2570 738 2619 792 ί.
2650 736 2806 793 Libro
2836 735 3099 808 superiore
3125 735 3249 808 quid
3273 737 3577 807 confectum.
3605 731 3746 802 Quid
3774 748 3896 786 ron-

2308 838 2551 898 fututum.
2578 863 2647 873 —
2671 830 2989 887 Tractantcs
3012 832 3292 900 superiore
3318 830 3456 885 libro
3481 829 3549 885 de
3577 826 3901 884 indifferent:

2308 936 2498 981 natura
2533 925 2625 1002 Dei
2656 926 2824 996 patris
2848 936 2901 979 et
2928 924 3020 979 Dei
3043 923 3162 990 lilii,
3188 933 3244 979 et
3277 921 3329 977 id
3360 920 3502 993 quod
3540 920 3740 976 dictum
3768 927 3852 975 est
3883 955 3901 987 ,

2308 1017 2421 1089 Ego
2439 1028 2487 1073 et
2505 1016 2668 1073 Pater
2690 1034 2849 1071 unum
2871 1033 3046 1073 sumus
3063 1014 3242 1089 (Joan.
3264 1031 3319 1079 ι,
3335 1015 3450 1084 58).
3472 1011 3905 1081 dctnonstrantes

2307 1126 2415 1166 non
2440 1108 2509 1167 ad
2538 1110 2839 1167 solitarium
2872 1110 3039 1164 Deum
3066 1106 3354 1179 proiicere,
3388 1106 3484 1160 sed
3511 1106 3598 1175 (l)
3622 1104 3688 1160 ad
3718 1104 3898 1158 unita-

2309 1216 2416 1261 tem
2444 1206 2523 1275 (tt)
2552 1205 2860 1261 indiscreta:
2890 1200 3186 1259 secundum
3216 1200 3623 1271 generationem
3646 1194 3899 1251 divinita-

2308 1298 2410 1364 tis;
2438 1298 2565 1352 dum
2593 1311 2767 1368 neque
2790 1296 3008 1351 aliunde
3033 1309 3191 1365 quam
3215 1308 3280 1347 ex
3306 1291 3419 1347 Deo
3447 1290 3589 1346 Deus
3611 1298 3770 1344 natus
3793 1297 3897 1351 est,

2305 1402 2361 1447 et
2403 1406 2469 1447 cs
2502 1391 2615 1447 Deo
2640 1391 2785 1448 Deus
2816 1405 2923 1444 non
2951 1398 3130 1457 potest
3176 1403 3282 1442 non
3324 1386 3375 1441 id
3414 1400 3537 1443 esse
3578 1381 3723 1456 quod
3763 1383 3907 1440 Deus

2305 1494 2388 1541 est
2419 1500 2436 1539 :
2466 1483 2873 1556 pcreursisque.
2901 1482 3002 1537 etsi
3043 1497 3151 1536 non
3181 1478 3454 1542 omnibus,
3489 1488 3669 1535 tamen
3706 1474 3774 1532 ad
3817 1477 3901 1531 in-

2307 1577 2658 1647 telligentiam
2686 1574 3085 1630 sufﬁcientibus
3112 1572 3382 1628 dictorum
3412 1569 3718 1627 divinorum
3742 1576 3908 1640 atque

2304 1668 2728 1740 apostolicorum
2761 1665 3122 1732 testimoniis,
3158 1663 3355 1734 quibus
3394 1659 3771 1735 inseparabilis
3812 1676 3908 1715 na-

2307 1774 2423 1817 tura
2456 1773 2521 1815 ac
2549 1769 2790 1830 potestas
2829 1759 3006 1816 Patris
3032 1773 3095 1813 ac
3128 1756 3250 1813 Filii
3282 1756 3599 1819 docebatur.
3642 1768 3812 1825 usque
3838 1751 3904 1806 ad

670 1854 1001 1926 xvr),laudat
1018 1854 1173 1923 ﬁdem
1196 1855 1554 1925 Apostolorum
1573 1857 1879 1912 seexitionis
1899 1862 2103 1913 nomine
2122 1874 2205 1914 ιπε-
2236 1863 2283 1924 Β
2312 1856 2453 1911 hunc
2476 1854 2792 1926 apostolica
2822 1852 2946 1910 ﬁdei
2989 1852 3166 1908 locum
3212 1850 3477 1915 venimus,
3510 1862 3619 1921 quo
3648 1847 3724 1903 ait
3753 1864 3766 1900 :
3808 1844 3903 1901 Vi-

669 1965 725 2003 re
746 1964 809 2001 ea:
833 1944 943 2000 Deo
960 1957 1136 2001 natum
1157 1949 1505 2015 credentium,
1526 1966 1588 2004 ac
1607 1950 1810 2005 tandem
1832 1948 2010 2021 (lauri.
2042 1951 2199 2025 uti),

670 2042 916 2095 honorem
938 2041 1011 2093 ita
1032 2055 1063 2093 a
1089 2040 1249 2095 Patre
1269 2042 1511 2111 postulat,
1537 2053 1593 2097 ut
1615 2044 1835 2099 vicissim
1857 2043 2204 2102 honoraturus

668 2134 734 2188 sit
778 2134 1153 2198 honorantem;
1200 2136 1273 2188 ita
1296 2144 1595 2199 potestatem
1617 2138 1836 2207 accipit,
1867 2150 1926 2193 ut
1945 2149 1992 2192 et
2044 2139 2204 2207 possit

666 2228 807 2279 anmi
837 2226 983 2279 carni
1031 2226 1185 2279 vitam
1210 2236 1453 2281 turritam
1476 2227 1661 2297 largiri
1684 2269 1702 2296 ,
1732 2244 1823 2282 nec
1840 2230 2023 2284 habeat
2052 2230 2204 2301 quid-

665 2334 817 2387 quam
846 2317 1017 2371 minus
1043 2334 1075 2371 a
1096 2316 1259 2372 Patre
1275 2334 1293 2374 :
1312 2319 1392 2374 his
1417 2320 1650 2376 omnibus
1677 2320 1912 2377 indicans
1928 2338 1982 2376 se
2001 2339 2063 2376 ea:
2097 2321 2205 2377 Pa-

664 2421 741 2464 tre
762 2417 958 2473 natum,
984 2418 1162 2464 etcum
1184 2427 1241 2465 eo
1261 2422 1445 2467 natura
1467 2429 1647 2466 unum.
1675 2411 1873 2467 Deinde
1892 2430 1957 2468 ex
1973 2415 2203 2486 ipsismet

670 2504 882 2572 objectis
910 2503 1070 2557 verbis
1092 2505 1297 2572 conficit
1316 2503 1577 2559 Christum
1598 2524 1630 2559 a
1654 2504 1810 2559 Patre
1836 2523 1938 2561 non
1958 2522 2203 2577 separan-

669 2596 792 2650 dum
828 2612 936 2650 esse
957 2606 1163 2660 natura,
1185 2598 1275 2666 qui
1310 2613 1410 2649 non
1433 2599 1749 2666 separandus
1776 2609 1847 2652 est
1884 2598 2017 2665 ﬁde,
2048 2615 2206 2670 neque

671 2694 781 2747 sine
798 2690 1105 2745 contumelia
1118 2691 1290 2744 vocari
1311 2689 1473 2745 Deum
1492 2706 1662 2746 verum
1682 2702 1895 2761 patrem,
1910 2692 1954 2747 si
1968 2693 2205 2748 credatur

672 2787 842 2856 [ilium
885 2786 1137 2855 peperisse
1177 2786 1491 2856 degenerem.
1534 2784 1766 2855 Denique
1806 2802 1871 2840 ea:
1898 2786 2205 2841 continuatis

673 2879 871 2947 objecto
896 2878 1007 2929 loco
1036 2876 1198 2930 verbis
1224 2892 1377 2930 unam
1423 2875 1593 2931 Patris
1622 2887 1668 2931 et
1700 2874 1829 2931 Filii
1855 2870 2077 2948 gloriam
2096 2893 2205 2932 esse

674 2974 885 3039 copiose
910 2970 1265 3039 subtiliterque
1284 2970 1538 3024 edisserit.

606 3060 796 3116 Postea
822 3078 886 3116 ea:
912 3062 1180 3116 ocmsione
1208 3103 1221 3125 ,
1264 3079 1377 3127 quce
1421 3061 1588 3115 locum
1633 3063 1774 3119 dedit
1799 3063 1993 3123 Christi
2017 3062 2152 3118 dicto
2184 3106 2200 3131 ,

676 3154 793 3209 Non
821 3163 997 3231 potest
1041 3154 1214 3210 Filius
1260 3156 1329 3211 ab
1349 3172 1409 3210 se
1451 3156 1625 3211 facere
1660 3156 1950 3227 quidquam
1977 3201 1991 3225 ,
2021 3160 2202 3213 evincit

2304 1948 2417 2004 dcte
2443 1964 2505 2003 ne
2539 1950 2656 2017 quis
2683 1962 2771 2002 vos
2801 1945 3017 2002 seducet
3053 1960 3147 2016 per
3185 1942 3571 2014 philosophiam
3609 1948 3656 1995 et
3694 1940 3904 1993 inanem

2302 2043 2651 2113 deceptionem
2670 2040 2950 2096 secundum
2972 2039 3297 2094 traditionem
3320 2038 3605 2100 hominum,
3622 2030 3903 2086 secundum

2302 2138 2556 2192 elementa
2581 2135 2786 2201 mundi,
2816 2143 2862 2189 et
2896 2149 2997 2187 non
3024 2132 3305 2188 secundum
3341 2128 3607 2183 Christum
3638 2141 3659 2182 :
3684 2126 3805 2195 quia
3851 2123 3903 2176 in

2304 2229 2418 2298 ipso
2457 2227 2714 2283 inhabitat
2753 2226 2920 2281 omnis
2949 2223 3216 2297 plenitudo
3246 2221 3532 2277 divinitatis
3572 2217 3906 2292 corporaliter

2304 2322 2527 2396 (Coloss.
2583 2337 2646 2389 tt,
2675 2322 2732 2386 8,
2786 2318 2860 2392 9).
2889 2320 2946 2375 In
2974 2333 3105 2391 quo,
3140 2332 3237 2387 per
3264 2314 3625 2385 corporaliter
3652 2310 3899 2367 habitan-

2304 2424 2414 2471 tem
2457 2414 2512 2470 in
2546 2428 2614 2471 eo
2649 2411 2956 2469 divinitatis
2995 2409 3411 2481 plenitudinem.
3458 2421 3646 2462 verum
3690 2413 3745 2459 et
3780 2419 3905 2473 per-

2305 2507 2503 2564 lectum
2536 2517 2593 2563 et
2617 2516 2859 2578 paternze
2885 2510 3094 2560 natura:
3124 2502 3292 2558 Deum
3324 2498 3683 2556 demonstrari
3704 2496 3895 2552 docui-

2306 2618 2426 2661 mus
2473 2620 2489 2658 :
2530 2602 2604 2657 ita
2654 2610 2714 2656 ut
2754 2598 3005 2655 habitans
3041 2594 3317 2668 plenitudo
3365 2609 3466 2651 nec
3504 2591 3780 2648 diversum
3821 2589 3904 2644 in-

2306 2696 2640 2767 telligeretur
2685 2694 3037 2762 signiﬁcare,
3104 2704 3283 2761 neque
3334 2691 3554 2742 unicum
3605 2705 3618 2739 :
3673 2698 3800 2739 cum
3847 2690 3906 2739 et

2307 2787 2661 2860 incorporalis
2712 2785 2807 2841 Dei
2855 2783 3158 2856 corporalis
3207 2782 3471 2837 habitatio
3520 2778 3904 2851 proprietatem

2304 2878 2566 2935 naturalis
2592 2876 2811 2934 unitatis
2839 2876 2892 2931 in
2918 2875 3029 2931 Deo
3058 2874 3149 2947 qui
3177 2888 3246 2930 es
3279 2873 3392 2929 Deo
3429 2871 3765 2927 substitisset
3799 2869 3904 2925 do-

2304 2980 2490 3040 ceret;
2518 2978 2575 3026 et
2606 2968 2862 3025 habitans
2901 2967 2955 3023 in
2994 2965 3216 3023 Christo
3253 2963 3421 3032 Deus,
3452 2962 3802 3021 subsistentis
3827 2960 3906 3033 (b)

2303 3062 2507 3119 Christi
2536 3061 2900 3127 nativitatem,
2929 3057 3059 3114 dum
3086 3058 3206 3129 ejus
3230 3066 3315 3113 est
3340 3057 3629 3123 habitator,
3651 3051 3906 3109 ostende—

2306 3167 2409 3213 ret.
2435 3155 2542 3212 Per
2575 3154 2717 3228 quod
2755 3154 3018 3225 impietati
3056 3168 3244 3209 eorum
3270 3152 3403 3207 satis
3444 3164 3721 3221 superque
3761 3147 3907 3204 arbi-

679 3245 810 3300 Fitii
840 3265 952 3301 cum
982 3246 1141 3302 Patre
1167 3248 1515 3316 «qualitatem
1537 3292 1553 3316 ,
1583 3252 1768 3301 nedum
1807 3252 1857 3303 in
1866 3250 2158 3319 ﬁrmitatem
2185 3295 2198 3318 ,
2232 3256 2277 3319 C
2308 3261 2423 3307 tror
2440 3249 2606 3306 luisse
2632 3262 2977 3321 responsum,
2999 3246 3094 3319 qui
3121 3248 3197 3309 id.
3220 3245 3366 3317 quod
3390 3260 3421 3298 a
3443 3244 3673 3300 Domino
3700 3243 3908 3299 dictum

677 3339 896 3393 ostendi.
927 3340 1051 3394 Cum
1082 3342 1216 3394 enim
1239 3340 1416 3395 violati
1458 3341 1654 3395 sabbati
1680 3352 1872 3396 reatum
1915 3345 2201 3415 objicienti-

678 3432 769 3485 bus
815 3430 1014 3486 Judteis
1044 3432 1140 3485 hoc
1168 3435 1477 3503 respondens
1496 3474 1511 3498 ,
1546 3434 1773 3503 proxime
1803 3446 1950 3490 antea
1976 3436 2203 3505 pru'nrit-

681 3534 755 3578 tat
783 3564 797 3589 ,
854 3514 1014 3579 Patér
1060 3540 1214 3579 meus
1258 3540 1426 3595 usque
1471 3526 1629 3579 modo
1674 3537 1959 3597 operatur,
2016 3537 2071 3582 et
2109 3544 2208 3601 ego

682 3631 908 3686 operor;
958 3616 1053 3670 sibi
1088 3615 1330 3683 Patrique
1358 3634 1513 3670 unum
1544 3628 1589 3671 et
1613 3632 1931 3673 communem
1954 3636 2062 3675 esse
2087 3637 2210 3692 Ope-

682 3707 1195 3767 rationemdeclarat
1219 3724 1238 3762 :
1265 3710 1395 3762 sicut
1432 3726 1485 3764 se
1522 3711 1791 3777 conﬁrmat
1836 3714 1882 3765 ci
1921 3714 2167 3782 (aqualem
2193 3757 2206 3779 ,

683 3818 798 3856 cum
838 3801 1018 3856 iisdem
1040 3802 1246 3872 indigne
1271 3804 1547 3871 ferentibus
1577 3808 1711 3873 quod
1754 3808 2002 3876 wqualem
2031 3826 2084 3862 se
2104 3808 2211 3865 Deo

685 3894 907 3962 faceret,
950 3894 1124 3947 statim
1167 3895 1371 3961 subjicit
1394 3936 1409 3959 ,
1446 3895 1811 3968 Qumcumquc
1838 3900 1982 3955 enim
2013 3901 2103 3956 ille
2132 3900 2210 3957 la-

686 3990 761 4045 ctt
791 4031 804 4052 .
851 3987 1037 4044 eodem
1087 3998 1145 4043 et
1186 3988 1353 4045 Filius
1404 3991 1652 4046 similiter
1687 3990 1831 4048 facit.
1889 3993 2005 4049 L’nu
2061 3996 2213 4051 etiant

688 4082 956 4153 utriusque
1004 4081 1239 4137 uoluntas
1281 4084 1495 4137 subinde
1542 4083 1940 4142 demonstratur.

615 4176 700 4233 Ad
727 4176 782 4230 id
817 4176 954 4246 quod
996 4186 1179 4244 quarto
1226 4177 1511 4250 objiciunt,
1544 4178 1700 4235 Pater
1753 4182 1924 4249 major
1969 4195 2055 4237 me
2089 4191 2173 4239 cst
2198 4223 2213 4249 ,

688 4270 783 4323 hoc
804 4268 1032 4323 concedit
1049 4284 1161 4323 vere
1184 4269 1307 4334 dici,
1336 4270 1454 4338 quia
1474 4279 1651 4323 amtor
1675 4268 1803 4326 Filii
1830 4284 1922 4340 cst,
1942 4274 2032 4343 qui
2058 4290 2217 4346 neque

689 4363 842 4419 Patri
857 4363 1137 4435 ecquando:
1155 4373 1227 4418 cst
1247 4365 1523 4418 secundum
1544 4368 1761 4437 {ornum
1782 4368 1929 4421 serui.
1957 4366 2019 4422 Si
2047 4378 2216 4424 autem

691 4455 855 4511 Pater
874 4460 1041 4522 nmior
1056 4466 1131 4512 est
1157 4454 1315 4521 Filio,
1338 4458 1460 4525 quia
1481 4458 1526 4510 ei
1540 4457 1627 4510 dat
1650 4460 1789 4528 quod
1804 4469 1899 4522 est;
1922 4455 2094 4514 Filius
2116 4476 2215 4515 non

691 4562 766 4607 est
788 4552 955 4605 minor
977 4548 1153 4612 Patre.
1186 4553 1307 4620 quia
1323 4551 1377 4603 id
1407 4566 1553 4606 omne
1572 4552 1760 4621 accipit
1778 4553 1915 4622 quod
1945 4552 2101 4608 Pater
2119 4564 2210 4609 est.

624 4644 893 4700 Postremo
938 4646 1278 4715 ignorantiam
1304 4686 1318 4712 ,
1368 4662 1522 4715 quant
1569 4646 1791 4701 haeretici
1834 4646 2038 4704 Christo
2072 4651 2215 4721 aﬂin-
2245 4652 2298 4713 Ι)

692 4745 838 4808 gunt,
872 4738 1102 4805 pluribus
1141 4738 1451 4808 argumentis
1472 4739 1691 4809 repellit.
1719 4737 1840 4794 Non
1858 4744 1993 4794 enim
2024 4743 2214 4813 judicii

695 4829 831 4881 diem
846 4829 1083 4900 ignorare
1110 4831 1268 4896 potuit
1294 4828 1520 4883 omnium
1531 4829 1784 4894 conditor,
1812 4832 1914 4886 diei
1935 4830 2091 4903 hujus
2114 4851 2212 4889 no-

695 4920 924 4973 minatim
962 4928 1140 4973 auctor
1161 4936 1220 4973 ac
1245 4918 1496 4978 Dominus
1515 4962 1528 4988 ,
1557 4938 1702 4992 quem
1724 4922 1855 4978 nihil
1875 4922 2037 4990 Pater
2061 4926 2213 4993 celat,

696 5015 750 5069 in
772 5029 873 5083 quo
900 5030 1071 5069 omnes
1091 5015 1316 5071 thesauri
1333 5016 1557 5072 scientiis
1575 5029 1711 5073 sunt.
1737 5019 1874 5084 Quia
1899 5030 2071 5077 tamen
2096 5024 2214 5079 abs-

698 5110 843 5162 censi
865 5122 984 5162 sunt
1004 5150 1017 5171 ,
1050 5121 1184 5163 recte
1201 5110 1392 5165 nescire
1419 5126 1472 5164 se
1514 5111 1673 5177 dicit,
1700 5114 1838 5185 quod
1876 5131 1976 5169 non
2000 5121 2073 5170 est
2110 5119 2218 5171 eto-

695 5200 969 5269 quendum.
1000 5201 1153 5257 Solus
1181 5208 1348 5273 itaque
1371 5201 1530 5257 Pater
1565 5205 1697 5259 client
1716 5206 1904 5280 judicii
1938 5209 2030 5263 scit
2054 5252 2070 5277 ,
2098 5211 2215 5280 quia

704 5312 784 5384 il)
819 5316 895 5366 [id
930 5314 1245 5369 divinitatem
1270 5316 1557 5371 indiscreta:
1583 5326 1801 5374 naturae.

705 5426 780 5501 (α)
815 5427 871 5482 In
895 5428 1124 5501 vulgatis
1149 5436 1203 5484 et
1226 5428 1496 5501 nonnullis
1529 5447 1659 5488 mss.
1690 5432 1980 5489 indiscreta!
1999 5446 2215 5491 naturw.

630 5502 689 5557 in
720 5498 1047 5574 soloeodwe
1077 5498 1192 5574 bas.
1224 5499 1373 5574 Vat.,
1405 5500 1655 5566 discretae,
1681 5507 1834 5574 cujus
1855 5521 2063 5562 necnon
2090 5506 2223 5563 Car-

632 5571 958 5632 itut..trinm
1006 5570 1183 5633 Culb.,
1210 5572 1366 5624 unius
1405 5570 1888 5640 Sorbon.,Martin.
1936 5592 1997 5632 ac
2036 5578 2219 5637 Germ.

632 5641 953 5699 auctoritate
984 5642 1299 5697 sustulimus
1328 5642 1520 5700 deinde
1546 5647 1862 5702 vocabulum
1893 5662 2110 5705 naturce.

709 5713 782 5783 (b)
827 5712 881 5766 Id
913 5722 1047 5789 est,_
1070 5712 1415 5789 subsistentia
1450 5717 1708 5774 distincti.
1742 5719 1926 5789 Neque
1970 5738 2097 5778 vero
2137 5724 2222 5779 hic

633 5802 727 5863 per
755 5800 812 5837 se
844 5785 1141 5863 ostenditur
1173 5787 1419 5863 natiritas
1446 5789 1727 5863 :_sedett_m
1752 5785 1890 5855 altus
1916 5792 1985 5847 sit
2009 5795 2099 5863 qui
2123 5794 2219 5850 lta-
2291 5808 2294 5812 '

635 5844 851 5921 i:il-lilll‘,
887 5854 1020 5912 (ilius
1048 5844 1140 5924 qui
1184 5853 1421 5924 habitat;
1463 5860 1633 5917 l'arris
1668 5844 1984 5933 habitantis,
2010 5844 2221 5923 διιδῆιὶ

2307 3357 2390 3402 est
2426 3365 2439 3401 :
2476 3346 2579 3413 Qui
2603 3360 2682 3398 me
2711 3343 2860 3409 vidit,
2887 3341 3013 3396 sidit
3053 3349 3100 3396 et
3130 3338 3341 3395 Patrem
3366 3336 3548 3412 (Joan.
3590 3352 3705 3402 ιιν,
3728 3334 3821 3408 9);
3853 3348 3912 3391 ct

2310 3439 2469 3493 Pater
2492 3438 2547 3490 in
2576 3450 2680 3501 me,
2703 3445 2752 3492 et
2783 3450 2875 3507 ego
2905 3436 2958 3488 in
2983 3432 3141 3487 Patre
3173 3432 3350 3505 (Joan.
3379 3447 3435 3495 ι,
3465 3429 3593 3501 38);
3616 3440 3694 3494 et,
3723 3426 3837 3500 Ego
3862 3441 3913 3483 et

2310 3529 2469 3585 Pater
2493 3528 2650 3584 unum
2681 3544 2858 3583 sumus
2892 3524 3080 3599 (ibid,
3105 3526 3197 3597 su)
3220 3542 3234 3592 ;
3269 3534 3345 3589 et,
3379 3523 3567 3577 Omnia
3592 3536 3707 3592 quae
3733 3518 3911 3575 Patris

2310 3633 2447 3689 sunt,
2492 3638 2604 3677 mea
2646 3630 2766 3676 sunt
2803 3618 2985 3695 (loco.
3016 3634 3128 3680 ut.
3173 3616 3282 3688 15),
3329 3616 3400 3689 (c)
3442 3614 3510 3672 ad
3548 3615 3816 3670 unitatem
3854 3620 3912 3669 el

2312 3715 2659 3771 concordiam
2687 3711 2980 3768 voluntatis
3009 3711 3273 3766 referrent
3302 3730 3314 3764 :
3348 3716 3406 3763 ut
3440 3708 3564 3779 quia
3606 3706 3733 3762 dicti
3778 3702 3911 3759 lides

2315 3819 2583 3874 maneret,
2614 3807 2749 3863 dicti
2774 3817 2952 3862 tamen
2981 3805 3388 3877 intelligentiam
3417 3802 3621 3859 fallacis
3644 3800 3911 3857 doctrinm

2314 3904 2508 3975 religio
2556 3903 2814 3959 ementita
2864 3909 3277 3969 corrumperet;
3316 3906 3372 3956 et
3412 3911 3534 3953 cum
3583 3897 3764 3967 negari
3801 3908 3912 3950 non

2316 4008 2502 4070 p05set
2530 3998 2583 4050 in
2617 3994 2699 4049 bis
2723 3994 2806 4069 (ά)
2839 3993 3175 4048 Voluntatuin
3206 4004 3478 4062 assensus,
3506 3988 3559 4046 in
3596 3987 3790 4059 quibus
3819 4003 3910 4041 tta-

2318 4102 2453 4147 turc
2484 4092 2665 4146 unitas
2707 4086 3057 4159 pradicatur,
3101 4086 3172 4142 ad
3214 4082 3540 4141 abolendam
3582 4096 3760 4139 tatnen
3792 4096 3914 4137 eam

2316 4196 2439 4253 qua:
2481 4179 2780 4239 secundum
2832 4180 3170 4237 nativitatem
3213 4188 3298 4235 est
3346 4178 3640 4243 unitatem,
3682 4179 3915 4233 societas

2319 4289 2527 4334 tantum
2564 4277 2872 4334 concordiae
2909 4275 3242 4332 crederetur.
3284 4272 3389 4332 Sed
3434 4274 3595 4331 beato
3632 4273 3910 4345 Aposmlu,

2320 4380 2437 4442 post
2456 4371 2623 4427 multa
2644 4369 2908 4425 naturalis
2928 4367 3091 4441 258
3111 4366 3353 4425 veritatis
3378 4383 3484 4422 non
3505 4364 3754 4435 ambigua
3772 4380 3907 4434 pra:-

2319 4466 2495 4532 conia,
2544 4463 2909 4535 corporaliter
2949 4463 3243 4518 habitantis
3283 4461 3586 4517 divinitatis
3622 4458 3917 4529 plenitudi-

2320 4574 2445 4615 nem
2478 4560 2531 4613 in
2561 4557 2778 4615 Christo
2814 4556 3043 4613 docente
3070 4598 3083 4621 ,
3114 4556 3356 4613 abscissa
3399 4564 3487 4608 est
3524 4552 3700 4608 omnis
3738 4552 3916 4621 impiae

2325 4651 2641 4709 temeritatis
2668 4650 2917 4715 assertio,
2947 4664 3071 4705 cum
3103 4647 3403 4704 naturalem
3437 4650 3701 4702 unitatem
3731 4646 3913 4701 incor-

2323 4747 2523 4819 poralis
2550 4745 2848 4800 divinitatis
2873 4744 3131 4799 habitatio
3153 4743 3455 4814 corporalis
3474 4742 3718 4799 efﬁceret
3744 4759 3756 4796 :
3782 4752 3839 4796 ut
3862 4742 3912 4796 id

2319 4839 2462 4912 quod
2502 4855 2611 4895 non
2654 4839 2805 4895 solus
2848 4846 2934 4895 est
2978 4836 3168 4903 Filius,
3212 4836 3307 4893 sed
3347 4835 3491 4910 quod
3536 4835 3591 4891 in
3630 4850 3695 4890 eo
3737 4843 3918 4890 manet

2321 4933 2514 4999 Pater;
2544 4948 2720 5003 neque
2749 4933 2926 4988 solum
2956 4939 3159 4997 manet,
3183 4933 3278 4985 sed
3331 4937 3387 4984 et
3433 4936 3693 4997 operatur
3736 4934 3795 4981 et
3841 4928 3917 4980 io-

2320 5029 2545 5099 quitur;
2592 5041 2769 5100 neque
2823 5025 2997 5082 solum
3071 5034 3323 5096 opt-ratur
3376 5036 3431 5079 et
3496 5023 3769 5093 loquitur,
3821 5020 3915 5078 sed

2323 5131 2380 5177 et
2438 5122 2653 5178 videtur
2722 5119 2818 5192 (e),
2890 5134 2995 5175 non
3066 5117 3173 5174 sint
3235 5120 3614 5188 nuncupatim,
3657 5114 3751 5173 sed
3817 5129 3911 5171 ve-

2322 5228 2384 5271 ra
2418 5256 2431 5280 ,
2474 5214 2602 5270 dum
2647 5214 2808 5272 habet
2858 5213 2913 5270 iu
2985 5227 3043 5269 se
3085 5227 3179 5284 per
3220 5224 3620 5272 sacramentum
3666 5209 3919 5268 nativita-

2330 5438 2383 5493 in
2412 5452 2520 5508 quo
2551 5437 2776 5501 habitat,
2804 5435 3151 5509 subsistentia
3186 5450 3294 5509 non
3331 5452 3434 5492 una
3468 5438 3804 5509 signiﬁcatur
3827 5456 3841 5491 ε
3865 5450 3920 5495 et

2328 5507 2726 5579 conAequenter
2767 5507 3067 5563 ostenditur
3116 5507 3389 5577 nativitas,
3438 5507 3540 5579 qua
3592 5511 3707 5567 sola
3751 5510 3924 5569 Filius

2332 5582 2468 5635 alios
2494 5596 2521 5632 a
2553 5581 2708 5635 Patre
2736 5580 3002 5634 subsistit.

2400 5653 2472 5721 (ι’)
2506 5652 2648 5719 Lips.
2680 5662 2733 5706 et
2761 5651 2906 5715 Pan,
2935 5652 3003 5704 ad
3030 5654 3434 5709 unanimitatem.

2404 5727 2483 5793 (ll)
2508 5725 2560 5778 in
2588 5738 2686 5779 ms.
2720 5722 2955 5793 Mat-tim,
2982 5725 3285 5781 voluntatis.

2400 5796 2469 5868 (ε)
2500 5795 2624 5868 Ρειιςἶ
2658 5804 2778 5862 post
2800 5792 3038 5864 Lipsium
3085 5797 3309 5865 praeﬁxo
3350 5797 3435 5853 hic
3466 5807 3664 5868 puncto
3703 5800 3924 5867 subiit-it

2326 5864 2541 5933 deinde,
2578 5864 2695 5922 Non
2726 5878 2865 5931 sunt,
2896 5870 3048 5935 quasi
3081 5871 3193 5925 l.-.rc
3223 5886 3252 5925 a
3277 5864 3643 5941 superioribus
3672 5864 3929 5931 absoluta.
