4316 6466
541 353 645 408 287

1736 350 1980 410 SANCTI
2020 349 2276 408 HILARII
2320 350 2627 410 I'JPISCOI'I

3736 352 3842 408 288

537 471 824 542 passiones
858 470 970 526 Deo
991 468 1157 526 sociae
1183 467 1430 540 sunt,(l)
1460 475 1515 522 et
1544 467 1617 539 (a)
1647 467 1921 539 spiritales
1947 469 2136 539 nequi-
2167 468 2222 530 Α
2242 467 2488 536 corporis
2533 465 2702 522 nostri
2734 479 2955 522 manere
2974 505 2991 534 ,
3035 466 3133 522 sed
3159 467 3220 522 in
3267 467 3358 522 Dei
3396 467 3590 538 gloria.
3635 467 3706 523 Et
3736 466 3841 522 hoc

538 564 628 618 tite
659 578 723 618 ac
762 563 982 618 malitia
1016 569 1314 631 potestates
1346 558 1618 632 triumpho
1649 559 1856 627 carnis,
1893 559 2005 616 Deo
2042 575 2139 630 per

541 671 760 712 carnem
789 655 1079 719 moriente,
1111 654 1440 710 subdantur.

613 750 665 807 8.
700 748 908 804 Fideles
937 747 1045 803 Deo
1069 749 1126 802 iu
1149 745 1362 804 Christo
1382 746 1536 816 pleni.
1561 773 1638 793 --
1667 745 1836 816 Hujus
1861 745 2024 816 igitur
2051 761 2141 801 sa-

542 853 807 898 cramenti
831 842 1124 911 Apostolus
1143 839 1415 904 conscius,
1445 847 1499 895 et
1526 854 1622 909 per
1653 838 1937 894 Dominum
1967 839 2141 909 ipsum

543 934 667 990 lidei
699 935 982 990 scientiam
1008 933 1236 1000 adeptus
1256 975 1272 998 ,
1298 946 1424 987 cum
1465 947 1572 988 non
1603 933 1878 1003 ignoraret
1919 933 2142 1002 incapa-

544 1041 665 1081 cem
690 1025 809 1094 ejus
833 1040 955 1081 esse
988 1035 1043 1080 et
1081 1023 1340 1080 mundum
1363 1066 1378 1088 ,
1408 1032 1466 1079 et
1493 1022 1777 1092 homines,
1813 1033 1870 1083 et
1899 1022 2143 1094 philoso-

545 1116 769 1189 phiam,
801 1117 906 1179 ait,
949 1115 1126 1172 Videte
1168 1133 1232 1171 ne
1257 1116 1371 1187 quis
1400 1132 1488 1170 vos
1532 1115 1742 1170 seducat
1780 1132 1872 1184 per
1913 1114 2146 1188 philoso-

546 1211 721 1280 phiam
746 1219 794 1263 et
819 1211 1023 1263 inanem
1061 1209 1413 1278 deceptioaem
1454 1206 1732 1262 secundum
1770 1205 1854 1275 (2)
1909 1206 2145 1260 traditio-

549 1318 665 1355 nem
693 1301 770 1372 (ὁ)
802 1302 1066 1357 hominum
1085 1341 1101 1366 ,
1135 1303 1415 1354 secundum
1457 1299 1704 1353 clanculo
1745 1297 1944 1362 mundi,
1970 1307 2016 1352 et
2043 1313 2144 1350 non

547 1395 826 1448 secundum
850 1393 1034 1448 Iesum
1064 1391 1328 1447 Christum
1351 1411 1371 1447 .'
1397 1393 1520 1460 quia
1547 1393 1598 1444 in
1623 1391 1736 1461 ipso
1760 1390 2010 1444 inhabitat
2035 1407 2142 1444 om-

547 1488 628 1541 nis
658 1487 922 1555 plenitudo
948 1488 1230 1542 divinitatis
1257 1486 1618 1554 corporaliter,
1647 1494 1697 1538 et
1720 1486 1839 1539 estis
1869 1485 1921 1537 in
1949 1485 2043 1538 illo
2066 1501 2146 1538 re-

560 1581 709 1648 pleti,
737 1579 809 1651 (ε)
835 1579 975 1649 quod
1001 1588 1074 1636 est
1093 1591 1248 1646 caput
1279 1579 1445 1632 omnis
1471 1577 1789 1647 principatus
1808 1585 1854 1630 et
1884 1575 2145 1647 potestatis

551 1671 775 1744 (Coloss.
828 1687 897 1738 tt,
943 1672 976 1728 8
1011 1682 1060 1726 et
1097 1670 1282 1741 scqq.).
1335 1671 1590 1740 Exposita
1635 1669 1816 1738 itaque
1856 1669 2146 1724 habitantis

551 1765 906 1832 carporaliter
931 1763 1230 1820 divinitatis
1256 1762 1310 1818 in
1344 1779 1410 1818 eo
1435 1761 1766 1834 plenitudine
1784 1803 1799 1824 ,
1831 1776 2144 1816 sacramen-

2247 559 2423 630 lingua
2449 559 2628 616 omnis
2655 558 3018 616 conﬁtebitur.
3051 561 3256 616 Etcum
3285 562 3527 618 ctnlestia
3553 574 3612 619 et
3637 572 3836 620 terres-

2247 653 2346 707 tria
2387 651 2468 724 (In)
2496 666 2636 722 genu
2675 650 2894 709 ﬂectent
2923 669 2938 706 :
2968 652 3070 709 hoc
3113 663 3274 724 caput
3303 655 3482 709 omnis
3511 654 3842 724 principatus

2245 755 2302 802 et
2327 747 2608 816 potestatis
2637 755 2750 813 est,
2785 754 2846 802 ut
2867 747 2918 802 ei
2952 745 3204 802 universa
3244 763 3386 818 genu
3425 747 3695 803 ﬂectendo
3717 747 3847 804 sub-

2242 838 2382 908 jecta
2408 837 2546 904 sint,
2577 838 2630 893 in
2661 852 2770 906 quo
2794 853 2981 894 sumus
3010 836 3234 910 repleti,
3262 847 3318 894 et
3345 840 3437 908 qui
3468 853 3568 908 per
3592 839 3843 896 habitan-

2249 941 2353 986 tem
2382 933 2435 987 in
2462 947 2521 986 se
2547 931 2903 1000 corporaliter
2929 931 3226 988 divinitatis
3266 933 3633 1004 plenitudine,
3662 935 3715 988 in
3747 933 3842 990 Dei

2249 1023 2414 1094 patris
2439 1023 2510 1077 sit
2529 1023 2698 1093 gloria
2722 1023 3084 1080 conﬁtendus.

2319 1117 2373 1171 9.
2403 1114 2541 1170 Deus
2566 1117 2700 1171 idem
2723 1129 2904 1171 auctor
2930 1119 3337 1190 regenerationis
3363 1127 3553 1175 nostra
3578 1129 3627 1174 et
3656 1118 3846 1175 Christi

2245 1209 2648 1263 resurrectionis.
2669 1239 2740 1249 —
2771 1208 3146 1264 Demonstrato
3169 1219 3347 1264 autem
3379 1219 3433 1265 et
3463 1219 3669 1266 natura:
3695 1227 3810 1265 suae
3827 1254 3842 1277 ,

2246 1310 2301 1356 et
2326 1301 2710 1369 assumptionis
2737 1309 2936 1356 nostra:
2961 1311 3323 1364 sacramento.
3353 1318 3477 1358 cum
3506 1303 3558 1358 in
3586 1319 3653 1359 eo
3675 1303 3847 1370 pleni-

2249 1391 2430 1447 tudine
2457 1392 2753 1447 divinitatis
2794 1403 3073 1460 manente,
3122 1409 3223 1449 nos
3268 1395 3321 1450 in
3357 1410 3424 1450 eo
3463 1411 3566 1466 per
3605 1395 3659 1451 id
3699 1395 3846 1466 quod

2249 1488 2412 1540 homo
2439 1496 2594 1541 natus
2613 1496 2693 1541 est
2718 1485 3026 1552 repleamur
3051 1505 3062 1539 :
3096 1487 3362 1557 reliquam
3384 1488 3846 1558 dispensationem

2247 1578 2496 1634 humana:
2529 1577 2721 1634 salutis
2743 1580 3078 1645 exsequitur,
3103 1579 3317 1644 dicens,
3345 1580 3410 1634 lu
3430 1597 3530 1651 quo
3554 1590 3600 1635 et
3627 1581 3849 1636 circum-

2247 1671 2340 1724 cisi
2365 1670 2484 1724 estis
2507 1670 2895 1724 circumcisione
2924 1687 3024 1724 non
3055 1687 3209 1725 manu
3239 1673 3445 1742 [utsin
3481 1674 3852 1742 “spoliatione

2247 1768 2477 1829 corporis
2504 1765 2695 1826 carnis,
2725 1764 2818 1818 sed
2835 1763 2886 1818 in
2908 1765 3297 1819 circumcisione
3321 1764 3512 1820 Christi
3539 1767 3846 1836 consepulti,

551 1869 663 1914 tum
689 1859 1075 1928 assumptionis
1102 1866 1302 1914 nostrze
1327 1858 1587 1913 continuo
1616 1857 1875 1925 subjecit,
1914 1855 2134 1910 dicens:
2169 1861 2216 1922 B
2241 1858 2287 1912 ci
2316 1858 2368 1909 in
2394 1856 2718 1923 baptismate,
2741 1856 2796 1910 in
2813 1871 2914 1922 quo
2937 1865 2984 1910 et
3016 1857 3097 1928 (5)
3118 1858 3568 1912 conresurreristis
3587 1877 3676 1929 prr
3697 1860 3852 1927 fidem

550 1949 691 2005 Estis
721 1952 775 2004 in
794 1968 853 2005 eo
871 1951 1072 2019 repleti.
1107 1948 1177 2006 Ut
1203 1951 1350 2006 enim
1381 1950 1435 2004 in
1464 1964 1532 2004 eo
1550 1949 1846 2004 divinitatis
1874 1946 2038 2022 266
2061 1957 2146 2004 est

550 2043 862 2112 plenitudo,
887 2043 962 2098 ita
1005 2059 1104 2098 nos
1140 2044 1194 2098 itt
1226 2057 1294 2098 eo
1331 2056 1520 2097 sumus
1551 2043 1760 2111 repleti.
1791 2043 1974 2113 Neque
2014 2057 2146 2098 sane

550 2136 648 2204 ait,
675 2136 806 2190 estis
825 2137 1042 2204 repleti,
1065 2135 1184 2199 sed,
1207 2137 1263 2190 in
1286 2152 1344 2190 eo
1366 2136 1485 2190 estis
1513 2137 1693 2202 repleti
1713 2151 1731 2189 :
1751 2135 1873 2206 quia
1903 2152 1995 2205 per
2025 2135 2146 2189 lidei

549 2243 704 2298 Spem
732 2228 788 2283 in
834 2231 996 2282 \itatn
1025 2238 1287 2284 aeternam
1336 2227 1642 2298 regenerati
1683 2244 1747 2282 ac
1791 2227 2146 2298 regetterandi

549 2339 740 2379 onmes
762 2339 905 2378 nune
931 2321 1200 2378 iant-isti
1226 2337 1460 2394 corpore
1488 2331 1708 2377 manent
1733 2322 1848 2394 (tl);
1872 2321 2145 2391 replendis

549 2431 735 2490 postea
774 2419 932 2487 ipsis.
968 2435 1073 2474 non
1100 2421 1211 2489 jam
1252 2421 1309 2474 in
1335 2436 1421 2484 eo,
1448 2420 1545 2476 sed
1581 2421 1634 2473 in
1662 2419 1818 2488 ipsis.
1848 2417 2147 2475 seetmdum

551 2524 763 2583 tempus
787 2513 919 2570 illud
948 2513 1018 2568 de
1047 2529 1154 2584 quo
1182 2513 1472 2584 Apostolus
1500 2514 1596 2578 ait,
1626 2513 1729 2578 Qui
1757 2512 1836 2582 (ὅ)
1868 2513 2149 2582 transﬁgu-

551 2611 683 2664 rttltit
711 2609 782 2680 (e)
811 2627 1000 2678 corpus
1028 2609 1331 2664 humilitatis
1376 2622 1563 2662 nostra:
1584 2652 1600 2671 ,
1639 2612 1905 2680 confertae
1945 2607 2149 2677 corpori

549 2704 732 2774 glorite
757 2719 865 2757 sua:
910 2701 1080 2773 (Phil.
1139 2717 1196 2755 ttt
1215 2745 1229 2765 ,
1257 2700 1371 2769 Ἡ).
1416 2699 1565 2755 Nunc
1595 2701 1756 2770 igitur
1780 2702 1835 2755 in
1863 2717 1929 2756 eo
1958 2701 2147 2770 repleti

550 2810 760 2860 sumus,
794 2794 844 2848 id
876 2804 981 2860 est,
1016 2810 1110 2862 per
1134 2796 1556 2862 assumptionem
1583 2793 1762 2848 carnis
1787 2793 1934 2864 ejus,
1967 2795 2149 2862 inquo

551 2887 846 2942 divinitatis
876 2885 1153 2955 plenitudo
1181 2885 1540 2954 corporaliter
1572 2884 1856 2941 inhabitat.
1889 2888 1952 2941 Et
1989 2886 2148 2955 hujus

551 2979 669 3050 spei
712 2989 914 3034 nostrte
941 2993 1046 3034 non
1077 2979 1270 3048 exigua
1299 2978 1353 3034 iu
1379 2992 1447 3032 eo
1487 2987 1728 3047 potestas
1763 2989 1866 3033 est.
1911 2977 2150 3048 Namque

550 3072 693 3142 quod
720 3071 904 3141 repleti
930 3074 983 3127 in
1006 3087 1072 3126 eo
1095 3087 1303 3134 sumus,
1330 3070 1431 3124 hoc
1451 3080 1536 3126 est
1555 3081 1716 3138 caput
1740 3087 1804 3126 ac
1830 3072 2148 3143 principium

551 3167 729 3221 onmis
758 3163 1061 3236 potestatis,
1093 3165 1388 3222 secundum
1423 3164 1552 3223 illud
1585 3184 1599 3220 :
1628 3166 1696 3224 Ut
1723 3165 1775 3220 in
1804 3170 2023 3223 nomine
2050 3182 2148 3222 suo

551 3274 712 3315 omne
739 3273 879 3329 genu
909 3256 982 3330 (ι’)
1006 3256 1218 3325 ﬂectat,
1249 3259 1581 3325 cmlestium,
1611 3269 1666 3315 et
1694 3261 2058 3327 terrestrium,
2088 3268 2150 3322 et

553 3351 918 3415 infernarum;
951 3363 1001 3408 et
1040 3354 1218 3411 omnis
1259 3355 1436 3422 lingua
1485 3355 1826 3419 conﬁteatur,
1865 3357 1988 3426 quia
2034 3355 2139 3410 Do-

553 3445 729 3500 minus
751 3442 908 3501 Jesus
937 3445 1016 3517 (4)
1045 3447 1096 3500 in
1126 3444 1295 3516 gloria
1333 3445 1427 3502 Dei
1465 3445 1631 3512 patris
1679 3446 1904 3516 (Philip.
1938 3463 1996 3512 ιι,
2055 3448 2144 3511 10,

557 3538 665 3608 ll).
699 3537 983 3593 Confessio
1029 3539 1204 3609 itaque
1233 3538 1349 3594 haec
1385 3539 1530 3594 erit:
1563 3538 1745 3595 Iesum
1774 3541 1828 3593 in
1856 3540 2024 3610 gloria
2057 3540 2148 3593 Dei

554 3631 736 3700 patris,
758 3639 815 3686 et
842 3641 1027 3685 natum
1056 3630 1110 3684 in
1136 3631 1355 3685 homine
1378 3630 1455 3703 (g)
1473 3633 1584 3702 jam
1625 3645 1734 3687 non
1756 3632 1809 3688 in
1833 3633 2147 3688 inﬁrmitate

627 3767 707 3838 (i)
756 3766 825 3822 Et
861 3768 1113 3838 spiritalis
1143 3769 1379 3836 nequitia
1401 3784 1465 3822 ac
1503 3768 1716 3823 ntalitite
1756 3770 2039 3838 potestatis,
2064 3769 2155 3826 de-

554 3851 1081 3980 prginﬁaditioim;
1111 3911 1268 3978 paulo
1291 3919 1432 3981 post,
1456 3920 1626 3965 etnon
1646 3915 1925 3967 secundum
1947 3909 2151 3980 les'um,

559 3983 759 4037 omissa
787 3999 919 4038 voce
947 3981 1209 4037 Christum

627 4054 709 4125 (5)
736 4053 778 4108 Τ
782 4055 1184 4127 ransﬁgnravit;
1214 4052 1433 4120 deinde,
1464 4054 1717 4126 corporis,
1751 4067 1859 4109 non
1886 4057 2113 4128 corpori.

627 4175 704 4247 (a)
747 4176 894 4241 Lips.
923 4186 975 4232 el
1018 4176 1141 4231 Par.
1187 4175 1436 4246 spiritalis
1478 4176 1759 4243 nequitite:
1796 4177 2155 4231 renitentibus

556 4249 678 4306 aliis
703 4249 872 4303 libris.
905 4249 1025 4303 Mox
1055 4247 1406 4304 Carnutensis
1427 4248 1623 4315 codex,
1647 4249 1703 4303 in
1732 4263 1906 4317 carne,
1935 4263 2043 4305 non
2067 4265 2157 4320 per

564 4337 936 4466 “gigantes
965 4407 1132 4460 prope
1162 4391 1624 4466 mssrtraditiones
1652 4407 1673 4447 :
1701 4392 1947 4466 quamvis
1971 4407 2156 4460 supra,

556 4479 615 4520 tt.
641 4463 704 4523 '1.
736 4465 877 4519 libro
901 4478 1181 4536 superiore
1209 4479 1263 4517 ιι.
1293 4465 1394 4531 55,
1425 4473 1481 4517 et
1508 4465 1548 4519 l.
1573 4479 1611 4527 ι,
1643 4479 1699 4518 ιι.
1727 4463 1795 4518 l3
1816 4506 1831 4530 ,
1861 4466 2160 4520 exhibeant

558 4536 904 4590 traditionem.

2249 1951 2559 2021 operationis
2588 1948 2716 2015 Dei,
2753 1951 2840 2019 qui
2868 1951 3106 2004 excitavit
3146 1966 3264 2005 eum
3303 1968 3335 2004 a
3373 1954 3586 2005 mortuis
3625 1951 3848 2020 (Coloss.

2248 2059 2306 2110 tt,
2349 2046 2402 2107 l,
2438 2043 2549 2112 1'3).
2567 2042 3015 2098 Circumcidimur
3035 2046 3236 2113 itaque,
3259 2062 3363 2098 non
3384 2045 3548 2119 265
3564 2046 3850 2101 circumci-

2249 2137 2403 2192 sione
2453 2136 2687 2203 carnali,
2739 2136 2834 2192 sed
2878 2137 3293 2193 circumcisione
3320 2136 3542 2200 Christi,
3575 2139 3626 2192 id
3656 2149 3762 2202 est,
3796 2139 3848 2194 in

2251 2248 2445 2288 novum
2481 2232 2752 2288 hominem
2781 2233 2976 2288 renati.
3002 2231 3138 2287 Cum
3168 2233 3310 2288 enim
3344 2235 3743 2298 consepelimur
3766 2233 3849 2306 (6)

2252 2328 2580 2398 baptismate
2709 2327 2846 2395 ejus,
2879 2327 3020 2379 tttttri
3050 2341 3150 2379 nos
3177 2341 3404 2381 necesse
3433 2336 3516 2379 est
3555 2340 3621 2381 ex
3669 2336 3849 2384 vetere
3885 2315 3892 2320 ”

2253 2424 2503 2484 homine;
2538 2424 2658 2492 quia
2690 2421 3294 2491 regeneratiobaptismi
3322 2419 3739 2476 resurrectionis
3765 2431 3850 2475 est

2251 2518 2438 2572 virtus.
2474 2517 2540 2572 Et
2563 2516 2680 2572 ha-c
2706 2515 3051 2571 circumcisio
3075 2515 3277 2570 Christi
3301 2525 3528 2578 est,nou
3557 2515 3850 2586 exspoliari

2255 2625 2420 2665 carne
2446 2609 2692 2679 prteputii
2715 2649 2728 2672 .
2763 2608 2856 2661 sed
2890 2614 3036 2662 totos
3063 2607 3327 2661 commori
3357 2607 3404 2660 ei
3430 2648 3445 2670 ,
3477 2615 3533 2660 et
3559 2621 3654 2674 per
3683 2606 3734 2661 id
3765 2615 3849 2662 too

2259 2717 2340 2759 tos
2377 2714 2558 2773 postea
2591 2703 2641 2757 ei
2679 2703 2884 2759 vivere.
2916 2702 2973 2756 In
3013 2715 3079 2756 eo
3112 2702 3254 2756 cnim
3287 2701 3364 2776 (j)
3395 2703 3726 2772 resurgimus
3755 2717 3852 2772 per

2255 2799 2373 2867 ejus
2416 2798 2508 2852 Dei
2541 2798 2733 2863 tidem,
2773 2799 2863 2866 qui
2893 2812 3016 2852 eum
3053 2794 3339 2853 suscitavit
3365 2811 3396 2852 a
3426 2796 3677 2853 mortuis.
3713 2796 3852 2852 Cre-

2257 2888 2466 2945 dendus
2494 2904 2626 2960 ergo
2654 2890 2794 2944 Dens
2814 2898 2918 2954 est,
2944 2888 3100 2955 cujus
3128 2888 3448 2958 operatione
3474 2888 3728 2943 Christus
3751 2905 3852 2944 cx-

2257 2986 2451 3038 citatus
2480 2999 2510 3037 a
2539 2983 2770 3038 mortuis
2799 2991 2884 3038 est
2913 2999 2924 3034 :
2958 2982 3081 3052 quia
3113 2981 3245 3037 lides
3282 2983 3388 3039 ista
3413 2983 3757 3055 conresurgit
3797 2984 3849 3038 in

2256 3077 2496 3133 Christo.

2330 3171 2415 3228 lO.
2456 3169 2604 3224 Idem
2631 3169 2866 3223 Christus
2891 3179 2943 3223 ut
2971 3167 3126 3225 homo
3148 3170 3386 3234 moritur,
3409 3177 3465 3222 ut
3493 3167 3630 3224 Dens
3656 3185 3711 3224 se
3733 3186 3848 3223 sus-

2254 3269 2398 3322 citat.
2448 3297 2517 3307 —-
2562 3265 2982 3320 Consummatur
3006 3263 3207 3324 deinde
3256 3265 3328 3318 ita
3380 3279 3540 3319 omne
3588 3265 3850 3333 aSsumpti

2252 3361 2495 3416 hominis
2519 3368 2920 3415 sacramentum
2949 3375 2961 3412 :
2989 3357 3059 3413 Et
3103 3375 3191 3414 vos
3215 3357 3296 3430 (lt)
3324 3360 3516 3414 mortui
3537 3376 3654 3413 runt
3679 3360 3856 3414 essetis

2249 3457 2302 3510 in
2331 3453 2530 3507 delictis
2579 3462 2624 3505 et
2667 3453 2919 3522 praeputio
2965 3451 3136 3505 carnis
3181 3461 3378 3517 sestrtr,
3426 3452 3695 3520 cit'iﬁcauit
3733 3469 3849 3506 rum

2251 3545 2363 3609 illo,
2392 3545 2595 3599 donatis
2621 3544 2758 3598 vobis
2805 3544 3036 3597 omnibus
3061 3543 3282 3606 delictis,
3313 3543 3488 3597 deleas
3511 3545 3648 3613 quotl
3673 3543 3856 3599 adrer-

2252 3654 2364 3691 stttn
2381 3653 2472 3692 nos
2497 3647 2605 3692 erat
2627 3634 3027 3708 chirographum
3051 3637 3103 3689 in
3127 3635 3411 3702 sententiis,
3433 3637 3569 3707 quod
3594 3648 3704 3691 erat
3732 3653 3856 3690 ron-

2335 3771 2354 3843 (
2359 3771 2546 3855 1)_Ms;
2574 3771 2774 3855 vernn.
2805 3773 2858 3855 in
2882 3772 3103 3855 gloriam
3140 3780 3216 3855 est
3248 3767 3344 3855 Dei
3383 3769 3562 3855 Patris
3580 3814 3599 3837 ,
3619 3787 3814 3855 3r:ch
3837 3815 3854 3838 ,

2262 3841 2502 3911 εἱέδὸξαν
2524 3846 2637 3901 θεοῦ
2656 3845 2874 3922 πᾳτρὸςς
2911 3843 3068 3922 paulo
3096 3853 3238 3914 post,
3270 3841 3451 3898 Iesum
3479 3841 3858 3901 substituimus

2258 3931 2321 3971 ex
2359 3927 2545 3970 nostro
2576 3931 2677 3970 ms.
2707 3919 2876 3971 Antea
2905 3919 3075 3970 Jestts.

2355 3986 2408 4055 5)
2442 3984 2871 4043 Consurrexistis.

2327 3987 2409 4132 ξεί)
2449 4056 2680 4114 Pra‘fert
2703 4073 2871 4130 extant;

2353 4061 2409 4132 6)
2449 4056 2680 4114 Prmlert
2703 4058 2980 4130 exemplar
3009 4058 3216 4116 Veron.
3245 4058 3537 4138 baptismati
3565 4058 3694 4133 ejus.

2331 4182 2411 4246 (el
2443 4179 2632 4234 Plures
2665 4195 2796 4233 mss.
2829 4177 3233 4249 transﬁgurasit.
3267 4175 3480 4249 Martin.
3516 4178 3855 4249 transforma—

2260 4252 2330 4306 cit
2359 4269 2376 4305 :
2405 4251 2546 4320 quod
2589 4260 2645 4305 et
2686 4251 2846 4305 habet
2883 4247 3027 4303 Vati.‘
3047 4252 3164 4304 bas.
3195 4248 3406 4311 codex,
3437 4247 3528 4312 qui
3571 4263 3695 4301 cum
3717 4263 3860 4301 non-

2263 4323 2426 4449 nu'llis
2455 4324 2578 4405 aliis
2603 4331 2788 4392 postea
2815 4321 3060 4392 subjicit,
3092 4323 3355 4393 conformc
3392 4321 3588 4391 faciem
3615 4319 3821 4388 carpori
3842 4359 3858 4386 ,

2264 4410 2330 4450 ve
2377 4412 2628 4458 corporis.

2338 4466 2407 4539 (f)
2430 4467 2504 4521 Ita
2538 4466 2668 4521 Bad.
2687 4481 2751 4520 ac
2781 4465 3023 4536 plerique
3051 4478 3183 4520 mss.
3215 4464 3283 4518 At
3311 4461 3452 4532 apud
3478 4461 3600 4524 En,
3631 4459 3779 4532 Lips.
3805 4469 3863 4516 et

2267 4538 2389 4592 Par.
2409 4580 2424 4604 ,
2453 4539 2711 4607 ﬂectatur.
2743 4536 2800 4592 in
2832 4553 2934 4592 ms.
2967 4537 3088 4592 Vat.
3118 4536 3234 4592 bas.
3265 4545 3321 4589 et
3357 4533 3532 4589 altero
3565 4533 3736 4588 Vatic.
3757 4573 3773 4596 ,
3805 4542 3860 4607 ut

630 4609 702 4680 (e)
731 4608 823 4662 Sic
851 4607 1094 4680 plerique
1134 4622 1197 4661 ac
1238 4607 1481 4662 melioris
1507 4615 1651 4662 nota
1683 4621 1816 4662 mss.
1857 4607 2160 4662 laventibus
2188 4601 2237 4660 D
2263 4611 2319 4664 in
2360 4601 2566 4666 nomine
2594 4609 2741 4663 desit
2787 4624 2963 4664 omnes
3009 4625 3142 4680 genu
3165 4607 3388 4680 ﬂectant
3419 4625 3436 4660 ;
3465 4620 3534 4660 ex
3574 4619 3684 4670 quo
3709 4604 3863 4680 sequi

559 4679 814 4734 sultnexis
835 4722 851 4742 .
887 4679 1038 4745 Quod
1063 4680 1240 4748 repleti
1279 4681 1331 4732 in
1358 4695 1418 4732 eo
1447 4695 1649 4744 sumus,
1690 4681 1788 4732 hoc
1810 4687 1886 4732 est
1913 4688 2064 4746 caput
2096 4695 2157 4732 ac

563 4751 871 4818 principium
897 4753 1062 4804 omnis
1091 4752 1372 4817 potestatis.
1405 4749 1548 4804 Editi
1579 4765 1735 4816 vero,
1762 4753 1849 4818 qui
1875 4761 1950 4804 est
1977 4761 2153 4820 caput,

562 4820 833 4892 quomodo
861 4822 1177 4892 legiturlib.
1211 4838 1257 4882 ι.
1293 4837 1344 4876 ιι.
1383 4821 1468 4892 13.

636 4891 716 4963 (d)
747 4891 802 4946 In
820 4891 1008 4946 codice
1037 4891 1156 4946 Vat.
1193 4892 1308 4946 bas.
1332 4934 1349 4955 ,
1378 4891 1592 4946 llartin.
1612 4933 1630 4958 ,
1658 4892 1870 4948 duobus
1921 4891 2074 4947 Colb.
2105 4900 2160 4944 ot

563 4980 670 5018 uno
713 4965 943 5018 Sorboa.
995 4980 1274 5031 perperam
1327 4965 1414 5018 hic
1457 4964 1708 5032 adjicitur
1751 4963 1953 5034 repleti.
2002 4963 2160 5019 Ratio

561 5037 758 5104 quippe
799 5036 884 5090 hic
921 5035 1205 5102 subjicitur
1244 5051 1342 5090 cur
1373 5035 1560 5088 ﬁdeles
1590 5035 1642 5091 in
1672 5034 1892 5091 Christo
1921 5035 2031 5090 sint
2067 5053 2156 5091 re-
2237 5036 2270 5062 θ

563 5107 695 5176 νὴ·ιί
741 5107 881 5172 Deo,
922 5107 1046 5176 quia
1075 5107 1326 5160 nimirum
1367 5115 1586 5176 tttanent
1616 5111 1668 5160 in
1699 5108 1866 5175 ipsius
1891 5121 2116 5173 Corpore
2139 5148 2154 5170 ,

563 5175 705 5247 quod
735 5181 918 5245 gloria:
945 5175 1055 5244 jam
1097 5180 1360 5246 particeps
1392 5175 1616 5242 factum,
1649 5179 1757 5232 Deo
1793 5177 2016 5247 proinde
2044 5178 2156 5242 ple-

565 5266 690 5305 num
721 5249 808 5302 sit.
839 5249 1052 5303 Manent
1081 5265 1242 5318 porro
1274 5251 1324 5301 in
1356 5250 1473 5317 ejus
1503 5264 1750 5317 corpore,
1785 5249 1908 5318 quia
1941 5259 1997 5302 ut
2024 5249 2152 5302 dici-

565 5331 652 5374 tur
678 5320 730 5374 in
759 5320 892 5388 pSal.
927 5337 997 5379 ιι.
1023 5337 1078 5374 ιι.
1113 5321 1210 5375 16:
1235 5320 1469 5376 Christus
1499 5329 1735 5374 naturam
1762 5320 1812 5373 in
1835 5338 1885 5373 se
1909 5321 2154 5374 universa:

565 5394 734 5446 ramis
763 5396 1056 5462 assumpsit.
1103 5391 1254 5447 Unde
1289 5409 1406 5462 cap.
1441 5390 1473 5444 ι
1507 5393 1557 5446 in
1591 5390 1772 5444 Matth.
1805 5407 1856 5444 ιι.
1896 5392 1992 5455 12,
2027 5405 2154 5445 caro

564 5464 761 5518 Christi
796 5467 982 5518 civitas
1030 5478 1387 5533 nuncupatur,
1431 5463 1481 5517 in
1520 5478 1620 5532 qua
1651 5464 1888 5532 quadam
1933 5463 2156 5516 universi

565 5536 764 5607 generis
793 5537 1001 5590 humani
1027 5539 1354 5605 congregatio
1376 5535 1684 5594 continetur:
1707 5534 1969 5599 adeoque,
1999 5545 2055 5588 ιιι
2080 5535 2155 5589 ait

567 5608 880 5661 Ambrosius
911 5623 998 5677 ep.
1031 5624 1170 5664 nunc
1197 5625 1376 5666 Lxxvt.
1405 5609 1468 5662 ad
1493 5607 1772 5672 Irenazum,
1805 5607 1911 5663 n.8
1942 5627 1951 5660 :
1986 5608 2037 5659 in
2062 5608 2158 5662 illa

565 5694 718 5734 carne
741 5677 927 5732 Christi
950 5697 1038 5751 per
1057 5684 1366 5734 consortium
1385 5680 1616 5751 ejusdem
1636 5690 1834 5733 natura
1855 5694 1972 5732 caro
1995 5679 2157 5733 omnis

565 5751 777 5822 humani
800 5750 996 5817 aenei-is
1021 5753 1390 5806 honorata'cst.
1413 5750 1790 5822 Replebontur
1811 5761 1990 5822 autem
2015 5751 2068 5804 in
2095 5764 2156 5804 se

567 5821 718 5891 ipsis.
743 5836 864 5874 cum
885 5823 1069 5888 gloria:
1091 5823 1332 5894 ejusdem
1356 5826 1408 5880 in
1433 5821 1666 5895 prepriis
1685 5821 2004 5891 corporibus
2026 5827 2159 5878 “con—

568 5904 741 5948 δονιες
768 5904 946 5948 ('l'lllli.

2260 4681 2515 4744 deberet,
2554 4683 2800 4742 calestes.
2832 4694 2938 4735 non
2984 4677 3284 4734 eietestium.
3340 4677 3561 4743 διίκεο,
3587 4682 3668 4732 ἵνα
3712 4678 3863 4743 ἐντῷ

2261 4754 2470 4827 ὀνόματι
2492 4760 2635 4812 Ιησρῦ
2661 4758 2766 4808 πᾶν
2791 4755 2913 4827 γόνυ
2944 4753 3140 4823 κάμψῃ.

2295 4844 2410 4926 “(9)
2442 4844 2584 4899 Editi
2608 4845 2694 4898 hic
2716 4844 2918 4898 addunt
2948 4842 3148 4906 Deum;
3175 4857 3296 4914 qua:
3317 4856 3420 4897 vox
3441 4840 3594 4896 abest
3615 4855 3643 4894 a
3669 4837 3844 4918 potio:

2263 4918 2412 4971 ribus
2444 4930 2574 4970 mss.

2263 5036 2285 5056 ί,
2333 4987 2414 5056 (Ιι)
2447 4987 2502 5041 In
2532 5002 2634 5042 ms.
2667 4984 2881 5040 Martio.
2915 4984 3001 5041 hic
3026 4986 3278 5056 adjicitur
3304 4994 3353 5040 et
3379 4984 3605 5056 inferna.

2333 5054 2404 5131 (ἱ)
2421 5057 2638 5127 Antiqui
2661 5057 2780 5131 libri
2811 5055 3021 5131 Μξιιιιιι.
3052 5054 3194 5131 Vat,
3217 5055 3559 5131 ιιπηουιιλ,
3583 5054 3856 5131 ctc_.,bap«

2263 5126 2454 5185 tisnt'ati
2504 5126 2634 5202 ejus.
2671 5128 3037 5202 Bernigianus,
3085 5129 3389 5202 baptismate
3427 5129 3472 5181 ei
3499 5142 3518 5202 ξ
3541 5126 3866 5202 quodsatis

2263 5197 2553 5256 arridebat.
2586 5200 2694 5256 Sed
2725 5202 2997 5267 quomodo
3037 5197 3199 5271 supra
3229 5199 3434 5271 dicitur
3463 5197 3863 5271 Διῖὲιτῖιιιιιτὶιὶοιιιο

2265 5272 2476 5331 Christi.
2527 5272 2597 5326 ita
2643 5281 2698 5327 et
2741 5285 2884 5325 nunc
2915 5268 3218 5342 baptismate
3246 5274 3377 5340 eius,
3427 5268 3479 5325 id
3508 5279 3614 5336 est,
3643 5283 3864 5339 suscep-

2264 5348 2411 5401 ti0ne
2438 5343 2772 5412 baptismatis
2793 5343 2860 5398 ab
2883 5346 3001 5411 ipso
3033 5344 3285 5399 instituti.

2331 5439 2402 5512 (ί)
2442 5435 3003 5512 Mar_tiniatttts_codes
3026 5477 3041 5501 ,
3092 5429 3464 5512 "surreximus
3497 5451 3515 5489 :
3546 5443 3600 5489 et
3649 5442 3859 5506 postea,

2264 5505 2584 5564 consurrexit
2614 5508 2667 5563 in
2694 5505 2920 5574 Christo,
2953 5523 3060 5563 non
3090 5507 3430 5578 conresurgit.

2333 5604 2408 5675 (lt)
2447 5603 2522 5658 Ita
2551 5620 2683 5660 mss.
2716 5602 2862 5659 Editi
2905 5617 3034 5658 vero
3061 5601 3378 5675 particulam
3419 5617 3536 5655 cum
3583 5599 3868 5675 prtuligunt

2264 5673 2430 5733 verbo
2460 5676 2665 5730 mortui.
2697 5675 2849 5743 Quod
2879 5675 2970 5730 lib.
3021 5690 3057 5729 ι.
3091 5690 3145 5728 ιι.
3182 5673 3266 5737 l3.
3298 5687 3325 5726 a
3368 5687 3498 5728 mss.
3546 5673 3739 5729 abesse
3770 5687 3868 5725 an-

2267 5751 2594 5803 notavimus.
2618 5788 2621 5791 .
2646 5745 2768 5803 Mox
2797 5760 2897 5801 ms.
2932 5746 3145 5802 Martio.
3181 5747 3382 5800 donans
3405 5743 3546 5799 vobis
3566 5743 3741 5798 omnia
3768 5743 3860 5797 deo

2267 5821 2418 5946 “ita,t
2457 5818 2730 5948 qut-'tthdo
2758 5819 2955 5888 legitur
2999 5817 3094 5876 lib.
3141 5814 3198 5888 ἐ,
3249 5829 3302 5872 ιι.
3333 5812 3429 5886 47,
3478 5825 3635 5875 secus
3678 5824 3862 5872 autem

2352 5932 2361 5942 .
2425 5935 2438 5948 .
2473 5909 2522 5946 ιι.
2635 5931 2644 5942 .

2268 5892 2361 5946 lib.
2402 5894 2438 5950 ί.
2473 5909 2522 5946 ιι.
2563 5892 2644 5948 15.
