4316 6466
508 249 620 308 ρθη

1696 250 1939 313 SANCTI
1979 249 2242 312 lllLARlI
2279 249 2586 316 EPISCOPI

3703 249 3814 314 296

514 367 857 440 intelligitur,
890 365 1033 439 quod
1077 366 1236 426 aliter
1269 369 1336 425 ad
1365 368 1654 442 Apostolus
1693 373 2008 442 magistrum
2043 386 2101 426 sc
2129 374 2182 434 Α
2207 372 2577 430 Testimonium
2625 380 2787 444 patris
2840 371 2982 444 apud
3026 367 3267 438 Indicos;
3291 385 3446 441 opera
3485 367 3700 427 Christi.
3743 401 3814 414 —-

514 463 832 517 contttontes
862 461 1071 518 loculus
1100 472 1203 528 est,
1223 460 1409 519 dicens
1442 462 1572 518 :Vos
1593 481 1673 518 me
1699 467 1890 518 t‘ocatis
1918 467 2106 534 ntagis-

518 560 652 606 trum
679 563 726 608 et
763 552 1070 620 Dominum,
1107 565 1158 610 et
1188 556 1310 611 bene
1335 554 1532 623 dicitis;
1561 574 1674 612 sum
1702 559 1888 613 etenim
1923 555 2096 626 (Joan,

519 661 638 712 xm,
671 647 786 718 15).
810 657 1008 704 etcum
1035 647 1163 704 alibi
1181 647 1410 705 dixisset
1434 668 1448 704 :
1475 648 1562 706 Ne
1585 653 1835 706 veremini
1851 651 2108 722 magistri,

2211 469 2546 541 Quamquam
2595 469 2755 542 igitur
2781 469 2833 522 in
2869 467 3116 539 plurimis
3162 483 3226 522 ac
3253 483 3392 538 pene
3421 469 3670 523 omnihu~
3698 468 3811 522 dic-

2215 562 2283 618 tis
2328 562 2648 618 sacramenti
2683 562 2842 633 hujus
2886 561 3200 632 praestiterit
3255 561 3648 616 absolutionem
3676 601 3693 626 ,
3745 575 3814 616 ne

2212 657 2430 729 quando
2457 657 2740 716 confessus
2769 656 2936 714 Deum
2966 665 3169 729 patrem
3196 698 3211 722 ,
3244 654 3313 712 ab
3337 656 3456 724 ejus
3504 669 3564 710 se
3608 655 3814 711 unitate

516 737 639 804 quia
664 741 909 812 inagister
925 749 1088 796 vester
1109 737 1346 796 Christus
1370 751 1447 796 est
1471 737 1646 816 (Matt.
1688 757 1838 804 χχιιι,
1877 739 2112 814 ιυμιω
2214 749 2582 816 discerneret;
2617 767 2792 822 neque
2838 765 2899 804 se
2949 750 3004 804 in
3036 749 3245 807 unitate
3291 749 3458 820 ipsius
3498 747 3771 803 collocans
3794 787 3810 814 ,

517 844 640 885 cum
670 829 776 888 ﬁde
799 831 1057 904 magister
1075 841 1182 902 est,
1213 829 1288 890 ibi
1307 832 1445 890 adeo
1463 832 1663 899 laudat,
1696 842 1754 890 nt
1779 843 1830 890 et
1861 836 2113 906 proﬁtea-

521 934 609 982 tur
635 926 740 983 hoc
781 943 978 986 nomen
1005 946 1022 983 :
1051 928 1138 986 hic
1163 942 1294 985 vero
1320 929 1444 985 boni
1493 929 1734 1002 magistri
1774 943 1972 986 nomen
2002 945 2110 984 non

519 1019 904 1092 recognoscit,
946 1021 1035 1078 ubi
1063 1035 1162 1078 nec
1195 1018 1458 1078 Dominus
1498 1022 1807 1078 intellectus
1833 1031 1920 1078 est
1950 1035 2070 1079 esse
2097 1063 2111 1088 ,

522 1127 624 1169 nec
651 1112 899 1171 Christus
929 1130 946 1171 :
975 1113 1150 1173 solum
1169 1129 1336 1172 unum
1372 1115 1541 1171 Deum
1562 1115 1761 1172 bonum
1793 1115 2114 1186 τοι-παίδευε,

525 1222 632 1262 non
658 1220 720 1264 se
743 1208 930 1278 utique
965 1222 998 1266 a
1025 1208 1135 1265 Deo
1161 1207 1242 1282 (Ι)
1270 1223 1578 1274 secernens,
1611 1208 1703 1280 qui
1737 1216 1792 1263 et
1833 1206 2118 1263 Dominum

524 1317 586 1360 se
632 1301 909 1376 professus
953 1312 1012 1361 et
1051 1301 1350 1372 Christum,
1383 1301 1576 1361 ducem
1605 1303 1846 1361 thesauri
1882 1303 2122 1360 etelestis

525 1395 793 1452 ostendat.

605 1488 694 1545 19.
729 1486 925 1562 Ubique
951 1484 1204 1546 Dominus
1225 1505 1320 1547 nec
1345 1489 1580 1546 eumdem
1605 1506 1722 1547 cum
1748 1487 1904 1546 Patre
1925 1507 2018 1548 nec
2045 1490 2126 1546 di-

530 1597 731 1638 versum
767 1599 822 1638 se
871 1583 1156 1654 proﬁtetur.
1208 1583 1362 1640 Fidei
1400 1588 1590 1641 honore
1608 1629 1624 1654 ,
1671 1585 1899 1657 adeoque
1941 1594 2128 1641 natura

531 1677 668 1744 patri
693 1691 746 1730 se
772 1675 1286 1749 amrin—Tenuit
1311 1685 1492 1734 autem
1525 1681 1664 1734 hunc
1694 1693 1910 1750 semper
1938 1677 2123 1734 Domi-

2214 843 2466 900 eumdem
2495 852 2674 900 tamen
2716 858 2880 898 unum
2907 851 2962 898 et
2983 842 3286 898 solitarium
3318 840 3662 912 proﬁteretur
3687 853 3704 892 τ
3735 849 3814 893 ta-

2218 951 2341 991 men
2370 937 2531 992 etiant
2562 952 2626 992 ex
2657 938 2758 990 hoc
2779 934 2864 990 vel
2895 934 3130 989 maxime
3161 932 3477 1004 intelligitur
3503 946 3815 988 sacramen-

2219 1037 2332 1086 tum
2353 1039 2406 1086 et
2428 1028 2645 1085 unitatis
2663 1040 2718 1086 et
2739 1029 3028 1084 nativitatis
3047 1027 3380 1094 doceri,cum
3394 1026 3488 1094 ait,
3511 1025 3628 1100 Ego
3648 1037 3814 1080 autem

2221 1123 2384 1178 habeo
2404 1123 2746 1179 testimonium
2772 1125 2942 1196 majus
2964 1119 3188 1176 Joanne.
3221 1121 3392 1190 Opera
3419 1121 3552 1174 enim
3587 1135 3702 1190 qua
3727 1119 3819 1174 de-

2222 1217 2296 1272 dit
2320 1217 2448 1271 mitti
2477 1213 2634 1270 Pater
2659 1223 2716 1270 ut
2753 1215 3018 1284 perﬁciam
3045 1229 3128 1278 ea,
3171 1214 3284 1280 ipsa
3313 1228 3468 1284 Opera
3496 1227 3611 1282 qua:
3649 1209 3814 1281 facio,

2224 1308 2564 1365 testimonium
2589 1307 2855 1380 perhibent
2877 1306 2942 1362 de
2971 1323 3071 1370 me.
3099 1307 3340 1377 quoniam
3365 1303 3528 1359 Pater
3548 1321 3629 1358 nte
3655 1303 3813 1360 misit.

2227 1399 2296 1455 Et
2319 1401 2408 1472 qui
2429 1399 2564 1454 misit
2603 1416 2682 1455 me
2711 1397 2886 1466 Pater,
2918 1397 3029 1468 ipse
3053 1397 3349 1466 testiﬁcatus
3388 1405 3462 1450 est
3484 1399 3548 1450 de
3573 1411 3673 1450 ate.
3711 1393 3820 1449 Ne-

2225 1512 2326 1566 que
2352 1510 2526 1550 uocem
2552 1495 2664 1563 eius
2689 1509 2928 1564 antquant
2955 1493 3172 1546 audistis
3196 1533 3212 1558 ,
3261 1507 3423 1560 neque
3447 1491 3672 1564 ﬁguram
3705 1491 3820 1564 ejus

2229 1587 2456 1654 vidistis,
2503 1597 2549 1642 et
2577 1587 2782 1641 verbum
2804 1587 2920 1654 eius
2955 1601 3058 1639 non
3098 1583 3295 1638 habetis
3321 1583 3373 1637 in
3404 1583 3542 1638 vobis
3566 1597 3776 1638 nionem
3801 1597 3818 1637 .'

2231 1682 2470 1751 quoniam
2495 1696 2643 1748 quem
2665 1679 2804 1734 misit
2823 1677 2932 1744 ille,
2955 1677 3076 1732 huic
3099 1693 3183 1732 vos
3209 1693 3310 1732 non
3327 1677 3530 1730 creditis
3551 1675 3730 1746 (Joan.
3761 1691 3816 1743 ν,

533 1785 637 1826 nus
675 1770 797 1828 ﬁdei
851 1771 1235 1829 ecclesiastica:
1285 1773 1539 1840 modum,
1595 1780 1656 1827 ut
1695 1781 1900 1845 patrem
1955 1771 2124 1829 Deum
2153 1776 2203 1838 B
2229 1774 2302 1830 56
2325 1785 2374 1830 et
2399 1775 2585 1846 καφ).
2621 1773 2833 1830 Patrem
2869 1781 3122 1826 testatum
3151 1785 3272 1826 esse
3290 1771 3360 1825 dc
3387 1765 3524 1825 Filio
3550 1768 3824 1839 quomodo

535 1880 700 1921 unum
733 1865 1053 1937 prmdicans,
1081 1881 1112 1920 a
1135 1875 1470 1922 sacramento
1492 1882 1552 1922 se
1577 1865 1670 1923 Dei
1718 1883 1823 1921 non
1851 1875 2128 1935 separaret

536 1961 698 2016 unius
719 2004 734 2026 ,
774 1959 904 2016 dum
931 1975 1030 2033 per
1061 1971 1306 2016 naturam
1355 1958 1648 2016 nativitatis
1677 1973 1851 2030 neque
1877 1959 2040 2014 alium
2070 1975 2130 2016 se

537 2050 708 2109 Deum
737 2053 1080 2124 proﬁteretur
1105 2067 1250 2122 esse,
1285 2068 1462 2124 neque
1483 2053 1659 2125 ipsum
1685 2073 1698 2106 ;
1725 2051 1846 2124 quia
1875 2067 1998 2110 eum
2028 2067 2130 2110 nec

536 2144 738 2202 diversi
761 2146 976 2217 generis
995 2145 1163 2204 Deum
1188 2162 1309 2204 esse
1341 2155 1528 2204 natura
1558 2148 1610 2202 in
1637 2161 1704 2203 eo
1727 2145 1882 2204 unius
1909 2146 2004 2204 Dei
2039 2160 2134 2218 pa-

539 2241 691 2310 titur,
721 2257 898 2315 neque
927 2229 1177 2299 naiivitas
1220 2243 1452 2298 admittit
1499 2259 1604 2298 non
1634 2241 1928 2313 perfectum
1969 2241 2134 2316 272

539 2337 589 2390 ei
630 2350 750 2392 esse
795 2337 936 2407 quod
961 2335 1104 2392 ﬁlius
1123 2345 1226 2394 est.
1256 2334 1332 2391 Ita
1360 2351 1464 2392 nec
1502 2332 1819 2407 separabilis
1840 2350 1868 2387 a
1897 2333 2008 2390 Deo
2038 2349 2135 2405 po-

543 2438 648 2486 test
675 2444 818 2496 esse,
841 2444 1016 2502 neque
1043 2429 1158 2502 ipse
1181 2441 1285 2486 est.
1313 2429 1419 2487 Per
1444 2430 1584 2500 quod
1635 2430 1710 2486 ita
1748 2443 1966 2486 omnem
2003 2442 2136 2485 ser-

541 2523 720 2579 monis
743 2522 827 2578 sui
855 2523 1303 2595 signiﬁcationem
1337 2530 1620 2594 temperat,
1662 2533 1719 2578 ut
1740 2519 1998 2594 quidquid
2023 2521 2136 2578 Deo

544 2617 680 2688 patri
709 2618 931 2674 honoris
958 2627 1348 2688 protestaretur
1367 2659 1382 2685 ,
1414 2615 1468 2672 id
1501 2613 1898 2672 modestissimo
1918 2614 2135 2673 confes-

541 2711 697 2764 sione
716 2709 878 2764 etiam
902 2709 1004 2766 sibi
1021 2709 1296 2784 proprium
1323 2723 1446 2766 esse
1461 2717 1806 2764 monstraret.
1829 2707 1964 2764 Cum
1994 2709 2136 2765 enim

544 2801 642 2868 ait,
674 2799 875 2858 Credite
903 2803 959 2856 in
993 2797 1192 2872 Deum,
1233 2803 1364 2857 etin
1388 2819 1467 2858 me
1493 2803 1683 2878 credite
1707 2799 1887 2871 (Joan.
1921 2816 2030 2870 xtv,
2061 2801 2135 2872 i),

544 2911 728 2968 (ψει-ο
761 2893 838 2970 (tt)
885 2897 938 2951 in
969 2911 1076 2968 quo
1106 2911 1166 2952 se
1196 2897 1248 2951 in
1279 2909 1466 2952 natura
1513 2895 1864 2960 discreverit,
1897 2895 1986 2968 qui
2031 2911 2136 2950 non

543 2989 799 3046 discrevit
829 2989 884 3045 in
921 2989 1168 3048 honore?
1209 2991 1404 3047 Dieens
1427 2989 1572 3046 enim
1594 3033 1608 3058 ,
1645 2988 1709 3045 Et
1745 2991 1801 3045 in
1829 3007 1910 3046 me
1929 2991 2136 3059 credite,

543 3097 668 3138 cum
696 3081 941 3150 dixisset,
985 3081 1052 3138 Et
1095 3085 1149 3138 in
1181 3081 1344 3138 Deam
1385 3084 1572 3139 credite
1597 3101 1614 3138 :
1635 3098 1776 3138 anne
1801 3097 1898 3153 per
1919 3081 1972 3138 id
1997 3083 2140 3154 quod

2229 1883 2359 1923 vere
2388 1865 2720 1938 intelligitur,
2750 1881 2872 1921 cum
2903 1879 3004 1922 nec
3027 1863 3142 1936 ipse
3166 1864 3314 1919 visus
3335 1862 3426 1924 sit,
3451 1878 3550 1918 nec
3575 1877 3681 1918 vos
3703 1861 3822 1932 ejus

2230 1959 2410 2017 audita
2435 1961 2542 2016 sit?
2585 1961 2796 2016 Memini
2825 1957 3040 2028 quidem
3082 1960 3148 2013 de
3185 1957 3344 2014 caelis
3367 1957 3603 2012 auditam
3633 1971 3822 2012 vocem

2233 2057 2421 2123 fuisse,
2441 2054 2710 2110 dicentum
2736 2069 2751 2108 :
2773 2053 2869 2108 llic
2897 2061 2981 2108 est
3007 2051 3147 2108 filius
3170 2067 3324 2108 metu;
3351 2048 3605 2116 dilectus,
3634 2049 3689 2105 in
3719 2065 3828 2121 quo

2235 2152 2319 2225 (ὃ)
2346 2155 2419 2220 (c)
2465 2153 2603 2207 bene
2629 2149 2791 2223 2'73
2818 2147 3116 2218 complacui
3150 2163 3165 2200 :
3197 2149 3342 2202 hunc
3382 2145 3566 2202 audite
3608 2143 3824 2211 (Matth.

2233 2259 2316 2309 tn,
2348 2242 2454 2316 t7).
2488 2243 2554 2299 Et
2578 2241 2848 2315 quomodo
2877 2255 2977 2295 vos
3010 2238 3109 2296 Dei
3153 2237 3337 2294 audita
3385 2253 3492 2294 non
3532 2245 3617 2292 est
3639 2278 3656 2304 ,
3702 2251 3826 2292 cum

2235 2343 2476 2408 paterna?
2503 2335 2654 2390 vocis
2705 2331 3154 2403 signiﬁcationem
3203 2329 3286 2404 (ϐ)
3335 2328 3387 2384 in
3427 2345 3491 2384 se
3517 2343 3621 2384 vox
3648 2328 3830 2383 audita

2237 2427 2552 2486 contineat?
2597 2427 2704 2485 Sed
2753 2427 2894 2482 forte
2936 2427 2992 2481 in
3018 2425 3376 2498 ierosolymis
3399 2431 3680 2480 manentes
3721 2437 3832 2478 non

2236 2525 2545 2588 audierunt,
2574 2524 2698 2595 quia
2731 2522 2782 2577 in
2812 2521 3045 2578 desertis
3087 2518 3325 2578 Joannes
3379 2517 3528 2574 solus
3577 2515 3828 2574 audierit.

2238 2615 2599 2689 Quaerendum
2645 2631 2773 2689 ergo
2814 2615 2868 2672 in
2921 2611 3276 2683 Jerusolymis
3303 2610 3576 2683 quomodo
3605 2619 3834 2668 testatus

2239 2723 2324 2770 est
2352 2711 2548 2769 Pater"
2598 2710 2714 2767 Non
2741 2713 2884 2767 enim
2913 2708 3224 2765 testimonio
3253 2707 3365 2778 jam
3396 2703 3622 2762 Joannis
3669 2707 3834 2760 utitur

2243 2828 2430 2870 vocent
2470 2826 2503 2870 ο
2529 2811 2669 2868 creto
2693 2809 2981 2873 audientis,
3010 2803 3106 2862 sed
3131 2803 3298 2861 habet
3321 2803 3688 2859 testimonium
3719 2817 3835 2856 ma-

2237 2906 2329 2975 jus
2359 2903 2567 2960 Joanne
2590 2943 2604 2968 ,
2648 2911 2704 2958 ct
2745 2899 2890 2974 quod
2921 2901 3022 2955 hoc
3063 2907 3236 2964 esset,
3269 2894 3527 2952 continuo
3569 2893 3828 2964 subjecit:

2247 2997 2420 3068 Opera
2440 2995 2574 3052 enim
2601 3009 2718 3064 qua:
2743 2994 2880 3048 dedit
2906 2993 3028 3046 mihi
3048 2976 3220 3044 'Pater
3243 3001 3296 3048 ut
3311 2987 3574 3060 perﬁciam
3597 3003 3682 3054 ea,
3718 2986 3834 3056 ipsa

2244 3107 2400 3162 opera
2423 3105 2537 3160 qua!
2561 3088 2718 3160 facio,
2750 3086 3094 3142 testiinonium
3115 3083 3376 3156 perhibent
3397 3084 3460 3135 de
3476 3099 3572 3144 sne,
3595 3081 3839 3153 quoniam

545 3179 656 3244 ait,
687 3178 742 3231 in
769 3193 868 3244 me,
900 3193 1006 3234 non
1033 3187 1088 3234 et
1107 3193 1259 3234 suam
1289 3175 1607 3249 intelligitur
1634 3177 1966 3250 signiﬁcasse
1985 3187 2142 3234 natu»
2165 3179 2212 3244 C
2249 3181 2404 3239 Pater
2427 3199 2507 3238 ate
2529 3182 2681 3236 misit.
2707 3183 2954 3252 Agnosco
2977 3177 3270 3234 testimonii
3295 3176 3665 3232 auctoritatem
3697 3193 3710 3230 :
3745 3191 3826 3231 ne-

547 3271 710 3326 ram?
741 3265 993 3328 Naturam
1025 3272 1180 3343 plane
1221 3287 1448 3343 separa,
1497 3273 1541 3328 si
1587 3272 1747 3327 ﬁdem
1791 3285 2030 3343 separas.
2083 3268 2140 3326 Si

544 3362 846 3422 credidisse
864 3367 984 3423 sine
1007 3363 1226 3422 Christo
1267 3367 1319 3421 in
1353 3366 1519 3421 Deum
1547 3367 1656 3421 vita
1686 3367 1779 3432 sit,
1803 3365 2076 3422 Christum
2110 3381 2141 3419 a

547 3457 644 3516 Dei
690 3467 747 3515 et
772 3457 996 3516 nomine
1023 3469 1078 3516 ct
1103 3459 1432 3532 proprietate
1476 3459 1692 3516 divelle.
1723 3457 1876 3528 Quod
1905 3459 1952 3514 si
1977 3461 2140 3514 vitam

547 3552 762 3622 perﬁcit
787 3552 1010 3611 credere
1038 3553 1118 3628 (ὁ)
1144 3551 1198 3608 in
1228 3553 1445 3610 Christo
1467 3569 1593 3620 eos,
1623 3553 1712 3625 qui
1742 3553 1794 3608 in
1825 3553 1994 3609 Deum
2025 3569 2144 3609 cre—

546 3643 696 3708 dant;
722 3645 868 3702 verbi
891 3646 1142 3702 virtutem
1171 3646 1399 3718 diligens
1428 3646 1598 3702 lector
1619 3644 1909 3716 expendat,
1941 3645 2144 3700 Credite

546 3739 600 3794 in
629 3738 816 3807 Desint,
846 3750 898 3794 et
939 3739 994 3795 in
1043 3757 1124 3796 me
1159 3739 1370 3796 credite.
1401 3740 1536 3795 Cum
1561 3739 1703 3810 enim
1733 3739 1828 3802 ait,
1864 3737 2066 3794 Credite
2091 3741 2144 3791 in

547 3830 740 3894 Deam,
767 3843 814 3888 et
839 3833 891 3887 in
917 3850 999 3890 me
1021 3836 1236 3900 credite,
1263 3832 1455 3890 unicus
1475 3847 1534 3888 se
1563 3831 1683 3887 ﬁdei
1717 3831 1832 3894 Dei,
1866 3841 1919 3886 et
1941 3843 2143 3886 natura-

547 3928 666 3997 ejus
695 3925 887 3994 univit,
919 3925 1002 4000 (2)
1029 3941 1152 3982 cum
1184 3937 1484 3982 memorato
1525 3926 1668 3992 Deo,
1710 3923 1762 3978 in
1808 3940 1966 3995 quem
1999 3925 2142 3979 cretii

548 4030 843 4092 oporteret,
891 4031 946 4077 et
974 4021 1026 4076 in
1066 4036 1127 4077 se
1151 4021 1398 4076 docuerit
1425 4035 1546 4076 esse
1571 4020 1897 4076 credendum
1931 4041 1942 4072 :
1979 4025 2143 4076 Deum

548 4131 608 4172 se
640 4130 734 4184 per
757 4113 812 4170 id
838 4113 1060 4178 docens.
1091 4129 1216 4182 cum
1245 4113 1575 4170 credendum
1605 4115 1690 4186 (ὅ)
1739 4115 1789 4167 in
1831 4131 1955 4170 cum
1981 4117 2052 4170 sit
2079 4118 2146 4172 ah

550 4207 634 4263 his
661 4251 676 4273 ,
713 4208 803 4278 qui
836 4208 889 4262 in
915 4205 1090 4262 Deum
1111 4205 1358 4262 credant.
1388 4205 1740 4261 Occasionem
1766 4213 1944 4263 tamen
1973 4208 2150 4262 irreti-

547 4301 717 4372 giostc
736 4299 950 4355 unionis
975 4295 1242 4354 exclusit:
1269 4296 1391 4368 quia
1415 4313 1538 4352 cttm
1567 4307 1623 4354 et
1643 4297 1695 4352 in
1723 4297 1916 4366 Deum,
1941 4301 2063 4354 etin
2090 4319 2148 4356 se

549 4389 877 4448 credendum
899 4388 1173 4470 professus
1190 4388 1282 4458 sit,
1313 4388 1474 4446 tidem
1495 4387 1565 4446 de
1583 4403 1645 4446 se
1674 4387 1753 4462 (4)
1779 4389 2023 4447 solitario
2041 4409 2146 4448 non

551 4485 789 4555 reliquit.

2246 3294 2352 3352 que
2379 3277 2524 3335 enim
2572 3277 2852 3348 quisquam
2883 3275 2986 3329 nisi
3017 3271 3184 3352 Filius
3222 3287 3252 3326 a
3295 3270 3453 3327 Patre
3495 3269 3694 3327 missus
3725 3269 3840 3326 licet:

2245 3381 2453 3446 ageret.
2492 3372 2640 3442 Opus
2685 3385 2812 3442 ergo
2847 3385 3005 3426 suum
3035 3366 3400 3425 testimonium
3429 3377 3530 3423 est.
3575 3365 3681 3425 Sed
3711 3365 3840 3438 quid

2247 3465 2464 3524 tandem
2493 3463 2767 3535 sequitur?
2795 3464 2864 3518 Et
2909 3462 2998 3533 qui
3031 3477 3109 3516 nte
3139 3458 3272 3516 misit
3305 3457 3486 3526 Pater,
3521 3461 3630 3532 ipse
3656 3460 3832 3528 testiﬁ-

2247 3569 2392 3614 catus
2417 3569 2492 3613 est
2517 3555 2580 3612 de
2606 3573 2703 3610 me.
2753 3553 2933 3624 Neque
2959 3568 3130 3609 vocent
3157 3559 3269 3627 ejus
3309 3571 3552 3624 umquam
3597 3553 3841 3622 audistis,

2247 3668 2406 3724 neque
2435 3651 2657 3722 ﬁguram
2687 3651 2799 3720 ejus
2831 3647 3047 3711 vidistis,
3079 3659 3128 3701 et
3157 3647 3362 3701 verbum
3387 3650 3500 3719 ejus
3527 3664 3628 3701 non
3648 3647 3846 3700 habetis

2247 3747 2302 3802 in
2323 3746 2462 3801 vobis
2504 3760 2738 3798 manens.
2789 3742 2952 3798 Extra
2977 3741 3184 3798 crimen
3217 3759 3344 3813 ergo
3374 3749 3500 3798 sunt
3536 3743 3846 3814 ignorantes

2251 3837 2616 3894 testimonium
2648 3836 2858 3902 Patris,
2905 3837 2996 3906 qui
3027 3835 3080 3889 in
3108 3835 3190 3890 his
3223 3851 3507 3906 numquam
3539 3833 3754 3889 auditus
3781 3848 3846 3889 ac

2251 3934 2397 3986 visus
2425 3930 2514 3994 sit,
2539 3937 2593 3981 ct
2621 3929 2672 3982 in
2698 3926 2781 3982 his
2810 3943 2918 3982 non
2945 3937 3159 3982 maneat
3177 3926 3394 3983 verbum
3427 3925 3585 3996 ejus?
3611 3925 3716 3982 Sed
3741 3941 3847 3980 non

2251 4032 2378 4079 sunt
2422 4023 2523 4078 sub
2555 4021 2706 4077 venia
2738 4020 2996 4094 incogniti
3038 4021 3136 4076 Sibi
3184 4021 3472 4077 testimonii
3506 4021 3666 4092 :quia
3701 4021 3848 4074 testi-

2251 4115 2490 4170 monium
2537 4114 2604 4168 de
2633 4129 2690 4170 se
2735 4113 2912 4170 Patris
2940 4129 3164 4185 operum
3207 4127 3430 4169 suorum
3479 4110 3848 4166 testimonium

2252 4225 2374 4267 esse
2415 4209 2718 4279 proﬁtetur.
2745 4207 2922 4278 Opera
2955 4209 3116 4280 igitur
3143 4206 3210 4262 de
3239 4223 3308 4262 eo
3346 4214 3610 4262 testantur
3639 4203 3778 4276 quod
3819 4221 3850 4260 a

2253 4302 2412 4358 Patre
2441 4301 2510 4354 sit
2547 4299 2776 4365 missus;
2820 4301 2915 4356 sed
2956 4299 3058 4357 hoc
3095 4315 3320 4370 operum
3358 4297 3722 4354 testimonium
3751 4295 3854 4351 Pa-

2256 4397 2351 4448 tris
2371 4401 2474 4451 est.
2506 4393 2569 4448 Et
2597 4408 2718 4449 cum
2747 4397 2990 4463 operatio
3019 4392 3143 4449 Filii
3171 4391 3346 4448 Patris
3370 4391 3735 4448 testimonium
3755 4390 3848 4459 sit,

2254 4501 2374 4542 eam
2403 4500 2625 4542 necesse
2654 4497 2735 4541 est
2755 4487 2966 4556 operari
2988 4489 3041 4540 in
3065 4483 3284 4541 Christo
3307 4493 3550 4542 naturam
3576 4483 3658 4558 (ά)
3690 4483 3855 4542 intel-

622 4578 716 4634 20.
747 4576 906 4634 Pater
957 4583 1022 4634 de
1068 4577 1210 4634 Filio
1246 4587 1460 4635 testatas
1504 4589 1554 4635 et
1601 4593 1706 4634 non
1749 4577 1960 4635 auditus
2004 4583 2150 4652 quid.
2181 4579 2234 4642 Ι)
2259 4583 2527 4654 ligendan
2553 4595 2697 4644 esse,
2729 4595 3002 4652 perquam
3025 4579 3178 4636 testis
3202 4587 3257 4634 et
3283 4577 3443 4635 Pater
3462 4581 3762 4650 est.Atque
3780 4575 3856 4633 ita

626 4720 712 4792 ut
735 4719 985 4792 secernu-

647 4789 707 4863 2)
735 4789 867 4863 Cum
891 4799 1310 4863 commemorato.

647 4794 707 4863 ἓ)
735 4794 867 4848 Cum
891 4799 1310 4846 commemorato.

624 4794 711 4936 i3)
738 4861 806 4917 In
830 4879 892 4936 eo
917 4864 996 4936 sit
1021 4861 1114 4936 Sic
1145 4873 1302 4936 antea
1331 4861 1546 4936 dixerat
1564 4860 1836 4936 Hilarius,
1865 4865 2070 4936 credere
2098 4867 2151 4920 in

556 4933 783 4992 Christo.
829 4933 1060 5000 Exinde,
1085 4933 1372 5004 inreligiosi
1398 4935 1624 4998 unionis,
1658 4941 1716 4988 ut
1745 4935 1828 4988 vel
1869 4934 1995 4990 hinc
2022 4953 2150 4991 eon-

557 5011 804 5064 tirmetur
843 5005 1152 5076 conjectura
1179 5005 1481 5060 doctissimi
1511 5007 1736 5060 editoris
1782 5005 2148 5072 Benedictini,

555 5078 878 5152 suspicantis
905 5077 1224 5133 vocabulum
1251 5078 1456 5132 uisionis
1495 5077 1778 5133 masculini
1805 5079 2023 5148 generis
2059 5080 2153 5136 Ht-

630 5219 708 5292 (η)
741 5215 962 5292 Aliquot
983 5215 1318 5292 recentiores
1347 5227 1479 5270 mss.
1522 5215 1577 5268 in
1599 5231 1704 5284 quo
1727 5223 2020 5292 retiolum.
2047 5215 2157 5292 ,εο-

556 5287 992 5347 1ιιςόοόειὟτιι.
1021 5289 1137 5343 bas.
1198 5289 1254 5342 in
1291 5302 1393 5356 qua
1439 5303 1494 5340 se
1533 5298 1740 5341 natura.
1796 5287 2155 5345 Retinendutn

555 5377 680 5419 cum
711 5360 834 5416 aliis
853 5361 911 5414 in
935 5375 1058 5428 quo,
1086 5359 1192 5414 hoc
1213 5365 1320 5422 est.
1349 5369 1631 5427 quatenus.

627 5435 710 5507 (ὁ)
738 5433 1018 5507 mallemus
1041 5431 1096 5484 in
1124 5430 1409 5507 Christum,
1437 5431 1646 5507 si.mss._
1669 5431 1952 5486 accederet
1973 5439 2160 5486 aucto-

555 5499 710 5562 ritus:
737 5503 975 5560 Subinde
1008 5505 1059 5556 in
1088 5517 1192 5558 me.
1219 5500 1339 5556 Vat.
1369 5499 1512 5570 bas.,
1540 5501 1808 5556 verborum
1827 5511 2082 5558 virtutem.

629 5574 700 5650 (c)
729 5575 1072 5650 Gothertinus
1096 5572 1290 5650 codex,
1334 5572 1458 5650 bene
1485 5576 1682 5650 placiti.
1713 5571 1926 5628 Nullum
1946 5574 2047 5650 _lti_c
2076 5575 2157 5629 ξιι-

555 5642 897 5705 continndum
926 5689 939 5710 ,
979 5644 1122 5716 quod
1151 5645 1315 5716 verba
1347 5642 1720 5716 hunc'auditc,
1752 5660 1858 5702 non
1895 5642 1963 5701 ad
1992 5643 2154 5701 Joan-

557 5733 680 5776 nem
707 5721 761 5774 in
789 5715 1059 5786 desertis,
1101 5716 1197 5773 sed
1240 5715 1308 5772 ad
1336 5715 1628 5784 Aposwtos
1669 5721 1724 5772 in
1775 5727 1958 5774 monte
2014 5718 2152 5772 facta

556 5789 666 5847 sint
691 5809 704 5848 :
737 5805 860 5850 cum
883 5789 937 5846 in
965 5787 1047 5848 Itis
1070 5831 1089 5863 ,
1132 5786 1236 5844 Hic
1261 5798 1336 5843 est
1369 5787 1512 5859 ﬁlius
1535 5805 1696 5857 meus,
1721 5789 1805 5848 vis
1847 5791 2148 5861 argumenti

2257 4721 2392 4780 tario
2416 4737 2556 4779 esse.
2581 4719 2840 4792 Ejusdem
2867 4719 3087 4791 generis
3111 4717 3211 4775 fuit
3237 4719 3289 4775 id
3311 4718 3546 4777 nomlnis
3565 4719 3708 4792 apud
3736 4735 3856 4777 om-

2255 4813 2374 4858 nes.
2406 4810 2529 4850 cum
2567 4809 2665 4864 pro
2689 4793 2970 4863 margarita
2995 4792 3296 4847 adhibitum
3321 4801 3426 4849 est.

2329 4866 2410 4939 (4)
2446 4866 2793 4939 [tt-anteriori
2823 4875 2962 4931 erat,
2984 4864 3220 4918 solitarii.

2329 4937 2410 5008 (5|
2446 4937 2582 4993 Bene
2615 4938 2812 5008 placui.

2332 5009 2414 5084 (6)
2441 5009 2510 5065 In
2536 5025 2590 5066 se
2613 5011 2750 5080 ipsa.
2785 5009 3000 5074 Postea,
3031 5009 3324 5064 audierant.

2261 5215 2360 5272 sita
2382 5217 2473 5272 sit.
2493 5215 2598 5271 Sed
2625 5214 2822 5272 mirum
2847 5217 2939 5286 qui
2961 5226 3179 5272 sanctus
3204 5213 3399 5274 Doctor
3417 5215 3578 5273 verba
3596 5233 3624 5271 a
3651 5216 3858 5278 Joanne

2260 5286 2444 5343 audita
2478 5287 2573 5343 litt.
2605 5303 2678 5356 vt,
2709 5305 2764 5344 n.
2795 5289 2879 5354 £9,
2911 5291 3171 5357 proterat,
3205 5291 3276 5344 uti
3299 5304 3362 5345 ea
3386 5289 3643 5346 habemus
3667 5291 3857 5347 in‘i’ul-

2261 5369 2385 5430 gata
2429 5358 2616 5414 Matth.
2659 5374 2738 5420 tn.
2771 5359 2857 5426 Π,
2888 5359 3025 5416 libro
3055 5373 3232 5417 autent
3263 5375 3376 5428 vnt,
3407 5377 3462 5416 n.
3507 5360 3598 5425 25,
3623 5371 3676 5416 et
3701 5363 3851 5428 alibi,

2263 5431 2442 5504 qualia
2468 5431 2685 5504 psal.tt_.
2713 5432 2768 5504 ἶ,
2811 5440 3054 5504 exstant,
3099 5447 3164 5488 ac.
3221 5431 3434 5490 tandem
3471 5432 3558 5487 hic
3583 5433 3859 5504 utijacent

2264 5502 2452 5557 Matth.
2486 5515 2615 5566 sm,
2646 5502 2700 5557 5.
2727 5503 2930 5558 Deinde
2959 5512 3196 5572 paternae
3229 5505 3374 5561 vocis
3411 5502 3855 5572 signiﬁcationem

2263 5577 2317 5630 in
2347 5573 2524 5630 audita
2558 5587 2710 5642 voce,
2736 5588 2858 5645 quae
2899 5572 3094 5630 Filium
3140 5575 3547 5641 demonstrarlt,
3591 5579 3858 5633 contineri

2260 5645 2416 5722 docet
2447 5665 2462 5702 :
2491 5647 2616 5714 quia
2643 5645 2786 5702 ﬁlius
2805 5645 3099 5722 signiﬁcari
3118 5649 3323 5719 nequit,
3353 5647 3482 5720 quin
3509 5647 3668 5703 simul
3691 5651 3852 5720 signi-
3905 5653 3916 5662 '

2263 5719 2453 5774 iieetur
2475 5729 2536 5788 et
2559 5727 2731 5788 pater.

2331 5790 2413 5862 id)
2441 5789 2500 5847 In
2524 5787 2780 5848 fractam
2823 5787 2894 5849 de
2937 5789 3146 5848 unitate
3170 5789 3348 5848 Patris
3377 5799 3434 5849 et
3467 5788 3618 5860 Filii,
3659 5789 3714 5847 in
3745 5807 3855 5864 quo
