4316 6448
420 267 525 324 5033
1059 280 1064 285 '
1627 283 1717 340 ιιε
1753 282 2125 347 ΤΒΙΝΙΤΛΊῈ
2174 289 2380 348 LlBhR
2407 292 2498 350 IX.
3600 313 3706 369 506

417 384 572 455 Quod
599 387 643 443 si
690 390 935 461 acceptio
962 393 1262 461 potestatis,
1295 394 1412 451 sola
1441 407 1522 453 est
1553 398 1876 471 significatio
1919 416 1988 457 na
2113 412 2226 461 tum
2241 413 2706 478 postremoomuia
2721 415 3289 479 btectaliabsolntione
3312 423 3657 484 concluderet
3688 449 3702 484 :

418 477 665 549 ιὶιίςειιὶε,
693 480 746 536 in
771 497 873 552 qua
904 485 1108 554 accepit
1131 484 1184 542 id
1209 487 1351 558 quod
1374 497 1492 556 est;
1517 505 1624 545 non
1652 500 1741 548 est
1780 493 2008 550 inllrmi-

417 568 516 624 tati
572 569 722 626 datio
765 571 1099 643 deputanda,
1147 592 1269 648 qutc
1325 587 1500 638 totum
1545 580 1650 638 hoc
1695 592 2005 642 nascentem

415 674 751 720 consummat
786 681 910 724 esse
937 668 1080 739 quod
1128 668 1272 727 Deus
1293 683 1395 728 εει.
1424 672 1559 730 Cum
1586 676 1730 732 enim
1771 677 2004 735 innasci-

417 753 543 810 bilis
570 750 714 812 Dens
749 757 818 814 ad
847 761 1140 831 perlectam
1170 762 1370 820 divina:
1415 768 1765 829 beatitudinis
1809 774 2003 830 nativi-

417 857 580 906 tatem
607 853 882 926 unigenitu
914 855 1027 913 Deo
1054 870 1246 916 auctor
1269 861 1358 926 sit,
1393 875 1668 921 auctorem
1707 869 2002 926 nativitatis

411 957 535 1000 csso
577 958 976 1005 sacramentum
1002 938 1084 1025 (at)
1113 962 1394 1025 paternum
1440 968 1544 1014 est.
1592 956 1861 1018 Caeterum
1891 981 1999 1020 nun

415 1035 576 1094 habet
618 1039 1026 1111 contumeliam,
1051 1042 1129 1119 (to)
1187 1063 1310 1118 qua:
1366 1064 1428 1105 se
1472 1053 1710 1109 auctoris
1755 1058 1834 1108 sui
1884 1071 2007 1114 esse

415 1124 699 1198 imaginem
743 1134 976 1208 genuina
1019 1135 1302 1194 nativitate
1363 1154 1724 1200 consummat.
1781 1139 2005 1204 Dedisse

413 1221 558 1277 enim
588 1233 914 1297 potestatem
937 1229 1115 1286 omnis
1135 1233 1336 1298 carnis,
1383 1245 1439 1290 et
1478 1235 1546 1290 ad
1598 1237 1649 1293 id
1694 1237 1909 1298 dedisse
1949 1253 2006 1299 ut

411 1311 508 1370 det
525 1313 576 1370 ei
603 1316 768 1374 vitam
791 1329 1072 1390 aeternam,
1101 1323 1267 1381 habet
1289 1338 1347 1381 et
1391 1326 1445 1382 in
1485 1329 1648 1387 dante
1682 1334 1824 1403 quod
1852 1343 2007 1407 pater

409 1416 518 1474 est,
546 1409 684 1466 etin
725 1411 1030 1486 accipiente
1071 1416 1216 1489 quod
1245 1417 1389 1474 Deus
1421 1432 1504 1476 est
1537 1440 1550 1476 :
1579 1437 1705 1480 cum
1753 1434 1809 1482 et
1856 1427 1910 1481 in
1939 1443 2006 1484 eo

411 1503 931 1587 signiticetttr‘Pater
954 1522 1100 1577 esse,
1128 1510 1273 1582 quod
1302 1511 1548 1585 dederit;
1578 1525 1632 1572 et
1663 1517 1717 1572 in
1745 1533 1810 1574 eo
1835 1518 2008 1577 Filius

412 1594 556 1652 Deus
581 1585 822 1685 maneat,
845 1599 992 1674 quod
1020 1603 1144 1658 vita:
1157 1613 1376 1662 tcterntc
1391 1606 1585 1673 dandae
1603 1611 1896 1685 sumpserit
1909 1628 2006 1684 po-

410 1679 680 1748 testatem.
711 1679 982 1762 Naturalis
1007 1695 1171 1769 igitur
1193 1695 1306 1756 tilio
1331 1686 1429 1757 Dei
1449 1708 1506 1756 et
1524 1679 1808 1775 congenita
1828 1679 2007 1764 omnis

2112 498 2244 556 Bac
2269 513 2340 558 est
2385 515 2558 562 autem
2606 510 2708 566 vita
2731 523 2945 582 (eterna,
2978 526 3035 570 ut
3061 519 3228 573 sciunt
3254 528 3303 572 te
3333 519 3500 575 solum
3530 537 3705 576 verum

2108 590 2298 658 Dettnt.
2327 606 2374 650 et
2397 614 2547 668 quem
2574 603 2760 659 misisti
2778 602 2960 662 Iesum
2986 607 3249 664 Christum
3276 608 3442 680 (Ibid.
3477 626 3614 680 "tt,
3645 613 3707 667 1-

2107 682 2338 757 5).Vit:c
2365 698 2583 751 «sternte
2607 693 2770 752 ﬁdem
2803 699 2888 754 vel
2915 700 3081 772 loqui,
3117 701 3393 770 ha-retice,
3425 703 3594 772 disce,
3621 706 3706 762 vel

2107 782 2352 839 credere.
2384 784 2452 842 Et
2479 802 2669 859 separa
2697 805 2730 847 a
2759 791 2872 849 Deo
2890 793 3184 864 Christum,
3217 798 3261 852 si
3284 806 3462 868 potes,
3491 812 3520 851 a
3544 797 3705 856 Patre

2109 875 2327 947 Filium,
2357 896 2387 935 a
2417 880 2529 936 Deo
2551 897 2678 940 vero
2699 899 2864 955 super
2884 887 3069 946 omnia
3087 889 3329 953 Deum,a
3375 891 3495 946 solo
3537 906 3703 948 unum

2110 967 2272 1043 (unus
2298 971 2442 1028 enim
2475 975 2736 1033 Dominus
2759 985 2842 1034 cst
2861 979 3022 1036 Jcsus
3047 980 3292 1037 Christus
3313 1025 3332 1050 ,
3372 982 3394 1039 l
3433 982 3555 1039 Cor.
3588 1001 3703 1048 t'ttt.

2107 1061 2196 1136 6);
2225 1065 2269 1120 si
2301 1067 2410 1122 vita
2442 1079 2642 1125 :eterna
2664 1082 2749 1127 est
2788 1071 2840 1126 in
2869 1072 3038 1128 Deum
3081 1074 3254 1130 solum
3296 1089 3481 1132 verum
3528 1078 3704 1133 credi-

2108 1155 2253 1211 disse
2293 1157 2371 1229 (g)
2401 1159 2519 1214 sine
2564 1160 2795 1216 Christo.
2849 1163 2903 1220 Si
2951 1179 3082 1220 vero
3125 1175 3382 1236 separato
3430 1165 3646 1222 Christo
3672 1184 3704 1222 a

2106 1248 2231 1303 solo
2249 1248 2366 1305 Deo
2399 1266 2546 1318 vero,
2596 1253 2649 1309 in
2693 1253 3036 1312 confessione
3072 1258 3244 1313 solius
3287 1258 3382 1315 Dei
3426 1260 3540 1315 veri
3592 1263 3702 1316 vita

2106 1350 2310 1398 aeterna
2354 1355 2463 1399 που
2508 1346 2749 1416 capitur;
2780 1363 2888 1403 non
2917 1349 3159 1421 intelligo
3185 1352 3458 1424 quomodo
3485 1352 3642 1408 nobis
3671 1369 3701 1407 a

2105 1431 2224 1492 Deo
2253 1451 2383 1494 vero
2409 1439 2746 1509 separandos
2769 1441 2836 1499 ad
2866 1443 3026 1499 tidem
3055 1445 3146 1511 sit,
3177 1447 3266 1516 qui
3299 1459 3408 1502 non
3447 1447 3520 1503 sit
3547 1460 3704 1518 sepa-

2108 1531 2296 1592 rabilis
2316 1535 2385 1590 ad
2407 1537 2656 1594 salutem.

2177 1629 2270 1686 35.
2326 1629 2538 1702 Objecto
2580 1632 2693 1688 loco
2735 1629 2970 1689 Christus
3003 1634 3236 1691 intuitur
3271 1652 3421 1693 rem
3451 1636 3606 1694 Deus.
3631 1669 3704 1681 —-

2107 1719 2447 1794 Quamquam
2478 1723 2638 1795 igitur
2661 1725 2828 1780 sciam
2850 1741 3098 1782 morosas
3129 1727 3424 1785 difficilium
3449 1733 3706 1802 questio-

410 1789 648 1854 putestas
670 1795 754 1840 est
779 1802 796 1842 :
819 1800 943 1859 quc
980 1802 1104 1846 cum
1139 1789 1263 1847 data
1289 1792 1379 1860 sit,
1406 1791 1479 1867 (c)
1517 1810 1627 1874 nun
1652 1797 1856 1855 alienat
1877 1815 2002 1858 eum
2035 1806 2114 1868 31

1998 1825 2002 1857 ι
2035 1806 2081 1868 Β
2103 1813 2237 1870 num
2265 1815 2634 1873 absolutiones
2675 1817 2964 1891 legentium
3012 1820 3294 1878 desideriis
3325 1837 3520 1894 graves
3543 1839 3702 1892 esse;

407 1887 507 1945 per
538 1874 591 1930 id
619 1875 690 1935 ab
716 1891 940 1937 auctore
963 1899 1088 1954 quia
1118 1884 1241 1940 data
1262 1895 1379 1953 est;
1403 1903 1528 1945 cum
1552 1891 1696 1962 quod
1724 1894 1798 1949 sit
1817 1905 2009 1951 aucto-

407 1969 504 2037 ris,
535 1968 640 2025 boc
663 1971 848 2043 datum
877 1974 966 2040 sit,
995 1975 1128 2033 dare
1162 1979 1370 2036 scilicet
1413 1982 1574 2038 vitam
1617 1995 1900 2053 :cternam,
1950 1997 2008 2044 et

405 2063 806 2133 corruptionem
819 2068 1072 2144 ηιμ)
1087 2072 1140 2128 in
1161 2071 1618 2146 incorruptionem
1641 2089 1870 2138 mutare.
1904 2082 2005 2138 De-

405 2153 484 2211 dit
509 2153 692 2231 itaque
718 2158 881 2217 Pater
899 2163 1103 2228 omnia,
1146 2176 1199 2220 et
1223 2170 1432 2241 occepit
1455 2169 1627 2230 Filius
1653 2173 1832 2229 omnia
1866 2193 1879 2228 :
1910 2192 2006 2232 nec

405 2262 516 2318 quc
541 2252 850 2325 ambiguum
875 2266 982 2325 est,
1023 2273 1146 2314 cum
1191 2259 1393 2318 dixerit
1420 2282 1435 2319 :
1469 2262 1659 2320 00min
1682 2283 1800 2341 quc
1829 2266 2004 2325 Patris

407 2351 548 2415 sunt,
589 2360 704 2403 mea
744 2357 868 2405 sunt
907 2348 1090 2420 (Joan.
1122 2368 1232 2418 svt,
1270 2355 1381 2428 15).
1428 2356 1498 2414 Et
1522 2355 1612 2435 hic
1648 2359 1867 2432 quidem
1896 2376 2003 2419 non

409 2438 744 2521 creationutu
792 2444 1024 2515 species,
1077 2459 1253 2518 neque
1316 2448 1710 2507 elementorum
1760 2453 2003 2510 diversas

409 2528 823 2590 substitutiones
866 2550 1106 2605 priusens
1147 2553 1329 2609 sermo
1371 2541 1635 2613 signiﬁcat
1661 2543 1760 2616 (V.
1785 2545 1926 2619 infra
1946 2565 1999 2602 ιι.

409 2621 504 2695 79)
530 2641 547 2681 :
577 2624 675 2684 sed
704 2627 876 2684 beatae
898 2622 1344 2699 atque‘ahs'olutzc
1368 2635 1670 2694 divinitatis
1705 2640 1858 2695 nobis
1890 2642 2002 2713 glo-

409 2721 546 2774 riam
595 2720 855 2792 pandens,
890 2721 1062 2784 Deum
1101 2725 1154 2781 in
1185 2727 1270 2783 his
1313 2730 1550 2787 ostendit
1596 2733 2001 2806 intelligendum

407 2824 532 2866 esse
556 2827 679 2882 qum
703 2830 800 2873 sua
825 2825 973 2884 sunt,
1004 2818 1056 2872 in
1079 2818 1295 2889 virtute,
1329 2822 1380 2875 in
1405 2824 1728 2890 aeternitate,
1779 2826 1833 2882 in
1877 2843 2002 2899 pto-

408 2905 666 2976 videntia,
714 2910 768 2966 itt
820 2921 1120 2982 potestate:
1150 2930 1256 2970 non
1289 2916 1431 2984 quod
1461 2917 1578 2973 hmc
1615 2918 1760 2975 Deus
1797 2921 1870 2976 ita
1903 2921 2001 2976 ha-

410 2998 556 3066 heat,
590 3010 861 3078 tamquam
894 3005 1034 3060 aliud
1063 3006 1191 3078 quid
1220 3021 1371 3063 extra
1398 3011 1496 3065 ista
1525 3025 1646 3068 esse
1670 3012 1742 3085 (e)
1768 3015 1998 3073 creden-

409 3090 512 3146 dus
556 3091 629 3148 sit
673 3111 687 3147 :
734 3095 832 3152 sed
861 3097 1003 3166 quod
1033 3097 1088 3153 in
1129 3096 1214 3154 his
1259 3099 1325 3156 ad
1374 3101 1760 3173 aliquantulam
1809 3121 2001 3164 sensus

408 3186 580 3241 nostri
627 3186 937 3257 opinionem
985 3189 1316 3261 signiﬁcatus
1354 3194 1427 3249 sit
1468 3195 1582 3264 ipse
1619 3212 1740 3266 qua:
1785 3198 1998 3257 habeat.

410 3275 732 3352 Unigenitua
766 3281 934 3354 igitur
973 3283 1027 3340 in
1074 3283 1159 3340 his
1185 3302 1248 3342 se
1287 3286 1491 3345 docens
1535 3289 1840 3349 substitisse
1879 3309 2001 3364 qua:

410 3367 586 3428 Patris
627 3385 776 3441 sunt,
819 3389 945 3432 cum
993 3393 1060 3434 ex
1107 3392 1170 3433 sc
1211 3389 1548 3451 sumpturum
1593 3396 1716 3438 esse
1755 3396 1999 3441 sanctum

407 3465 521 3536 Spit
536 3465 672 3526 itum
716 3467 962 3537 dixisset,
1014 3473 1212 3543 adjecit
1239 3493 1254 3531 :
1288 3475 1478 3531 Omnia
1501 3494 1616 3548 qua!
1658 3479 1830 3536 Patris
1858 3493 1998 3550 sunt,

409 3575 525 3614 mea
550 3569 706 3627 sunt;
726 3573 995 3630 propterea
1010 3565 1140 3630 dixi,
1170 3566 1236 3621 de
1261 3582 1372 3622 meo
1391 3571 1604 3636 accipiet
1629 3570 1842 3644 (me).
1872 3573 2000 3631 Om-

409 3650 497 3706 ni-t
546 3666 667 3723 qua
714 3653 889 3711 Patris
932 3665 1078 3721 sunt,
1127 3673 1222 3714 sua
1267 3672 1414 3727 sunt,
1463 3663 1658 3718 tradita
1711 3667 1896 3737 utique
1948 3678 2005 3726 et

407 3753 649 3813 accepta.
680 3744 788 3803 Sed
815 3746 940 3804 data
969 3765 1077 3806 non
1105 3751 1378 3809 inﬁrmant
1400 3753 1473 3826 (Ι)
1502 3755 1860 3825 divinitatem,
1882 3777 2004 3832 qua!

410 3834 465 3892 in
492 3834 579 3897 his
605 3852 732 3895 eum
757 3840 1096 3899 constituunt
1117 3857 1240 3900 esse
1268 3846 1460 3916 quibus
1489 3849 1649 3906 Pater
1675 3858 1780 3906 est.

481 3929 571 3987 δί.
617 3929 986 4003 [inseparabilis
1030 3949 1105 3994 est
1129 3954 1164 3991 ε
1210 3937 1384 3995 Patre.
1412 3970 1486 3982 ο-
1512 3941 1607 3998 llis
1655 3944 1817 4014 igitur
1861 3963 2003 4003 nunc

405 4021 661 4093 gradibus
686 4029 982 4096 [tramissa
1015 4029 1086 4086 de
1113 4045 1174 4087 se
1221 4031 1593 4105 intelligentia;
1636 4051 1768 4093 usus
1794 4049 1899 4106 est,
1945 4050 2004 4096 ιιι

405 4131 530 4172 cum
579 4131 642 4174 se
683 4133 714 4172 ιι
742 4119 855 4176 Deo
880 4123 1058 4179 exisse
1101 4123 1400 4194 docuisset,
1430 4143 1511 4184 set
1525 4141 1723 4200 umque
1749 4145 1870 4186 esse
1897 4131 2002 4187 Pa-

408 4221 546 4267 trem
579 4212 851 4282 protessus
878 4228 1044 4283 esset,
1071 4233 1238 4288 seque
1265 4219 1523 4278 mundum
1553 4221 1744 4278 vicisse
1773 4231 2000 4280 testatus

407 4315 552 4360 esset
581 4305 760 4380 (Joan.
792 4325 901 4371 ιιι.
930 4309 1020 4375 98,
1054 4304 1146 4379 3‘2,
1180 4311 1296 4383 53),
1321 4324 1375 4369 ει
1406 4312 1752 4372 honorandus
1775 4334 1806 4372 a
1841 4317 2000 4376 Patre

410 4399 624 4458 Patrem
666 4411 813 4458 esset
857 4403 1236 4471 honoraturns,
1282 4416 1338 4462 et
1383 4418 1605 4480 accepta
1645 4412 2000 4480 potestatein

408 4492 584 4550 danda
612 4498 877 4554 universa:
903 4500 1054 4556 carni
1080 4501 1202 4558 vita:
1239 4502 1542 4561 :etcrnitate
1584 4516 1731 4562 esset
1777 4521 2001 4575 usurus,

482 4634 564 4712 (l)
597 4636 656 4694 In
681 4636 772 4695 edi
796 4636 921 4699 ittne
945 4639 1306 4712 pra‘ccdettte,
1331 4641 1569 4698 dilatata.

2108 1915 2289 1964 tamen
2311 1908 2394 1982 (l)
2422 1908 2586 1966 dilata
2613 1911 2682 1967 ad
2711 1914 2978 1969 modicum
3007 1916 3172 1970 totius
3199 1913 3444 1974 veritatis
3478 1919 3702 1976 demono

2106 2001 2390 2068 stratione,
2422 2001 2687 2074 indulgeri
2736 2004 2868 2060 mihi
2915 2005 3168 2062 existimo
3213 2024 3320 2064 non
3359 2010 3479 2066 sine
3521 2011 3704 2082 aliquo

2107 2093 2229 2149 ιιιιεί
2258 2093 2523 2164 profectu,
2551 2095 2638 2151 his
2666 2098 2800 2168 ipsis
2818 2098 2978 2155 dictis
3007 2101 3337 2171 evangelicis
3359 2097 3561 2170 tecum,
3591 2105 3702 2158 lue-

2107 2188 2298 2254 retice,
2350 2189 2595 2246 luctanti.
2646 2191 2818 2246 Audis
2859 2191 3251 2263 professionem
3279 2194 3495 2250 Domini
3538 2197 3702 2270 ω

2103 2281 2371 2338 dicentis:
2401 2281 2530 2339 Iliae
2553 2293 2628 2340 est
2653 2298 2823 2342 autem
2842 2289 2947 2342 rita
2964 2297 3174 2354 eterna,
3192 2300 3251 2343 ut
3270 2289 3436 2344 sciant
3462 2300 3509 2344 te
3532 2292 3701 2344 solum

2103 2389 2281 2430 rerum
2308 2374 2494 2445 Deum,
2521 2387 2570 2434 et
2587 2395 2737 2447 quem
2757 2381 2940 2436 misisti
2961 2378 3138 2434 Iesum
3172 2378 3452 2437 Christum.
3483 2381 3700 2450 Quaero,

2103 2469 2232 2540 quid
2263 2469 2336 2527 sit
2359 2471 2499 2542 quod
2524 2486 2744 2529 sensum
2785 2482 3021 2547 mereat,
3054 2490 3124 2530 ne
3162 2489 3326 2530 verus
3373 2475 3518 2531 Deus
3547 2474 3703 2531 Chri—

2104 2571 2221 2620 stus
2248 2563 2359 2619 sit?
2381 2562 2500 2621 Non
2525 2564 2672 2622 enim
2695 2566 2789 2622 tibi
2814 2581 2956 2623 nunc
2982 2566 3110 2638 quid
3137 2567 3207 2623 tle
3231 2569 3450 2623 Christo
3472 2566 3553 2640 (It)
3580 2583 3694 2624 crc-

2103 2655 2286 2720 derca.‘
2327 2657 2651 2730 signiﬁcatio
2678 2660 2853 2732 aliqua
2899 2660 3004 2717 alia
3049 2660 3289 2728 subjecta
3338 2661 3698 2718 demonstrat.

2103 2748 2222 2806 Non
2254 2751 2423 2806 habes
2450 2751 2738 2824 quidquam
2783 2762 2980 2824 praeter
3007 2769 3168 2826 quam
3192 2755 3375 2810 Iesum
3400 2753 3699 2819 Christum;

2105 2858 2214 2900 non
2246 2845 2412 2902 lllittm
2444 2844 2700 2913 hominis,
2729 2856 2788 2903 ut
2810 2847 2880 2903 de
2907 2862 2967 2904 se
2989 2849 3127 2904 solet
3160 2839 3373 2911 dicere;
3396 2863 3504 2905 non
3529 2849 3700 2906 ﬁlium

2107 2935 2224 3005 Dei,
2263 2947 2322 2993 ut
2352 2939 2593 3007 profiteri
2626 2939 2674 2995 ei
2705 2941 2775 2996 de
2797 2955 2858 2997 se
2898 2942 3152 2999 usitatum
3181 2953 3295 3010 est;
3345 2956 3454 2997 non
3473 2941 3701 2997 descen-

2103 3030 2319 3086 dentem
2343 3046 2539 3104 panem
2567 3033 2753 3088 vivum
2777 3033 2846 3090 de
2866 3033 3042 3099 caelis,
3072 3034 3216 3106 quod
3245 3049 3366 3089 eum
3408 3034 3700 3090 multorum

2104 3123 2362 3180 scttttdztlo
2399 3124 2468 3180 de
2525 3141 2586 3180 se
2729 3126 3033 3198 frequentat
3082 3122 3262 3199 (Iotn.
3312 3142 3388 3191 γι,
3434 3127 3548 3194 lii).
3594 3126 3701 3183 Sed

2027 3197 2074 3261 ε
2105 3217 2293 3274 dicens
2323 3236 2335 3270 :
2369 3227 2417 3272 te
2436 3220 2602 3292 solum
2630 3197 2806 3274 iterum
2832 3197 3038 3282 iDettm,
3059 3197 3108 3272 et
3136 3236 3283 3292 quem
3311 3220 3496 3275 misisti
3519 3219 3700 3275 Iesum

2107 3307 2366 3366 Christum
2413 3310 2594 3383 (Joan.
2647 3328 2781 3377 χιιι,
2813 3313 2893 3385 ὅ),
2936 3328 3152 3367 omnem
3203 3311 3594 3380 pramominum
3645 3323 3704 3367 et

2105 3403 2486 3472 cognominum
2510 3418 2754 3470 suorum,
2783 3405 2867 3458 vel
2895 3405 3245 3471 naturalium,
3269 3405 3356 3459 vel
3397 3414 3703 3474 assumptu-

2107 3505 2228 3550 rutn
2272 3493 2717 3551 consuetudinem
2765 3497 3114 3569 praetermisit
3143 3516 3153 3550 :
3185 3505 3244 3550 ut
3290 3512 3411 3552 cum
3441 3497 3702 3552 confiten—

2106 3583 2206 3639 dus
2235 3585 2386 3640 solus
2415 3601 2576 3642 verus
2615 3586 2761 3644 Deus
2785 3598 2842 3644 et
2864 3587 3115 3643 Christus
3143 3587 3296 3644 Jesus
3343 3590 3700 3644 aeternitatem

2107 3689 2446 3750 prtestarent,
2493 3681 2610 3738 sine
2646 3681 2812 3738 dubio
2858 3683 2911 3737 in
2959 3697 3022 3738 ea
3061 3679 3218 3740 Iesus
3259 3681 3510 3738 Christus
3554 3693 3704 3738 esset

2105 3769 2520 3841 significatione.
2551 3788 2653 3844 qua
2678 3773 2822 3830 Deus
2850 3783 2953 3829 est.

2177 3863 2268 3918 54.
2321 3863 2432 3918 Nec
2474 3877 2727 3938 repugnat
2757 3867 2896 3936 quod
2942 3864 3101 3920 Pater
3125 3867 3336 3922 dicatur
3360 3865 3503 3921 totus
3529 3881 3697 3920 verus.

2106 3987 2178 3998 —-
2217 3957 2322 4014 Sed
2395 3957 2532 4013 forte
2575 3959 2717 4030 quod
2767 3958 2841 4013 ait
2903 3969 2952 4014 te
3009 3960 3198 4020 solum.
3262 3961 3699 4015 communionem

2107 4057 2266 4119 atque
2311 4051 2572 4104 unitatem
2617 4065 2771 4106 suam
2798 4066 2828 4104 a
2874 4051 2984 4107 Deo
3018 4060 3254 4123 separat.
3284 4052 3516 4124 Separet
3545 4067 3699 4118 sane,

2107 4138 2153 4192 si
2185 4154 2291 4194 non
2319 4138 2389 4194 ad
2415 4139 2468 4211 id
2493 4141 2638 4212 quod
2674 4143 2782 4210 ait,
2813 4151 2862 4196 te
2903 4142 3069 4198 totum
3098 4158 3275 4198 rerum
3300 4141 3491 4210 Deum,
3520 4145 3700 4198 conti-

2108 4243 2218 4285 nuo
2275 4231 2522 4300 subjecit,
2556 4241 2606 4285 et
2648 4247 2797 4303 quem
2843 4220 3028 4289 misisti
3067 4233 3246 4288 halm
3297 4232 3580 4288 Christum.
3637 4235 3705 4288 Et

2109 4335 2328 4378 sensum
2353 4323 2622 4378 audientis
2653 4325 2946 4394 interrogo,
2968 4324 3097 4394 qttid
3127 4323 3433 4380 credendus
3452 4325 3523 4378 sit
3543 4322 3703 4379 lesus

2107 4415 2386 4484 Christus;
2415 4433 2538 4475 cum
2577 4417 2643 4473 ad
2673 4418 2748 4504 id,
2798 4418 2940 4498 quod
2991 4417 3163 4504 [fater
3192 4417 3342 4501 solus
3371 4417 3515 4503 Deus
3539 4431 3706 4472 verus

2109 4509 2412 4568 credendus
2440 4511 2534 4580 sit,
2561 4502 2867 4570 credendus
2907 4523 2963 4569 et
2988 4497 3238 4568 Christus
3265 4497 3376 4568 sit?
3399 4501 3508 4568 Sed
3553 4510 3704 4566 solus

509 4777 566 4852 η)
585 4776 644 4836 Id
655 4789 763 4846 est,
785 4762 1088 4860 proprietas
1101 4789 1204 4844 est,
1218 4793 1324 4855 qua
1339 4778 1456 4835 sola
1477 4789 1630 4852 pater
1651 4794 1682 4836 a
1696 4781 1808 4838 tilio
1823 4782 2013 4840 distin—
2035 4784 2091 4847 D
2117 4783 2196 4860 tris
2217 4791 2330 4860 quis
2353 4781 2553 4860 habent,
2580 4780 2693 4860 ipse
2714 4779 3034 4853 signiﬁcatus
3063 4780 3150 4836 sit.
3177 4777 3282 4838 llic
3309 4779 3536 4838 docetur
3562 4783 3706 4860 Dens

509 4923 562 4992 tt)
604 4920 765 5006 Apud
807 4920 930 5008 Par.
970 4922 1637 5008 qui.“lira~feritnus__cttm
1683 4937 1815 4981 mss.
1861 4943 1999 5008 quin,

416 4993 531 5050 scil.
561 4994 824 5061 acceptio.
855 4993 1108 5051 Nonnulli
1138 4996 1335 5052 deinde
1358 4996 1616 5052 omittunt
1646 5012 1719 5059 se.
1751 4993 1896 5069 quod
1931 4999 2000 5054 ad

416 5063 962 5150 Deum_nniqenitttm
1007 5064 1260 5150 refertur.
1303 5065 1361 5150 In
1405 5066 1998 5150 gilius_Vatit-.,_qnem

413 5138 636 5192 auctoris
676 5137 758 5212 sui
800 5138 1092 5212 imaginem.
1127 5137 1196 5212 At
1221 5138 1362 5212 apud
1411 5137 1564 5204 Bad.,
1593 5137 1684 5212 Er.
1731 5148 1785 5195 et
1826 5137 1950 5212 Lips
1984 5185 1998 5197 .

413 5224 532 5282 qnte
547 5211 773 5266 auctoris
797 5211 879 5265 sui
904 5211 1145 5282 exprimit
1174 5209 1445 5280 imaginem
1471 5225 1493 5266 :
1517 5211 1656 5282 quod
1679 5213 1815 5266 enim
1846 5209 2004 5282 Pater

414 5279 554 5334 dedit
601 5289 920 5353 potestatem,
967 5279 1021 5336 in
1071 5281 1168 5337 hoc
1212 5279 1381 5354 ﬂium
1421 5279 1630 5354 genuit;
1668 5285 1808 5353 φιοά
1834 5281 2005 5339 Filius

413 5354 633 5426 accepit,
660 5354 974 5426 nativitatem
1001 5365 1321 5410 consummat
1345 5372 1362 5409 :
1386 5354 1682 5426 glossema.

488 5424 559 5496 (c)
577 5425 899 5492 Escusi,non
907 5426 1131 5481 alienata
1142 5438 1218 5482 est
1231 5443 1321 5496 per
1331 5427 1389 5481 id
1393 5424 1416 5482 Ξ
1429 5427 1786 5508 emendantur
1798 5442 1862 5484 ex
1875 5442 2006 5484 mss.

485 5517 569 5591 (Δ)
593 5518 652 5576 In
681 5517 954 5575 nonnullis
980 5519 1162 5591 probae
1188 5528 1332 5578 noun
1357 5533 1490 5577 mss.
1516 5520 1783 5576 omittitur
1823 5519 1879 5575 iu
1920 5523 2006 5576 in-

413 5591 812 5662 corruptionem.

487 5660 709 5734 (etPar.
737 5676 860 5717 cum
890 5669 1075 5718 vetere
1117 5677 1219 5734 tus.
1247 5660 1403 5718 Colb.
1435 5663 1740 5719 credendam
1767 5665 1853 5718 sit.
1881 5662 2002 5720 Mox

413 5733 604 5791 eadem
631 5734 798 5788 editio
824 5743 944 5806 post
975 5734 1066 5806 lflr.
1095 5741 1154 5790 et
1192 5733 1364 5806 Lips.,
1394 5737 1506 5804 ipse
1527 5737 1616 5800 qui
1644 5735 1843 5792 habent.
1887 5735 2000 5791 Ma-

413 5807 496 5865 ais
525 5806 701 5875 placet
738 5804 858 5860 cum
900 5804 1026 5859 Ball.
1058 5815 1113 5861 et
1157 5804 1284 5860 mss.
1321 5823 1453 5877 φηγ.
1486 5816 1634 5877 puta,
1663 5807 1754 5861 sed
1779 5809 1919 5879 quod
1945 5809 1999 5861 in

409 4861 610 4922 guttur.

411 4997 489 5048 sci

2116 4855 2193 4910 ita
2217 4855 2468 4926 simplex,
2501 4863 2560 4908 ttt
2585 4855 2637 4926 in
2665 4867 2734 4926 eo
2758 4864 3292 4926 nequaquam__more
3328 4861 3518 4926 nostro
3556 4855 3707 4912 aliud

2108 4928 2218 4982 sint
2259 4922 2464 4981 habens
2492 4934 2548 4981 ct
2585 4923 2786 4980 habita.
2817 4922 3078 4992 Quocirca
3106 4922 3202 4981 lib.
3233 4939 3348 4991 \‘ttl,
3371 4940 3428 4980 n.
3449 4925 3543 4991 94.
3566 4926 3704 4982 dici-

2109 5009 2196 5052 tur
2225 5015 2238 5051 :
2282 4994 2355 5053 Se
2375 5011 2574 5051 omnem
2601 5013 2692 5063 per
2712 5012 2806 5067 sita
2834 4996 3028 5067 edocet,
3059 5004 3231 5067 etsua
3256 5011 3360 5050 non
3384 4995 3532 5051 aliud
3547 5014 3705 5067 quam

2105 5085 2161 5123 se
2177 5085 2284 5142 esse
2293 5068 2655 5142 signiﬁcat,_ttt
2676 5066 2763 5121 ubi
2790 5085 2885 5122 sua
2903 5064 3080 5130 insint,
3103 5065 3211 5139 ipse
3222 5083 3342 5142 esse
3365 5064 3698 5142 intelligatur.

2181 5140 2260 5212 (ί)
2293 5135 2447 5194 usus
2469 5147 2526 5212 et
2574 5137 2667 5193 Er.
2699 5152 2820 5194 cum
2865 5153 2974 5192 uno
3001 5151 3035 5193 e
3055 5135 3189 5193 mss.
3222 5135 3419 5203 Vatie.,
3458 5135 3700 5195 traiicitu-

2112 5211 2212 5266 tem
2238 5226 2258 5267 :
2285 5212 2461 5267 minus
2487 5211 2644 5264 bene.

2185 5282 2264 5355 (g)
2305 5282 2475 5350 Editi,
2520 5283 2612 5338 sed
2640 5298 2742 5338 non
2771 5283 2881 5337 sine
2909 5280 3114 5355 Christo
3155 5291 3403 5355 separato
3429 5279 3631 5338 Christo
3669 5301 3705 5339 ιι

2115 5353 2230 5412 Deo
2247 5353 2391 5416 vero.
2417 5355 2817 5426 etc..klectione
2852 5353 3032 5409 minus
3057 5355 3265 5410 sincera
3293 5367 3349 5411 et
3391 5353 3688 5426 interpunc-

2119 5430 2267 5484 tione
2296 5427 2508 5483 vitiosa.
2537 5423 2884 5498 Castigantur
2906 5441 3011 5498 ονε
3035 5441 3168 5498 mss.

2216 5498 2276 5568 It)
2305 5498 2437 5555 Bad.
2469 5507 2522 5554 et
2551 5499 2639 5552 Er.
2671 5495 2793 5554 eum
2821 5512 2924 5554 tus.
2948 5495 3183 5568 Retnig..
3211 5495 3532 5568 credideris.
3553 5496 3703 5568 Lips.

2193 5498 2276 5627 gl)
2305 5498 2437 5555 Bad.
2469 5507 2522 5554 et
2551 5499 2639 5552 Er.
2671 5514 2793 5554 cum
2821 5512 2924 5581 ms.
2948 5498 3183 5580 Remis...
3211 5498 3510 5552 credideris.
3553 5498 3679 5568 Lips

2113 5581 2171 5627 et
2242 5586 2321 5625 ar.
2365 5585 2485 5626 cum
2513 5568 2678 5626 Corb.
2719 5583 2775 5626 et
2815 5569 3019 5635 aliquot
3061 5569 3199 5635 alus,
3246 5569 3453 5624 credere
3499 5567 3679 5623 debeas

2117 5641 2450 5713 Reponitntts
2478 5656 2603 5697 cum
2621 5638 3010 5700 sincerioribus
3036 5638 3286 5697 credet'es.

2183 5735 2252 5803 ti)
2279 5734 2572 5793 Becentior
2617 5748 2720 5790 ms.
2752 5734 2908 5790 Colb.
2939 5748 3101 5804 quem
3128 5732 3264 5804 Bad.
3293 5741 3350 5804 et
3391 5732 3484 5789 Er.
3533 5735 3703 5789 secuti

2111 5819 2257 5868 sunt.
2289 5807 2580 5876 [req-tenter
2608 5807 2790 5860 asserit
2817 5821 2833 5860 :
2865 5803 3250 5861 reluctantibus
3275 5803 3399 5859 aliis
3420 5805 3588 5859 ithrls.
