4316 6470
623 277 723 331 3οἹ

1852 273 2096 329 S.\NCTI
2127 273 2381 329 illiARil
2429 271 2730 331 EPISCOPI

3805 279 3912 346 308

625 391 766 442 forte
815 384 972 440 Pater
1020 386 1161 441 Deus
1205 399 1366 440 verus
1419 383 1637 442 Christo
1690 401 1795 441 non
1859 387 2112 455 relinquit
2153 386 2289 447 utA
2319 385 2485 442 Deum
2513 398 2720 457 patrem
2749 388 3017 455 confessa,
3047 406 3152 448 non
3180 392 3468 450 conﬁtetur
3516 400 3571 450 et
3617 391 3906 451 Christum.

627 480 772 533 Deus
812 478 900 532 sit.
946 476 1063 532 Non
1112 477 1379 547 relinquat
1402 476 1486 548 (l)
1515 491 1668 544 sane,
1709 478 1758 534 si
1797 493 1935 534 unus
1961 477 2040 550 (α)
2075 478 2214 533 Deus

625 581 782 643 pater
826 569 1066 635 Christo,
1119 579 1179 624 ut
1224 585 1363 625 unus
1410 571 1482 625 sit
1531 570 1810 636 Dominus,
1856 586 1962 626 non
2003 571 2217 641 reliquit

629 664 672 734 (Ι
702 662 822 717 Cor.
849 679 962 730 vtn,
1007 663 1088 732 6).
1135 662 1292 731 Quod
1330 665 1376 719 si
1430 679 1568 719 unus
1619 663 1764 721 Deus
1807 674 1959 736 pater
2003 664 2216 720 Christo

624 771 733 810 non
779 754 969 810 adimit
1016 763 1076 811 ut
1124 770 1263 812 unus
1311 757 1384 811 sit
1432 756 1715 822 Dominus,
1765 759 1838 814 ita
1880 759 2029 814 solus
2074 756 2217 813 Deus

630 856 784 919 pater
807 863 964 903 verus
998 847 1215 905 Christo
1241 848 1370 905 Jesu
1412 865 1519 906 non
1559 849 1735 906 aufert
1782 862 1837 908 ut
1887 851 2031 908 Deus
2055 864 2218 908 verus

628 939 702 995 sit
734 959 746 993 :
776 954 897 995 cum
921 939 988 994 ad
1024 941 1143 995 vitae
1170 951 1390 996 aeternae
1416 943 1665 997 meritum
1711 942 1814 998 hoc
1853 943 2117 1014 proﬁciat,
2158 951 2220 998 ut

632 1048 755 1089 cum
799 1032 1057 1089 credatur
1099 1034 1250 1088 solus
1287 1048 1447 1090 verus
1493 1034 1658 1101 Deus,
1688 1035 1944 1090 credatur
1968 1045 2022 1090 et
2062 1032 2218 1090 Citrio

624 1136 762 1181 stus.

697 1218 786 1272 55.
824 1217 931 1270 Nec
949 1217 1087 1271 locus
1110 1227 1203 1281 est,
1239 1227 1298 1272 ut
1325 1215 1561 1273 Christus
1588 1218 1735 1272 aliud
1760 1236 1791 1272 a
1818 1217 1930 1273 Deo
1956 1219 2214 1274 credatur.

626 1340 697 1350 --
717 1309 852 1376 Quid
897 1326 1056 1375 nunc,
1092 1308 1174 1381 (ἓ)
1203 1324 1356 1380 rogo,
1399 1309 1641 1365 stultitiae
1670 1319 1776 1365 tute
1805 1325 1966 1365 sensu
1996 1311 2218 1368 Christo

628 1405 879 1472 deputas,
912 1403 1185 1464 bmretice.
1215 1401 1290 1473 (υ)
1321 1412 1525 1457 utesse
1549 1403 1830 1468 credatur;
1877 1412 1933 1458 et
1973 1403 2215 1471 Christo,

628 1496 718 1564 qui
749 1495 911 1548 vitam
938 1504 1197 1548 aternam
1230 1495 1434 1559 tribuit,
1463 1495 1553 1563 qui
1583 1492 2021 1549 honorilicandus
2044 1509 2076 1550 a
2118 1493 2218 1551 Pa-

629 1603 712 1645 tre
766 1588 980 1643 Patrem
1027 1585 1421 1653 honoriﬁcavit,
1473 1585 1565 1656 qui
1631 1585 1889 1643 mundum
1940 1587 2090 1653 vicit,
2127 1588 2218 1659 qui

2318 486 2424 544 Per
2449 487 2502 542 id
2528 489 2672 542 enim
2715 485 2990 546 Christum
3052 491 3299 549 confessa
3347 491 3514 549 Deum
3566 505 3752 549 verum
3802 502 3908 560 est,

2319 578 2463 650 quod
2495 579 2667 634 solum
2699 595 2886 636 verum
2930 581 3100 638 Deum
3149 583 3397 642 confessa
3441 584 3512 640 sit
3549 581 3785 641 Patrem.
3837 582 3913 642 ita

2319 671 2462 744 quod
2492 673 2644 728 solus
2675 674 2814 730 Deus
2842 685 2994 746 pater
3029 678 3168 734 Deus
3197 692 3357 734 verus
3386 687 3488 742 est,
3522 677 3691 734 Deum
3725 693 3913 736 verum

2320 783 2441 826 esse
2486 768 2773 826 continuat
2814 779 2870 825 et
2922 769 3217 828 Christum.
3272 772 3386 831 Non
3445 776 3588 832 enim
3636 775 3916 850 unigenito

2319 858 2432 916 Deo
2479 870 2686 916 natura:
2732 859 3158 919 demntationem
3226 865 3484 922 naturalis
3536 865 3787 924 natlvitas
3835 868 3913 924 in-

2319 952 2442 1009 tulit
2467 971 2480 1008 :
2506 952 2584 1026 (c)
2613 968 2714 1010 nec
2738 954 2830 1025 qui
2857 971 2922 1008 ex
2970 953 3304 1012 subsistente
3351 955 3464 1014 Deo
3493 956 3789 1014 secundum
3831 956 3917 1016 tli-

2316 1047 2461 1103 vinas
2488 1046 2852 1118 generationis
2884 1057 3133 1102 naturam
3161 1047 3307 1103 Deus
3329 1046 3407 1122 (4)
3439 1048 3702 1118 subsistit,
3729 1049 3797 1104 ab
3824 1065 3912 1119 cn,

2319 1139 2410 1211 qui
2458 1139 2609 1195 solus
2638 1154 2799 1196 verus
2838 1139 2984 1195 Deus
3030 1146 3137 1207 est,
3189 1138 3507 1210 separabllis
3554 1147 3637 1197 est
3688 1139 3916 1200 veritate

2319 1242 2548 1288 natura.
2573 1230 2772 1287 Tenuit
2801 1243 2980 1287 autem
3009 1241 3198 1287 natura
3224 1231 3468 1288 veritatis
3494 1245 3606 1288 sua
3633 1230 3906 1302 ordinem,

2324 1331 2406 1400 (ά)
2434 1339 2491 1386 ut
2520 1328 2813 1384 nativitatis
2845 1330 3124 1385 veritatem
3156 1330 3353 1384 veritas
3382 1328 3643 1384 naturalis
3690 1328 3915 1386 invehe-

2318 1433 2422 1488 ret,
2456 1435 2558 1477 nec
2608 1421 2832 1478 alterius
2881 1438 2948 1477 ex
2995 1435 3056 1476 se
3101 1421 3316 1492 generis
3370 1419 3538 1478 Deum
3583 1420 3729 1478 Deus
3775 1435 3916 1478 unus

2319 1513 2400 1587 (5)
2430 1514 2672 1572 eﬂerret.
2700 1515 2874 1587 Atque
2898 1516 2969 1571 ita
3000 1525 3399 1572 sacramentum
3418 1515 3512 1572 Dei
3533 1529 3631 1570 nec
3647 1514 3704 1570 in
3725 1514 3915 1571 solitu-

2322 1608 2471 1674 dine,
2499 1624 2601 1664 nec
2626 1609 2679 1663 in
2723 1606 3040 1664 diversitate
3067 1606 3509 1664 consistitzcum
3557 1621 3732 1678 neque
3779 1607 3919 1664 alter

629 1683 782 1736 ⁸0⁵⁸³⁸
828 1679 1218 1774 τε⁵¹ί¹¹ξ1¹¹⁸ξ¹ί¹⁰⁵
1268 1693 1375 1774 ’ξθΡ
1413 1679 1563 1734 ⁵0⁸⁸⁵
1587 1677 1818 1774 θαι-δαί
1845 1679 2222 1774 θθουξτιβιξδςξ
2325 1702 2471 1758 Dens
2509 1702 2815 1773 deputetur,
2871 1701 2964 1774 qui
3001 1715 3067 1757 ex
3117 1702 3228 1757 Deo
3272 1716 3392 1757 cum
3421 1713 3630 1758 natura:
3653 1716 3764 1757 sua
3796 1716 3920 1770 pro-

630 1773 868 1868 Patrem,
898 1770 1045 1868 quia
1071 1771 1188 1868 Deo
1212 1769 1380 1868 exivit
1423 1779 1584 1841 atque
1610 1784 1640 1826 a
1687 1770 1847 1827 Patre
1872 1770 2054 1827 venit?
2082 1772 2222 1868 Quid
2251 1774 2300 1835 B
2325 1812 2334 1867 1

2209 1773 2222 1828 ί
2251 1774 2300 1835 Β
2325 1802 2559 1867 prletate
2583 1769 2920 1862 substittnit;
2949 1811 3124 1866 neque
3153 1795 3207 1851 in
3236 1796 3439 1853 unione
3468 1803 3704 1863 maneat,
3754 1811 3913 1868 quem

629 1868 679 1922 ei
707 1866 760 1920 in
793 1864 954 1920 tantis
987 1864 1082 1923 Dei
1115 1864 1401 1921 virtutibus
1448 1874 1574 1920 nato
1622 1873 1828 1919 natura
1869 1879 1934 1921 ac
1980 1865 2220 1923 veritatis

629 1956 946 2026 imperties?
975 1958 1160 2012 Solum
1186 1957 1331 2012 enim
1371 1972 1555 2011 verum
1606 1958 1773 2016 Deum
1807 1969 2011 2030 patrem
2057 1960 2223 2015 inuti-

631 2049 751 2102 liter
776 2048 944 2120 234
971 2049 1046 2119 (ὅ)
1077 2049 1366 2115 credimus,
1399 2049 1500 2105 nisi
1528 2052 1813 2109 credamus
1841 2063 1896 2109 et
1925 2069 2082 2123 quem
2120 2053 2223 2109 mi-

631 2141 701 2196 sit
742 2139 929 2198 Jesum
975 2140 1272 2196 Christum.
1336 2141 1476 2208 Quid
1526 2144 1740 2199 nares?
1794 2145 1924 2216 quid
1973 2145 2222 2202 Christus

629 2235 973 2290 conﬁtcndos
1000 2236 1070 2288 sit
1098 2236 1253 2289 doce.
1288 2234 1420 2290 Nam
1451 2235 1546 2305 qui
1587 2253 1710 2307 quas
1733 2241 1932 2309 scripta
1974 2249 2099 2296 sunt
2125 2253 2224 2299 ne-

630 2341 745 2396 gas,
779 2326 907 2397 quid
964 2334 1153 2394 restat,
1183 2327 1286 2383 nisi
1317 2336 1378 2383 ut
1405 2344 1528 2401 qua:
1557 2345 1664 2386 non
1693 2331 1888 2402 scripta
1932 2342 2062 2390 sunt
2104 2348 2225 2390 cre-

636 2417 775 2473 das?
816 2419 862 2475 0
916 2417 1101 2473 infelix
1151 2419 1424 2486 voluntas,
1462 2430 1518 2477 et
1574 2422 1792 2481 veritati
1827 2424 2080 2481 obnitens
2125 2424 2225 2482 fai-

631 2510 797 2566 sttssl
851 2508 986 2568 Cum
1032 2509 1087 2566 iu
1129 2509 1235 2567 iide
1278 2521 1332 2567 et
1377 2514 1721 2572 confessione
1764 2518 1876 2573 veri
1909 2519 2001 2574 Dei
2057 2519 2225 2590 patris

635 2602 884 2660 Christus
910 2604 1092 2661 unitns
1118 2615 1224 2671 est,
1253 2619 1386 2676 rogo
1413 2622 1516 2676 qua
1540 2608 1642 2662 tide
1671 2623 1829 2667 verus
1875 2611 2038 2668 Deus'
2063 2627 2222 2682 nega-

633 2709 720 2754 tus
772 2707 1019 2755 creatura
1068 2713 1192 2757 esse
1229 2701 1462 2766 dicetur,
1500 2717 1625 2756 cum
1670 2702 1804 2759 ﬁdes
1856 2705 2000 2761 nulla
2048 2707 2120 2762 sit
2168 2708 2222 2764 in

635 2791 810 2848 solum
860 2807 1047 2852 verum
1090 2793 1257 2849 Deum
1305 2794 1602 2851 credidisse
1640 2796 1760 2852 sine
1803 2795 2058 2858 Christo?
2115 2800 2222 2858 Sed

629 2894 916 2953 angustum
950 2895 1023 2952 te,
1058 2887 1331 2948 ltzeretice,
1363 2897 1418 2942 et
1438 2886 1606 2944 divini
1635 2889 1868 2959 Spiritus
1892 2907 2222 2959 incapacem,

631 2977 935 3034 caelestium
997 2979 1263 3038 dictorum
1308 2994 1416 3034 non
1457 2979 1571 3034 adit
1615 2995 1807 3038 sensus
1852 3001 1864 3036 :
1904 2992 1959 3041 et
2007 2985 2226 3053 vipereo

630 3069 922 3140 inspiratus
951 3085 1157 3136 errore,
1191 3069 1464 3130 Christum
1507 3087 1692 3128 verum
1743 3075 1906 3135 Deum
1940 3077 2116 3136 nescis
2171 3079 2224 3132 in

2326 1897 2531 1958 patrem
2577 1886 2868 1943 nativitatis
2910 1887 3108 1944 veritas
3147 1886 3341 1944 doceat
3376 1886 3764 1944 confitendum.
3793 1888 3909 1944 Non

2322 1981 2570 2039 deseruit
2599 1982 2762 2053 igitur
2784 1989 2942 2037 natus
2967 1978 3108 2036 Deus
3140 1989 3343 2036 natur-ie
3360 1995 3474 2036 suae
3494 1981 3877 2053 proprietatem
3900 1999 3918 2037 :

2325 2082 2378 2130 et
2416 2074 2646 2131 naturali
2673 2075 2726 2129 in
2753 2088 2819 2130 eo
2850 2074 3049 2130 virtute
3075 2079 3176 2141 est,
3207 2072 3362 2144 cujus
3392 2072 3447 2128 in
3475 2087 3536 2129 se
3567 2081 3713 2130 tenet
3758 2081 3912 2129 natu-

2324 2168 2729 2226 ralinatlvitate
2771 2176 3041 2227 naturam.
3078 2168 3195 2225 Non
3244 2166 3387 2224 enim
3431 2168 3483 2224 in
3523 2182 3590 2225 eo
3641 2167 3781 2224 Deus
3827 2176 3923 2223 aut

2326 2261 2655 2327 demutatus,
2704 2273 2796 2318 aut
2839 2262 3076 2334 degener
3109 2271 3224 2328 est;
3277 2266 3400 2316 cu'm
3459 2263 3505 2317 si
3535 2260 3682 2334 quod
3730 2260 3919 2318 vitium

2326 2352 2580 2410 nativitas
2622 2352 2913 2422 intulisset,
2943 2349 2994 2409 ei
3043 2355 3222 2424 potius
3263 2361 3470 2410 natura:
3513 2353 3916 2422 contumeliam,

2326 2459 2426 2515 per
2459 2458 2621 2515 quam
2649 2444 2903 2501 nativitas
2928 2444 3276 2510 subsistebat,
3307 2442 3380 2518 (e)
3431 2444 3742 2513 inveheret,
3791 2446 3918 2502 dum

2325 2535 2472 2608 quod
2497 2552 2563 2591 es
2591 2552 2652 2592 se
2675 2543 2760 2591 est
2786 2535 3061 2593 desineret
3089 2533 3254 2609 285
3280 2549 3403 2592 esse
3429 2537 3574 2608 quod
3603 2552 3761 2593 suum
3791 2549 3872 2594 est
3899 2557 3914 2594 :

2325 2639 2489 2701 atque
2532 2629 2605 2683 ita
2652 2642 2757 2683 non
2799 2644 2921 2683 eum
2969 2627 3268 2684 demutatio
3290 2626 3369 2700 (6)
3395 2627 3482 2700 (f)
3524 2638 3917 2699 corrumperet,

2325 2722 2418 2794 qui
2481 2722 2538 2776 in
2600 2720 2956 2777 substantiam
3020 2733 3211 2775 novam
3261 2721 3539 2776 natlvitate
3576 2721 3916 2788 substiterat;

2327 2814 2426 2870 sed
2450 2828 2596 2877 eum.
2636 2813 2729 2883 qui
2759 2814 2816 2867 in
2843 2810 3122 2868 nativitate
3149 2809 3243 2867 ﬁlii
3273 2811 3544 2882 impotens
3571 2823 3776 2868 natura:
3807 2829 3919 2868 sum

2329 2916 2516 2964 tenere
2540 2906 2922 2972 constantiam,
2955 2915 3238 2961 externum
3263 2904 3464 2982 aliquid
3503 2921 3534 2962 a
3572 2922 3631 2963 se
3657 2908 3919 2963 alienum-

2328 3013 2435 3069 que
2460 2998 2755 3068 genuisset.

2401 3094 2491 3148 37.
2540 3090 2722 3148 Unitas
2767 3089 2941 3145 Patris
2977 3099 3025 3145 et
3059 3088 3184 3144 Filii
3209 3103 3311 3145 non
3358 3091 3582 3146 humano
3611 3108 3754 3148 mare
3779 3095 3920 3165 cogi-

632 3165 738 3223 iide
781 3165 950 3223 solius
993 3165 1108 3223 veri
1161 3164 1256 3224 Dei
1302 3168 1370 3225 ad
1409 3166 1533 3226 vita)
1579 3169 1938 3228 aeternitatem
1967 3172 2226 3232 conﬁteno
2256 3168 2302 3231 C
2335 3186 2512 3242 ωηάα,
2567 3185 2695 3241 Filii
2723 3185 2982 3240 "crinitas,
3007 3214 3078 3226 —-
3119 3183 3237 3240 Non
3266 3194 3352 3240 est
3398 3195 3577 3242 autem
3604 3227 3622 3252 ,
3667 3197 3723 3240 ut
3776 3164 3921 3257 sagire

631 3262 781 3315 dunL

698 3355 791 3411 56.
837 3352 914 3409 Εο
956 3355 1092 3424 quod
1130 3354 1273 3409 solus
1304 3353 1445 3410 Deus
1492 3371 1640 3412 serus
1668 3354 1842 3423 Pater,
1883 3374 2032 3415 uerus
2072 3361 2225 3416 etiam

636 3446 772 3500 Deus
800 3456 871 3500 est
901 3443 1150 3500 Christus.
1183 3445 1340 3502 Aliud
1366 3463 1479 3500 sunt
1517 3448 1685 3503 dicere
1713 3448 1861 3505 Patri
1891 3461 1965 3505 est
2010 3453 2222 3522 injuria-

632 3555 767 3593 snm.
804 3567 871 3578 -—
895 3537 1000 3593 Sed
1036 3537 1293 3593 Ecclesiae
1322 3537 1459 3595 ﬁdes
1484 3539 1656 3595 solum
1698 3557 1885 3597 verum
1920 3543 2085 3600 Deum
2138 3561 2229 3615 pa-

636 3639 770 3683 trem
797 3627 1072 3694 conl‘essa,
1104 3627 1391 3684 conﬁtetur
1419 3640 1472 3685 et
1497 3630 1791 3688 Christum.
1825 3633 2008 3703 Neque
2038 3653 2224 3696 verum

633 3719 906 3775 Christum
958 3720 1124 3774 Deum
1176 3720 1499 3789 conﬁtendo,
1531 3739 1637 3779 non
1687 3733 1744 3783 et
1802 3728 1976 3786 solum
2035 3745 2227 3790 verum

634 3818 803 3874 Deum
823 3826 1026 3888 patrem
1050 3815 1336 3876 conﬁtetur
1361 3836 1371 3870 :
1393 3834 1568 3892 neque
1589 3837 1802 3883 rursum
1832 3824 2005 3882 solum
2037 3843 2224 3884 verum

699 3980 778 4066 )
817 3979 998 4066 illane;
1028 3994 1173 4049 mox,
1205 3993 1306 4034 non
1332 3979 1588 4052 relinquit.

815 4052 1108 4179 Emam...
1134 4120 1347 4185 Postea,
1369 4122 1492 4187 quid
1518 4123 1719 4178 Intres?
1743 4125 1870 4196 quid
1896 4129 2158 4184 moraris?

734 4195 791 4268 ι)
833 4195 894 4250 In
941 4208 1042 4251 ms.
1091 4202 1300 4261 nostro,
1325 4193 1562 4251 substitit.
1594 4195 1761 4254 Paulo
1793 4209 1933 4269 post,
1964 4201 2158 4269 insepat

639 4193 791 4324 “(4)
833 4195 894 4250 In
941 4208 1042 4251 ms.
1091 4202 1300 4261 nostro,
1325 4193 1562 4251 substitit.
1594 4193 1764 4254 Paulo
1793 4209 1933 4269 post,
1964 4201 2204 4270 insepara

669 4287 684 4322 ι
710 4285 772 4324 is.

669 4285 772 4325 ειη.

2324 3281 2437 3349 jam
2467 3279 3014 3335 commemoravimus
3037 3321 3049 3343 ,
3085 3279 3138 3332 in
3169 3279 3377 3333 unitate
3406 3276 3502 3333 Dei
3529 3281 3699 3348 patris
3725 3289 3781 3336 et
3822 3283 3918 3338 ltei

2333 3372 2425 3428 lilii
2455 3373 2806 3428 humanarum
2840 3373 3026 3427 vitium
3057 3371 3370 3439 Opinionutn
3397 3390 3410 3426 :
3435 3382 3495 3427 ut
3518 3373 3590 3428 sit
3617 3375 3704 3428 vel
3732 3385 3919 3428 exten-

2331 3467 2435 3531 sio,
2467 3464 2551 3520 vel
2577 3465 2779 3530 series,
2811 3464 2896 3519 vel
2943 3462 3151 3525 fluxus;
3178 3472 3235 3516 ut
3271 3473 3363 3516 aut
3403 3463 3574 3517 rivum
3605 3463 3725 3518 l’ons
3751 3465 3923 3520 eﬂ‘un-

2329 3559 2423 3614 dat
2443 3559 2510 3614 ab
2539 3558 2768 3628 origine,
2799 3563 2892 3611 aut
2920 3571 3128 3611 ramum
3168 3556 3332 3610 arbor
3360 3564 3541 3610 teneat
3571 3558 3625 3611 in
3655 3558 3874 3612 caudice
3905 3601 3920 3623 ,

2331 3658 2422 3704 aut
2441 3648 2675 3704 calorem
2700 3647 2837 3718 ignis
2856 3647 3067 3701 emittat
3086 3646 3139 3700 in
3160 3645 3417 3715 spatium.
3436 3646 3561 3702 llaec
3588 3649 3732 3703 enim
3756 3650 3836 3718 (g)
3855 3650 3922 3704 ab

2331 3754 2391 3795 se
2433 3737 2773 3808 inseparabili
2819 3738 3165 3807 protensione
3209 3744 3428 3792 manent
3483 3738 3661 3807 potius
3681 3737 3919 3806 detenta,

2333 3851 2492 3905 quam
2513 3830 2592 3904 (lt)
2617 3831 2718 3888 sibi
2746 3840 2907 3887 sunt:
2935 3831 3061 3887 dum
3090 3838 3144 3887 et
3177 3829 3327 3886 calor
3355 3830 3438 3903 (7)
3464 3831 3517 3886 in
3548 3827 3672 3904 igne
3695 3840 3779 3888 est
3804 3875 3821 3902 ,
3865 3843 3926 3889 et

2406 3989 2488 4061 (5)
2526 3988 2781 4062 cherret.
2817 3989 2992 4059 Atque
3012 3987 3084 4047 ita
3114 4001 3262 4062 sepe
3289 3988 3546 4047 scribitur
3564 3987 3670 4048 hoc
3698 3990 3922 4048 verbum

2332 4060 2387 4116 in
2414 4059 2604 4117 endem
2635 4059 2840 4116 codice.

2431 4131 2485 4199 6)
2519 4131 2910 4199 Corrumpebat.

2431 4203 2486 4274 7)
2516 4203 2585 4258 In
2611 4204 2720 4274 igni
2745 4211 2838 4258 est.

704 4431 793 4512 (a)
833 4429 975 4512 Sola.
1003 4428 1170 4512 editio
1201 4425 1346 4512 Palu,
1381 4425 1794 4512 ιςηξξειιζοιηὶηω
1817 4428 2012 4512 Patet;
2054 4432 2214 4489 male.
2250 4445 2302 4507 ι)
2372 4439 2468 4512 _(e)
2499 4439 2660 4506 Editi,
2691 4439 2921 4512 inferret.
2947 4439 3016 4512 At
3037 4452 3169 4512 mss.
3194 4436 3380 4503 Corb.,
3402 4437 3705 4512 Mart.,Vat.
3725 4439 3839 4496 bas.
3860 4458 3926 4498 ac

633 4499 939 4573 llespicitur
965 4501 1050 4573 hic
1071 4501 1219 4554 locus
1246 4499 1689 4573 ApostolilCor.
1723 4515 1840 4569 vttt,
1872 4501 1924 4569 6,
1959 4502 2095 4558 libro
2126 4520 2219 4559 su-

639 4570 880 4646 periore,
951 4571 1102 4642 cujus
1151 4586 1300 4626 num.
1356 4571 1426 4626 55
1472 4570 1713 4637 vidcsis,
1765 4573 1984 4643 capiose
2031 4586 2227 4630 tracta-

638 4660 720 4702 tus
733 4690 743 4699 .

708 4718 782 4788 (ὁ)
829 4715 957 4770 Bad.
1005 4729 1146 4771 cum.
1199 4712 1606 4788 aliquot_mss.,
1656 4721 1712 4766 ut
1758 4731 1876 4788 cum
1914 4716 2152 4772 credatur
2181 4727 2227 4773 et

637 4783 839 4844 Chi-isto
883 4803 900 4841 :
939 4783 1335 4858 quurtntrloco
1395 4783 1672 4858 Erasmus.
1725 4787 1921 4842 oblitus
1965 4800 2224 4858 quantum

636 4854 1072 4930 pt-znlatione'sua
1106 4858 1156 4930 in
1184 4854 1597 4930 ittterpolgttires
1625 4854 2224 4930 declatttasset,_sttbSIi-

637 4923 756 4996 iuit,
790 4941 844 4983 ut
871 4946 988 4984 cum
1014 4925 1238 4981 creditur
1262 4923 1373 4980 Deo
1398 4923 1566 4990 Patri,
1617 4930 1854 4984 credatur
1899 4938 1945 4984 et
1989 4928 2213 4986 Christo.

630 5001 846 5070 Lipsius
874 4999 1088 5056 tandem
1117 4999 1184 5070 de
1228 5013 1325 5052 suo
1374 4997 1628 5061 restituit,
1671 5015 1784 5070 cum
1828 5016 1938 5058 esse
1982 5007 2220 5061 credatur

634 5084 682 5126 ct
706 5067 1001 5129 ’CIn-istus:
1029 5067 1170 5140 quod
1212 5076 1400 5138 postea
1421 5069 1669 5127 obtinuit.
1719 5069 1920 5126 Locum
1954 5073 2097 5129 hunc
2127 5091 2216 5130 re-

630 5145 895 5202 sat‘cimus
922 5141 987 5196 ad
1021 5141 1180 5193 iidem
1213 5153 1341 5193 mss.
1377 5141 1427 5193 in
1459 5155 1686 5207 quorum
1731 5142 1900 5198 tribus
1939 5142 2217 5200 desidera-

633 5229 741 5281 tur,
773 5225 817 5269 ct
849 5214 1247 5284 Cariamque:
1293 5212 1542 5280 repetitio
1563 5212 1847 5284 quamdam
1897 5211 2060 5272 habet
2106 5232 2220 5270 em-

635 5285 862 5356 phasim,
919 5287 1019 5337 hoc
1065 5282 1319 5339 nimirum
1366 5295 1526 5356 sensu
1580 5282 1594 5340 Ξ
1648 5283 1726 5348 'l'n
1770 5285 1858 5354 qui
1906 5298 2011 5356 non
2039 5290 2121 5349 vis
2163 5298 2220 5342 ut

634 5353 905 5408 Christum
950 5357 1115 5428 Deum
1164 5366 1284 5408 esse
1332 5353 1639 5428 credamus,
1686 5353 1844 5428 quam
1887 5353 1937 5413 ei
1974 5366 2217 5422 naturam

634 5428 894 5499 appetas?
939 5426 1011 5490 ci,
1065 5426 1304 5497 inquam,
1351 5424 1440 5494 qui
1480 5426 1645 5479 vitam
1696 5424 1957 5486 {utet-nam
2009 5429 2216 5498 tribuit,

635 5501 746 5560 qui,
777 5507 882 5551 etc.

651 5517 1168 5644 "licfiiivulgmisl
1197 5568 1381 5644 etpro
1427 5576 1636 5644 nec;_et
1662 5565 1822 5644 infra,
1861 5567 2218 5644 inseparabilis

639 5632 734 5708 pro
763 5632 1082 5705 superabilis.
1112 5632 1542 5708 Qbﬂ'nt'fitjttﬁ'orrest
1571 5638 1732 5692 lectio
1755 5632 1882 5693 mes.

707 5711 790 5775 (ά)
818 5701 1034 5777 Antiqui
1062 5701 1385 5773 eod.Coib.,
1417 5706 1577 5763 Carn.
1609 5717 1664 5763 et
1689 5709 1871 5767 Germ.
1902 5720 1958 5764 ut
1976 5711 2216 5768 natiuita—

637 5791 731 5836 teut
762 5781 963 5843 veritus,
997 5785 1102 5835 etc.

2333 4509 2516 4580 plures
2538 4512 2652 4577 alii,
2675 4509 2949 4565 intreheret.
2973 4509 3218 4578 Quinque
3238 4526 3305 4564 ex
3330 4509 3743 4578 antiquioribus,
3760 4514 3925 4568 iulia!-

2330 4594 2462 4637 reret
2490 4602 2502 4635 :
2529 4583 2620 4651 qui
2641 4583 2856 4653 quidem
2872 4591 3027 4637 antea
3051 4583 3250 4653 habent
3265 4581 3320 4635 id
3335 4583 3526 4652 potius,
3542 4598 3648 4638 nun
3668 4585 3712 4638 si
3730 4587 3923 4653 potius.

2334 4654 2595 4722 Quocirca
2635 4669 2744 4710 non
2768 4652 3017 4721 displicet
3044 4666 3166 4707 cum
3195 4652 3416 4707 Carnut.
3444 4653 3500 4706 id
3529 4655 3700 4722 potius
3726 4652 3924 4711 mm

2333 4726 2742 4783 contumelia....
2786 4725 3075 4782 inhtzreret.
3128 4723 3244 4780 Non
3288 4726 3431 4780 male
3459 4723 3548 4780 hic
3577 4724 3736 4782 Pater
3785 4744 3925 4782 nun-

2334 4805 2560 4864 cupatur
2607 4809 2798 4851 natura
2846 4810 2940 4866 per
2982 4810 3140 4864 quam
3190 4797 3442 4850 nativitas
3485 4796 3763 4864 subsiSIit;
3795 4803 3922 4855 cum

2333 4870 2594 4930 adversus
2633 4867 2920 4924 haereticos
2963 4882 3145 4924 sermo
3191 4868 3281 4929 sit,
3335 4870 3422 4935 qui
3471 4866 3606 4924 Filio
3652 4868 3919 4936 diversam

2320 4940 2391 4996 ab
2432 4955 2500 4997 eo
2547 4953 2795 4998 naturam
2843 4938 3245 4994 adscribehant.
3291 4943 3460 5004 Quam
3509 4939 3611 4996 hoc
3654 4937 3798 4996 Patri
3851 4950 3922 4997 sit

2321 5012 2795 5077 contumeliosum,
2844 5009 3181 5064 demonstrat
3232 5012 3456 5078 August.
3483 5008 3662 5066 Serm.
3692 5025 3916 5080 custs,

2324 5097 2378 5135 n.
2412 5081 2467 5143 5.
2498 5091 2555 5138 et
2580 5082 2639 5140 4.
2679 5080 2795 5139 Vid.
2827 5096 2944 5150 sup.
2977 5081 3076 5137 cal.
3111 5081 3237 5148 {03,
3279 5089 3387 5136 not.
3444 5096 3499 5147 a,
3526 5092 3574 5136 et
3599 5083 3726 5145 126.
3758 5096 3867 5143 ttat.
3903 5089 3919 5141 i

2321 5151 2478 5226 hujus
2501 5153 2761 5226 editionis.

2396 5222 2474 5296 (Ι)
2508 5224 2629 5282 Par.
2654 5230 2985 5298 corruperat;
3014 5222 3144 5298 editi
3173 5222 3286 5289 alii,
3315 5223 3708 5298 corrumpebat:
3726 5243 3916 5282 emen-

2323 5293 2518 5348 dantur
2540 5310 2606 5349 ex
2638 5309 2769 5350 mss.
2796 5293 2950 5350 Colb.
2982 5303 3038 5348 et
3065 5294 3249 5351 Germ.

2402 5366 2477 5440 (g)
2511 5367 2670 5440 Bad.,
2692 5364 2784 5420 Er.
2814 5376 2868 5440 et
2891 5381 3080 5440 unuse
3109 5364 3421 5440 mss.Va_tic.
3453 5366 3708 5440 omittunt
3743 5369 3807 5425 ab
3829 5387 3915 5426 se:

2325 5434 2552 5513 pro‘quo
2572 5439 2708 5513 alter
2732 5435 2900 5513 codex
2930 5436 3102 5513 ΥειιῐεΓ
3136 5434 3296 5493 habet
3322 5437 3375 5491 in
3402 5454 3478 5494 se.
3496 5436 3795 5513 Utrumque
3819 5459 3916 5511 pn-

2325 5505 2710 5564 test°'admitti.
2752 5505 2886 5562 Nam
2925 5507 2992 5563 ab
3019 5510 3212 5563 arbore
3259 5522 3441 5564 ramus
3467 5551 3482 5575 ,
3511 5523 3542 5563 a
3593 5505 3740 5567 fonte
3768 5505 3916 5568 rivus

2323 5578 2753 5648 protenduntur,
2781 5589 2838 5633 et
2865 5581 2915 5632 in
2949 5580 3012 5634 iis
3055 5580 3225 5635 nihilo
3265 5580 3442 5635 minus
3496 5580 3749 5639 indlvulsi
3797 5599 3915 5640 ma-

2324 5659 2470 5704 ttettt.

2397 5720 2478 5793 (lt)
2507 5711 2852 5794 Martintms.
2875 5721 2970 5776 sibi
3000 5721 3172 5794 insunt
3193 5737 3212 5776 :
3238 5721 3381 5792 quod
3412 5721 3667 5794 Erasmus
3695 5725 3761 5780 ad
3792 5726 3916 5781 ilm-

2327 5785 2765 5856 buin'adscripsit
2790 5835 2806 5863 ,
2834 5808 2894 5848 ac
2917 5802 3103 5865 postea
3143 5785 3306 5866 Lips:
3336 5802 3392 5850 et
3429 5793 3551 5850 Par.
3607 5795 3661 5852 in
3706 5805 3912 5855 textum
