4316 6454
525 301 634 360 319

1733 303 1975 362 SAN'CTI
2016 305 2269 365 lllLMlll
2310 306 2612 365 EPISCOPI

3711 311 3817 370 520

522 420 875 488 conﬁrmatur.
920 418 1181 476 Meritum.
1223 451 1295 463 --
1342 421 1412 477 Et
1455 421 1573 479 ltrcc
1603 423 1820 494 quidem
1870 423 2115 495 quamvis
2141 426 2197 486 Α
2287 423 2380 480 49.
2408 425 2494 481 Ait
2533 441 2637 481 non
2670 440 2911 495 unum,
2953 428 3042 483 sed
3070 426 3246 484 Patris
3273 427 3444 500 facere
3474 429 3813 487 voluntatem.

525 525 649 569 cum
678 513 792 584 ipsa
817 529 999 570 rerum
1026 514 1368 571 absolutione
1404 526 1630 572 tractata
1667 518 1811 582 sint;
1842 528 2019 573 tamen
2052 533 2119 573 ne

2222 516 2347 574 Non
2386 518 2453 577 ob
2480 519 2667 590 agendi
2695 521 3044 577 necessitatem
3064 563 3079 587 ,
3108 521 3198 576 sed
3222 520 3283 576 ob
3306 523 3574 578 anitatem.
3608 552 3680 565 -—
3704 523 3819 581 Ad-

522 606 653 674 quid
675 609 731 664 in
758 623 826 663 eo
852 608 998 679 quod
1016 608 1091 665 ait
1116 609 1374 670 Dominus
1397 631 1411 666 :
1448 610 1568 667 Non
1598 620 1764 682 potest
1782 612 1925 681 ﬁlius
1951 612 2121 681 facere
2216 611 2383 682 iunge
2408 626 2624 683 quoque
2650 612 2776 668 huic
2805 612 2935 669 illud
2956 654 2972 677 ,
3013 614 3156 683 quod
3182 614 3249 670 ad
3277 616 3629 686 opprobrium
3663 618 3815 675 inlice

525 699 591 754 ab
628 715 683 755 se
716 702 1018 771 quidquam,
1068 703 1172 757 nisi
1205 703 1342 774 quod
1377 703 1558 758 uiderit
1606 702 1814 758 Patrem
1850 704 2119 775 facientem

524 791 708 861 (Joan.
742 807 801 861 ν,
833 793 948 865 l9),
973 794 1041 849 ad
1064 794 1399 852 inlirmantlte
1417 806 1623 852 natura:
1644 797 1762 865 ejus
1787 798 2117 865 impietatem

527 885 777 956 proliciat
807 887 985 959 potius
1007 930 1025 953 ,
1057 903 1217 960 quam
1243 890 1310 944 ad
1341 888 1776 947 demonstranda:
1804 874 2044 961 paterni
2065 891 2118 945 in

527 993 591 1033 se
632 988 837 1035 natura:
883 981 1300 1047 consciemiam,
1340 997 1438 1052 per
1481 996 1641 1053 quam
1686 997 1752 1037 ex
1801 982 2121 1039 auctoritate

526 1080 784 1142 operatus
812 1072 864 1129 in
895 1072 1121 1127 sabbato
1146 1086 1231 1130 est
1252 1092 1270 1140 ;
1291 1074 1419 1130 dicti
1447 1091 1661 1146 quoque
1685 1075 1943 1133 dominici
1969 1076 2036 1130 ad
2068 1076 2120 1131 id

526 1168 851 1238 pertinentis
873 1168 1289 1225 demonstranda
1317 1168 1554 1239 cognitio
1580 1179 1688 1234 est,
1710 1185 1819 1241 quo
1851 1171 1925 1226 ait
1948 1185 1963 1224 :
1990 1167 2061 1224 Et
2088 1188 2121 1224 a

526 1277 610 1316 me
635 1262 772 1330 {acia
800 1264 953 1331 nihil,
980 1264 1071 1318 sed
1100 1276 1154 1318 ut
1178 1265 1352 1320 docuit
1374 1282 1455 1320 me
1480 1265 1662 1329 Pater.
1686 1267 1793 1319 lucc
1819 1267 2020 1335 loquor.
2058 1264 2121 1319 Et

525 1354 616 1420 qui
639 1371 719 1410 me
743 1357 898 1421 misit,
921 1373 1119 1411 mecum
1139 1368 1215 1412 est
1234 1399 1251 1424 ,
1274 1359 1356 1431 (l)
1381 1368 1430 1413 et
1464 1375 1567 1413 non
1605 1359 1808 1429 reliquit
1828 1375 1907 1411 me
1931 1358 2119 1424 solum,

525 1452 768 1518 quoniam
778 1465 871 1520 ego
890 1465 1005 1520 qua:
1015 1460 1134 1504 sunt
1152 1452 1202 1505 ei
1220 1452 1410 1518 placita
1429 1452 1566 1520 [ccio
1582 1468 1781 1522 semper
1799 1450 1984 1523 (Joan.
2008 1466 2121 1517 vttt,

525 1542 597 1599 28
626 1552 674 1596 ct
700 1543 817 1612 9.9).
844 1542 1102 1600 Sentisne
1124 1544 1251 1613 quid
1278 1544 1369 1609 sit,
1407 1560 1514 1600 non
1541 1560 1700 1616 posse
1724 1545 2014 1616 quidquam
2044 1545 2124 1601 l'a-

528 1648 654 1690 cere
678 1633 905 1699 Filium,
941 1636 1043 1691 nisi
1068 1636 1250 1694 videat
1284 1637 1500 1694 Patrem
1537 1637 1863 1694 inclementi
1916 1645 1973 1693 et
2014 1653 2123 1705 quo

528 1739 872 1784 sacramento
886 1729 1092 1785 dictum
1123 1731 1215 1796 sit,
1240 1740 1289 1785 et
1306 1749 1340 1785 a
1360 1748 1439 1786 tne
1459 1732 1594 1803 facio
1615 1732 1745 1786 nihil
1761 1749 1784 1798 ;
1803 1740 1859 1785 et
1883 1747 2120 1797 rursum,

2221 703 2426 760 mitatis
2453 719 2716 774 usurpas:
2749 704 2916 761 Oetae
2951 707 3089 776 quod
3112 709 3205 761 dat
3242 708 3367 763 milii
3406 707 3600 775 Pater,
3632 710 3703 764 ad
3737 727 3818 767 nte

2221 798 2375 860 venit,
2404 807 2457 854 et
2492 800 2772 855 venientem
2806 800 2877 855 ad
2912 816 2992 854 tne
3019 818 3122 856 non
3153 802 3328 873 opella
3346 820 3367 866 :
3412 806 3535 873 quia
3576 806 3816 861 descendi

2222 892 2287 945 de
2310 891 2436 946 celo
2460 908 2563 946 non
2592 902 2649 946 at
2670 893 2861 963 [eiciam
2888 896 3200 950 voluntatem
3224 910 3407 959 meum,
3450 896 3547 950 sed
3574 898 3815 951 celantu-

2222 992 2321 1037 teut
2349 981 2526 1038 Patris
2544 985 2629 1057 qui
2648 1000 2729 1038 me
2748 985 2887 1039 misit
2910 984 3092 1049 tJoau.
3116 1000 3192 1051 vt,
3220 988 3291 1041 57
3318 997 3367 1043 et
3392 987 3509 1059 38).
3540 987 3649 1045 Sed
3680 989 3818 1047 forte

2221 1077 2339 1131 sine
2366 1077 2659 1133 voluntatis
2686 1078 3024 1134 libertatesit
3046 1078 3238 1148 Filius,
3264 1089 3322 1136 nt
3343 1081 3394 1136 ei
3434 1091 3641 1138 natura
3666 1084 3816 1139 iulirc

2222 1169 2382 1226 mitas
2422 1170 2649 1239 imperet
2686 1171 3085 1227 necessia-tem.
3125 1171 3251 1228 Ideo
3287 1184 3470 1228 autem
3500 1175 3810 1230 necessitati

2225 1264 2295 1317 sit
2317 1262 2596 1325 subditus,
2628 1278 2734 1318 non
2760 1264 3020 1319 voluntati
3040 1306 3056 1327 ,
3083 1275 3139 1318 ut
3168 1264 3321 1320 datos
3348 1266 3450 1320 sibi
3480 1267 3759 1324 venientes
3784 1284 3815 1324 a

2226 1352 2385 1408 Patre
2428 1369 2536 1409 non
2573 1354 2789 1426 apellul.
2826 1354 2933 1411 Sed
2981 1355 3304 1412 sacramenti
3347 1359 3606 1414 unitatem
3634 1359 3690 1414 in
3736 1359 3819 1415 his

2225 1443 2484 1501 Dominus
2503 1445 2832 1516 signiﬁcans,
2856 1445 2982 1501 dum
3002 1462 3109 1500 non
3130 1447 3335 1517 repellit
3363 1448 3467 1505 sibi
3490 1448 3667 1515 dtttos,
3690 1450 3818 1506 dum

2225 1550 2332 1592 non
2359 1551 2531 1604 suam,
2561 1536 2660 1593 sed
2680 1537 2947 1592 mittentis
2977 1554 3039 1595 se
3062 1539 3172 1607 agit
3198 1540 3556 1607 voluntatem,
3585 1554 3705 1613 post
3730 1558 3819 1599 re-

2227 1630 2445 1701 petitam
2471 1628 2609 1685 banc
2628 1630 2876 1687 eamdem
2902 1630 3103 1689 intimis
3119 1636 3581 1691 murmur-antibus
3603 1650 3818 1706 vocem,

2226 1723 2592 1793 intelligentiae
2615 1736 2814 1781 nosne
2837 1741 3059 1782 sensum
3080 1726 3384 1795 conﬁrmat,
3438 1729 3627 1785 dicens
3650 1749 3663 1783 :
3696 1731 3821 1786 0m-

530 1820 658 1876 Non
684 1821 892 1887 reliquit
921 1838 1004 1875 nte
1030 1823 1216 1889 solum,
1246 1824 1488 1892 quoniam
1523 1839 1617 1895 ego
1641 1840 1759 1896 qua:
1782 1832 1900 1878 sum
1932 1824 1980 1877 ei
2014 1824 2128 1889 pla.
2157 1820 2204 1882 Β
2229 1816 2330 1878 nis.
2354 1816 2441 1881 qni
2464 1817 2608 1871 audit
2630 1834 2664 1872 a
2686 1814 2844 1872 Patre
2866 1827 2913 1872 et
2938 1818 3111 1883 discit,
3152 1822 3288 1875 venit
3309 1820 3381 1874 atl
3416 1838 3517 1888 tne,
3551 1838 3658 1878 non
3685 1825 3821 1894 quod

527 1912 630 1965 (ila
656 1913 795 1983 facio
816 1929 1013 1981 semper
1042 1913 1205 1985 (Ibid.
1236 1913 1367 1981 se)?
1390 1914 1447 1970 Si
1476 1915 1618 1971 enim
1656 1914 1779 1971 ideo
1807 1915 1942 1970 nihil
1967 1915 2036 1971 ab
2063 1929 2123 1971 se

528 2004 680 2071 facit,
702 2007 827 2075 quia
856 2006 910 2060 in
932 2020 992 2060 se
1020 2018 1201 2062 manet
1232 1998 1429 2072 Pater;
1458 2006 1730 2078 quomodo
1758 2022 1972 2063 rursum
2001 2007 2124 2063 ideo

530 2097 780 2153 sesolum
810 2098 968 2153 Pater
994 2113 1103 2154 non
1129 2099 1362 2169 reliquit.
1394 2098 1520 2170 quia
1552 2116 1672 2169 qua:
1699 2110 1823 2155 sunt
1851 2099 1902 2155 ei
1930 2099 2120 2170 placita

529 2191 700 2247 facit?
736 2192 851 2247 Non
881 2194 1180 2249 concordat
1205 2192 1504 2249 secundum
1542 2207 1761 2248 sensum
1806 2202 1979 2259 tuum,
2012 2193 2124 2247 bte-

532 2285 722 2349 retice,
754 2284 1021 2341 dictorum
1049 2286 1372 2354 diversitas,
1407 2296 1465 2341 ut
1505 2286 1637 2343 nihil
1669 2285 1831 2341 faciat
1864 2302 1893 2338 a
1934 2300 1996 2341 se
2021 2285 2122 2341 nisi

498 2380 773 2437 ιιιοειιιςιι
804 2394 1055 2439 manente
1084 2386 1138 2441 in
1173 2399 1235 2440 se
1260 2384 1419 2440 Patre
1447 2404 1459 2439 :
1497 2393 1555 2441 et
1585 2398 1798 2438 rursum
1842 2383 2043 2438 idcirco
2071 2379 2123 2432 in

531 2499 605 2540 se-
628 2486 789 2541 Pater
815 2494 1030 2543 maneat
1056 2531 1071 2555 ,
1116 2488 1240 2557 quia
1271 2503 1392 2558 qua:
1418 2487 1468 2543 ei
1498 2497 1623 2542 sunt
1652 2487 1852 2553 placita
1876 2487 2036 2556 gerit.
2069 2478 2125 2536 Si

525 2578 678 2633 etaim
706 2578 840 2634 nihil
869 2578 941 2634 ab
966 2592 1027 2633 se
1055 2578 1183 2634 facit
1223 2588 1445 2648 propter
1486 2588 1793 2633 manentem
1826 2578 1878 2631 in
1922 2592 1983 2633 se
2026 2576 2128 2632 Pa-

531 2676 671 2728 trem
696 2687 715 2735 ;
744 2671 1018 2742 quomodo
1047 2671 1174 2728 hinc
1200 2682 1259 2726 ιιι
1298 2672 1351 2725 in
1382 2687 1444 2727 se
1474 2672 1635 2726 Pater
1664 2680 1878 2727 maneat
1904 2672 2129 2726 meritus

531 2772 639 2826 est,
663 2763 806 2832 quod
838 2777 900 2819 ea
926 2779 1049 2835 quae
1073 2764 1125 2821 ei
1144 2765 1392 2835 placeant
1416 2764 1570 2834 agit?
1598 2763 1715 2819 Non
1737 2774 1820 2817 est
1840 2765 1983 2818 enim
2011 2777 2125 2818 tne-

535 2858 699 2913 ritum
720 2852 968 2923 aliquod,
997 2873 1106 2915 non
1133 2858 1204 2912 ab
1229 2874 1288 2913 se
1319 2857 1400 2931 (2)
1426 2873 1616 2928 gerere
1643 2858 1724 2929 (η)
1751 2874 1871 2927 quae
1895 2866 2037 2928 agat.
2064 2858 2130 2912 Et

532 2960 745 3016 contra,
769 2951 1043 3019 quomodo
1072 2948 1216 3006 Patri
1247 2966 1367 3022 qure
1408 2950 1574 3006 Filius
1608 2959 1729 3021 agat
1760 2951 1949 3019 placita
1979 2962 2127 3013 sunt,

533 3060 657 3100 cum
682 3061 743 3102 ea
774 3046 887 3115 ipsa
917 3052 1041 3116 agat
1064 3059 1288 3100 manens
1343 3043 1395 3099 in
1424 3043 1563 3099 Filio
1588 3043 1787 3098 Pater?
1817 3044 1873 3097 ln
1903 3053 2132 3113 angusto

534 3152 614 3198 es.
643 3136 912 3205 impietas,
936 3144 992 3192 et
1038 3143 1091 3191 te
1135 3134 1496 3190 munitissima
1549 3133 1673 3189 lldei
1722 3142 1920 3190 nostra:
1959 3135 2131 3204 pietas

2223 1909 2404 1964 viderit
2431 1907 2644 1965 Patrem
2676 1912 2964 1983 quicquam,
2993 1914 3095 1968 nisi
3119 1915 3207 1983 qui
3242 1925 3319 1970 est
3357 1936 3389 1970 a
3424 1914 3558 1983 Deo,
3590 1919 3672 1972 hic
3698 1920 3821 1974 vidit

2226 1998 2455 2056 Patrem.
2481 2004 2660 2069 Amen,
2682 2020 2831 2059 amen
2856 2007 2972 2061 dice
2986 2006 3154 2072 nobis,
3176 2009 3263 2077 qui
3285 2010 3445 2064 credit
3469 2011 3522 2065 in
3543 2027 3644 2074 tne,
3665 2013 3815 2067 liabet

2225 2095 2383 2148 citant
2408 2103 2654 2151 teternatn
2678 2096 2843 2167 (Ibid.
2869 2098 2943 2153 £5
2962 2106 3011 2152 et
3052 2100 3243 2169 καφ).
3267 2099 3338 2157 Et
3356 2116 3541 2172 qurere
3561 2104 3818 2175 primum,

2227 2186 2318 2243 ubi
2362 2186 2579 2244 auditus
2618 2188 2691 2244 sit
2729 2189 2912 2255 Pater,
2952 2190 3044 2244 ubi
3087 2190 3337 2247 docuerit
3363 2193 3668 2250 audientes.
3713 2195 3820 2252 Sed

2230 2276 2441 2334 Patrem
2470 2294 2632 2336 nemo
2653 2281 2805 2343 vidit.
2838 2282 2944 2336 nisi
2969 2280 3064 2353 qni
3099 2298 3131 2337 a
3157 2282 3270 2338 Deo
3292 2294 3399 2340 est.
3451 2286 3518 2341 Et
3544 2289 3817 2357 quomodo

2224 2387 2351 2428 cum
2380 2374 2662 2443 quisquam
2689 2373 2944 2440 audierit,
2987 2389 3152 2444 quem
3188 2390 3349 2432 nemo
3378 2377 3545 2433 vidit?
3584 2381 3822 2438 Audiens

2226 2480 2359 2537 ergo
2381 2482 2409 2518 a
2439 2464 2631 2532 Patre,
2660 2467 2727 2523 ad
2756 2467 2949 2523 Filium
2973 2470 3142 2525 venit.
3173 2471 3240 2526 Et
3261 2485 3383 2526 cura
3419 2470 3588 2528 Filius
3609 2474 3689 2545 (ι)
3720 2488 3813 2529 au-

2227 2558 2374 2613 ditur
2396 2567 2453 2613 et
2476 2557 2660 2624 docet,
2702 2558 2987 2615 naturain
3030 2574 3100 2617 eo
3134 2568 3375 2631 paternas
3422 2565 3822 2638 proprietatem

2227 2662 2287 2709 et
2333 2654 2531 2709 audita:
2554 2663 2611 2711 et
2626 2655 2872 2713 docentis
2892 2656 3196 2715 ostenditur
3218 2674 3233 2711 :
3276 2667 3338 2713 ut
3356 2658 3481 2720 boc.
3502 2659 3646 2731 quod
3664 2661 3825 2716 docet

2228 2744 2404 2802 Folius
2425 2755 2483 2801 et
2510 2748 2748 2816 auditur,
2780 2759 3021 2820 paterna:
3053 2750 3318 2806 doctrina:
3359 2752 3689 2821 intelligatur
3724 2770 3822 2807 au-

2231 2839 2382 2896 ditio.
2414 2840 2548 2896 Nam
2577 2856 2702 2897 cum
2746 2857 2909 2899 nemo
2936 2842 3133 2898 viderit
3161 2843 3374 2899 Patrem
3395 2884 3410 2907 ,
3442 2852 3498 2899 et
3532 2844 3598 2900 ad
3628 2844 3825 2901 Filium

2231 2936 2479 2998 veniens.
2502 2950 2532 2990 a
2554 2935 2714 2991 Patre
2733 2936 2916 2991 audiat
2936 2946 3099 3008 atque
3121 2936 3297 2991 discat
3315 2944 3376 2993 ut
3398 2939 3614 2993 veniat:
3635 2937 3824 2993 admo-

2233 3043 2425 3083 nemur
2448 3028 2751 3099 intelligere
2779 3029 2905 3101 quid
2930 3030 3004 3086 sit
3021 3038 3079 3085 et
3105 3031 3159 3087 in
3181 3030 3434 3101 loquente
3453 3030 3593 3087 Filio
3613 3032 3827 3089 Patrem

2231 3119 2451 3185 docere,
2483 3128 2539 3176 et
2573 3121 2626 3177 in
2654 3132 2948 3191 conspecto
2986 3122 3125 3178 Filio
3152 3121 3392 3187 Patrem,
3422 3124 3517 3195 qui
3553 3140 3584 3179 a
3616 3128 3829 3180 nomine

533 3229 825 3285 concludit.
840 3229 963 3299 Agit
982 3228 1181 3300 aliquid
1197 3227 1389 3294 Filius,
1411 3239 1504 3283 aut
1517 3241 1624 3283 non
1644 3229 1753 3299 agit
1773 3246 1787 3283 :
1810 3230 1855 3283 si
1878 3243 1984 3283 non
2004 3230 2135 3298 agit.
2163 3214 2209 3279 C

2121 3266 2135 3292 ,
2163 3214 2209 3279 C
2241 3214 2316 3270 sit
2338 3213 2503 3276 visus.
2529 3213 2739 3279 audiri;
2778 3216 2902 3285 quia
2942 3226 3149 3271 natura:
3179 3223 3418 3285 paternae
3448 3218 3825 3286 proprietatem

531 3321 807 3391 quomodo
831 3322 883 3376 in
916 3321 999 3377 bis
1022 3336 1144 3391 quae
1171 3324 1283 3391 agit
1310 3321 1527 3390 placet?
1558 3320 1603 3375 si
1628 3329 1806 3375 autem
1834 3321 1964 3390 agit,
1991 3336 2130 3390 quo-

524 3414 698 3469 modo
722 3414 833 3483 agit
860 3414 911 3467 in
961 3413 1043 3469 his
1072 3429 1194 3483 qua:
1231 3412 1306 3469 ab
1330 3427 1393 3468 se
1420 3427 1528 3467 non
1566 3412 1721 3483 agit?
1760 3428 1882 3468 cum
1922 3421 1979 3468 et
2005 3428 2130 3485 pro-

534 3506 711 3578 prium
737 3508 810 3562 sit
836 3506 1014 3575 egisse
1032 3520 1153 3575 qure
1180 3505 1429 3575 placeant
1447 3546 1464 3570 ,
1488 3513 1546 3563 et
1561 3504 1685 3562 sine
1708 3504 1902 3561 merito
1925 3505 1996 3561 sit
2022 3520 2129 3560 non

536 3600 605 3655 ob
631 3616 693 3656 se
719 3599 900 3669 egisse
921 3615 1046 3668 quze
1065 3598 1318 3670 gesserit.

607 3693 698 3748 48.
735 3691 784 3744 F
787 3692 906 3746 ilius
927 3692 1018 3763 qui
1041 3708 1132 3762 per
1150 3706 1224 3757 se,
1248 3692 1334 3759 qui
1355 3705 1458 3745 non
1486 3690 1551 3744 ab
1573 3708 1630 3745 se
1654 3700 1797 3762 agat.
1822 3720 1892 3733 -—
1909 3689 2012 3748 Sed
2038 3706 2131 3745 ua-

536 3794 695 3849 turm,
728 3783 809 3855 (5)
835 3783 925 3853 qui
952 3782 1285 3839 contradicis
1307 3823 1323 3845 ,
1355 3780 1470 3837 haec
1493 3783 1673 3838 unitas
1700 3792 1821 3842 est.
1849 3790 1909 3837 ut
1938 3782 2009 3837 ita
2039 3797 2135 3852 per

535 3892 597 3933 se
618 3886 763 3945 agat,
813 3891 882 3931 ne
921 3892 951 3930 a
981 3890 1042 3931 se
1067 3883 1224 3945 agat;
1265 3885 1321 3929 et
1351 3875 1421 3930 ita
1449 3891 1555 3930 non
1581 3875 1650 3931 ab
1686 3889 1748 3933 se
1770 3887 1917 3944 agat,
1953 3885 2012 3931 ut
2040 3890 2135 3944 per

537 3987 599 4026 se
624 3982 766 4043 ngat.
816 3971 1060 4040 Intelligo
1083 3980 1335 4039 agentem
1367 3970 1558 4024 Filium
1579 4012 1597 4035 ,
1625 3982 1681 4026 et
1708 3985 1805 4037 per
1823 3986 1943 4025 eum
1973 3985 2137 4040 agen-

539 4074 650 4121 tem
677 4063 914 4119 Patrem.
942 4061 1057 4117 Non
1083 4062 1151 4116 ab
1171 4077 1230 4117 se
1257 4066 1387 4132 agit,
1419 4077 1541 4118 cum
1566 4061 1726 4119 Pater
1747 4062 1800 4117 in
1825 4077 1892 4117 eo
1916 4078 2136 4118 manere

538 4159 615 4231 (li)
662 4157 1049 4215 moostrandus
1091 4166 1197 4212 est.
1246 4156 1351 4212 Per
1384 4172 1446 4214 se
1482 4158 1610 4227 agit,
1665 4170 1791 4212 cum
1839 4154 2135 4214 secundum

539 4250 662 4306 Filii
702 4251 1037 4306 nativitatem
1076 4250 1187 4317 agit
1210 4251 1329 4318 ipse
1349 4265 1473 4320 qua:
1496 4249 1692 4321 placita
1718 4257 1864 4306 sunt.
1896 4247 2137 4304 lnﬁrmis

536 4345 742 4405 sitnon
766 4359 797 4399 a
820 4358 881 4398 se
907 4344 1139 4414 agendo,
1176 4345 1279 4400 nisi
1304 4344 1443 4401 adeo
1472 4345 1588 4416 ipso
1615 4343 1747 4415 agit,
1780 4352 1842 4398 ut
1878 4358 2001 4414 qua:
2028 4342 2140 4413 agit

539 4440 805 4509 placeant.
828 4437 950 4495 Non
978 4439 1049 4495 sit
1087 4453 1217 4494 vero
1235 4440 1289 4494 in
1323 4439 1529 4495 unitate
1554 4449 1782 4502 naturae,
1808 4440 1855 4494 si
1886 4453 1994 4494 non
2015 4452 2139 4508 quae

542 4533 657 4601 ipse
685 4534 850 4606 ,ω
869 4532 1000 4603 agit,
1024 4541 1082 4588 et
1114 4531 1168 4587 in
1198 4532 1393 4599 quibus
1416 4531 1614 4601 placet.
1641 4545 1751 4587 non
1783 4545 1883 4599 per
1908 4545 1972 4585 se
2003 4529 2135 4599 agit,

2235 3304 2494 3361 nativitas
2518 3305 2640 3362 Filii
2674 3306 2726 3361 in
2752 3320 2812 3361 se
2842 3305 3078 3375 perlecta
3104 3308 3405 3362 contineat.
3438 3306 3640 3364 Veiens
3668 3309 3829 3379 igitur-

2235 3397 2542 3470 unigenitus
2575 3397 2716 3454 Deus
2753 3398 3130 3455 auctoritatem
3158 3409 3436 3469 paternam
3463 3441 3479 3464 ,
3511 3401 3664 3456 salva
3688 3403 3740 3456 in
3769 3418 3831 3457 se

2236 3499 2441 3545 naturae
2470 3490 2691 3557 unitate,
2718 3491 2928 3560 testari,
2949 3501 3004 3549 et
3029 3491 3185 3547 datos
3202 3492 3306 3549 sibi
3323 3508 3355 3548 a
3375 3494 3532 3551 Patre
3554 3511 3661 3549 non
3684 3497 3830 3565 apel—

2237 3580 2334 3646 lit,
2358 3591 2415 3638 ct
2446 3582 2776 3646 voluntatem
2811 3599 2919 3641 non
2946 3599 3100 3641 suam
3120 3625 3137 3652 ,
3164 3586 3262 3642 sed
3290 3587 3411 3655 ejus
3434 3588 3525 3658 qui
3552 3603 3612 3644 se
3647 3590 3829 3656 misit,

2237 3672 2425 3740 eiticit,
2457 3688 2566 3730 non
2588 3675 2733 3747 quod
2759 3691 2870 3732 non
2898 3674 3048 3744 velit,
3076 3693 3206 3748 qua
3243 3680 3372 3749 agit,
3415 3690 3512 3735 ant
3547 3683 3689 3750 quod
3722 3699 3828 3738 nou

2237 3765 2354 3837 ipse
2373 3768 2621 3824 audiatur
2646 3768 2738 3839 qui
2762 3767 2923 3826 docet
2945 3787 2959 3826 :
2985 3770 3081 3827 sed
3103 3781 3163 3827 ut
3184 3779 3243 3827 et
3270 3786 3395 3827 eum
3424 3774 3515 3843 qui
3533 3789 3598 3828 se
3625 3775 3824 3840 mittat,

2239 3871 2293 3916 et
2315 3877 2377 3916 se
2399 3863 2493 3933 qui
2521 3864 2720 3920 missus
2746 3872 2851 3929 est.
2886 3864 2988 3921 sub
3015 3866 3346 3936 proprietate
3373 3878 3581 3924 natura
3609 3868 3817 3925 indiffe-

2240 3953 2413 4009 rentis
2435 3954 2783 4010 ostenderet:
2835 3972 2957 4012 cum
2992 3971 3114 4028 qua:
3143 3961 3277 4025 vult,
3322 3958 3455 4027 agit,
3482 3969 3541 4014 et
3566 3960 3821 4031 loquitur,

2242 4060 2306 4101 ea
2325 4055 2380 4101 ct
2402 4048 2731 4103 voluntatem
2769 4055 2826 4102 et
2868 4063 3027 4119 opera
3054 4056 3115 4105 et
3144 4049 3287 4106 dicta
3316 4050 3490 4107 Patris
3521 4066 3643 4109 esse
3668 4051 3834 4123 signi—

2242 4140 2386 4197 licet.

2314 4234 2592 4308 397.50.
2607 4233 2814 4291 Christo
2832 4235 2994 4292 libera
3012 4237 3263 4293 edentes.
3283 4235 3397 4293 Nec
3414 4252 3448 4293 a
3466 4235 3644 4294 Patris
3659 4239 3829 4293 soluu-

2244 4337 2346 4383 tate
2364 4328 2713 4383 diasidma-
2730 4328 2885 4397 Quod
2903 4338 3079 4385 autem
3100 4329 3171 4387 sit
3186 4329 3372 4388 liberat
3390 4330 3704 4396 voluntatis,
3728 4346 3835 4388 non

2242 4423 2493 4492 ambigue
2518 4420 2758 4477 ostendit
2794 4437 2918 4479 cum
2947 4422 3053 4478 ait:
3087 4422 3232 4478 Sicut
3271 4424 3408 4479 eaiat
3442 4422 3603 4479 Pater
3625 4427 3838 4480 suscitat

2240 4525 2472 4571 atat-tuos
2511 4527 2559 4571 et
2600 4516 2857 4584 uici/ica,
2894 4516 2972 4571 sic
2998 4524 3052 4570 et
3090 4513 3267 4571 Filius
3302 4532 3430 4589 quos
3458 4516 3566 4573 uult
3608 4519 3834 4590 vivi/ica:

538 4624 635 4680 sed
679 4640 904 4680 manens
935 4626 988 4679 in
1026 4640 1095 4680 eo
1128 4623 1196 4679 ad
1235 4623 1500 4694 agendum
1534 4623 1692 4679 Pater
1726 4623 1941 4679 edocet.
1974 4622 2050 4679 Ita
2080 4631 2135 4677 et
2158 4616 2242 4678 D1

2125 4616 2214 4678 ιι)
2237 4606 2418 4680 (locis.
2443 4624 2495 4675 v,
2519 4606 2635 4679 2t).
2661 4608 2795 4664 Cum
2815 4609 3039 4680 aqualis
3064 4610 3116 4664 in
3142 4609 3305 4667 Patre
3326 4622 3382 4666 et
3412 4610 3552 4668 Filio
3574 4624 3633 4668 et
3660 4618 3829 4669 virtu~

539 4717 811 4773 manendo
850 4718 1013 4773 docet
1048 4716 1231 4783 Pater,
1270 4726 1324 4772 et
1369 4713 1538 4773 Filius
1565 4714 1777 4786 agendo
1815 4729 1926 4770 non
1966 4713 2035 4769 ab
2075 4729 2135 4768 se

537 4810 667 4876 agit,
693 4815 748 4862 et
774 4823 880 4862 non
899 4809 967 4863 ab
990 4821 1050 4862 se
1076 4822 1239 4878 agens
1266 4806 1453 4871 l-‘ilius,
1479 4821 1601 4861 cum
1627 4822 1747 4877 quae
1788 4805 1979 4875 placita
2011 4815 2139 4860 sunt

540 4905 685 4967 facit.
703 4908 816 4975 ipse
841 4906 972 4975 agit.
1000 4905 1079 4961 Ac
1093 4904 1172 4960 sic
1192 4904 1371 4959 unitas
1388 4911 1598 4959 naturze
1617 4901 1882 4958 retinetur
1903 4901 1956 4957 in
1974 4915 2139 4969 agen-

537 4997 611 5054 do
630 5016 643 5051 :
668 4998 869 5067 dumet
893 5000 1006 5068 ipse
1020 5012 1252 5067 operans
1272 5009 1379 5051 non
1406 5004 1659 5067 operatur
1673 4993 1742 5050 ab
1757 5009 1838 5062 se,
1861 5002 1915 5051 et
1940 4993 2056 5064 ipse
2070 4992 2141 5048 ab

536 5106 599 5148 se
623 5108 730 5149 non
757 5101 1011 5159 operatus
1038 5099 1315 5162 operatur.

608 5207 691 5282 (1)
728 5205 847 5282 [fon
871 5208 1133 5280 relinquit,
1157 5218 1245 5278 atq
1267 5220 1318 5260 ἰι
1348 5207 1419 5263 it't
1445 5204 1585 5263 iul‘ra
1612 5203 1716 5262 bis.

611 5278 689 5345 (Ξ)
723 5278 934 5334 Facere.

610 5344 691 5423 (3':
715 5349 810 5406 Cui
837 5351 1161 5406 contradicit.
1190 5350 1309 5407 Mn).
1363 5368 1424 5406 ne
1453 5351 1510 5405 ab
1530 5365 1582 5404 se
1603 5357 1742 5419 agat.
1764 5346 1915 5415 Quod
1943 5344 2140 5417 repeti-

614 5471 692 5546 (a)
730 5471 860 5526 Bad.
885 5484 1007 5546 cum
1032 5469 1239 5546 aliquot
1250 5482 1381 5546 _mss
1402 5541 1415 5546 _
1438 5484 1651 5541 qumque
1678 5475 1817 5546 agat,
1854 5467 2138 5521 Editiones

542 5541 683 5605 aliae,
715 5558 834 5613 quat
874 5544 989 5611 quia
1024 5551 1165 5613 agat.
1207 5541 1485 5597 Sincerins
1525 5554 1657 5594 mss.
1707 5541 1976 5609 potiores.
2022 5553 2137 5613 qua:

543 5626 686 5686 agat,
710 5609 979 5686 quomodo
1011 5609 1252 5668 inferius.
1284 5629 1384 5667 non
1406 5614 1470 5669 ai-
1488 5629 1542 5668 sc
1567 5613 1729 5685 egisse
1754 5626 1868 5683 qua:
1885 5609 2093 5683 gesserit
2118 5654 2130 5672 ,

546 5684 687 5756 quod
715 5684 779 5756 ad
818 5684 1010 5738 Filium
1042 5687 1291 5738 relertnr.

617 5756 691 5823 (ὁ)
725 5754 795 5807 Ita
828 5756 1149 5809 vetustiores
1182 5756 1317 5810 libri.
1357 5756 1459 5810 Alii
1484 5770 1629 5819 vero,
1658 5763 1983 5811 monstratur.

622 5832 698 5884 lc}
724 5827 776 5880 ln
808 5842 912 5880 uno
941 5845 1036 5879 ms,
1075 5825 1268 5880 Valita.
1300 5838 1345 5881 (Ἰ
1376 5827 1661 5883 audientis:
1703 5827 1863 5881 male.
1895 5823 2140 5887 Defendit

2243 4701 2313 4756 tis
2338 4709 2574 4771 potestas
2598 4709 2654 4757 et
2684 4701 2907 4757 honoris
2937 4701 3173 4772 dignitas
3211 4701 3591 4775 manifestatur
3612 4746 3627 4772 ,
3660 4705 3731 4762 ibi
3776 4717 3834 4763 et

2243 4792 2467 4849 libertas
2490 4792 2780 4850 voluntatis
2804 4793 3143 4851 ostenditur:
3174 4800 3297 4851 cum
3324 4806 3501 4853 autem
3541 4797 3622 4873 (d)
3662 4802 3838 4856 unitas

2244 4884 2684 4955 demonstratur,
2716 4888 2788 4945 ibi
2817 4896 3057 4958 paterna:
3081 4888 3372 4946 voluntatis
3396 4890 3729 4960 signiﬁcatur
3758 4898 3839 4948 at-

2246 4981 2425 5039 lectio.
2457 4982 2589 5054 Qua:
2613 4983 2757 5040 enim
2780 4984 2893 5040 vult
2930 4983 3122 5051 Pater,
3161 4999 3225 5039 ea
3255 4982 3425 5039 Filius
3454 4984 3601 5043 facit.
3638 4986 3839 5046 Facere

2246 5086 2426 5132 autem
2458 5075 2581 5146 plus
2610 5085 2694 5132 est
2716 5120 2730 5143 ,
2765 5091 2925 5145 quam
2967 5077 3229 5135 voluntati
3262 5076 3483 5133 obedire
3510 5095 3525 5132 :
3553 5079 3678 5149 quia
3711 5081 3825 5135 obe-

2239 5209 2325 5256 tur
2350 5196 2511 5270 intra,
2542 5196 2606 5250 ab
2635 5214 2691 5253 se
2716 5197 2933 5270 agendo.
2965 5196 3063 5256 Ubi
3092 5196 3253 5251 etiam
3280 5197 3538 5267 inﬁrmus,
3563 5213 3668 5252 non
3694 5199 3838 5268 inﬁrw

2240 5273 2357 5328 niis.
2388 5268 2554 5341 Paulo
2581 5278 2720 5341 post,
2753 5268 3047 5324 mandando
3078 5282 3175 5339 pro
3202 5270 3484 5325 manendo:
3515 5278 3786 5341 corrupte.

2317 5341 2397 5417 (.t)
2423 5339 2492 5395 Et
2520 5338 2766 5395 audiatur
2792 5351 2840 5395 et
2860 5340 3063 5398 doceat.

2245 5463 2480 5521 Hilarius
2528 5462 2743 5518 Patrem
2792 5472 3082 5529 numquam
3112 5455 3298 5529 audiri
3342 5457 3427 5514 vel
3464 5457 3687 5523 docere,
3737 5458 3841 5513 nisi

2242 5546 2510 5609 quatenus
2536 5533 2774 5609 loquitur
2808 5544 2873 5587 ac
2892 5528 3057 5609 docet
3084 5528 3407 5609 Eilittsnmtli
3433 5538 3490 5609 ut
3518 5531 3843 5609 Augustinus

2245 5598 2435 5662 contra
2465 5598 2644 5661 Serui.
2679 5605 2775 5658 Ar.
2803 5618 2853 5657 c.
2887 5602 2983 5666 26,
3009 5599 3218 5665 scribit,
3253 5598 3426 5655 Patris
3453 5598 3685 5654 doctrina
3708 5606 3840 5671 est).

2246 5678 2333 5735 Ex
2360 5693 2469 5749 quo
2496 5692 2606 5733 non
2634 5675 2776 5731 male
2800 5674 2967 5749 sumit
2996 5672 3048 5727 in
3077 5670 3213 5749 Filio
3236 5685 3358 5749 esse
3380 5680 3584 5749 natura:
3606 5670 3844 5740 pati-tne

2246 5740 2652 5823 proprietatem,
2662 5760 2760 5823 seu
2773 5743 3018 5823 eamdem
3032 5755 3153 5823 esse
3168 5741 3343 5823 Patris
3366 5753 3420 5819 et
3435 5740 3816 5823 Piliinaturnm

2323 5814 2473 5883 (ωιτν
2501 5835 2629 5877 mss.
2662 5817 2783 5871 Val.
2820 5818 2931 5873 bas.
2957 5820 3011 5865 et
3041 5814 3250 5868 \l‘at‘tin.
3280 5814 3597 5867 auctoritatis
3630 5818 3797 5867 unitas
