4316 6466
437 345 541 403 329

1648 348 1734 402 DE
1764 345 2135 404 TlilMlA'l‘l‘;
2177 344 2373 401 Lllilili
2411 349 2495 403 IX.

3623 371 3726 426 330

436 460 577 526 quod
604 475 696 518 per
725 476 785 519 se
812 461 1058 534 intraque
1084 478 1144 520 se
1172 470 1249 518 est
1273 506 1288 530 ,
1325 464 1564 528 nescisse
1592 460 2027 519 esistimabitnr?
2059 463 2099 520 Λ
2134 476 2140 528 ι

2021 462 2027 488 ’
2059 463 2099 520 Λ
2134 462 2566 528 ιτενειὶριιιίηιιιῖ
2595 466 2852 521 ιΙιιπιληῐῑδ
2880 471 3019 526 istud
3044 481 3389 532 (ληιιςρῂρττιεητ
3417 499 3520 535 ηιιιι
3550 498 3725 554 lii-ips;

437 551 505 609 Et
553 555 713 610 alieni
746 567 939 625 potens
962 595 979 623 ,
1030 555 1296 626 impotens
1325 557 1407 612 sui
1453 567 1564 620 est;
1593 555 1660 611 de
1690 570 1799 621 quo
1823 553 2026 608 dictum

436 647 862 715 meminerimus,
884 647 1070 704 Omnia
1093 666 1182 718 per
1202 651 1394 722 ipsum,
1415 658 1463 705 et
1485 650 1538 702 in
1559 648 1670 720 ipso
1696 659 1866 700 creato
1885 654 2024 709 sunt,

433 749 478 796 et
497 740 606 810 ipse
632 749 706 796 est
724 751 841 797 ante
865 757 1039 797 omnes
1056 740 1276 814 (Colon.
1299 758 1337 806 ι,
1371 740 1495 812 16);
1527 741 1608 795 vel
1635 738 1786 804 illud,
1810 738 1943 802 Quia
1973 737 2026 789 in

436 832 548 904 ipso
574 835 883 907 complacuit
913 851 1109 889 omnem
1136 833 1216 906 (1)
1247 833 1620 904 plenitudinem
1643 831 1947 893 inhabitare,
1976 838 2025 883 et

437 944 528 1000 per
558 928 727 999 ipsum
755 928 1080 986 reconciliari
1121 929 1294 983 omnia
1335 927 1411 998 (α)
1444 928 1497 981 in
1524 942 1639 980 eum
1668 923 1856 996 (Mitt,
1893 921 2024 994 l9)?

428 1019 562 1076 Cum
588 1019 746 1092 igitur
771 1020 948 1077 omnis
977 1022 1028 1076 in
1056 1034 1122 1076 eo
1166 1021 1235 1075 sit
1270 1019 1566 1089 plenitudo,
1613 1028 1666 1072 et
1718 1016 1894 1071 omnia
1929 1031 2024 1086 per

431 1115 604 1184 ipsum
631 1123 686 1172 et
717 1114 768 1170 in
800 1115 920 1186 ipso
944 1113 1360 1171 reconcilientur
1385 1154 1398 1179 ,
1429 1121 1482 1168 et
1508 1112 1622 1167 dies
1656 1111 1746 1165 illa
1775 1110 2018 1165 reconci-

428 1204 660 1263 liationis
690 1213 889 1262 nostra:
913 1206 1244 1274 exstiectatio
1267 1203 1333 1259 sit
1366 1219 1380 1257 :
1415 1203 1548 1256 hanc
1575 1202 1664 1256 ille
1694 1201 1835 1256 diem
1865 1204 2018 1268 igno-

428 1311 542 1367 rat.
596 1298 750 1371 cujus
788 1308 840 1356 et
884 1299 937 1354 in
985 1313 1047 1354 se
1079 1310 1286 1368 tempus
1327 1307 1444 1362 est,
1481 1307 1535 1351 et
1575 1313 1667 1364 per
1707 1312 2017 1350 sacramen-

428 1403 538 1449 tum
560 1391 631 1466 (ὑ)
654 1391 772 1462 ejus
800 1393 915 1449 est?
940 1392 1146 1448 Etenim
1173 1390 1435 1447 adventus
1458 1389 1536 1444 sui
1564 1388 1681 1443 dies
1709 1387 1807 1443 ista
1827 1397 1933 1455 cst,
1951 1388 2018 1442 de

425 1501 525 1556 qua
558 1483 851 1558 Apostolus
876 1485 989 1550 ait,
1034 1481 1164 1538 Cum
1188 1491 1354 1538 mrtem
1398 1481 1560 1555 305
1592 1480 1820 1534 Christus
1855 1498 2018 1552 appu-

425 1583 583 1636 ruerit
641 1581 744 1635 vita
783 1587 986 1644 uestra,
1045 1587 1168 1632 tunc
1213 1586 1260 1630 et
1306 1590 1390 1629 vos
1438 1591 1553 1627 cum
1608 1591 1669 1627 ιο
1705 1573 2017 1642 apparebitis

427 1676 506 1745 (2)
533 1676 588 1730 in
614 1675 780 1748 gloria
803 1673 1026 1748 (Coloss.
1051 1689 1131 1735 nt.
1161 1671 1238 1742 4).
1262 1670 1431 1727 Nemo
1463 1671 1643 1739 itaque
1670 1667 1812 1739 quod
1835 1685 1932 1739 per
1956 1685 2016 1725 se

421 1779 476 1826 et
503 1769 646 1828 intra
680 1785 740 1825 se
766 1778 872 1832 est,
905 1768 1078 1824 nescit
1109 1785 1124 1820 ;
1153 1765 1400 1822 Christus
1435 1763 1608 1820 adet-it
1631 1805 1645 1830 ,
1668 1775 1722 1819 et
1750 1761 2015 1817 adventus

2131 552 2273 608 [εἴτε
2305 557 2622 620 ίΓ¹’¹ἶ·Ῐ⁴Ι·¹Ιὶο),
2650 568 2707 613 ttl.
2729 562 2831 615 hoc
2853 565 2953 616 silli
2983 565 3050 618 tll.‘
3078 567 3185 620 llr-ti
3209 573 3486 625 nt'lnlrinm
3520 552 3565 643 υἱ
3585 598 3720 632 ςιιδιι,

2130 657 2270 713 mat,
2300 664 2352 704 et
2382 651 2430 704 ei
2461 657 2586 704 vitia
2617 652 2862 708 humum:
2884 655 3270 716 denmtationis
3313 666 3616 735 adst'ribat;
3664 684 3723 726 nt

2129 750 2218 793 aut
2249 741 2446 812 aliquid
2481 741 2613 796 Filio
2645 742 2808 800 Pater
2837 746 3086 819 deneget,
3121 755 3429 827 autaliqnid
3460 760 3599 817 Dens
3623 780 3720 818 na-

2130 841 2215 887 tus
2243 833 2472 904 ignoret.

2199 926 2287 981 61.
2325 926 2396 982 Ut
2423 927 2561 983 Deus
2583 972 2596 995 ,
2629 933 2823 985 invidia
2848 946 3032 1002 uorat;
3073 947 3126 990 ut
3179 936 3352 996 Pater.
3385 945 3458 996 nil
3489 963 3588 998 non
3635 949 3723 999 dat

2123 1020 2261 1089 quod
2281 1020 2450 1086 habet,
2481 1026 2760 1089 priuatim
2791 1044 2904 1080 cum
2924 1032 2988 1083 sit
3009 1032 3246 1100 simplex.
3273 1034 3338 1088 L’t
3370 1035 3498 1100 Deo,
3525 1041 3594 1091 ita
3625 1039 3719 1092 Di-i

2123 1113 2258 1181 ﬁlio,
2294 1115 2560 1185 proprium
2582 1127 2657 1170 est
2681 1122 2860 1189 {altera
2893 1127 3148 1191 masc-ire.
3194 1157 3256 1165 -ι-
3309 1127 3486 1182 Nescit
3537 1141 3716 1187 autem

2124 1203 2269 1260 Dens
2320 1208 2460 1262 aliud
2516 1210 2804 1279 aliquando
2851 1227 3011 1282 quam
3061 1219 3282 1272 dilectio
3335 1236 3490 1282 t‘ssc,
3547 1241 3719 1290 ιιιημιιι

2122 1298 2265 1354 aliud
2296 1316 2456 1370 quam
2481 1313 2633 1372 pater
2660 1319 2802 1360 esse.
2828 1305 3005 1376 l-thni
3038 1309 3205 1380 diligit
3233 1353 3245 1377 ,
3301 1327 3403 1366 non
3453 1315 3651 1368 imidcl
3704 1336 3714 1368 τ

2119 1402 2176 1446 et
2193 1395 2282 1463 qui
2308 1404 2461 1465 paler
2486 1410 2567 1452 εει
2593 1440 2608 1461 ,
2639 1400 2930 1454 nonetiam
2954 1417 3059 1456 non
3094 1416 3245 1474 pater
3277 1415 3420 1459 tutus
3467 1419 3567 1461 est.
3601 1410 3716 1464 Non

2118 1486 2263 1539 enim
2287 1488 2525 1543 admittit
2551 1490 2653 1544 hoc
2681 1507 2876 1547 nomen
2925 1496 3266 1561 portionem.
3326 1510 3380 1551 ut
3425 1517 3489 1554 ex
3539 1501 3719 1572 aliquo

2121 1591 2270 1648 pater
2295 1587 2398 1644 sit.
2426 1591 2480 1636 et
2502 1599 2566 1637 cx
2620 1585 2800 1654 aliquo
2837 1596 2991 1656 pater
3034 1587 3200 1660 306
3240 1607 3349 1645 non
3403 1592 3492 1646 sit.
3560 1593 3719 1648 Pater

2117 1672 2261 1726 enim
2291 1674 2657 1731 univcrsitatis
2687 1677 2756 1748 (ί)
2789 1678 2907 1748 ejus
2933 1696 3054 1748 qua:
3104 1683 3155 1735 in
3186 1697 3245 1738 se
3274 1694 3358 1739 est
3400 1696 3550 1753 pater
3599 1698 3679 1740 est
3701 1730 3714 1752 ,

2115 1780 2330 1821 omnem
2361 1782 2422 1822 se
2449 1768 2502 1822 in
2544 1785 2610 1824 eo
2638 1769 2838 1826 habens
2863 1814 2876 1836 ,
2933 1776 3017 1829 cui
3078 1790 3185 1831 non
3236 1778 3305 1831 sit
3343 1796 3406 1833 ex
3469 1782 3717 1845 portione

420 1862 503 1919 sui
544 1861 685 1919 diem
718 1862 968 1934 ignorat?
996 1861 1121 1917 Dies
1156 1874 1285 1914 suus
1310 1867 1414 1925 est,
1445 1855 1741 1914 secundum
1766 1857 2014 1912 eumdem
2047 1858 2095 1920 Β
2121 1858 2262 1928 quod
2295 1869 2447 1929 initer
2461 1872 2540 1916 est
2578 1880 2590 1914 :
2626 1878 2732 1917 non
2759 1864 2905 1934 quod
2933 1866 3033 1921 sibi
3063 1884 3250 1922 eormn
3279 1886 3399 1938 qna-
3439 1887 3532 1925 stin
3587 1883 3714 1925 sunt

419 1955 734 2030 Apostolutu
759 1998 774 2023 ,
821 1958 944 2028 quia
992 1955 1100 2011 dies
1135 1952 1345 2008 Domini
1377 1954 1507 2008 sicut
1547 1956 1635 2022 [nr
1667 1961 1810 2006 nocte
1860 1950 2023 2006 adeo?

419 2053 520 2109 niet
551 2049 595 2121 (1
619 2050 802 2106 Thess.
854 2065 910 2116 v,
940 2049 1000 2120 2)
1030 2065 1043 2102 :
1073 2056 1129 2105 et
1156 2047 1492 2119 ignoratione
1521 2047 1640 2112 ejus
1668 2043 1896 2100 detineri
1929 2045 2012 2098 in-

422 2141 742 2217 tetligendus
772 2140 895 2198 est?
941 2141 1198 2197 Humana:
1247 2151 1452 2195 natura:
1491 2137 1635 2209 quod
1682 2153 1839 2207 agere
1882 2138 2012 2193 deli.

417 2239 610 2304 niunt,
650 2244 911 2310 quantum
964 2233 1017 2290 in
1049 2249 1109 2292 se
1149 2242 1269 2301 est,
1302 2231 1630 2303 prazsciunt,
1673 2242 1727 2287 ct
1773 2223 2014 2302 sequitur

418 2331 777 2404 gerendorum
807 2329 1046 2402 cognitio
1075 2328 1406 2385 voluntatem
1435 2326 1629 2398 agendi
1670 2343 1683 2379 :
1716 2326 1858 2382 Deus
1885 2342 2014 2382 vero

419 2437 577 2483 natus
599 2427 740 2498 quod
773 2424 828 2483 in
873 2442 933 2482 se
959 2435 1015 2484 et
1040 2442 1136 2497 per
1160 2442 1222 2481 se
1239 2434 1324 2480 est
1350 2423 1560 2480 nescit?
1588 2422 1691 2478 Per
1719 2437 1842 2477 eum
1870 2422 2014 2478 enim

418 2530 661 2594 tempora
685 2566 698 2590 ,
732 2531 787 2578 et
817 2525 869 2578 in
899 2538 966 2576 eo
1000 2520 1117 2578 dies
1143 2530 1225 2576 cst
1250 2537 1264 2584 ;
1298 2519 1421 2591 quia
1449 2527 1505 2574 ct
1533 2533 1627 2588 per
1657 2517 1830 2587 ipsum
1873 2515 2013 2572 futuo

416 2629 598 2672 rorum
644 2613 963 2672 constitutio
991 2623 1075 2670 est
1104 2656 1118 2680 ,
1147 2629 1201 2670 ct
1227 2616 1280 2668 in
1310 2612 1427 2684 ipso
1466 2611 1730 2672 adventus
1775 2611 1857 2666 sui
1897 2611 2011 2666 dis-

417 2707 663 2778 pensatio
691 2715 771 2765 est
803 2723 814 2760 :
847 2714 904 2763 et
928 2705 1031 2762 erit
1068 2706 1121 2761 in
1161 2722 1222 2760 ea
1250 2703 1609 2770 hebetudine.
1640 2714 1700 2760 ut
1727 2703 1871 2776 quod
1910 2703 2011 2761 sibi

417 2809 658 2867 constat,
710 2815 873 2859 sensu
911 2811 1116 2860 natura:
1167 2801 1429 2872 torpentis
1476 2799 1726 2871 ignoret.
1777 2799 2010 2855 ferarum

417 2893 828 2966 helluarumqne
878 2894 1076 2961 modo,
1124 2909 1244 2965 qu.e
1282 2905 1433 2951 extra
1483 2894 1744 2949 rationem
1794 2893 2003 2950 consilii
2067 2945 2077 2956 ,

423 2988 758 3060 providentis
801 2988 1052 3044 animata:
1077 3029 1092 3054 ,
1125 2988 1298 3059 ipsum
1329 2988 1470 3059 quod
1514 2994 1681 3059 agunt
1725 2987 1970 3042 nesciunt
1996 3028 2011 3050 ,

415 3095 538 3138 cum
565 3080 798 3153 quodam
845 3088 991 3137 motu
1032 3079 1263 3151 stupidze
1294 3079 1586 3134 voluntatis
1611 3078 1858 3150 agitatur,
1905 3078 2014 3135 tor-

419 3175 553 3230 tuito
581 3172 646 3228 ad
677 3171 880 3244 aliquid
905 3180 961 3229 et
990 3174 1196 3229 incerto
1225 3171 1472 3228 teruntur
1499 3170 1779 3240 ingressu?

2119 1959 2269 2019 pater
2296 1951 2410 2023 ipse
2436 1951 2538 2017 sit,
2563 1954 2656 2007 sed
2680 1957 2824 2025 quod
2855 1956 2907 2010 in
2939 1955 3022 2011 his
3048 1960 3243 2028 quibus
3266 1960 3380 2028 ipse
3401 1973 3481 2016 est
3509 2004 3523 2028 ,
3549 1965 3596 2017 ei
3621 1965 3711 2033 qni

2116 2057 2182 2096 ex
2211 2056 2271 2099 se
2291 2056 2372 2098 est
2392 2082 2408 2109 ,
2445 2054 2596 2112 pater
2623 2053 2764 2100 totus
2785 2046 2874 2100 sit.
2905 2047 2971 2102 Et
3000 2064 3123 2103 cum
3180 2052 3474 2106 secundum
3535 2056 3716 2110 Imma-

2117 2151 2308 2191 norum
2334 2151 2622 2207 corporum
2647 2149 2866 2194 naturas
2887 2182 2899 2205 ,
2932 2156 3051 2210 qua:
3082 2159 3150 2196 ex
3184 2145 3489 2215 disparibus
3516 2163 3715 2204 conve-

2118 2229 2272 2283 niunt
2300 2243 2355 2285 et
2410 2247 2474 2285 ex
2508 2233 2824 2302 compositis
2871 2236 3206 2302 consistunt,
3253 2251 3357 2290 non
3397 2242 3565 2308 possit
3611 2243 3714 2296 nisi

2115 2323 2355 2380 omnium
2386 2340 2606 2380 suorum
2627 2327 2749 2396 quis
2775 2327 2852 2399 (ῃ)
2884 2339 3206 2400 paterpater
3229 2347 3349 2387 esse
3370 2374 3385 2400 ,
3411 2336 3536 2389 dum
3568 2339 3712 2406 quod

2116 2415 2171 2471 in
2220 2433 2543 2489 unoquoque
2569 2430 2655 2475 est
2681 2437 2942 2492 generum
2974 2439 3036 2479 ac
3066 2425 3337 2494 partium,
3387 2429 3438 2482 id
3489 2433 3538 2484 in
3589 2432 3715 2485 liliis

2115 2512 2369 2568 nativitas
2391 2513 2627 2584 perfecta
2660 2529 2969 2573 conservet:
3007 2521 3247 2577 omnium
3301 2537 3433 2594 ergo
3487 2541 3710 2581 suorum

2117 2605 2236 2675 quis
2267 2616 2423 2678 pater
2451 2619 2604 2678 pater
2653 2621 2766 2675 est,
2819 2611 2946 2666 dum
2995 2630 3061 2669 ex
3098 2619 3349 2674 omnibus
3377 2623 3628 2679 uativitas
3658 2635 3713 2679 et

2116 2698 2169 2755 in
2199 2701 2450 2757 omnibus
2482 2713 2683 2759 manet.
2721 2704 2780 2759 Et
2815 2721 2936 2760 cum
2963 2707 3015 2761 in
3049 2708 3161 2764 Deo
3183 2727 3288 2765 nou
3311 2713 3421 2767 sint
3446 2731 3705 2785 corpom-

2117 2791 2209 2856 lia,
2254 2793 2350 2848 sed
2390 2793 2671 2860 absoluta;
2723 2812 2903 2866 neque
2955 2800 3274 2869 particulata
3304 2845 3318 2862 ,
3349 2806 3443 2860 sed
3493 2816 3599 2863 tota
3657 2820 3712 2864 ct

2115 2887 2397 2954 universa;
2427 2904 2532 2943 non
2563 2889 2828 2945 viviﬁcata
2851 2934 2863 2955 ,
2906 2892 3000 2946 sed
3028 2894 3176 2960 viva;
3209 2905 3352 2952 totus
3383 2900 3600 2967 vivens,
3657 2915 3713 2959 et

2117 2995 2281 3035 unum
2307 2979 2384 3053 (5)
2417 2979 2496 3051 (ἡ)
2529 2989 2672 3037 ιοιυε
2698 2983 2839 3039 Dens
2885 2993 2991 3052 est,
3032 2987 3158 3042 dum
3203 3004 3312 3045 non
3353 3007 3416 3045 ex
3465 2997 3714 3063 portione

2116 3074 2452 3143 compositus
2472 3087 2585 3142 est,
2609 3076 2701 3131 sed
2734 3093 2799 3130 ex
2836 3079 3186 3148 simplicitate
3242 3085 3516 3151 perfectus
3555 3097 3638 3143 est
3691 3107 3705 3144 :

2117 3181 2344 3221 necesse
2373 3174 2456 3221 est
2482 3208 2496 3232 ,
2521 3176 2579 3222 ut
2605 3169 2903 3224 secundum
2953 3171 3097 3240 quod
3141 3184 3222 3228 est
3257 3186 3427 3244 pater,
3483 3179 3598 3250 ipse
3637 3183 3710 3238 sit

483 3267 575 3324 60.
607 3265 756 3321 Patri
781 3265 1090 3338 injuriorum
1114 3276 1188 3320 est
1222 3262 1362 3319 Filio
1390 3265 1736 3336 ignorantiam
1791 3265 2001 3337 aﬁnge-
2029 3257 2076 3323 C
2106 3260 2346 3316 omnium
2374 3275 2591 3316 suorum
2633 3263 2680 3317 ei
2721 3279 2880 3334 quem
2912 3279 2973 3320 ex
3026 3281 3087 3321 se
3125 3269 3311 3337 genuit
3358 3281 3509 3340 pater
3539 3286 3704 3344 totus,

415 3378 472 3418 re
492 3362 640 3434 quasi
687 3363 734 3416 ei
781 3360 1042 3416 inviderit.
1085 3389 1158 3400 ——
1199 3358 1486 3428 Quomodo
1537 3360 1699 3414 etiam
1748 3359 2008 3416 Dominus

413 3457 599 3527 glorirc
617 3497 634 3522 ,
660 3455 924 3511 adventus
947 3454 1027 3510 sui
1059 3453 1342 3521 ignorabili
1369 3452 1456 3509 die
1477 3497 1493 3519 ,
1523 3465 1726 3508 natum
1754 3470 1875 3509 esse
1927 3456 1998 3508 in-

415 3549 729 3620 composita:
758 3548 1198 3619 imperfectzuquc
1240 3547 1510 3611 credetur,
1535 3564 1655 3617 ane
1684 3555 1740 3602 et
1770 3549 2006 3604 necessi-

420 3651 582 3698 tatem
635 3641 833 3696 haheat
896 3638 1249 3701 advcttiendi.
1310 3646 1366 3693 ct
1407 3639 1690 3695 scientiam
1743 3639 2010 3697 adventus

420 3734 502 3790 sui
550 3748 658 3788 non
682 3731 870 3801 adepta
903 3732 1011 3786 sit?
1062 3730 1164 3786 Per
1220 3729 1360 3800 quod
1416 3729 1593 3800 potior
1631 3732 1701 3785 sit
1747 3731 2011 3802 ignoratio

425 3829 500 3900 (ο)
532 3828 665 3893 Deo,
691 3842 811 3898 qua:
835 3826 883 3881 ei
921 3826 1128 3882 auferat
1152 3823 1478 3897 cognitionis
1508 3823 1704 3880 habere
1734 3827 2004 3881 virtutem.

417 3921 534 3976 Jam
564 3936 692 3977 vero
710 3929 909 3992 quanta
939 3920 1229 3986 impietatis
1257 3915 1340 3992 (ά)
1373 3918 1679 3990 geminatur
1696 3923 1930 3986 occasio;
1964 3921 2009 3976 si

421 4025 614 4086 prmtcr
642 4015 1005 4069 inﬁrmitatem
1029 4013 1229 4068 Christi
1260 4015 1420 4068 etiam
1475 4012 1587 4068 Deo
1631 4013 1769 4083 patri
1820 4014 2007 4069 vitium

417 4108 793 4179 deputabitur;
827 4115 882 4162 ut
901 4106 1232 4178 unigenitum
1265 4107 1432 4160 Deum
1457 4147 1470 4172 ,
1491 4115 1547 4162 et
1565 4105 1872 4162 dilectionis
1896 4122 2010 4163 sua:

420 4201 617 4265 lilium,
641 4199 748 4256 diei
781 4198 940 4269 hujus
961 4198 1267 4269 cognitione
1307 4196 1670 4266 fraudaverit,
1705 4199 2008 4269 malignita-

420 4294 596 4364 tisqne
619 4292 691 4364 (ε)
721 4288 913 4347 affectu
971 4269 1274 4346 scientiam.
1300 4289 1490 4345 futura:
1529 4291 2009 4345 consummationis

419 4382 916 4441 invideritzetcum
941 4395 1047 4439 non
1080 4379 1430 4455 ignorabilem
1480 4382 1530 4437 ei
1588 4396 1708 4438 esse
1741 4385 2007 4453 passionis

419 4487 472 4534 ct
494 4475 634 4533 diem
664 4486 716 4532 et
743 4475 928 4530 horam
955 4473 1218 4538 voluerit;
1250 4474 1388 4529 diem
1424 4473 1633 4528 virtutis
1655 4473 1800 4543 ejus,
1825 4484 1878 4530 et
1900 4476 2009 4529 cla-

418 4567 659 4626 rilicaodi
683 4571 734 4624 in
760 4569 960 4627 sanctis
986 4569 1096 4625 suis
1124 4569 1312 4625 horam
1331 4569 1641 4640 negaverit,
1684 4579 1741 4625 et
1792 4569 2008 4626 ademe-

2114 3356 2242 3410 dnnt
2269 3371 2390 3418 eum
2425 3366 2629 3424 patrem
2660 3373 2724 3411 ex
2753 3359 2866 3412 suis
2894 3359 3143 3415 onmibus
3171 3364 3417 3417 nativitns
3458 3367 3548 3421 tllii
3586 3387 3709 3429 ier-

2114 3448 2250 3508 l‘ccta
2278 3460 2639 3507 consummat.
2673 3453 2730 3508 Si
2761 3452 2924 3522 igitur
2955 3458 3206 3524 proprius
3235 3456 3371 3512 Filio
3407 3459 3565 3516 Pater
3589 3474 3706 3528 est;

2114 3547 2167 3600 in
2199 3561 2260 3599 ea
2286 3560 2508 3602 necesse
2538 3556 2624 3601 est
2652 3545 2845 3601 Filium
2875 3563 3099 3602 manere
3129 3553 3458 3620 proprietate
3484 3572 3584 3623 qua
3616 3557 3712 3612 pa-

2114 3648 2197 3696 ter
2224 3648 2328 3695 est.
2354 3641 2570 3695 Manere
2621 3649 2800 3695 autem
2841 3643 3113 3710 quomodo
3171 3644 3565 3704 existimabitur
3590 3693 3602 3712 ,
3657 3653 3701 3707 si

2113 3744 2265 3789 extra
2301 3732 2655 3800 tumscientia:
2679 3743 2922 3788 naturam
2953 3735 3021 3788 sit
3044 3778 3056 3802 ,
3083 3745 3139 3791 et
3184 3737 3385 3809 aliquid
3438 3744 3702 3798 nativitati

2113 3824 2230 3895 ejus
2260 3823 2415 3896 (i)ex
2466 3831 2686 3881 auctore
2711 3826 3173 3883 defuerit?deerit
3218 3831 3360 3885 enim
3404 3851 3570 3904 prope
3625 3849 3709 3890 to.

2116 3928 2261 3985 tum,
2295 3917 2341 3972 si
2367 3915 2510 3988 quod
2551 3917 2821 3987 proprium
2855 3918 2964 3972 Deo
2993 3930 3109 3985 est,
3147 3935 3253 3977 nun
3303 3923 3516 3984 habeat.
3577 3928 3704 3986 Pro-

2115 4012 2287 4082 prium
2317 4019 2494 4065 autem
2520 4009 2631 4065 Deo
2662 4008 2786 4080 quid
2803 4009 2946 4066 aliud
2970 4053 2983 4078 ,
3038 4028 3199 4083 qnam
3226 4017 3461 4087 cognitio
3509 4021 3711 4077 futuro-

2112 4122 2232 4160 rum
2262 4114 2378 4169 est;
2442 4113 2496 4159 ut
2552 4120 2638 4159 tes
2680 4105 2918 4160 nondum
2967 4117 3278 4176 manentes,
3323 4128 3711 4186 uninsurasqnc

2115 4199 2413 4269 poSterius.
2444 4196 2793 4252 invisibilium
2825 4213 2889 4254 ac
2916 4198 3150 4254 nondum
3181 4204 3508 4260 exstantium
3537 4223 3702 4277 gene-

2113 4308 2230 4349 rum
2257 4307 2423 4363 capax
2452 4300 2640 4346 natura
2662 4291 2972 4347 contineat?

2186 4386 2273 4440 6‘2.
2308 4383 2401 4439 Nil
2420 4383 2542 4438 latet
2568 4401 2680 4438 enni
2729 4385 2779 4438 in
2829 4401 2930 4456 quo
2969 4402 3141 4442 omnes
3186 4391 3416 4446 sricntia:
3456 4392 3706 4459 thesauri,

2111 4478 2342 4549 quamvis
2369 4488 2535 4532 tamen
2558 4479 2792 4533 latentes.
2824 4507 2895 4518 --
2921 4477 3037 4532 Non
3063 4481 3264 4545 patitur
3292 4499 3474 4538 autem
3517 4488 3568 4539 in
3611 4504 3708 4544 no~

2113 4571 2195 4628 his
2222 4571 2413 4627 doctor
2441 4572 2680 4642 gentium
2707 4569 2904 4625 Paulus
2925 4570 3061 4626 hanc
3086 4573 3234 4642 impii
3276 4577 3476 4633 erroris
3497 4580 3705 4649 plores-

417 4665 490 4720 rit
517 4659 866 4721 beatitudinis
891 4660 1258 4733 cognitionem
1279 4702 1294 4727 ,
1343 4660 1428 4716 cui
1482 4659 1672 4716 mortis
1717 4659 2000 4718 indulserit
2029 4663 2083 4724 Ι)
2107 4665 2348 4728 sionem,
2382 4672 2439 4717 ut
2461 4661 2742 4734 ignorasse
2763 4661 2967 4732 aliquid
2993 4662 3302 4735 unigenitus
3340 4667 3480 4726 Deus
3521 4671 3712 4726 existi.

493 4799 572 4874 (1)
611 4797 999 4874 Ριεηὶιιιάίηεηι
1025 4797 1325 4855 divinitatis.

495 4803 540 4874 (1
615 4799 930 4855 Plenitudim

495 4799 574 4947 (2i
601 4871 664 4927 In
691 4874 930 4947 gloriam.

495 5016 571 5087 (α)
611 5013 684 5069 Ita
729 5027 859 5068 mss.
891 5013 1163 5083 quomodo
1200 5023 1252 5069 et
1276 5086 1282 5087 ί
1296 5013 1388 5087 lib.
1411 5027 1551 5087 vni,
1584 5029 1638 5068 o.
1673 5012 1742 5081 5,
1787 5027 2016 5069 consen-

423 5084 587 5143 tiente
609 5101 786 5155 grzcco
816 5088 887 5148 ei;
925 5088 1094 5142 αὐτόν.
1131 5089 1197 5139 At
1222 5084 1376 5152 editi,
1399 5086 1455 5138 in
1481 5087 1616 5154 ipso.

501 5158 577 5231 (ι)
601 5157 820 5214 Scilicet
855 5158 1278 5231 disputationis
1317 5167 1370 5212 et
1407 5167 1696 5228 assumpta:
1724 5157 1926 5231 carnis,
1961 5157 2014 5213 in

463 5229 528 5286 tta
556 5239 809 5284 venturus
831 5240 914 5284 est
936 5229 1180 5299 judicare
1203 5231 1356 5284 viros
1376 5238 1432 5283 et
1458 5239 1721 5284 mortuos.
1749 5229 2015 5296 Quocirca

463 5248 528 5286 “Il
556 5248 809 5284 VCIIHII‘IIS
831 5248 914 5284 CSl
936 5248 1180 5299 jnntcare
1203 5248 1356 5284 VIVOS
1376 5248 1432 5283 Cl
1458 5248 1721 5284 πηοτιιιοε.
1749 5248 2015 5296 υυοοιτοι

423 5248 543 5358 ilics
591 5303 677 5357 illa
717 5301 921 5356 Christi
964 5309 1052 5356 est
1090 5312 1150 5354 ut
1197 5300 1465 5366 hominis;
1509 5303 1553 5355 si
1594 5299 1810 5371 quidem
1859 5299 2018 5356 Pater

423 5390 585 5430 onme
627 5372 884 5444 judicium
911 5372 1063 5444 dedit
1088 5371 1226 5444 Filio
1252 5415 1265 5438 ,
1298 5373 1420 5444 quia
1458 5371 1596 5426 illius
1629 5371 1862 5426 hominis
1893 5382 1974 5426 est
1996 5413 2013 5438 ,

425 5457 481 5500 ut
511 5441 767 5512 scriptum
795 5455 875 5498 εει
900 5441 1054 5514 Joao.
1098 5459 1151 5508 v,
1176 5443 1249 5498 ξε
1273 5487 1287 5510 ,
1317 5441 1409 5498 9.7.
1456 5443 1565 5498 Diei
1615 5457 1828 5514 quoque
1879 5451 2013 5498 tem-

424 5533 527 5590 pus
556 5526 637 5590 est
665 5518 715 5590 in
746 5517 862 5590 ipso
891 5527 948 5570 ut
973 5513 1151 5590 Verbo
1177 5523 1478 5590 temporum
1502 5513 1808 5590 conditore.

501 5590 572 5660 (ι’)
596 5588 652 5642 In
677 5588 887 5643 duobus
920 5602 1050 5643 mss.
1077 5588 1230 5642 deest
1252 5585 1358 5640 Deo
1383 5603 1401 5640 :
1423 5602 1680 5660 qua‘vocc
1709 5587 2024 5660 intelligitur

430 5657 610 5723 Pater,
625 5661 709 5714 cui
725 5662 966 5716 omnium
985 5660 1484 5730 cognoscendorum
1502 5675 1524 5708 v
1537 5658 1671 5711 irtus
1693 5657 1953 5730 neganda,
1969 5666 2026 5712 et

427 5732 692 5804 ignoratio
707 5729 1044 5804 attribuenda
1064 5734 1130 5804 sit
1153 5733 1352 5804 potius,
1365 5745 1527 5804 quant
1543 5745 1603 5784 ca
1621 5729 1834 5804 invidia:
1852 5729 2021 5793 labes,

426 5801 532 5873 qua
565 5803 762 5860 dilecto
793 5803 903 5857 lilio
924 5802 1284 5873 cognitionem
1308 5801 1542 5872 aliquam
1570 5802 1886 5858 subtrahere
1910 5814 2026 5856 cre-

429 5877 606 5935 dator.

831 5972 1103 6035 ΡΔτιιυι..
1155 5969 1234 6030 Χ.

2203 4803 2282 4878 (ὅ)
2308 4799 2512 4858 Totum.

2197 5009 2276 5087 (ιι)
2301 5007 2436 5087 ‘Bail.
2469 5006 2668 5087 etEt,
2701 5012 3209 5087 generatur_orcusio
3234 5027 3325 5083 per
3365 5014 3716 5087 inﬁrmitatem

2119 5079 2422 5166 cortice)"
2450 5080 2572 5165 aliis
2600 5079 2814 5151 quoque
2865 5080 3029 5135 editis
3085 5079 3433 5143 desideratur
3478 5107 3711 5166 sequens

2119 5151 2387 5227 particula
2403 5223 2413 5227 Α
2427 5152 2490 5206 si.

2222 5230 2268 5294 ε)
2299 5222 2355 5279 In
2384 5223 2594 5278 duobus
2617 5238 2746 5277 mss.
2781 5222 2983 5290 e/fertn.

2222 5230 2268 5294 ε)
2299 5227 2355 5279 In
2384 5227 2594 5278 duobus
2617 5238 2746 5277 mss.
2781 5227 2983 5290 effectu.

2192 5227 2261 5368 ir)
2283 5295 2332 5350 id
2362 5307 2439 5352 cst
2464 5337 2478 5363 ,
2524 5294 2681 5351 Pater
2705 5293 2894 5350 l-‘ilium
2922 5297 3234 5366 generando
3264 5299 3357 5359 dat
3385 5304 3436 5361 ei
3469 5308 3717 5368 universa

2119 5384 2240 5441 qum
2265 5372 2314 5422 in
2343 5384 2401 5423 sc
2429 5376 2571 5441 sunt.

2199 5441 2275 5514 (g)
2301 5441 2354 5494 In
2378 5439 2607 5523 vulgatis
2631 5439 2844 5523 'hienet
2888 5437 3044 5523 infra.
3073 5455 3201 5523 non”
3233 5449 3498 5517 repetitur
3528 5465 3672 5523 pater
3703 5475 3717 5510 :

2125 5510 2358 5580 meique
2380 5511 2604 5565 habetur
2623 5510 2676 5563 in
2708 5511 2816 5578 ﬁlio
2841 5551 2856 5576 ,
2889 5529 2993 5563 non
3027 5513 3079 5565 in
3107 5513 3246 5578 ﬁliis.

2199 5583 2277 5652 (Ii)
2310 5582 2382 5636 Ita
2415 5582 2651 5650 optimus
2669 5582 2840 5636 Codex
2864 5583 3018 5637 Culh.
3053 5599 3172 5636 cum
3206 5587 3420 5646 Martio.
3449 5603 3505 5650 et
3528 5596 3714 5653 Germ,

2129 5655 2232 5709 Alii
2263 5670 2393 5708 veru
2415 5695 2426 5716 ,
2460 5664 2638 5706 totum.

2201 5727 2263 5796 (i)
2291 5725 2348 5780 1η
2381 5739 2685 5779 unootuss.
2718 5723 2862 5797 γει.-
2906 5735 2956 5780 et
3012 5726 3199 5792 Carm,
3259 5748 3321 5784 ex
3371 5742 3720 5797 attrtorimte:

2130 5795 2290 5871 lectio
2323 5813 2426 5871 non
2458 5796 2794 5871 spernenda;
2817 5795 2865 5849 id
2887 5798 3032 5851 enim
3063 5799 3382 5871 tlilariocst,
3415 5813 3703 5868 auctoritas

2131 5867 2272 5941 quod
2303 5867 2456 5923 nobis
2496 5867 2826 5937 principium.

3207 5970 3268 6029 ll
