4316 6462
608 280 715 331 ὅτιὸ

1821 274 2065 331 ΞΛΝΕΤΙ
2099 274 2353 332 ιιιιΑιιιι
2383 275 2689 337 ΕΡίὸϐυΙἸ

3795 288 3902 345 530

614 389 847 443 absconsi
876 388 1097 455 (lloloss.
1149 403 1211 452 ll,
1242 387 1321 457 5).
1355 387 1449 443 Est
1486 400 1615 457 ergo
1664 388 1927 443 abscousa
1953 387 2209 442 scientia:
2242 388 2293 449 Α
2318 398 2375 446 ct
2394 391 2567 449 solida
2596 393 2815 467 liquidis
2843 394 2924 469 (2)
2950 411 3058 452 non
3107 397 3337 457 cedant:
3370 400 3491 471 quia
3514 414 3635 455 cum
3667 414 3772 455 non
3808 416 3901 467 pa-

618 502 739 552 qum
778 482 900 552 quia
931 481 1304 536 abscondenda
1342 490 1445 547 est,
1490 480 1751 538 interdum
1803 490 1857 534 et
1908 480 2201 536 nescit-utin

618 554 922 633 conﬁtenda
960 585 1061 639 est,
1110 586 1163 631 ut
1204 590 1325 631 esse
1353 577 1521 648 possit
1554 576 1839 631 ςιιιδοηιικη.
1870 573 2001 629 Nam
2024 574 2069 627 si
2100 574 2203 627 etit

613 671 666 726 in
705 669 1117 742 protestatione,
1146 684 1251 724 non
1276 671 1439 725 etiam
1486 670 1539 725 iu
1571 678 1780 727 secreto
1810 667 2064 721 manebit.
2093 663 2199 722 Ne-

614 773 700 834 gat
730 779 861 832 ergo
900 778 958 818 se
979 762 1120 818 scire
1147 781 1160 815 :
1189 773 1245 817 ut
1265 762 1490 818 scientia
1520 762 1692 832 possit
1716 776 1839 817 esse
1862 759 2195 816 abscondita.

612 856 832 923 Quodsi
856 855 1057 912 idcirco
1090 855 1282 923 nescit,
1313 866 1373 910 ut
1393 854 1616 910 scientia
1646 863 1859 909 maneat
1887 852 2149 909 absconsa
2182 867 2200 919 ς

612 968 724 1009 non
758 968 853 1020 per
891 958 1136 1005 naturam
1180 951 1559 1029 nescit‘omuia
1595 950 1796 1016 sciens,
1829 947 1972 1020 quod
2002 946 2204 1005 ideirco

610 1055 842 1110 tantum,
889 1053 946 1099 ιιι
990 1046 1311 1100 absconsum
1358 1045 1450 1112 sit,
1508 1044 1700 1101 nescit.
1730 1044 1839 1100 Cur
1877 1051 2061 1099 autem
2090 1040 2201 1098 diei

615 1136 839 1192 scientia
870 1125 1263 1202 abscousa'sit,
1296 1152 1401 1192 non
1451 1137 1505 1192 in
1554 1137 1786 1193 obscuro
1821 1146 1925 1192 est.
1962 1135 2206 1209 Namque

613 1245 842 1285 monens
873 1244 972 1283 nos
1003 1230 1273 1285 irremissa
1306 1221 1411 1285 lide
1454 1230 1690 1285 intentos
1716 1243 1933 1299 semper
1960 1242 2200 1296 manere,

612 1321 956 1377 securitatem
987 1322 1308 1392 cognitionis
1339 1322 1417 1393 (α)
1447 1320 1683 1377 deiiuitm
1710 1321 1913 1377 ademit
1947 1337 1960 1373 :
1992 1328 2049 1375 ιιι
2069 1335 2202 1393 peu-

612 1415 755 1471 dula:
784 1416 1204 1485 exspectationis
1240 1415 1449 1471 incerto
1477 1430 1629 1471 mens
1654 1414 1902 1480 sollicita,
1939 1411 2203 1470 festinans

611 1518 669 1563 et
694 1507 959 1563 adventus
981 1507 1124 1567 diem
1145 1522 1361 1576 semper
1379 1515 1719 1578 exspectans,
1745 1520 1959 1577 semper
1977 1519 2202 1577 exspec-

612 1602 777 1658 tando
807 1612 1093 1671 speraret;
1130 1616 1423 1671 curamque
1468 1600 1780 1672 pervigilem
1811 1601 2076 1656 incertum
2119 1600 2199 1669 ip-

610 1708 755 1761 sum,
785 1707 892 1748 non
939 1692 1243 1758 ambigendi
1274 1702 1452 1747 tamen
1493 1691 1769 1762 temporis,
1800 1691 2090 1750 detineret.
2121 1691 2197 1749 lta

2306 491 2450 540 teant
2478 485 2653 541 valida
2699 488 3024 554 intlrmibus,
3050 489 3240 547 validis
3270 500 3446 547 tamen
3480 492 3688 547 inﬁrma
3734 506 3899 562 pcne-

2308 585 2535 633 trautur.
2574 575 2662 644 Ob
2705 580 2758 635 id
2786 595 2918 650 ergo
2955 583 3311 654 cogitationes
3330 585 3426 640 Dei
3457 585 3623 655 patris
3649 585 3899 656 ignorare

2306 667 2473 726 Filius
2499 671 2567 727 ab
2594 672 2774 743 impiis
2814 674 3031 742 dicitur,
3067 676 3195 747 quia
3221 675 3468 734 inﬁrmus
3493 679 3609 749 ipse
3644 692 3768 734 cum
3794 680 3888 744 sit,

2306 777 2411 819 non
2440 763 2595 820 adeat
2628 762 2861 822 ineundo
2886 773 3172 839 ponerent,
3198 784 3300 826 nec
3331 770 3600 827 valentem
3623 770 3893 829 invalidus

2306 863 2662 912 transcurrat.

2376 947 2465 1006 69.
2496 949 2753 1009 Christum
2777 952 2938 1011 Patre
2963 957 3256 1028 inferiorem
3281 955 3386 1012 dici
3415 973 3520 1013 nou
3558 957 3733 1014 sinunt
3754 955 3898 1015 Scri-

2305 1052 2488 1113 ptum.
2526 1041 2682 1100 Pater
2720 1056 2768 1100 et
2805 1045 2972 1102 Filius
3001 1049 3263 1117 speculum
3302 1060 3554 1107 mutuum.
3576 1052 3798 1119 —Qtt:e
3847 1051 3895 1108 si

2304 1136 2426 1207 quis
2447 1151 2553 1193 non
2584 1138 2748 1194 modo
2776 1155 2871 1196 ore
2900 1142 3185 1198 temerario
3206 1145 3347 1212 loqui
3367 1145 3589 1201 audebit
3613 1146 3681 1202 de
3704 1145 3893 1216 unige-

2306 1227 2418 1282 ttito
2442 1227 2574 1293 Deo.
2607 1245 2793 1288 verum
2833 1234 2997 1288 etiam
3044 1234 3209 1291 corde
3254 1235 3420 1306 impio
3448 1239 3719 1308 cngitare;
3751 1240 3896 1309 Apoc

2303 1321 2501 1378 stolam
2516 1324 2589 1379 ita
2600 1322 2670 1380 de
2687 1323 2892 1395 Spiritu
2926 1334 3115 1381 sancto
3141 1327 3208 1382 ad
3229 1326 3543 1386 Corinthius
3561 1330 3891 1387 scribentem

2303 1415 2601 1474 credidisse
2624 1427 2919 1491 cognoscat
2938 1418 3126 1477 :Nobis
3162 1432 3334 1477 autem
3362 1425 3603 1480 reuelauit
3631 1422 3772 1481 Deus
3798 1437 3891 1497 per

2304 1509 2559 1581 Spiritum
2601 1528 2773 1569 suum.
2839 1514 3067 1585 Spiritus
3102 1517 3238 1572 enim
3289 1521 3462 1575 omnia
3502 1529 3784 1587 scrutatur,
3848 1530 3897 1577 et

2301 1604 2408 1659 alta
2438 1603 2553 1661 Dei.
2589 1606 2714 1674 Quis
2747 1608 2887 1664 enim
2926 1609 3024 1664 srit
3067 1608 3332 1667 hominum
3351 1631 3470 1686 quc
3484 1626 3604 1671 sunt
3642 1614 3887 1680 hominis,

2301 1712 2415 1767 qua:
2452 1698 2508 1753 iu
2545 1700 2658 1769 ipso
2702 1699 2796 1773 (ι’),
2827 1701 2929 1758 nisi
2953 1702 3164 1775 spiritus
3190 1706 3281 1773 qui
3324 1707 3379 1759 iu
3406 1709 3520 1777 ipso
3558 1718 3633 1763 est
3655 1708 3683 1762 .’
3710 1708 3798 1763 Ita
3840 1716 3891 1763 et

606 1788 750 1840 enim
774 1786 1030 1841 Dominus
1057 1786 1165 1838 ait:
1197 1783 1322 1839 Ideo
1347 1795 1393 1839 et
1422 1800 1509 1839 uos
1526 1785 1877 1858 estotepurati.
1896 1786 2019 1855 quia
2041 1785 2201 1840 ιιεκὲ-
2227 1788 2276 1851 Β
2303 1808 2414 1861 qua
2437 1792 2489 1847 iu
2517 1791 2757 1850 Deosuut
2769 1811 2918 1851 nemo
2938 1798 3097 1864 nouit,
3122 1798 3221 1853 nisi
3239 1796 3472 1869 Spiritus
3496 1798 3597 1855 Dei
3616 1798 3662 1873 (Ι
3684 1799 3806 1857 Cor.
3831 1816 3891 1870 ιι,

610 1878 675 1932 tis
685 1894 787 1948 qua
803 1878 932 1933 hora
946 1880 1084 1947 ﬁlius
1095 1876 1317 1933 hominis
1329 1888 1570 1933 uenturus
1587 1888 1658 1933 est
1683 1876 1893 1949 (Matth.
1919 1893 2066 1943 utr,
2082 1876 2197 1948 ﬂ).

614 1971 682 2027 Et
706 1987 919 2028 rursum
949 1989 962 2026 :
988 1970 1174 2027 Beatus
1202 1972 1292 2027 ille
1332 1989 1502 2027 seruus
1529 1988 1678 2042 quem
1716 1973 1920 2028 ueniens
1950 1970 2201 2027 Dominus

605 2067 722 2138 ejus
746 2064 823 2137 (tt)
848 2065 1089 2119 inuenerit
1116 2064 1189 2120 sic
1214 2065 1479 2134 facientem
1530 2066 1550 2139 (
1568 2062 1730 2131 Ibit,
1770 2066 1884 2137 ιιι).
1932 2064 2201 2135 lgnoratio

516 2178 523 2185 ο
604 2170 712 2209 non
729 2154 796 2211 ad
811 2170 1051 2211 errorem
1072 2155 1169 2210 fuit
1184 2156 1508 2221 necessaria,
1525 2156 1618 2212 scd
1631 2157 1696 2210 ad
1716 2157 2195 2228 mmt'eratttiam.

611 2245 721 2301 Nec
742 2258 993 2317 negatum
1024 2245 1078 2301 id
1098 2246 1163 2301 ad
1192 2246 1575 2303 detrimentum
1597 2258 1703 2316 est,
1724 2248 1869 2319 quod
1897 2248 2196 2318 ignoratum

607 2337 770 2410 311
825 2337 1011 2395 tribuit
1056 2339 1470 2407 incrementum,
1519 2353 1587 2394 ne
1644 2339 1883 2396 scientia:
1937 2342 2198 2399 securitas

605 2418 982 2500 negligentiam
1012 2427 1136 2484 ﬁdei
1163 2429 1514 2486 dissimulata:
1535 2429 1611 2502 (ι)
1632 2430 1910 2497 ext-itaret,
1934 2430 2028 2487 sed
2056 2447 2198 2504 prac-

614 2520 945 2590 parationem
988 2520 1317 2577 irremissam
1390 2524 1722 2592 exspectatio
1779 2524 2050 2580 intletinita
2104 2540 2197 2582 re-

601 2610 806 2666 tineret
829 2630 843 2665 ;
872 2612 950 2684 (ὀ)
967 2628 1085 2683 qua:
1100 2612 1261 2668 modo
1285 2614 1416 2669 iuris
1445 2614 1789 2672 metuendum
1811 2632 2025 2687 semper
2044 2633 2199 2673 cave-

608 2711 691 2758 ret
719 2705 797 2774 (i)
823 2703 1134 2771 adventum,
1185 2706 1278 2760 illo
1300 2706 1530 2777 eligente
1558 2707 1732 2763 somni
1753 2719 1961 2779 tempus
1982 2711 2047 2765 ad
2086 2709 2195 2766 fur-

606 2806 717 2850 tum
740 2812 752 2848 :
777 2797 1160 2867 lmtrelamilias
1188 2800 1537 2869 vetodomus,
1559 2799 1737 2856 damni
1749 2816 1963 2874 semper
1979 2803 2193 2873 timore,

599 2889 873 2960 vigilante.
998 2894 999 2897 “

670 2986 761 3040 68.
806 2985 1085 3052 Christum,
1116 2987 1209 3044 etsi
1245 2986 1470 3042 humana
1518 2998 1741 3057 penetret
1780 2999 1836 3045 ut
1886 2992 2071 3063 potior,
2101 3010 2196 3063 pa-

608 3087 755 3131 terna
797 3090 1066 3147 penetrare
1103 3079 1281 3136 nolunt
1329 3092 1384 3135 ut
1428 3080 1742 3153 inferiorem.
1774 3084 2192 3159 --Quamquam

2307 1886 2375 1942 l0
2395 1928 2411 1953 ,
2443 1886 2553 1959 ll).
2583 1887 2690 1944 Sed
2740 1889 2856 1945 lucc
2883 1891 3062 1946 inania
3094 1892 3455 1964 corporalium
3496 1910 3678 1951 rerum
3704 1911 3895 1951 erem-

2303 1979 2387 2048 pla
2428 1989 2769 2055 spernentes,
2799 1980 2966 2037 Deum
3004 1983 3074 2039 de
3103 1983 3240 2053 Deo,
3263 1996 3318 2040 et
3357 1985 3620 2058 Spiritum
3661 1989 3730 2043 de
3772 1987 3896 2060 Spi-

2302 2074 2430 2132 ritu,
2453 2072 2740 2131 virtutibus
2765 2075 2877 2130 suis
2918 2075 3115 2145 potius,
3142 2092 3304 2148 quam
3331 2076 3410 2152 (g)
3447 2081 3677 2136 terrenis
3705 2080 3897 2137 canidie

2303 2163 2538 2220 tionibus
2579 2164 2931 2222 mstimeums.
2960 2166 3320 2226 JEStimcmus
3366 2182 3569 2235 autem,
3598 2186 3705 2228 n0n
3728 2187 3894 2229 sensu

2302 2262 2507 2321 nostro.
2538 2255 2634 2315 sed
2679 2257 3015 2329 professione
3042 2260 3259 2318 divina:
3292 2272 3348 2319 et
3394 2264 3684 2321 credamus
3710 2266 3759 2320 ei
3803 2264 3896 2336 qui

2300 2351 2393 2417 ait,
2426 2349 2528 2416 Qui
2571 2365 2649 2406 me
2679 2350 2825 2418 vidit,
2856 2354 2979 2407 uidit
3003 2366 3050 2408 et
3078 2351 3291 2409 Patrem
3314 2353 3495 2423 (quit.
3537 2372 3647 2423 stv,
3676 2357 3759 2427 9).
3786 2356 3895 2411 Nec

2300 2442 2609 2515 ignoremus
2638 2460 2762 2501 eum
2789 2446 2881 2518 qui
2914 2446 3070 2515 dixit,
3112 2445 3202 2504 Vel
3229 2448 3472 2522 operibus
3510 2451 3591 2522 (3)
3627 2452 3756 2505 meis
3783 2466 3898 2506 ere-

2301 2533 2425 2602 dite,
2456 2536 2576 2607 quia
2605 2534 2761 2593 Pater
2791 2537 2844 2593 in
2862 2553 2964 2607 nte,
2992 2547 3046 2595 et
3071 2555 3169 2610 ego
3217 2540 3273 2596 in
3300 2538 3463 2597 Patre
3484 2540 3659 2614 (locu.
3700 2560 3754 2608 s,
3774 2542 3891 2615 58).

2298 2627 2407 2683 Nec
2451 2627 2759 2701 ignoremus
2796 2626 2943 2698 eum,
2973 2634 3064 2705 qui
3107 2633 3322 2690 locutus
3364 2645 3471 2703 est,
3499 2635 3664 2710 3n
3693 2634 3804 2707 Ego
3845 2645 3897 2691 et

2303 2718 2456 2776 Pater
2480 2737 2633 2777 unum
2655 2740 2828 2778 ειιιιιιιε
2847 2724 3010 2795 (Ibid.
3034 2722 3149 2798 50).
3169 2727 3225 2783 Si
3243 2727 3388 2784 enim
3413 2743 3634 2786 sensum
3647 2741 3893 2785 nostrum

2300 2829 2481 2870 rerum
2536 2816 2753 2870 nomina
2810 2816 3105 2873 secundum
3147 2816 3437 2876 humanam
3484 2819 3891 2892 intelligentiam

2297 2906 2716 2966 commemorata
2760 2912 3115 2969 conﬁrmant:
3151 2928 3259 2968 non
3308 2913 3472 2971 liabet
3497 2915 3568 2970 ab
3591 2931 3661 2971 eo
3683 2926 3895 2972 natura

2297 2998 2678 3070 differentiam,
2706 3002 2758 3058 in
2783 3018 2891 3074 quo
2920 3019 3015 3075 per
3045 3004 3449 3075 intelligentiam
3477 3006 3563 3078 (It)
3583 3010 3708 3078 quis
3738 3008 3895 3064 vide-

2299 3103 2418 3157 tur;
2454 3108 2553 3150 nec
2583 3091 2760 3151 diﬂert
2798 3093 2852 3150 iu
2877 3111 3096 3167 genere,
3125 3097 3215 3168 qui
3266 3108 3571 3155 manentem
3613 3097 3667 3155 in
3710 3114 3772 3156 se
3797 3100 3897 3156 tta-

600 3172 762 3245 igitur
783 3184 889 3229 non
917 3172 1202 3231 obscurum
1236 3175 1326 3241 sit,
1360 3176 1747 3247 ignorationem
1779 3177 1871 3234 Dei
1896 3194 2002 3235 non
2036 3177 2191 3251 igno-
2216 3186 2265 3249 C
2300 3183 2453 3254 beas,
2475 3183 2619 3241 inest
2659 3187 2709 3240 iu
2734 3198 2981 3243 manente
3010 3204 3025 3254 ;
3059 3203 3157 3246 nec
3184 3187 3382 3245 diversi
3418 3200 3566 3258 sunt,
3594 3191 3685 3262 qui
3724 3207 3893 3249 unum

596 3267 858 3323 rationem
889 3283 1030 3334 esse,
1060 3268 1155 3325 sed
1207 3283 1645 3328 sacramentum:
1675 3274 1803 3329 dum
1853 3289 1950 3345 per
1971 3274 2191 3346 dispen-

592 3359 859 3416 sationem
898 3370 992 3416 aut
1033 3361 1251 3434 agendi,
1292 3374 1385 3418 aut
1431 3366 1787 3437 protestandi,
1837 3376 1932 3422 aut
1966 3367 2194 3424 demou-

603 3452 819 3508 strantli
840 3452 920 3507 sic
938 3453 1130 3519 nescit,
1158 3465 1217 3508 ut
1244 3456 1419 3521 sciat;
1449 3465 1506 3512 et
1532 3458 1611 3511 sic
1640 3471 1746 3513 non
1773 3462 1964 3524 nescit,
1991 3470 2050 3515 ut
2071 3476 2196 3518 ues-

594 3548 744 3601 ciat:
788 3554 968 3604 tamen
998 3546 1285 3623 videndum
1325 3558 1410 3603 est
1433 3590 1447 3613 ,
1480 3564 1545 3604 ne
1594 3549 1729 3606 forte
1754 3560 1807 3606 ct
1837 3550 1909 3605 ita
1949 3552 2195 3609 inﬁrmus

590 3639 685 3705 sit,
710 3646 767 3693 ut
794 3653 880 3702 ea,
906 3653 1027 3709 quae
1058 3639 1216 3695 Pater
1244 3640 1371 3706 scit,
1395 3640 1532 3695 scire
1572 3658 1678 3695 non
1726 3641 1930 3711 possit:
1965 3653 2184 3715 potente

592 3729 811 3801 quidem
837 3745 905 3787 eo
946 3732 1298 3803 cogitationes
1328 3732 1682 3789 humanorum
1713 3735 1959 3791 eordium
1985 3752 2178 3796 nosse:

595 3821 721 3893 quia
772 3832 961 3877 natura
994 3825 1171 3894 potior
1207 3823 1442 3882 mutibus
1468 3840 1527 3881 se
1563 3836 1767 3881 naturae
1797 3828 2069 3885 inferioris
2087 3831 2184 3887 ad.

604 3914 850 3979 misceat,
904 3931 1131 3987 eantque
1181 3925 1447 3987 tamquam
1505 3917 1830 3975 imbecillam
1884 3921 2189 3979 vehementi

601 4008 796 4063 virtute
821 4017 1182 4063 transcurrat:
1215 4008 1306 4065 sed
1348 4010 1613 4080 impotens
1636 4012 1704 4067 sit
1733 4010 2188 4072 vehementiorem

596 4102 667 4174 (ε)
699 4102 779 4158 sui
805 4111 1048 4159 naturam
1074 4103 1341 4160 inﬁrmior
1368 4105 1481 4175 ipsa
1510 4116 1793 4176 penetrare
1819 4124 1832 4174 ;
1874 4109 1996 4180 quia
2026 4121 2082 4167 ut
2113 4112 2190 4169 lc-

599 4195 682 4249 via
711 4195 991 4268 gravibus,
1017 4208 1071 4253 et
1127 4212 1246 4253 rara
1290 4197 1496 4263 densis.
1522 4208 1577 4256 et
1608 4198 1803 4272 liquida
1849 4203 2037 4259 solidis
2065 4214 2193 4262 sunt

598 4288 781 4358 pervia
804 4306 818 4355 ;
844 4290 917 4345 ita
944 4298 1136 4346 contra
1179 4299 1235 4348 et
1263 4291 1452 4362 gravia
1485 4292 1731 4361 lembus,
1762 4306 1813 4350 et
1844 4293 2009 4351 densa
2042 4297 2195 4354 raris

671 4453 753 4527 (l)
783 4452 901 4509 Vox
942 4452 1218 4508 aduentura
1270 4452 1426 4535 deest
1472 4453 1525 4509 in
1564 4464 1751 4512 ttostro
1780 4455 1987 4515 codice.
2038 4460 2185 4535 llos,

596 4543 745 4583 omne
767 4535 984 4596 tempus,
1018 4540 1123 4579 non
1143 4527 1307 4580 somni
1332 4536 1550 4595 tempus.

666 4598 748 4671 (i)
778 4596 899 4652 Non
923 4596 1135 4651 cedunt.

597 4753 700 4790 non
735 4734 995 4790 excusavit
1038 4733 1375 4795 mendacium,
1438 4734 1527 4789 sed
1569 4752 1670 4790 non
1716 4752 1828 4793 esse
1865 4744 2179 4802 monstrauit.

600 4806 1008 4887 tiamdemﬂipse
1041 4809 1284 4887 sequitur
1306 4805 1416 4887 lib._
1452 4822 1465 4859 ι
1505 4808 1572 4863 de
1598 4806 1773 4887 Triu.,
1806 4811 1982 4887 cati:
2007 4833 2063 4870 n.
2088 4816 2181 4884 23,
2214 4840 2228 4887 Δ.

596 4880 735 4933 sicut
761 4888 811 4933 et
850 4876 1137 4941 Gregorius
1184 4876 1321 4949 Papa
1363 4876 1454 4933 lib.
1490 4893 1603 4946 vut,
1629 4880 1789 4947 epist.
1824 4884 1909 4937 ti.
1938 4883 2048 4941 Nec
2073 4876 2185 4945 dis;

596 4949 760 5005 sentit
803 4950 1058 5019 Cyrillus,
1087 4949 1177 5004 lib.
1210 4949 1473 5003 'l'ttcsauri
1502 4967 1555 5018 p.
1584 4950 1712 5017 221,
1738 4951 1938 5009 Christi
1967 4974 2181 5015 sermo.

600 5038 723 5077 nem
765 5022 834 5074 ita
867 5020 934 5073 ab
964 5020 1081 5101 ipso
1111 5030 1464 5101 temperatum
1491 5038 1780 5101 enarratis,
1802 5026 1929 5101 quia
1958 5029 2185 5101 discipu-

598 5095 769 5146 loruut
790 5099 989 5169 captum
1020 5094 1133 5163 ejus
1162 5093 1234 5169 rei
1265 5093 1446 5146 notitia
1474 5096 1981 5169 superabat.rl.nuge
2009 5093 2178 5167 magis

596 5166 664 5218 ad
701 5164 944 5219 eumdem
989 5164 1307 5218 sententiam
1347 5166 1553 5220 accedit
1580 5167 1897 5223 Ettstacltius
1921 5164 2174 5229 'Antinch.

596 5239 736 5306 apud
770 5234 1097 5306 Facundum
1123 5234 1214 5289 lib.
1256 5248 1331 5299 st,
1361 5237 1447 5290 ubi
1483 5237 1584 5292 ltoc
1610 5254 1639 5291 a
1671 5238 1887 5295 Christo
1924 5242 2182 5302 adiuven-

602 5304 713 5362 tnm
746 5305 980 5361 ostendit
1010 5304 1250 5360 utilitatis
1276 5306 1548 5363 hominum
1570 5325 1751 5364 causa.

669 5378 747 5450 (ιι)
788 5377 1021 5432 Verbum
1066 5378 1309 5457 deﬁnitae,
1347 5379 1399 5432 iu
1454 5382 1602 5449 prius
1638 5381 1863 5453 vulgatis
1898 5385 2177 5457 onti~sum,

600 5454 904 5505 restituitur
928 5464 993 5505 ex
1022 5450 1251 5515 scriptis.

670 5520 745 5591 (ὁ)
789 5519 929 5575 Editi
954 5561 966 5579 .
997 5521 1241 5575 invenerit
1280 5521 1569 5591 vigilantem
1591 5542 1609 5578 :
1636 5523 2021 5587 dissidentibus
2052 5549 2182 5589 mss.

594 5602 650 5645 Cl
673 5607 829 5646 sacro
856 5600 1021 5645 ιειιιι.

2214 4581 2271 4645 D

2294 3285 2440 3331 sunt.
2493 3274 2735 3351 lntellige
2793 3279 3079 3348 unitatem,
3107 3282 3234 3337 dum
3275 3298 3383 3338 non
3430 3283 3651 3339 dividua
3699 3294 3891 3341 natura

2301 3381 2404 3426 est.
2446 3368 2663 3428 Natura:
2700 3388 2827 3429 vero
2876 3389 3087 3430 rursum
3148 3374 3439 3433 individua:
3493 3388 3890 3437 sacramentum

2296 3465 2664 3535 apprehende,
2712 3466 2840 3524 dum
2889 3479 3159 3541 tamquam
3204 3472 3483 3542 speculum
3535 3488 3676 3529 unus
3729 3473 3893 3533 unius

2298 3569 2403 3614 est.
2432 3556 2719 3628 Speculum
2771 3569 2952 3617 autem
2994 3561 3091 3631 ita,
3138 3570 3198 3618 ut
3234 3580 3342 3620 non
3394 3565 3738 3638 imaginatam
3769 3584 3893 3641 spc-

2296 3654 2435 3708 ciem
2470 3663 2675 3709 natura:
2713 3655 3000 3720 exterioris
3044 3656 3304 3727 splendor
3345 3658 3560 3715 emittat
3587 3676 3605 3726 ;
3634 3659 3731 3717 sed
3761 3661 3890 3720 dum

2289 3749 2474 3805 vivens
2517 3759 2704 3805 natura
2731 3761 2934 3807 natura:
2962 3751 3170 3809 viventi
3203 3751 3516 3811 indiﬂ’ereus
3543 3768 3624 3812 est
3649 3798 3665 3823 ,
3691 3758 3894 3829 quippe

2295 3855 2415 3911 qua:
2439 3856 2505 3898 es
2539 3849 2647 3897 tota
2677 3850 2785 3898 tota
2833 3844 2924 3913 sit,
2953 3859 3074 3915 quae
3109 3852 3165 3901 et
3198 3844 3327 3901 dum
3371 3844 3760 3920 unigenitacst
3788 3848 3891 3905 Pa-

2297 3942 2437 3990 trem
2486 3934 2540 3989 iu
2575 3952 2635 3992 se
2664 3935 2877 4002 habeat,
2925 3947 2981 3992 et
3026 3948 3242 3995 maneat
3293 3938 3346 3994 in
3391 3939 3550 3997 Patre
3579 3941 3709 3999 dum
3751 3943 3894 4002 Deus

2294 4035 2397 4082 est.

2367 4120 2453 4178 το.
2486 4119 2567 4177 De
2592 4130 2791 4180 natura
2813 4124 3010 4182 unitate
3031 4126 3169 4181 dicta
3194 4130 3329 4183 male
3345 4128 3415 4185 ad
3435 4130 3683 4186 unitatem
3705 4133 3891 4189 uoluu-

2298 4217 2416 4270 tatis
2458 4214 2758 4286 detorquent
2797 4216 3040 4275 hteretiei.
3064 4251 3137 4262 -—-
3163 4219 3291 4278 ilice
3334 4223 3537 4295 itaque,
3583 4224 3650 4281 ad
3686 4226 3889 4299 signitb

2301 4307 2533 4365 catulum
2578 4309 2874 4367 nativitatis
2915 4321 3313 4371 sacramentum
3347 4332 3379 4372 a
3424 4315 3650 4373 Domino
3681 4317 3880 4390 praedi-

2365 4471 2449 4543 (ὅ)
2477 4472 2585 4549 Vox
2617 4476 2745 4532 meis
2769 4475 3108 4536 desideratur
3133 4480 3405 4549 incodiee
3426 4482 3758 4549 Veronensi;
3789 4498 3893 4545 nee

2294 4548 2604 4620 oeetrrrit‘iu
2635 4564 2812 4618 graeco
2834 4559 3000 4612 textu.
3025 4558 3082 4609 et
3101 4545 3370 4610 omittitur
3389 4555 3483 4612 lib.
3515 4571 3608 4620 vn,
3640 4545 3788 4613 num.
3816 4556 3892 4616 24

2292 4622 2347 4670 et
2374 4616 2466 4683 96.
2500 4618 2590 4674 ubi
2619 4616 2701 4675 ter
2721 4620 2811 4677 hic
2835 4622 2984 4679 locus
3013 4625 3298 4696 repetitur.

2295 4750 2556 4839 liabcmus
2584 4769 2887 4839 acceptam,
2918 4762 3225 4839 aliisetiatn
3255 4766 3577 4834 faventibus,
3613 4769 3666 4825 in
3693 4769 3889 4839 quibus

2292 4836 2468 4909 tamen
2514 4842 2615 4885 νισι
2654 4835 2923 4909 aduentum
2950 4837 3236 4909 omittitur,
3278 4855 3399 4909 quae
3429 4849 3478 4895 et
3535 4841 3686 4897 salvo
3713 4835 3889 4897 sensu

2288 4902 2463 4955 omitti
2482 4913 2674 4967 potest.
2695 4908 2843 4983 Athin
2874 4908 3122 4983 vulgatis,
3149 4902 3265 4983 qua:
3284 4902 3439 4966 modo
3458 4913 3591 4983 [uris
3619 4914 3889 4971 metuendo

2285 4985 2481 5040 semper
2508 4986 2724 5036 caveret.
2750 4978 2844 5033 illo
2868 4978 3081 5047 eiigcnte
3100 4978 3247 5035 nume
3274 4978 3495 5054 tempato.

2361 5062 2434 5134 (c)
2465 5064 2625 5131 Editi,
2656 5085 2743 5135 se;
2779 5072 3137 5129 renitentibus
3159 5088 3289 5131 mss.

2355 5157 2507 5243 (Il-Ilo
2536 5160 2763 5233 vulgatis
2764 5163 2876 5243 "hic
2903 5165 3121 5224 additur
3144 5178 3284 5243 sunt,
3317 5170 3459 5242 quod
3487 5170 3641 5228 abest
3667 5190 3697 5229 a
3726 5189 3882 5243 mss.,

2285 5230 2543 5318 equibus
2586 5230 2723 5318 unus
2756 5234 2914 5318 C_olb.
2968 5250 3020 5293 et
3050 5246 3188 5318 alter
3215 5230 3449 5300 sorbon.
3480 5246 3735 5318 omittunt
3770 5230 3887 5318 qtae

2284 5300 2337 5423 ἱιέ
2370 5318 2511 5424 Ιψξο,
2547 5315 2603 5358 ιιι
2625 5315 2681 5361 et
2728 5309 2943 5378 vulgata
2970 5314 3107 5367 sacri
3137 5321 3315 5369 textus
3358 5316 3685 5386 exemplaria
3710 5300 3886 5391 έτὲέᾱι

2285 5390 2313 5425 L‘
2389 5386 2553 5427 ςιιιιιτι.

2285 5388 2337 5425 L‘l
2370 5388 2553 5428 lttllliﬂ.

2364 5449 2439 5514 (g)
2474 5445 2589 5500 Duo
2616 5463 2745 5505 mss.
2771 5455 2986 5509 terrenis
3009 5455 3405 5527 cogitationibus
3433 5474 3451 5513 :
3482 5459 3645 5518 male.

2375 5536 2453 5621 με)
2482 5540 2539 5622 _ln
2571 5540 2815 5622 vulgatis.
2846 5546 3081 5622 quisque.
3108 5548 3328 5607 Rectius
3371 5551 3423 5605 in
3455 5551 3726 5622 plerisque
3750 5569 3879 5608 mss.

2298 5610 2411 5691 quis
2437 5625 2456 5665 :
2481 5611 2585 5667 hoc
2610 5610 2796 5691 Διεέιειιι
2815 5610 2933 5691 quo
2964 5610 3086 5688 quis
3106 5623 3222 5677 viso
3249 5632 3407 5691 atque
3435 5610 3710 5680 intellecto
3735 5624 3883 5681 vitlc'

669 5666 741 5744 (ς)
772 5664 1267 5757 limosi,eptitipto2
1313 5664 1460 5757 Par:
1489 5684 1585 5757 non
1607 5683 1907 5757 “fet-ceret.
1939 5676 2040 5730 Alii
2069 5691 2195 5735 vero
2298 5664 2384 5735 t'ur
2407 5664 2580 5757 atque
2608 5664 2937 5757 in'te'lliqiitir,
2967 5664 3086 5746 53.7

600 5734 741 5797 libri,
770 5736 1027 5799 excitaret,
1061 5733 1162 5789 boc
1188 5746 1271 5791 est
1290 5778 1303 5802 ,
1331 5752 1541 5806 pareret
1570 5756 1634 5797 ac
1657 5741 1883 5799 foveret.

669 5807 748 5877 po
777 5807 922 5863 llattc
952 5806 1234 5864 lectionem
1262 5809 1351 5866 uni
1379 5808 1546 5867 Vatic.
1579 5823 1635 5871 et
1659 5814 1815 5873 alteri
1840 5814 2048 5893 Remig.
2080 5836 2187 5880 ms.

2298 5754 2725 5839 rentiama'l'um
2767 5754 2916 5839 gius.
2958 5771 3033 5839 et
3060 5764 3181 5818 Par.
3238 5782 3329 5820 nec
3382 5766 3560 5837 differt
3598 5786 3631 5821 ιι
3669 5783 3881 5839 gutture:

2294 5825 2647 5884 emcndantur
2673 5845 2741 5887 ex
2766 5825 2872 5887 Ball
2904 5876 2918 5899 ,
2958 5832 3050 5891 Er.
3082 5844 3135 5892 ct
3167 5852 3293 5893 mss.
