  <div class='ocr_page' id='page_1' title='image "/cluster/home/n/w/nwhite01/storage/ocr_20150623/10/umn.319510024773048/183.png"; bbox 0 0 4316 6506; ppageno 0'>
   <div class='ocr_carea' id='block_1_1' title="bbox 520 341 615 398">
    <p class='ocr_par' dir='ltr' id='par_1_1' title="bbox 520 341 615 398">
     <span class='ocr_line' id='line_1_1' title="bbox 520 341 615 398; baseline -0.021 -2"><span class='ocrx_word' id='word_1_1' title='bbox 520 341 615 398; x_wconf 69' lang='lat' dir='ltr'><strong>553i</strong></span> 
     </span>
    </p>
   </div>
   <div class='ocr_carea' id='block_1_2' title="bbox 1713 338 3814 410">
    <p class='ocr_par' dir='ltr' id='par_1_2' title="bbox 1713 338 3814 410">
     <span class='ocr_line' id='line_1_2' title="bbox 1713 338 3814 410; baseline 0.005 -15"><span class='ocrx_word' id='word_1_2' title='bbox 1713 341 1793 396; x_wconf 73' lang='lat' dir='ltr'><strong>SA</strong></span> <span class='ocrx_word' id='word_1_3' title='bbox 1805 338 1957 397; x_wconf 77' lang='lat' dir='ltr'><strong>NCT!</strong></span> <span class='ocrx_word' id='word_1_4' title='bbox 2014 339 2266 398; x_wconf 72' lang='lat' dir='ltr'><strong>&quot;ILAlill</strong></span> <span class='ocrx_word' id='word_1_5' title='bbox 2310 341 2616 400; x_wconf 78' lang='lat' dir='ltr'><strong>EPISCOl‘l</strong></span> <span class='ocrx_word' id='word_1_6' title='bbox 3705 350 3814 410; x_wconf 62' lang='lat'><strong>$53</strong></span> 
     </span>
    </p>
   </div>
   <div class='ocr_carea' id='block_1_3' title="bbox 520 456 3810 530">
    <p class='ocr_par' dir='ltr' id='par_1_3' title="bbox 520 456 3810 530">
     <span class='ocr_line' id='line_1_3' title="bbox 520 456 3810 530; baseline 0.003 -18"><span class='ocrx_word' id='word_1_7' title='bbox 520 460 667 513; x_wconf 88' lang='lat' dir='ltr'><strong>enim</strong></span> <span class='ocrx_word' id='word_1_8' title='bbox 698 457 883 530; x_wconf 77' lang='lat' dir='ltr'><strong>generi</strong></span> <span class='ocrx_word' id='word_1_9' title='bbox 917 456 1040 513; x_wconf 64' lang='lat' dir='ltr'><strong>vita:</strong></span> <span class='ocrx_word' id='word_1_10' title='bbox 1087 466 1320 515; x_wconf 81' lang='lat' dir='ltr'><strong>mortem</strong></span> <span class='ocrx_word' id='word_1_11' title='bbox 1348 465 1438 512; x_wconf 86' lang='lat' dir='ltr'><strong>aut</strong></span> <span class='ocrx_word' id='word_1_12' title='bbox 1485 456 1565 513; x_wconf 81' lang='lat' dir='ltr'><strong>vis</strong></span> <span class='ocrx_word' id='word_1_13' title='bbox 1617 456 1877 522; x_wconf 70' lang='lat' dir='ltr'><strong>exterior,</strong></span> <span class='ocrx_word' id='word_1_14' title='bbox 1908 456 1957 511; x_wconf 92' lang='lat' dir='ltr'><strong>id</strong></span> <span class='ocrx_word' id='word_1_15' title='bbox 2010 466 2116 523; x_wconf 81' lang='lat' dir='ltr'><strong>est,</strong></span> <span class='ocrx_word' id='word_1_16' title='bbox 2142 461 2193 520; x_wconf 81' lang='grc' dir='ltr'><strong>Α</strong></span> <span class='ocrx_word' id='word_1_17' title='bbox 2224 462 2473 517; x_wconf 78' lang='lat' dir='ltr'><strong>humana:</strong></span> <span class='ocrx_word' id='word_1_18' title='bbox 2490 464 2597 519; x_wconf 88' lang='lat' dir='ltr'><strong>sub</strong></span> <span class='ocrx_word' id='word_1_19' title='bbox 2626 462 2916 520; x_wconf 67' lang='lat' dir='ltr'><strong>voluntatis</strong></span> <span class='ocrx_word' id='word_1_20' title='bbox 2934 479 3046 519; x_wconf 57' lang='lat' dir='ltr'><strong>sua!</strong></span> <span class='ocrx_word' id='word_1_21' title='bbox 3073 464 3321 521; x_wconf 86' lang='lat' dir='ltr'><strong>libertate</strong></span> <span class='ocrx_word' id='word_1_22' title='bbox 3348 466 3660 522; x_wconf 85' lang='lat' dir='ltr'><strong>moriturus.</strong></span> <span class='ocrx_word' id='word_1_23' title='bbox 3691 466 3810 523; x_wconf 82' lang='lat' dir='ltr'><strong>Non</strong></span> 
     </span>
    </p>
   </div>
   <div class='ocr_carea' id='block_1_4' title="bbox 519 547 3808 631">
    <p class='ocr_par' dir='ltr' id='par_1_4' title="bbox 519 547 3808 631">
     <span class='ocr_line' id='line_1_4' title="bbox 519 547 3808 631; baseline 0.003 -24"><span class='ocrx_word' id='word_1_24' title='bbox 519 550 706 618; x_wconf 77' lang='lat' dir='ltr'><strong>febris,</strong></span> <span class='ocrx_word' id='word_1_25' title='bbox 744 552 1006 619; x_wconf 87' lang='lat' dir='ltr'><strong>vulneris,</strong></span> <span class='ocrx_word' id='word_1_26' title='bbox 1038 564 1220 613; x_wconf 84' lang='lat' dir='ltr'><strong>casus,</strong></span> <span class='ocrx_word' id='word_1_27' title='bbox 1248 550 1442 615; x_wconf 74' lang='lat' dir='ltr'><strong>ruinm,</strong></span> <span class='ocrx_word' id='word_1_28' title='bbox 1493 547 1805 618; x_wconf 61' lang='lat' dir='ltr'><strong>degrassata</strong></span> <span class='ocrx_word' id='word_1_29' title='bbox 1831 551 1886 604; x_wconf 88' lang='lat' dir='ltr'><strong>in</strong></span> <span class='ocrx_word' id='word_1_30' title='bbox 1917 562 2115 619; x_wconf 71' lang='lat' dir='ltr'><strong>corpus</strong></span> <span class='ocrx_word' id='word_1_31' title='bbox 2213 565 2300 611; x_wconf 86' lang='lat' dir='ltr'><strong>est</strong></span> <span class='ocrx_word' id='word_1_32' title='bbox 2331 556 2383 609; x_wconf 91' lang='lat' dir='ltr'><strong>in</strong></span> <span class='ocrx_word' id='word_1_33' title='bbox 2413 556 2689 611; x_wconf 77' lang='lat' dir='ltr'><strong>voluntate</strong></span> <span class='ocrx_word' id='word_1_34' title='bbox 2739 556 2821 630; x_wconf 81' lang='lat'><strong>(5)</strong></span> <span class='ocrx_word' id='word_1_35' title='bbox 2872 555 2944 631; x_wconf 86' lang='lat' dir='ltr'><strong>(e)</strong></span> <span class='ocrx_word' id='word_1_36' title='bbox 2978 558 3264 616; x_wconf 83' lang='lat' dir='ltr'><strong>morientis</strong></span> <span class='ocrx_word' id='word_1_37' title='bbox 3292 568 3349 615; x_wconf 89' lang='lat' dir='ltr'><strong>et</strong></span> <span class='ocrx_word' id='word_1_38' title='bbox 3394 568 3659 630; x_wconf 70' lang='lat' dir='ltr'><strong>potestate</strong></span> <span class='ocrx_word' id='word_1_39' title='bbox 3701 576 3808 617; x_wconf 85' lang='lat' dir='ltr'><strong>non</strong></span> 
     </span>
    </p>
   </div>
   <div class='ocr_carea' id='block_1_5' title="bbox 526 640 2112 714">
    <p class='ocr_par' dir='ltr' id='par_1_5' title="bbox 526 640 2112 714">
     <span class='ocr_line' id='line_1_5' title="bbox 526 640 2112 714; baseline -0.001 -16"><span class='ocrx_word' id='word_1_40' title='bbox 526 643 839 711; x_wconf 83' lang='lat' dir='ltr'><strong>accelerat;</strong></span> <span class='ocrx_word' id='word_1_41' title='bbox 869 651 962 700; x_wconf 88' lang='lat' dir='ltr'><strong>aut</strong></span> <span class='ocrx_word' id='word_1_42' title='bbox 1005 643 1120 714; x_wconf 89' lang='lat' dir='ltr'><strong>ipsa</strong></span> <span class='ocrx_word' id='word_1_43' title='bbox 1164 652 1350 701; x_wconf 86' lang='lat' dir='ltr'><strong>natura</strong></span> <span class='ocrx_word' id='word_1_44' title='bbox 1398 643 1642 712; x_wconf 89' lang='lat' dir='ltr'><strong>corporis</strong></span> <span class='ocrx_word' id='word_1_45' title='bbox 1681 642 1850 700; x_wconf 88' lang='lat' dir='ltr'><strong>nostri</strong></span> <span class='ocrx_word' id='word_1_46' title='bbox 1878 640 2031 697; x_wconf 85' lang='lat' dir='ltr'><strong>senio</strong></span> <span class='ocrx_word' id='word_1_47' title='bbox 2058 641 2112 697; x_wconf 91' lang='lat' dir='ltr'><strong>in</strong></span> 
     </span>
    </p>
   </div>
   <div class='ocr_carea' id='block_1_6' title="bbox 521 732 2111 806">
    <p class='ocr_par' dir='ltr' id='par_1_6' title="bbox 521 732 2111 806">
     <span class='ocr_line' id='line_1_6' title="bbox 521 732 2111 806; baseline -0.003 -14"><span class='ocrx_word' id='word_1_48' title='bbox 521 750 642 792; x_wconf 87' lang='lat' dir='ltr'><strong>eam</strong></span> <span class='ocrx_word' id='word_1_49' title='bbox 688 735 860 806; x_wconf 88' lang='lat' dir='ltr'><strong>ipsam</strong></span> <span class='ocrx_word' id='word_1_50' title='bbox 912 744 1140 791; x_wconf 86' lang='lat' dir='ltr'><strong>mortem</strong></span> <span class='ocrx_word' id='word_1_51' title='bbox 1178 736 1315 790; x_wconf 83' lang='lat' dir='ltr'><strong>vieta</strong></span> <span class='ocrx_word' id='word_1_52' title='bbox 1368 734 1633 790; x_wconf 84' lang='lat' dir='ltr'><strong>concedit.</strong></span> <span class='ocrx_word' id='word_1_53' title='bbox 1671 732 1985 804; x_wconf 74' lang='lat' dir='ltr'><strong>Unigenitus</strong></span> <span class='ocrx_word' id='word_1_54' title='bbox 2007 746 2111 788; x_wconf 82' lang='lat' dir='ltr'><strong>au-</strong></span> 
     </span>
    </p>
   </div>
   <div class='ocr_carea' id='block_1_7' title="bbox 521 825 2113 903">
    <p class='ocr_par' dir='ltr' id='par_1_7' title="bbox 521 825 2113 903">
     <span class='ocr_line' id='line_1_7' title="bbox 521 825 2113 903; baseline -0.001 -20"><span class='ocrx_word' id='word_1_55' title='bbox 521 836 630 883; x_wconf 90' lang='lat' dir='ltr'><strong>tem</strong></span> <span class='ocrx_word' id='word_1_56' title='bbox 675 828 816 883; x_wconf 86' lang='lat' dir='ltr'><strong>Deus</strong></span> <span class='ocrx_word' id='word_1_57' title='bbox 868 830 940 882; x_wconf 87' lang='lat' dir='ltr'><strong>ita</strong></span> <span class='ocrx_word' id='word_1_58' title='bbox 991 833 1316 903; x_wconf 78' lang='lat' dir='ltr'><strong>potestatem</strong></span> <span class='ocrx_word' id='word_1_59' title='bbox 1363 826 1570 882; x_wconf 86' lang='lat' dir='ltr'><strong>habens</strong></span> <span class='ocrx_word' id='word_1_60' title='bbox 1607 826 1872 898; x_wconf 79' lang='lat' dir='ltr'><strong>ponendae</strong></span> <span class='ocrx_word' id='word_1_61' title='bbox 1896 825 2113 893; x_wconf 60' lang='lat' dir='ltr'><strong>anima,</strong></span> 
     </span>
    </p>
   </div>
   <div class='ocr_carea' id='block_1_8' title="bbox 522 917 2120 992">
    <p class='ocr_par' dir='ltr' id='par_1_8' title="bbox 522 917 2120 992">
     <span class='ocr_line' id='line_1_8' title="bbox 522 917 2120 992; baseline 0 -18"><span class='ocrx_word' id='word_1_62' title='bbox 522 919 603 992; x_wconf 88' lang='lat' dir='ltr'><strong>(i)</strong></span> <span class='ocrx_word' id='word_1_63' title='bbox 627 927 687 975; x_wconf 91' lang='lat' dir='ltr'><strong>ut</strong></span> <span class='ocrx_word' id='word_1_64' title='bbox 710 919 1155 986; x_wconf 52' lang='lat' dir='ltr'><strong>resumeodrend</strong></span> <span class='ocrx_word' id='word_1_65' title='bbox 1175 921 1541 991; x_wconf 76' lang='lat' dir='ltr'><strong>peragendum</strong></span> <span class='ocrx_word' id='word_1_66' title='bbox 1563 922 1615 975; x_wconf 90' lang='lat' dir='ltr'><strong>in</strong></span> <span class='ocrx_word' id='word_1_67' title='bbox 1643 935 1705 977; x_wconf 83' lang='lat' dir='ltr'><strong>se</strong></span> <span class='ocrx_word' id='word_1_68' title='bbox 1735 917 1923 975; x_wconf 88' lang='lat' dir='ltr'><strong>mortis</strong></span> <span class='ocrx_word' id='word_1_69' title='bbox 1942 933 2120 974; x_wconf 82' lang='lat' dir='ltr'><strong>sacra-</strong></span> 
     </span>
    </p>
   </div>
   <div class='ocr_carea' id='block_1_9' title="bbox 520 1010 2119 1084">
    <p class='ocr_par' dir='ltr' id='par_1_9' title="bbox 520 1010 2119 1084">
     <span class='ocr_line' id='line_1_9' title="bbox 520 1010 2119 1084; baseline -0.002 -16"><span class='ocrx_word' id='word_1_70' title='bbox 520 1022 788 1081; x_wconf 90' lang='lat' dir='ltr'><strong>mentum,</strong></span> <span class='ocrx_word' id='word_1_71' title='bbox 813 1028 936 1069; x_wconf 83' lang='lat' dir='ltr'><strong>cum</strong></span> <span class='ocrx_word' id='word_1_72' title='bbox 978 1023 1108 1084; x_wconf 91' lang='lat' dir='ltr'><strong>poto</strong></span> <span class='ocrx_word' id='word_1_73' title='bbox 1131 1021 1286 1069; x_wconf 82' lang='lat' dir='ltr'><strong>aceto</strong></span> <span class='ocrx_word' id='word_1_74' title='bbox 1307 1027 1716 1069; x_wconf 58' lang='lat' dir='ltr'><strong>consummasse</strong></span> <span class='ocrx_word' id='word_1_75' title='bbox 1745 1026 1806 1067; x_wconf 86' lang='lat' dir='ltr'><strong>se</strong></span> <span class='ocrx_word' id='word_1_76' title='bbox 1828 1026 1990 1066; x_wconf 88' lang='lat' dir='ltr'><strong>onme</strong></span> <span class='ocrx_word' id='word_1_77' title='bbox 2017 1010 2119 1065; x_wconf 83' lang='lat' dir='ltr'><strong>hu-</strong></span> 
     </span>
    </p>
   </div>
   <div class='ocr_carea' id='block_1_10' title="bbox 520 1101 2117 1179">
    <p class='ocr_par' dir='ltr' id='par_1_10' title="bbox 520 1101 2117 1179">
     <span class='ocr_line' id='line_1_10' title="bbox 520 1101 2117 1179; baseline -0.002 -19"><span class='ocrx_word' id='word_1_78' title='bbox 520 1119 802 1161; x_wconf 85' lang='lat' dir='ltr'><strong>manarum</strong></span> <span class='ocrx_word' id='word_1_79' title='bbox 855 1104 1173 1177; x_wconf 81' lang='lat' dir='ltr'><strong>passionum</strong></span> <span class='ocrx_word' id='word_1_80' title='bbox 1225 1119 1361 1179; x_wconf 82' lang='lat' dir='ltr'><strong>opus</strong></span> <span class='ocrx_word' id='word_1_81' title='bbox 1387 1101 1464 1178; x_wconf 83' lang='grc' dir='ltr'>(ιι)</span> <span class='ocrx_word' id='word_1_82' title='bbox 1496 1111 1727 1163; x_wconf 60' lang='lat' dir='ltr'><strong>testatus</strong></span> <span class='ocrx_word' id='word_1_83' title='bbox 1765 1112 1932 1170; x_wconf 72' lang='lat' dir='ltr'><strong>easet,</strong></span> <span class='ocrx_word' id='word_1_84' title='bbox 1959 1102 2117 1157; x_wconf 83' lang='lat' dir='ltr'><strong>incli-</strong></span> 
     </span>
    </p>
   </div>
   <div class='ocr_carea' id='block_1_11' title="bbox 528 1194 2120 1269">
    <p class='ocr_par' dir='ltr' id='par_1_11' title="bbox 528 1194 2120 1269">
     <span class='ocr_line' id='line_1_11' title="bbox 528 1194 2120 1269; baseline -0.003 -15"><span class='ocrx_word' id='word_1_85' title='bbox 528 1206 656 1254; x_wconf 86' lang='lat' dir='ltr'><strong>nato</strong></span> <span class='ocrx_word' id='word_1_86' title='bbox 682 1200 858 1269; x_wconf 85' lang='lat' dir='ltr'><strong>capite</strong></span> <span class='ocrx_word' id='word_1_87' title='bbox 883 1198 1135 1269; x_wconf 78' lang='lat' dir='ltr'><strong>spiritum</strong></span> <span class='ocrx_word' id='word_1_88' title='bbox 1165 1196 1387 1253; x_wconf 75' lang='lat' dir='ltr'><strong>tradidit</strong></span> <span class='ocrx_word' id='word_1_89' title='bbox 1409 1195 1616 1268; x_wconf 60' lang='lat' dir='ltr'><strong>(laetu,</strong></span> <span class='ocrx_word' id='word_1_90' title='bbox 1650 1213 1763 1261; x_wconf 78' lang='lat' dir='ltr'><strong>six,</strong></span> <span class='ocrx_word' id='word_1_91' title='bbox 1786 1198 1905 1264; x_wconf 80' lang='lat'><strong>30).</strong></span> <span class='ocrx_word' id='word_1_92' title='bbox 1928 1194 1986 1252; x_wconf 84' lang='lat' dir='ltr'><strong>Si</strong></span> <span class='ocrx_word' id='word_1_93' title='bbox 2014 1198 2120 1250; x_wconf 86' lang='lat' dir='ltr'><strong>hoc</strong></span> 
     </span>
    </p>
   </div>
   <div class='ocr_carea' id='block_1_12' title="bbox 527 1288 2121 1364">
    <p class='ocr_par' dir='ltr' id='par_1_12' title="bbox 527 1288 2121 1364">
     <span class='ocr_line' id='line_1_12' title="bbox 527 1288 2121 1364; baseline -0.002 -16"><span class='ocrx_word' id='word_1_94' title='bbox 527 1300 735 1349; x_wconf 72' lang='lat' dir='ltr'><strong>natura:</strong></span> <span class='ocrx_word' id='word_1_95' title='bbox 783 1291 1024 1349; x_wconf 78' lang='lat' dir='ltr'><strong>hominis</strong></span> <span class='ocrx_word' id='word_1_96' title='bbox 1064 1292 1157 1364; x_wconf 87' lang='lat' dir='ltr'><strong>jus</strong></span> <span class='ocrx_word' id='word_1_97' title='bbox 1177 1292 1420 1348; x_wconf 74' lang='lat' dir='ltr'><strong>relictum</strong></span> <span class='ocrx_word' id='word_1_98' title='bbox 1441 1301 1550 1359; x_wconf 84' lang='lat' dir='ltr'><strong>est,</strong></span> <span class='ocrx_word' id='word_1_99' title='bbox 1570 1300 1631 1347; x_wconf 91' lang='lat' dir='ltr'><strong>ut</strong></span> <span class='ocrx_word' id='word_1_100' title='bbox 1660 1306 1755 1364; x_wconf 90' lang='lat' dir='ltr'><strong>per</strong></span> <span class='ocrx_word' id='word_1_101' title='bbox 1772 1306 1835 1347; x_wconf 85' lang='lat' dir='ltr'><strong>se</strong></span> <span class='ocrx_word' id='word_1_102' title='bbox 1861 1288 2121 1345; x_wconf 82' lang='lat' dir='ltr'><strong>exhalans</strong></span> 
     </span>
    </p>
   </div>
   <div class='ocr_carea' id='block_1_13' title="bbox 519 1381 2117 1459">
    <p class='ocr_par' dir='ltr' id='par_1_13' title="bbox 519 1381 2117 1459">
     <span class='ocr_line' id='line_1_13' title="bbox 519 1381 2117 1459; baseline -0.003 -18"><span class='ocrx_word' id='word_1_103' title='bbox 519 1385 771 1455; x_wconf 86' lang='lat' dir='ltr'><strong>spiritum</strong></span> <span class='ocrx_word' id='word_1_104' title='bbox 786 1383 1271 1459; x_wconf 61' lang='lat' dir='ltr'><strong>requiescataas</strong></span> <span class='ocrx_word' id='word_1_105' title='bbox 1290 1384 1342 1438; x_wconf 92' lang='lat' dir='ltr'><strong>in</strong></span> <span class='ocrx_word' id='word_1_106' title='bbox 1362 1392 1615 1451; x_wconf 79' lang='lat' dir='ltr'><strong>nmrtem,</strong></span> <span class='ocrx_word' id='word_1_107' title='bbox 1644 1393 1701 1439; x_wconf 88' lang='lat' dir='ltr'><strong>et</strong></span> <span class='ocrx_word' id='word_1_108' title='bbox 1723 1398 1830 1439; x_wconf 85' lang='lat' dir='ltr'><strong>non</strong></span> <span class='ocrx_word' id='word_1_109' title='bbox 1848 1381 2117 1438; x_wconf 73' lang='lat' dir='ltr'><strong>dissoluto</strong></span> 
     </span>
    </p>
   </div>
   <div class='ocr_carea' id='block_1_14' title="bbox 523 1474 2125 1548">
    <p class='ocr_par' dir='ltr' id='par_1_14' title="bbox 523 1474 2125 1548">
     <span class='ocr_line' id='line_1_14' title="bbox 523 1474 2125 1548; baseline -0.001 -16"><span class='ocrx_word' id='word_1_110' title='bbox 523 1492 755 1548; x_wconf 86' lang='lat' dir='ltr'><strong>corpore</strong></span> <span class='ocrx_word' id='word_1_111' title='bbox 797 1475 1117 1534; x_wconf 74' lang='lat' dir='ltr'><strong>labelaCiala</strong></span> <span class='ocrx_word' id='word_1_112' title='bbox 1161 1478 1340 1532; x_wconf 85' lang='lat' dir='ltr'><strong>anima</strong></span> <span class='ocrx_word' id='word_1_113' title='bbox 1367 1476 1612 1543; x_wconf 83' lang='lat' dir='ltr'><strong>decedat,</strong></span> <span class='ocrx_word' id='word_1_114' title='bbox 1640 1478 1723 1531; x_wconf 92' lang='lat' dir='ltr'><strong>vel</strong></span> <span class='ocrx_word' id='word_1_115' title='bbox 1764 1474 2006 1546; x_wconf 83' lang='lat' dir='ltr'><strong>abruptis</strong></span> <span class='ocrx_word' id='word_1_116' title='bbox 2030 1482 2125 1530; x_wconf 89' lang='lat' dir='ltr'><strong>aut</strong></span> 
     </span>
    </p>
   </div>
   <div class='ocr_carea' id='block_1_15' title="bbox 523 1568 2121 1643">
    <p class='ocr_par' dir='ltr' id='par_1_15' title="bbox 523 1568 2121 1643">
     <span class='ocr_line' id='line_1_15' title="bbox 523 1568 2121 1643; baseline -0.003 -15"><span class='ocrx_word' id='word_1_117' title='bbox 523 1570 786 1643; x_wconf 51' lang='lat' dir='ltr'><strong>perfossis</strong></span> <span class='ocrx_word' id='word_1_118' title='bbox 831 1579 924 1625; x_wconf 87' lang='lat' dir='ltr'><strong>aut</strong></span> <span class='ocrx_word' id='word_1_119' title='bbox 970 1570 1178 1626; x_wconf 80' lang='lat' dir='ltr'><strong>collisis</strong></span> <span class='ocrx_word' id='word_1_120' title='bbox 1209 1569 1468 1625; x_wconf 81' lang='lat' dir='ltr'><strong>membris</strong></span> <span class='ocrx_word' id='word_1_121' title='bbox 1499 1571 1724 1642; x_wconf 72' lang='lat' dir='ltr'><strong>spiritus</strong></span> <span class='ocrx_word' id='word_1_122' title='bbox 1768 1577 2040 1639; x_wconf 81' lang='lat' dir='ltr'><strong>tamquam</strong></span> <span class='ocrx_word' id='word_1_123' title='bbox 2066 1568 2121 1623; x_wconf 87' lang='lat' dir='ltr'><strong>in</strong></span> 
     </span>
    </p>
   </div>
   <div class='ocr_carea' id='block_1_16' title="bbox 525 1659 2123 1734">
    <p class='ocr_par' dir='ltr' id='par_1_16' title="bbox 525 1659 2123 1734">
     <span class='ocr_line' id='line_1_16' title="bbox 525 1659 2123 1734; baseline -0.004 -14"><span class='ocrx_word' id='word_1_124' title='bbox 525 1664 654 1720; x_wconf 88' lang='lat' dir='ltr'><strong>sede</strong></span> <span class='ocrx_word' id='word_1_125' title='bbox 685 1679 779 1719; x_wconf 88' lang='lat' dir='ltr'><strong>sua</strong></span> <span class='ocrx_word' id='word_1_126' title='bbox 810 1662 1040 1720; x_wconf 81' lang='lat' dir='ltr'><strong>violatus</strong></span> <span class='ocrx_word' id='word_1_127' title='bbox 1077 1674 1326 1734; x_wconf 88' lang='lat' dir='ltr'><strong>erumpat</strong></span> <span class='ocrx_word' id='word_1_128' title='bbox 1352 1670 1447 1720; x_wconf 81' lang='lat' dir='ltr'><strong>aut</strong></span> <span class='ocrx_word' id='word_1_129' title='bbox 1484 1662 1667 1719; x_wconf 80' lang='lat' dir='ltr'><strong>emunt</strong></span> <span class='ocrx_word' id='word_1_130' title='bbox 1695 1677 1707 1714; x_wconf 91' lang='lat'>:</span> <span class='ocrx_word' id='word_1_131' title='bbox 1733 1660 1935 1716; x_wconf 82' lang='lat' dir='ltr'><strong>incidat</strong></span> <span class='ocrx_word' id='word_1_132' title='bbox 1962 1659 2016 1715; x_wconf 87' lang='lat' dir='ltr'><strong>in</strong></span> <span class='ocrx_word' id='word_1_133' title='bbox 2043 1659 2123 1732; x_wconf 85' lang='lat' dir='ltr'><strong>(b)</strong></span> 
     </span>
    </p>
   </div>
   <div class='ocr_carea' id='block_1_17' title="bbox 528 1752 2123 1828">
    <p class='ocr_par' dir='ltr' id='par_1_17' title="bbox 528 1752 2123 1828">
     <span class='ocr_line' id='line_1_17' title="bbox 528 1752 2123 1828; baseline -0.003 -16"><span class='ocrx_word' id='word_1_134' title='bbox 528 1757 814 1814; x_wconf 80' lang='lat' dir='ltr'><strong>Dominum</strong></span> <span class='ocrx_word' id='word_1_135' title='bbox 850 1759 977 1814; x_wconf 68' lang='lat' dir='ltr'><strong>vita:</strong></span> <span class='ocrx_word' id='word_1_136' title='bbox 1026 1757 1216 1813; x_wconf 87' lang='lat' dir='ltr'><strong>mortis</strong></span> <span class='ocrx_word' id='word_1_137' title='bbox 1241 1764 1437 1823; x_wconf 82' lang='lat' dir='ltr'><strong>metus,</strong></span> <span class='ocrx_word' id='word_1_138' title='bbox 1461 1756 1507 1811; x_wconf 90' lang='lat' dir='ltr'><strong>si</strong></span> <span class='ocrx_word' id='word_1_139' title='bbox 1532 1755 1675 1828; x_wconf 83' lang='lat' dir='ltr'><strong>quod</strong></span> <span class='ocrx_word' id='word_1_140' title='bbox 1702 1756 1904 1811; x_wconf 86' lang='lat' dir='ltr'><strong>emisso</strong></span> <span class='ocrx_word' id='word_1_141' title='bbox 1930 1752 2123 1824; x_wconf 81' lang='lat' dir='ltr'><strong>spiritu</strong></span> 
     </span>
    </p>
   </div>
   <div class='ocr_carea' id='block_1_18' title="bbox 2215 646 3810 722">
    <p class='ocr_par' dir='ltr' id='par_1_18' title="bbox 2215 646 3810 722">
     <span class='ocr_line' id='line_1_18' title="bbox 2215 646 3810 722; baseline 0.004 -20"><span class='ocrx_word' id='word_1_142' title='bbox 2215 646 2306 702; x_wconf 90' lang='lat' dir='ltr'><strong>diu</strong></span> <span class='ocrx_word' id='word_1_143' title='bbox 2331 648 2466 703; x_wconf 88' lang='lat' dir='ltr'><strong>mori</strong></span> <span class='ocrx_word' id='word_1_144' title='bbox 2493 648 2655 703; x_wconf 80' lang='lat' dir='ltr'><strong>timor</strong></span> <span class='ocrx_word' id='word_1_145' title='bbox 2684 648 2879 705; x_wconf 87' lang='lat' dir='ltr'><strong>mortis</strong></span> <span class='ocrx_word' id='word_1_146' title='bbox 2907 650 3071 722; x_wconf 85' lang='lat' dir='ltr'><strong>:quia</strong></span> <span class='ocrx_word' id='word_1_147' title='bbox 3099 656 3159 705; x_wconf 89' lang='lat' dir='ltr'><strong>et</strong></span> <span class='ocrx_word' id='word_1_148' title='bbox 3187 651 3432 705; x_wconf 75' lang='lat' dir='ltr'><strong>voluntas</strong></span> <span class='ocrx_word' id='word_1_149' title='bbox 3466 652 3729 709; x_wconf 88' lang='lat' dir='ltr'><strong>moriendi</strong></span> <span class='ocrx_word' id='word_1_150' title='bbox 3755 662 3810 709; x_wconf 91' lang='lat' dir='ltr'><strong>ct</strong></span> 
     </span>
    </p>
   </div>
   <div class='ocr_carea' id='block_1_19' title="bbox 2218 741 3807 812">
    <p class='ocr_par' dir='ltr' id='par_1_19' title="bbox 2218 741 3807 812">
     <span class='ocr_line' id='line_1_19' title="bbox 2218 741 3807 812; baseline 0.003 -15"><span class='ocrx_word' id='word_1_151' title='bbox 2218 747 2459 812; x_wconf 78' lang='lat' dir='ltr'><strong>potestas</strong></span> <span class='ocrx_word' id='word_1_152' title='bbox 2480 741 2834 798; x_wconf 80' lang='lat' dir='ltr'><strong>reviviscendi</strong></span> <span class='ocrx_word' id='word_1_153' title='bbox 2866 752 3019 799; x_wconf 78' lang='lat' dir='ltr'><strong>extra</strong></span> <span class='ocrx_word' id='word_1_154' title='bbox 3049 750 3294 799; x_wconf 83' lang='lat' dir='ltr'><strong>naturam</strong></span> <span class='ocrx_word' id='word_1_155' title='bbox 3322 745 3530 800; x_wconf 67' lang='lat' dir='ltr'><strong>timoris</strong></span> <span class='ocrx_word' id='word_1_156' title='bbox 3552 756 3658 812; x_wconf 89' lang='lat' dir='ltr'><strong>est,</strong></span> <span class='ocrx_word' id='word_1_157' title='bbox 3680 747 3807 802; x_wconf 89' lang='lat' dir='ltr'><strong>dum</strong></span> 
     </span>
    </p>
   </div>
   <div class='ocr_carea' id='block_1_20' title="bbox 2220 831 3811 906">
    <p class='ocr_par' dir='ltr' id='par_1_20' title="bbox 2220 831 3811 906">
     <span class='ocr_line' id='line_1_20' title="bbox 2220 831 3811 906; baseline 0.005 -19"><span class='ocrx_word' id='word_1_158' title='bbox 2220 831 2397 887; x_wconf 86' lang='lat' dir='ltr'><strong>timeri</strong></span> <span class='ocrx_word' id='word_1_159' title='bbox 2438 846 2584 887; x_wconf 87' lang='lat' dir='ltr'><strong>mors</strong></span> <span class='ocrx_word' id='word_1_160' title='bbox 2613 850 2720 889; x_wconf 90' lang='lat' dir='ltr'><strong>non</strong></span> <span class='ocrx_word' id='word_1_161' title='bbox 2776 844 2951 906; x_wconf 86' lang='lat' dir='ltr'><strong>potest</strong></span> <span class='ocrx_word' id='word_1_162' title='bbox 2983 847 3035 889; x_wconf 88' lang='lat' dir='ltr'><strong>et</strong></span> <span class='ocrx_word' id='word_1_163' title='bbox 3078 835 3131 889; x_wconf 93' lang='lat' dir='ltr'><strong>iu</strong></span> <span class='ocrx_word' id='word_1_164' title='bbox 3162 837 3437 892; x_wconf 72' lang='lat' dir='ltr'><strong>voluntate</strong></span> <span class='ocrx_word' id='word_1_165' title='bbox 3466 838 3728 894; x_wconf 81' lang='lat' dir='ltr'><strong>moriendi</strong></span> <span class='ocrx_word' id='word_1_166' title='bbox 3755 850 3811 897; x_wconf 88' lang='lat' dir='ltr'><strong>et</strong></span> 
     </span>
    </p>
   </div>
   <div class='ocr_carea' id='block_1_21' title="bbox 2197 923 2821 995">
    <p class='ocr_par' dir='ltr' id='par_1_21' title="bbox 2197 923 2821 995">
     <span class='ocr_line' id='line_1_21' title="bbox 2197 923 2821 995; baseline 0.002 -16"><span class='ocrx_word' id='word_1_167' title='bbox 2197 923 2272 979; x_wconf 85' lang='lat' dir='ltr'><strong>in</strong></span> <span class='ocrx_word' id='word_1_168' title='bbox 2302 931 2567 995; x_wconf 79' lang='lat' dir='ltr'><strong>potestate</strong></span> <span class='ocrx_word' id='word_1_169' title='bbox 2589 926 2821 982; x_wconf 85' lang='lat' dir='ltr'><strong>vivendi.</strong></span> 
     </span>
    </p>
   </div>
   <div class='ocr_carea' id='block_1_22' title="bbox 2293 1019 3809 1092">
    <p class='ocr_par' dir='ltr' id='par_1_22' title="bbox 2293 1019 3809 1092">
     <span class='ocr_line' id='line_1_22' title="bbox 2293 1019 3809 1092; baseline 0.005 -21"><span class='ocrx_word' id='word_1_170' title='bbox 2293 1019 2383 1072; x_wconf 80' lang='grc'><strong>15.</strong></span> <span class='ocrx_word' id='word_1_171' title='bbox 2434 1020 2513 1072; x_wconf 75' lang='lat' dir='ltr'><strong>An</strong></span> <span class='ocrx_word' id='word_1_172' title='bbox 2541 1033 2717 1088; x_wconf 69' lang='grc' dir='ltr'>ρωιιιιε</span> <span class='ocrx_word' id='word_1_173' title='bbox 2761 1020 3006 1074; x_wconf 79' lang='lat' dir='ltr'><strong>timuerit.</strong></span> <span class='ocrx_word' id='word_1_174' title='bbox 3038 1049 3111 1062; x_wconf 86' lang='lat'><strong>--</strong></span> <span class='ocrx_word' id='word_1_175' title='bbox 3149 1021 3256 1077; x_wconf 86' lang='lat' dir='ltr'><strong>Sed</strong></span> <span class='ocrx_word' id='word_1_176' title='bbox 3315 1020 3453 1077; x_wconf 83' lang='lat' dir='ltr'><strong>forte</strong></span> <span class='ocrx_word' id='word_1_177' title='bbox 3504 1022 3725 1092; x_wconf 82' lang='lat' dir='ltr'><strong>penduli</strong></span> <span class='ocrx_word' id='word_1_178' title='bbox 3756 1023 3809 1079; x_wconf 90' lang='lat' dir='ltr'><strong>iu</strong></span> 
     </span>
    </p>
   </div>
   <div class='ocr_carea' id='block_1_23' title="bbox 2218 1110 3812 1182">
    <p class='ocr_par' dir='ltr' id='par_1_23' title="bbox 2218 1110 3812 1182">
     <span class='ocr_line' id='line_1_23' title="bbox 2218 1110 3812 1182; baseline 0.003 -19"><span class='ocrx_word' id='word_1_179' title='bbox 2218 1124 2379 1165; x_wconf 84' lang='lat' dir='ltr'><strong>cruce</strong></span> <span class='ocrx_word' id='word_1_180' title='bbox 2409 1112 2657 1180; x_wconf 74' lang='lat' dir='ltr'><strong>corporis</strong></span> <span class='ocrx_word' id='word_1_181' title='bbox 2698 1110 2781 1182; x_wconf 80' lang='lat'><strong>(6)</strong></span> <span class='ocrx_word' id='word_1_182' title='bbox 2808 1125 2980 1180; x_wconf 61' lang='lat' dir='ltr'><strong>(neruo</strong></span> <span class='ocrx_word' id='word_1_183' title='bbox 3005 1112 3440 1182; x_wconf 78' lang='lat' dir='ltr'><strong>etcolligantium</strong></span> <span class='ocrx_word' id='word_1_184' title='bbox 3463 1114 3668 1170; x_wconf 70' lang='lat' dir='ltr'><strong>{tioium</strong></span> <span class='ocrx_word' id='word_1_185' title='bbox 3695 1116 3812 1169; x_wconf 81' lang='lat' dir='ltr'><strong>vio-</strong></span> 
     </span>
    </p>
   </div>
   <div class='ocr_carea' id='block_1_24' title="bbox 2220 1201 3813 1278">
    <p class='ocr_par' dir='ltr' id='par_1_24' title="bbox 2220 1201 3813 1278">
     <span class='ocr_line' id='line_1_24' title="bbox 2220 1201 3813 1278; baseline 0.003 -20"><span class='ocrx_word' id='word_1_186' title='bbox 2220 1202 2365 1258; x_wconf 84' lang='lat' dir='ltr'><strong>lenta</strong></span> <span class='ocrx_word' id='word_1_187' title='bbox 2397 1201 2627 1267; x_wconf 81' lang='lat' dir='ltr'><strong>vincula,</strong></span> <span class='ocrx_word' id='word_1_188' title='bbox 2659 1213 2710 1259; x_wconf 89' lang='lat' dir='ltr'><strong>et</strong></span> <span class='ocrx_word' id='word_1_189' title='bbox 2747 1204 3058 1260; x_wconf 80' lang='lat' dir='ltr'><strong>adacturum</strong></span> <span class='ocrx_word' id='word_1_190' title='bbox 3098 1206 3372 1262; x_wconf 81' lang='lat' dir='ltr'><strong>clavorqu</strong></span> <span class='ocrx_word' id='word_1_191' title='bbox 3400 1208 3470 1278; x_wconf 66' lang='grc' dir='ltr'><strong>(Γ)</strong></span> <span class='ocrx_word' id='word_1_192' title='bbox 3505 1208 3668 1262; x_wconf 77' lang='lat' dir='ltr'><strong>cruda</strong></span> <span class='ocrx_word' id='word_1_193' title='bbox 3699 1208 3813 1263; x_wconf 48' lang='lat' dir='ltr'><strong>vui-</strong></span> 
     </span>
    </p>
   </div>
   <div class='ocr_carea' id='block_1_25' title="bbox 2222 1299 3814 1372">
    <p class='ocr_par' dir='ltr' id='par_1_25' title="bbox 2222 1299 3814 1372">
     <span class='ocr_line' id='line_1_25' title="bbox 2222 1299 3814 1372; baseline 0.003 -19"><span class='ocrx_word' id='word_1_194' title='bbox 2222 1313 2350 1354; x_wconf 87' lang='lat' dir='ltr'><strong>nera</strong></span> <span class='ocrx_word' id='word_1_195' title='bbox 2390 1308 2516 1355; x_wconf 88' lang='lat' dir='ltr'><strong>sunt</strong></span> <span class='ocrx_word' id='word_1_196' title='bbox 2546 1299 2727 1355; x_wconf 85' lang='lat' dir='ltr'><strong>timori</strong></span> <span class='ocrx_word' id='word_1_197' title='bbox 2746 1301 2771 1353; x_wconf 68' lang='grc'><strong><em>2</em></strong></span> <span class='ocrx_word' id='word_1_198' title='bbox 2798 1299 2866 1354; x_wconf 79' lang='lat' dir='ltr'><strong>Et</strong></span> <span class='ocrx_word' id='word_1_199' title='bbox 2889 1301 3164 1356; x_wconf 82' lang='lat' dir='ltr'><strong>videamus</strong></span> <span class='ocrx_word' id='word_1_200' title='bbox 3195 1303 3351 1372; x_wconf 87' lang='lat' dir='ltr'><strong>cujus</strong></span> <span class='ocrx_word' id='word_1_201' title='bbox 3377 1303 3623 1371; x_wconf 83' lang='lat' dir='ltr'><strong>corporis</strong></span> <span class='ocrx_word' id='word_1_202' title='bbox 3651 1302 3814 1358; x_wconf 81' lang='grc' dir='ltr'>Ιιοιιιο</span> 
     </span>
    </p>
   </div>
   <div class='ocr_carea' id='block_1_26' title="bbox 2220 1390 3817 1466">
    <p class='ocr_par' dir='ltr' id='par_1_26' title="bbox 2220 1390 3817 1466">
     <span class='ocr_line' id='line_1_26' title="bbox 2220 1390 3817 1466; baseline 0.004 -21"><span class='ocrx_word' id='word_1_203' title='bbox 2220 1390 2468 1448; x_wconf 77' lang='lat' dir='ltr'><strong>Christus</strong></span> <span class='ocrx_word' id='word_1_204' title='bbox 2514 1392 2623 1457; x_wconf 85' lang='lat' dir='ltr'><strong>sit;</strong></span> <span class='ocrx_word' id='word_1_205' title='bbox 2652 1400 2707 1446; x_wconf 92' lang='lat' dir='ltr'><strong>ut</strong></span> <span class='ocrx_word' id='word_1_206' title='bbox 2758 1391 2812 1446; x_wconf 89' lang='lat' dir='ltr'><strong>in</strong></span> <span class='ocrx_word' id='word_1_207' title='bbox 2861 1406 3200 1461; x_wconf 58' lang='lat' dir='ltr'><strong>sitspeosam,</strong></span> <span class='ocrx_word' id='word_1_208' title='bbox 3252 1402 3307 1449; x_wconf 88' lang='lat' dir='ltr'><strong>et</strong></span> <span class='ocrx_word' id='word_1_209' title='bbox 3350 1392 3429 1466; x_wconf 74' lang='lat'><strong>(9)</strong></span> <span class='ocrx_word' id='word_1_210' title='bbox 3459 1395 3732 1461; x_wconf 81' lang='lat' dir='ltr'><strong>nudatam,</strong></span> <span class='ocrx_word' id='word_1_211' title='bbox 3760 1402 3817 1452; x_wconf 84' lang='lat' dir='ltr'><strong>et</strong></span> 
     </span>
    </p>
   </div>
   <div class='ocr_carea' id='block_1_27' title="bbox 2223 1484 3327 1542">
    <p class='ocr_par' dir='ltr' id='par_1_27' title="bbox 2223 1484 3327 1542">
     <span class='ocr_line' id='line_1_27' title="bbox 2223 1484 3327 1542; baseline 0.005 -5"><span class='ocrx_word' id='word_1_212' title='bbox 2223 1484 2578 1540; x_wconf 49' lang='lat' dir='ltr'><strong>transfossam</strong></span> <span class='ocrx_word' id='word_1_213' title='bbox 2617 1500 2838 1541; x_wconf 85' lang='lat' dir='ltr'><strong>carnem</strong></span> <span class='ocrx_word' id='word_1_214' title='bbox 2864 1485 3022 1542; x_wconf 84' lang='lat' dir='ltr'><strong>dolor</strong></span> <span class='ocrx_word' id='word_1_215' title='bbox 3047 1486 3327 1542; x_wconf 82' lang='lat' dir='ltr'><strong>inauserit.</strong></span> 
     </span>
    </p>
   </div>
   <div class='ocr_carea' id='block_1_28' title="bbox 2292 1578 3813 1651">
    <p class='ocr_par' dir='ltr' id='par_1_28' title="bbox 2292 1578 3813 1651">
     <span class='ocr_line' id='line_1_28' title="bbox 2292 1578 3813 1651; baseline 0.003 -16"><span class='ocrx_word' id='word_1_216' title='bbox 2292 1579 2575 1651; x_wconf 67' lang='lat'><strong>32914.</strong></span> <span class='ocrx_word' id='word_1_217' title='bbox 2627 1578 2776 1637; x_wconf 77' lang='lat' dir='ltr'><strong>Unde</strong></span> <span class='ocrx_word' id='word_1_218' title='bbox 2796 1579 2848 1634; x_wconf 86' lang='lat' dir='ltr'><strong>in</strong></span> <span class='ocrx_word' id='word_1_219' title='bbox 2887 1580 3185 1649; x_wconf 70' lang='lat' dir='ltr'><strong>corporibus</strong></span> <span class='ocrx_word' id='word_1_220' title='bbox 3224 1598 3419 1641; x_wconf 75' lang='lat' dir='ltr'><strong>smus.</strong></span> <span class='ocrx_word' id='word_1_221' title='bbox 3448 1613 3517 1623; x_wconf 87' lang='lat'><strong>-—-</strong></span> <span class='ocrx_word' id='word_1_222' title='bbox 3544 1582 3615 1638; x_wconf 79' lang='lat' dir='ltr'><strong>Ea</strong></span> <span class='ocrx_word' id='word_1_223' title='bbox 3667 1582 3813 1641; x_wconf 83' lang='lat' dir='ltr'><strong>enim</strong></span> 
     </span>
    </p>
   </div>
   <div class='ocr_carea' id='block_1_29' title="bbox 2224 1669 3813 1746">
    <p class='ocr_par' dir='ltr' id='par_1_29' title="bbox 2224 1669 3813 1746">
     <span class='ocr_line' id='line_1_29' title="bbox 2224 1669 3813 1746; baseline 0.003 -19"><span class='ocrx_word' id='word_1_224' title='bbox 2224 1682 2414 1728; x_wconf 89' lang='lat' dir='ltr'><strong>natura</strong></span> <span class='ocrx_word' id='word_1_225' title='bbox 2440 1688 2732 1741; x_wconf 81' lang='lat' dir='ltr'><strong>corporum</strong></span> <span class='ocrx_word' id='word_1_226' title='bbox 2762 1682 2869 1738; x_wconf 87' lang='lat' dir='ltr'><strong>est,</strong></span> <span class='ocrx_word' id='word_1_227' title='bbox 2898 1669 2980 1746; x_wconf 83' lang='lat' dir='ltr'><strong>(It)</strong></span> <span class='ocrx_word' id='word_1_228' title='bbox 3007 1683 3064 1727; x_wconf 89' lang='lat' dir='ltr'><strong>ut</strong></span> <span class='ocrx_word' id='word_1_229' title='bbox 3108 1689 3175 1730; x_wconf 77' lang='lat' dir='ltr'><strong>cx</strong></span> <span class='ocrx_word' id='word_1_230' title='bbox 3200 1676 3475 1730; x_wconf 84' lang='lat' dir='ltr'><strong>consortio</strong></span> <span class='ocrx_word' id='word_1_231' title='bbox 3523 1677 3719 1736; x_wconf 73' lang='lat' dir='ltr'><strong>anima:</strong></span> <span class='ocrx_word' id='word_1_232' title='bbox 3761 1676 3813 1731; x_wconf 90' lang='lat' dir='ltr'><strong>in</strong></span> 
     </span>
    </p>
   </div>
   <div class='ocr_carea' id='block_1_30' title="bbox 2224 1763 3815 1835">
    <p class='ocr_par' dir='ltr' id='par_1_30' title="bbox 2224 1763 3815 1835">
     <span class='ocr_line' id='line_1_30' title="bbox 2224 1763 3815 1835; baseline 0.004 -17"><span class='ocrx_word' id='word_1_233' title='bbox 2224 1778 2443 1819; x_wconf 87' lang='lat' dir='ltr'><strong>sensum</strong></span> <span class='ocrx_word' id='word_1_234' title='bbox 2492 1763 2778 1835; x_wconf 85' lang='lat' dir='ltr'><strong>quemdam</strong></span> <span class='ocrx_word' id='word_1_235' title='bbox 2824 1767 3020 1819; x_wconf 67' lang='lat' dir='ltr'><strong>anima:</strong></span> <span class='ocrx_word' id='word_1_236' title='bbox 3065 1766 3348 1822; x_wconf 80' lang='lat' dir='ltr'><strong>sentientis</strong></span> <span class='ocrx_word' id='word_1_237' title='bbox 3391 1768 3658 1833; x_wconf 86' lang='lat' dir='ltr'><strong>animata,</strong></span> <span class='ocrx_word' id='word_1_238' title='bbox 3706 1782 3815 1825; x_wconf 89' lang='lat' dir='ltr'><strong>nou</strong></span> 
     </span>
    </p>
   </div>
   <div class='ocr_carea' id='block_1_31' title="bbox 524 1849 3816 1930">
    <p class='ocr_par' dir='ltr' id='par_1_31' title="bbox 524 1849 3816 1930">
     <span class='ocr_line' id='line_1_31' title="bbox 524 1849 3816 1930; baseline 0.003 -24"><span class='ocrx_word' id='word_1_239' title='bbox 524 1862 770 1909; x_wconf 87' lang='lat' dir='ltr'><strong>mortuus</strong></span> <span class='ocrx_word' id='word_1_240' title='bbox 794 1863 896 1917; x_wconf 81' lang='lat' dir='ltr'><strong>est,</strong></span> <span class='ocrx_word' id='word_1_241' title='bbox 923 1866 1029 1909; x_wconf 89' lang='lat' dir='ltr'><strong>non</strong></span> <span class='ocrx_word' id='word_1_242' title='bbox 1057 1851 1325 1910; x_wconf 74' lang='lat' dir='ltr'><strong>libertatis</strong></span> <span class='ocrx_word' id='word_1_243' title='bbox 1365 1867 1478 1910; x_wconf 67' lang='lat' dir='ltr'><strong>stite</strong></span> <span class='ocrx_word' id='word_1_244' title='bbox 1520 1850 1587 1907; x_wconf 82' lang='lat' dir='ltr'><strong>ad</strong></span> <span class='ocrx_word' id='word_1_245' title='bbox 1631 1849 1966 1909; x_wconf 69' lang='lat' dir='ltr'><strong>moriendum</strong></span> <span class='ocrx_word' id='word_1_246' title='bbox 1992 1864 2121 1904; x_wconf 86' lang='lat' dir='ltr'><strong>usus</strong></span> <span class='ocrx_word' id='word_1_247' title='bbox 2151 1856 2199 1917; x_wconf 76' lang='grc' dir='ltr'><strong>Β</strong></span> <span class='ocrx_word' id='word_1_248' title='bbox 2223 1858 2294 1911; x_wconf 83' lang='lat' dir='ltr'><strong>sit</strong></span> <span class='ocrx_word' id='word_1_249' title='bbox 2320 1857 2487 1913; x_wconf 85' lang='lat' dir='ltr'><strong>hebes</strong></span> <span class='ocrx_word' id='word_1_250' title='bbox 2524 1856 2884 1930; x_wconf 74' lang='lat' dir='ltr'><strong>imitrimisque</strong></span> <span class='ocrx_word' id='word_1_251' title='bbox 2913 1859 3203 1915; x_wconf 78' lang='lat' dir='ltr'><strong>materies:</strong></span> <span class='ocrx_word' id='word_1_252' title='bbox 3231 1860 3323 1914; x_wconf 88' lang='lat' dir='ltr'><strong>sed</strong></span> <span class='ocrx_word' id='word_1_253' title='bbox 3355 1870 3409 1916; x_wconf 91' lang='lat' dir='ltr'><strong>ct</strong></span> <span class='ocrx_word' id='word_1_254' title='bbox 3447 1868 3647 1918; x_wconf 85' lang='lat' dir='ltr'><strong>attaeta</strong></span> <span class='ocrx_word' id='word_1_255' title='bbox 3689 1876 3816 1918; x_wconf 90' lang='lat' dir='ltr'><strong>seu-</strong></span> 
     </span>
    </p>
   </div>
   <div class='ocr_carea' id='block_1_32' title="bbox 528 1945 2121 2020">
    <p class='ocr_par' dir='ltr' id='par_1_32' title="bbox 528 1945 2121 2020">
     <span class='ocr_line' id='line_1_32' title="bbox 528 1945 2121 2020; baseline -0.003 -16"><span class='ocrx_word' id='word_1_256' title='bbox 528 1954 612 2004; x_wconf 88' lang='lat' dir='ltr'><strong>est</strong></span> <span class='ocrx_word' id='word_1_257' title='bbox 663 1956 947 2020; x_wconf 80' lang='lat' dir='ltr'><strong>potestate.</strong></span> <span class='ocrx_word' id='word_1_258' title='bbox 979 1945 1136 2018; x_wconf 85' lang='lat' dir='ltr'><strong>Quod</strong></span> <span class='ocrx_word' id='word_1_259' title='bbox 1186 1946 1232 2003; x_wconf 88' lang='lat' dir='ltr'><strong>si</strong></span> <span class='ocrx_word' id='word_1_260' title='bbox 1258 1962 1324 2003; x_wconf 83' lang='lat' dir='ltr'><strong>ex</strong></span> <span class='ocrx_word' id='word_1_261' title='bbox 1352 1962 1413 2004; x_wconf 83' lang='lat' dir='ltr'><strong>so</strong></span> <span class='ocrx_word' id='word_1_262' title='bbox 1463 1954 1707 2006; x_wconf 85' lang='lat' dir='ltr'><strong>mortuus</strong></span> <span class='ocrx_word' id='word_1_263' title='bbox 1734 1955 1837 2006; x_wconf 81' lang='lat' dir='ltr'><strong>est.</strong></span> <span class='ocrx_word' id='word_1_264' title='bbox 1865 1951 1920 1999; x_wconf 88' lang='lat' dir='ltr'><strong>et</strong></span> <span class='ocrx_word' id='word_1_265' title='bbox 1940 1957 2038 2014; x_wconf 86' lang='lat' dir='ltr'><strong>per</strong></span> <span class='ocrx_word' id='word_1_266' title='bbox 2058 1957 2121 1999; x_wconf 88' lang='lat' dir='ltr'><strong>se</strong></span> 
     </span>
    </p>
   </div>
   <div class='ocr_carea' id='block_1_33' title="bbox 525 2039 2121 2111">
    <p class='ocr_par' dir='ltr' id='par_1_33' title="bbox 525 2039 2121 2111">
     <span class='ocr_line' id='line_1_33' title="bbox 525 2039 2121 2111; baseline -0.005 -15"><span class='ocrx_word' id='word_1_267' title='bbox 525 2041 774 2111; x_wconf 81' lang='lat' dir='ltr'><strong>spiritum</strong></span> <span class='ocrx_word' id='word_1_268' title='bbox 802 2040 1029 2100; x_wconf 85' lang='lat' dir='ltr'><strong>reddidit</strong></span> <span class='ocrx_word' id='word_1_269' title='bbox 1057 2056 1072 2107; x_wconf 83' lang='lat'><strong>;</strong></span> <span class='ocrx_word' id='word_1_270' title='bbox 1103 2056 1210 2096; x_wconf 89' lang='lat' dir='ltr'><strong>oon</strong></span> <span class='ocrx_word' id='word_1_271' title='bbox 1247 2046 1331 2098; x_wconf 85' lang='lat' dir='ltr'><strong>est</strong></span> <span class='ocrx_word' id='word_1_272' title='bbox 1356 2047 1532 2098; x_wconf 85' lang='lat' dir='ltr'><strong>terror</strong></span> <span class='ocrx_word' id='word_1_273' title='bbox 1558 2042 1753 2097; x_wconf 85' lang='lat' dir='ltr'><strong>mortis</strong></span> <span class='ocrx_word' id='word_1_274' title='bbox 1779 2039 1830 2091; x_wconf 89' lang='lat' dir='ltr'><strong>in</strong></span> <span class='ocrx_word' id='word_1_275' title='bbox 1856 2042 2121 2108; x_wconf 78' lang='lat' dir='ltr'><strong>potestate</strong></span> 
     </span>
    </p>
   </div>
   <div class='ocr_carea' id='block_1_34' title="bbox 529 2134 817 2193">
    <p class='ocr_par' dir='ltr' id='par_1_34' title="bbox 529 2134 817 2193">
     <span class='ocr_line' id='line_1_34' title="bbox 529 2134 817 2193; baseline -0.003 -5"><span class='ocrx_word' id='word_1_276' title='bbox 529 2134 817 2193; x_wconf 87' lang='lat' dir='ltr'><strong>moriendi.</strong></span> 
     </span>
    </p>
   </div>
   <div class='ocr_carea' id='block_1_35' title="bbox 599 2226 2122 2301">
    <p class='ocr_par' dir='ltr' id='par_1_35' title="bbox 599 2226 2122 2301">
     <span class='ocr_line' id='line_1_35' title="bbox 599 2226 2122 2301; baseline -0.002 -17"><span class='ocrx_word' id='word_1_277' title='bbox 599 2228 687 2284; x_wconf 71' lang='grc'><strong>12,</strong></span> <span class='ocrx_word' id='word_1_278' title='bbox 736 2228 848 2285; x_wconf 75' lang='lat' dir='ltr'><strong>Nec</strong></span> <span class='ocrx_word' id='word_1_279' title='bbox 878 2231 1082 2301; x_wconf 79' lang='lat' dir='ltr'><strong>corpori</strong></span> <span class='ocrx_word' id='word_1_280' title='bbox 1112 2245 1202 2285; x_wconf 84' lang='lat' dir='ltr'><strong>nec</strong></span> <span class='ocrx_word' id='word_1_281' title='bbox 1230 2229 1439 2300; x_wconf 78' lang='lat' dir='ltr'><strong>spiritui</strong></span> <span class='ocrx_word' id='word_1_282' title='bbox 1466 2246 1603 2286; x_wconf 76' lang='lat' dir='ltr'><strong>more</strong></span> <span class='ocrx_word' id='word_1_283' title='bbox 1628 2228 1729 2300; x_wconf 79' lang='lat' dir='ltr'><strong>{uit</strong></span> <span class='ocrx_word' id='word_1_284' title='bbox 1762 2226 2024 2283; x_wconf 73' lang='lat' dir='ltr'><strong>terribilis.</strong></span> <span class='ocrx_word' id='word_1_285' title='bbox 2049 2255 2122 2267; x_wconf 91' lang='lat'><strong>--</strong></span> 
     </span>
    </p>
   </div>
   <div class='ocr_carea' id='block_1_36' title="bbox 523 2319 2122 2395">
    <p class='ocr_par' dir='ltr' id='par_1_36' title="bbox 523 2319 2122 2395">
     <span class='ocr_line' id='line_1_36' title="bbox 523 2319 2122 2395; baseline -0.003 -15"><span class='ocrx_word' id='word_1_286' title='bbox 523 2323 630 2380; x_wconf 88' lang='lat' dir='ltr'><strong>Sed</strong></span> <span class='ocrx_word' id='word_1_287' title='bbox 702 2324 838 2379; x_wconf 73' lang='lat' dir='ltr'><strong>forte</strong></span> <span class='ocrx_word' id='word_1_288' title='bbox 914 2324 1159 2382; x_wconf 77' lang='lat' dir='ltr'><strong>humana:</strong></span> <span class='ocrx_word' id='word_1_289' title='bbox 1229 2322 1545 2395; x_wconf 64' lang='lat' dir='ltr'><strong>ignorantiae</strong></span> <span class='ocrx_word' id='word_1_290' title='bbox 1620 2322 1905 2380; x_wconf 82' lang='lat' dir='ltr'><strong>timiditate</strong></span> <span class='ocrx_word' id='word_1_291' title='bbox 1982 2319 2122 2375; x_wconf 75' lang='lat' dir='ltr'><strong>lianc</strong></span> 
     </span>
    </p>
   </div>
   <div class='ocr_carea' id='block_1_37' title="bbox 525 2417 2124 2491">
    <p class='ocr_par' dir='ltr' id='par_1_37' title="bbox 525 2417 2124 2491">
     <span class='ocr_line' id='line_1_37' title="bbox 525 2417 2124 2491; baseline -0.003 -17"><span class='ocrx_word' id='word_1_292' title='bbox 525 2420 697 2489; x_wconf 81' lang='lat' dir='ltr'><strong>ipsam</strong></span> <span class='ocrx_word' id='word_1_293' title='bbox 731 2418 809 2489; x_wconf 59' lang='grc' dir='ltr'><strong>(ἲ)</strong></span> <span class='ocrx_word' id='word_1_294' title='bbox 843 2420 913 2487; x_wconf 81' lang='grc' dir='ltr'><strong>(ε)</strong></span> <span class='ocrx_word' id='word_1_295' title='bbox 958 2417 1223 2477; x_wconf 87' lang='lat' dir='ltr'><strong>moriendi</strong></span> <span class='ocrx_word' id='word_1_296' title='bbox 1263 2419 1315 2476; x_wconf 89' lang='lat' dir='ltr'><strong>in</strong></span> <span class='ocrx_word' id='word_1_297' title='bbox 1347 2434 1407 2477; x_wconf 87' lang='lat' dir='ltr'><strong>se</strong></span> <span class='ocrx_word' id='word_1_298' title='bbox 1449 2419 1626 2484; x_wconf 84' lang='lat' dir='ltr'><strong>timuit</strong></span> <span class='ocrx_word' id='word_1_299' title='bbox 1664 2425 2032 2491; x_wconf 86' lang='lat' dir='ltr'><strong>potestatem;</strong></span> <span class='ocrx_word' id='word_1_300' title='bbox 2064 2422 2124 2469; x_wconf 92' lang='lat' dir='ltr'><strong>ut</strong></span> 
     </span>
    </p>
   </div>
   <div class='ocr_carea' id='block_1_38' title="bbox 524 2506 2120 2585">
    <p class='ocr_par' dir='ltr' id='par_1_38' title="bbox 524 2506 2120 2585">
     <span class='ocr_line' id='line_1_38' title="bbox 524 2506 2120 2585; baseline -0.004 -18"><span class='ocrx_word' id='word_1_301' title='bbox 524 2510 653 2567; x_wconf 89' lang='lat' dir='ltr'><strong>licet</strong></span> <span class='ocrx_word' id='word_1_302' title='bbox 674 2510 743 2566; x_wconf 90' lang='lat' dir='ltr'><strong>ab</strong></span> <span class='ocrx_word' id='word_1_303' title='bbox 780 2525 839 2567; x_wconf 89' lang='lat' dir='ltr'><strong>se</strong></span> <span class='ocrx_word' id='word_1_304' title='bbox 866 2510 944 2585; x_wconf 70' lang='grc' dir='ltr'><strong>(ὅ)</strong></span> <span class='ocrx_word' id='word_1_305' title='bbox 974 2519 1218 2568; x_wconf 83' lang='lat' dir='ltr'><strong>mortuos</strong></span> <span class='ocrx_word' id='word_1_306' title='bbox 1262 2510 1353 2581; x_wconf 85' lang='lat' dir='ltr'><strong>sit,</strong></span> <span class='ocrx_word' id='word_1_307' title='bbox 1394 2519 1573 2570; x_wconf 87' lang='lat' dir='ltr'><strong>tamen</strong></span> <span class='ocrx_word' id='word_1_308' title='bbox 1626 2509 1727 2567; x_wconf 86' lang='lat' dir='ltr'><strong>hoc</strong></span> <span class='ocrx_word' id='word_1_309' title='bbox 1756 2509 1953 2582; x_wconf 84' lang='lat' dir='ltr'><strong>ipsum,</strong></span> <span class='ocrx_word' id='word_1_310' title='bbox 1976 2506 2120 2579; x_wconf 84' lang='lat' dir='ltr'><strong>quod</strong></span> 
     </span>
    </p>
   </div>
   <div class='ocr_carea' id='block_1_39' title="bbox 527 2601 2121 2672">
    <p class='ocr_par' dir='ltr' id='par_1_39' title="bbox 527 2601 2121 2672">
     <span class='ocr_line' id='line_1_39' title="bbox 527 2601 2121 2672; baseline -0.004 -13"><span class='ocrx_word' id='word_1_311' title='bbox 527 2603 823 2660; x_wconf 90' lang='lat' dir='ltr'><strong>moriturus</strong></span> <span class='ocrx_word' id='word_1_312' title='bbox 862 2614 1027 2663; x_wconf 79' lang='lat' dir='ltr'><strong>esset.</strong></span> <span class='ocrx_word' id='word_1_313' title='bbox 1061 2605 1319 2660; x_wconf 88' lang='lat' dir='ltr'><strong>timuerit.</strong></span> <span class='ocrx_word' id='word_1_314' title='bbox 1356 2603 1425 2662; x_wconf 81' lang='lat' dir='ltr'><strong>Et</strong></span> <span class='ocrx_word' id='word_1_315' title='bbox 1469 2604 1516 2661; x_wconf 91' lang='lat' dir='ltr'><strong>si</strong></span> <span class='ocrx_word' id='word_1_316' title='bbox 1548 2602 1689 2659; x_wconf 77' lang='lat' dir='ltr'><strong>forte</strong></span> <span class='ocrx_word' id='word_1_317' title='bbox 1716 2612 1897 2668; x_wconf 88' lang='lat' dir='ltr'><strong>erunt,</strong></span> <span class='ocrx_word' id='word_1_318' title='bbox 1928 2601 2021 2672; x_wconf 89' lang='lat' dir='ltr'><strong>qui</strong></span> <span class='ocrx_word' id='word_1_319' title='bbox 2051 2602 2121 2654; x_wconf 90' lang='lat' dir='ltr'><strong>ita</strong></span> 
     </span>
    </p>
   </div>
   <div class='ocr_carea' id='block_1_40' title="bbox 526 2696 2125 2763">
    <p class='ocr_par' dir='ltr' id='par_1_40' title="bbox 526 2696 2125 2763">
     <span class='ocr_line' id='line_1_40' title="bbox 526 2696 2125 2763; baseline -0.002 -10"><span class='ocrx_word' id='word_1_320' title='bbox 526 2696 1317 2763; x_wconf 78' lang='lat' dir='ltr'><strong>existimabunt;constituant</strong></span> <span class='ocrx_word' id='word_1_321' title='bbox 1367 2696 1452 2754; x_wconf 89' lang='lat' dir='ltr'><strong>cui</strong></span> <span class='ocrx_word' id='word_1_322' title='bbox 1509 2698 1585 2755; x_wconf 85' lang='lat' dir='ltr'><strong>rei</strong></span> <span class='ocrx_word' id='word_1_323' title='bbox 1640 2697 1951 2754; x_wconf 81' lang='lat' dir='ltr'><strong>existiment</strong></span> <span class='ocrx_word' id='word_1_324' title='bbox 1980 2709 2125 2750; x_wconf 88' lang='lat' dir='ltr'><strong>mor-</strong></span> 
     </span>
    </p>
   </div>
   <div class='ocr_carea' id='block_1_41' title="bbox 528 2790 2123 2864">
    <p class='ocr_par' dir='ltr' id='par_1_41' title="bbox 528 2790 2123 2864">
     <span class='ocr_line' id='line_1_41' title="bbox 528 2790 2123 2864; baseline -0.002 -16"><span class='ocrx_word' id='word_1_325' title='bbox 528 2801 635 2848; x_wconf 88' lang='lat' dir='ltr'><strong>tem</strong></span> <span class='ocrx_word' id='word_1_326' title='bbox 693 2791 860 2849; x_wconf 64' lang='lat' dir='ltr'><strong>luisse</strong></span> <span class='ocrx_word' id='word_1_327' title='bbox 905 2792 1227 2858; x_wconf 88' lang='lat' dir='ltr'><strong>terribilem,</strong></span> <span class='ocrx_word' id='word_1_328' title='bbox 1260 2791 1510 2864; x_wconf 84' lang='lat' dir='ltr'><strong>Spiritui,</strong></span> <span class='ocrx_word' id='word_1_329' title='bbox 1540 2808 1605 2847; x_wconf 89' lang='lat' dir='ltr'><strong>au</strong></span> <span class='ocrx_word' id='word_1_330' title='bbox 1636 2791 1878 2863; x_wconf 86' lang='lat' dir='ltr'><strong>corpori.</strong></span> <span class='ocrx_word' id='word_1_331' title='bbox 1920 2790 1977 2846; x_wconf 78' lang='lat' dir='ltr'><strong>Si</strong></span> <span class='ocrx_word' id='word_1_332' title='bbox 2002 2804 2123 2846; x_wconf 84' lang='lat' dir='ltr'><strong>cor-</strong></span> 
     </span>
    </p>
   </div>
   <div class='ocr_carea' id='block_1_42' title="bbox 526 2885 2122 2958">
    <p class='ocr_par' dir='ltr' id='par_1_42' title="bbox 526 2885 2122 2958">
     <span class='ocr_line' id='line_1_42' title="bbox 526 2885 2122 2958; baseline 0.002 -22"><span class='ocrx_word' id='word_1_333' title='bbox 526 2887 644 2956; x_wconf 90' lang='lat' dir='ltr'><strong>pori</strong></span> <span class='ocrx_word' id='word_1_334' title='bbox 671 2900 687 2951; x_wconf 88' lang='lat'><strong>;</strong></span> <span class='ocrx_word' id='word_1_335' title='bbox 716 2900 855 2940; x_wconf 87' lang='lat' dir='ltr'><strong>anne</strong></span> <span class='ocrx_word' id='word_1_336' title='bbox 889 2886 1160 2957; x_wconf 78' lang='lat' dir='ltr'><strong>ignorant,</strong></span> <span class='ocrx_word' id='word_1_337' title='bbox 1191 2886 1334 2958; x_wconf 86' lang='lat' dir='ltr'><strong>quod</strong></span> <span class='ocrx_word' id='word_1_338' title='bbox 1349 2885 1548 2943; x_wconf 86' lang='lat' dir='ltr'><strong>Sancto</strong></span> <span class='ocrx_word' id='word_1_339' title='bbox 1576 2886 1982 2954; x_wconf 82' lang='lat' dir='ltr'><strong>corruptionem</strong></span> <span class='ocrx_word' id='word_1_340' title='bbox 2014 2898 2122 2940; x_wconf 90' lang='lat' dir='ltr'><strong>non</strong></span> 
     </span>
    </p>
   </div>
   <div class='ocr_carea' id='block_1_43' title="bbox 529 2976 2124 3050">
    <p class='ocr_par' dir='ltr' id='par_1_43' title="bbox 529 2976 2124 3050">
     <span class='ocr_line' id='line_1_43' title="bbox 529 2976 2124 3050; baseline 0.003 -20"><span class='ocrx_word' id='word_1_341' title='bbox 529 2979 711 3033; x_wconf 72' lang='lat' dir='ltr'><strong>\l~ttl&#39;0</strong></span> <span class='ocrx_word' id='word_1_342' title='bbox 765 2976 903 3049; x_wconf 84' lang='lat' dir='ltr'><strong>(Ps.</strong></span> <span class='ocrx_word' id='word_1_343' title='bbox 952 2995 1038 3045; x_wconf 77' lang='lat' dir='ltr'><strong>sv,</strong></span> <span class='ocrx_word' id='word_1_344' title='bbox 1098 2979 1227 3050; x_wconf 66' lang='lat'><strong>40),</strong></span> <span class='ocrx_word' id='word_1_345' title='bbox 1280 2980 1418 3035; x_wconf 86' lang='lat' dir='ltr'><strong>intra</strong></span> <span class='ocrx_word' id='word_1_346' title='bbox 1460 2980 1694 3035; x_wconf 88' lang='lat' dir='ltr'><strong>triduum</strong></span> <span class='ocrx_word' id='word_1_347' title='bbox 1747 2979 1991 3049; x_wconf 86' lang='lat' dir='ltr'><strong>corporis</strong></span> <span class='ocrx_word' id='word_1_348' title='bbox 2040 2979 2124 3034; x_wconf 82' lang='lat' dir='ltr'><strong>sui</strong></span> 
     </span>
    </p>
   </div>
   <div class='ocr_carea' id='block_1_44' title="bbox 527 3073 2125 3148">
    <p class='ocr_par' dir='ltr' id='par_1_44' title="bbox 527 3073 2125 3148">
     <span class='ocr_line' id='line_1_44' title="bbox 527 3073 2125 3148; baseline 0.003 -20"><span class='ocrx_word' id='word_1_349' title='bbox 527 3073 787 3143; x_wconf 87' lang='lat' dir='ltr'><strong>templum</strong></span> <span class='ocrx_word' id='word_1_350' title='bbox 818 3085 964 3131; x_wconf 86' lang='lat' dir='ltr'><strong>esset</strong></span> <span class='ocrx_word' id='word_1_351' title='bbox 1007 3078 1407 3132; x_wconf 84' lang='lat' dir='ltr'><strong>suscitaturus?</strong></span> <span class='ocrx_word' id='word_1_352' title='bbox 1447 3076 1505 3133; x_wconf 82' lang='lat' dir='ltr'><strong>Si</strong></span> <span class='ocrx_word' id='word_1_353' title='bbox 1539 3092 1667 3132; x_wconf 81' lang='lat' dir='ltr'><strong>vero</strong></span> <span class='ocrx_word' id='word_1_354' title='bbox 1712 3075 1934 3148; x_wconf 82' lang='lat' dir='ltr'><strong>Spiritui</strong></span> <span class='ocrx_word' id='word_1_355' title='bbox 1979 3092 2125 3131; x_wconf 87' lang='lat' dir='ltr'><strong>mors</strong></span> 
     </span>
    </p>
   </div>
   <div class='ocr_carea' id='block_1_45' title="bbox 529 3164 2127 3243">
    <p class='ocr_par' dir='ltr' id='par_1_45' title="bbox 529 3164 2127 3243">
     <span class='ocr_line' id='line_1_45' title="bbox 529 3164 2127 3243; baseline 0.003 -23"><span class='ocrx_word' id='word_1_356' title='bbox 529 3164 784 3223; x_wconf 80' lang='lat' dir='ltr'><strong>terribilis</strong></span> <span class='ocrx_word' id='word_1_357' title='bbox 810 3176 895 3223; x_wconf 89' lang='lat' dir='ltr'><strong>est</strong></span> <span class='ocrx_word' id='word_1_358' title='bbox 917 3186 931 3234; x_wconf 89' lang='lat'><strong>;</strong></span> <span class='ocrx_word' id='word_1_359' title='bbox 955 3167 1037 3242; x_wconf 65' lang='lat'><strong>(4)</strong></span> <span class='ocrx_word' id='word_1_360' title='bbox 1066 3168 1143 3243; x_wconf 70' lang='lat' dir='ltr'><strong>(et)</strong></span> <span class='ocrx_word' id='word_1_361' title='bbox 1186 3168 1390 3225; x_wconf 71' lang='lat' dir='ltr'><strong>Lazaro</strong></span> <span class='ocrx_word' id='word_1_362' title='bbox 1434 3170 1485 3225; x_wconf 92' lang='lat' dir='ltr'><strong>iu</strong></span> <span class='ocrx_word' id='word_1_363' title='bbox 1541 3170 1773 3226; x_wconf 79' lang='lat' dir='ltr'><strong>Ahraiue</strong></span> <span class='ocrx_word' id='word_1_364' title='bbox 1804 3170 2012 3226; x_wconf 89' lang='lat' dir='ltr'><strong>sinibus</strong></span> <span class='ocrx_word' id='word_1_365' title='bbox 2033 3168 2127 3225; x_wconf 77' lang='lat' dir='ltr'><strong>la:-</strong></span> 
     </span>
    </p>
   </div>
   <div class='ocr_carea' id='block_1_46' title="bbox 2224 1950 3817 2023">
    <p class='ocr_par' dir='ltr' id='par_1_46' title="bbox 2224 1950 3817 2023">
     <span class='ocr_line' id='line_1_46' title="bbox 2224 1950 3817 2023; baseline 0.003 -19"><span class='ocrx_word' id='word_1_366' title='bbox 2224 1950 2344 2012; x_wconf 84' lang='lat' dir='ltr'><strong>tiat,</strong></span> <span class='ocrx_word' id='word_1_367' title='bbox 2373 1958 2429 2006; x_wconf 85' lang='lat' dir='ltr'><strong>et</strong></span> <span class='ocrx_word' id='word_1_368' title='bbox 2470 1963 2794 2021; x_wconf 78' lang='lat' dir='ltr'><strong>componeta</strong></span> <span class='ocrx_word' id='word_1_369' title='bbox 2829 1950 3031 2015; x_wconf 85' lang='lat' dir='ltr'><strong>doleat,</strong></span> <span class='ocrx_word' id='word_1_370' title='bbox 3061 1961 3117 2006; x_wconf 90' lang='lat' dir='ltr'><strong>et</strong></span> <span class='ocrx_word' id='word_1_371' title='bbox 3142 1952 3326 2022; x_wconf 73' lang='lat' dir='ltr'><strong>algetis</strong></span> <span class='ocrx_word' id='word_1_372' title='bbox 3357 1954 3546 2023; x_wconf 78' lang='lat' dir='ltr'><strong>rigeat,</strong></span> <span class='ocrx_word' id='word_1_373' title='bbox 3586 1964 3639 2008; x_wconf 89' lang='lat' dir='ltr'><strong>et</strong></span> <span class='ocrx_word' id='word_1_374' title='bbox 3682 1969 3817 2009; x_wconf 86' lang='lat' dir='ltr'><strong>cou-</strong></span> 
     </span>
    </p>
   </div>
   <div class='ocr_carea' id='block_1_47' title="bbox 2223 2043 3816 2117">
    <p class='ocr_par' dir='ltr' id='par_1_47' title="bbox 2223 2043 3816 2117">
     <span class='ocr_line' id='line_1_47' title="bbox 2223 2043 3816 2117; baseline 0.001 -18"><span class='ocrx_word' id='word_1_375' title='bbox 2223 2043 2329 2099; x_wconf 82' lang='lat' dir='ltr'><strong>l’ota</strong></span> <span class='ocrx_word' id='word_1_376' title='bbox 2359 2044 2614 2115; x_wconf 75' lang='lat' dir='ltr'><strong>gaudeat,</strong></span> <span class='ocrx_word' id='word_1_377' title='bbox 2636 2053 2691 2100; x_wconf 89' lang='lat' dir='ltr'><strong>et</strong></span> <span class='ocrx_word' id='word_1_378' title='bbox 2735 2044 2909 2099; x_wconf 87' lang='lat' dir='ltr'><strong>inedia</strong></span> <span class='ocrx_word' id='word_1_379' title='bbox 2943 2045 3204 2111; x_wconf 84' lang='lat' dir='ltr'><strong>tabescat,</strong></span> <span class='ocrx_word' id='word_1_380' title='bbox 3250 2056 3305 2101; x_wconf 91' lang='lat' dir='ltr'><strong>et</strong></span> <span class='ocrx_word' id='word_1_381' title='bbox 3335 2046 3647 2117; x_wconf 80' lang='lat' dir='ltr'><strong>pinguescat</strong></span> <span class='ocrx_word' id='word_1_382' title='bbox 3672 2047 3816 2103; x_wconf 85' lang='lat' dir='ltr'><strong>cibo.</strong></span> 
     </span>
    </p>
   </div>
   <div class='ocr_carea' id='block_1_48' title="bbox 2223 2135 3818 2210">
    <p class='ocr_par' dir='ltr' id='par_1_48' title="bbox 2223 2135 3818 2210">
     <span class='ocr_line' id='line_1_48' title="bbox 2223 2135 3818 2210; baseline 0.003 -18"><span class='ocrx_word' id='word_1_383' title='bbox 2223 2135 2308 2192; x_wconf 75' lang='lat' dir='ltr'><strong>Ex</strong></span> <span class='ocrx_word' id='word_1_384' title='bbox 2340 2137 2572 2208; x_wconf 83' lang='lat' dir='ltr'><strong>quodam</strong></span> <span class='ocrx_word' id='word_1_385' title='bbox 2588 2138 2732 2193; x_wconf 88' lang='lat' dir='ltr'><strong>enim</strong></span> <span class='ocrx_word' id='word_1_386' title='bbox 2748 2136 3046 2194; x_wconf 73' lang='lat' dir='ltr'><strong>obtinentia</strong></span> <span class='ocrx_word' id='word_1_387' title='bbox 3065 2150 3127 2194; x_wconf 85' lang='lat' dir='ltr'><strong>se</strong></span> <span class='ocrx_word' id='word_1_388' title='bbox 3154 2141 3596 2210; x_wconf 85' lang='lat' dir='ltr'><strong>penetrantisque</strong></span> <span class='ocrx_word' id='word_1_389' title='bbox 3621 2141 3818 2196; x_wconf 68' lang='lat' dir='ltr'><strong>animm</strong></span> 
     </span>
    </p>
   </div>
   <div class='ocr_carea' id='block_1_49' title="bbox 2227 2229 3818 2302">
    <p class='ocr_par' dir='ltr' id='par_1_49' title="bbox 2227 2229 3818 2302">
     <span class='ocr_line' id='line_1_49' title="bbox 2227 2229 3818 2302; baseline 0.001 -17"><span class='ocrx_word' id='word_1_390' title='bbox 2227 2240 2566 2293; x_wconf 82' lang='lat' dir='ltr'><strong>transcursu,</strong></span> <span class='ocrx_word' id='word_1_391' title='bbox 2595 2230 2891 2285; x_wconf 87' lang='lat' dir='ltr'><strong>secundum</strong></span> <span class='ocrx_word' id='word_1_392' title='bbox 2912 2246 2976 2285; x_wconf 90' lang='lat' dir='ltr'><strong>ca</strong></span> <span class='ocrx_word' id='word_1_393' title='bbox 3006 2230 3060 2285; x_wconf 91' lang='lat' dir='ltr'><strong>iu</strong></span> <span class='ocrx_word' id='word_1_394' title='bbox 3085 2230 3279 2302; x_wconf 81' lang='lat' dir='ltr'><strong>quibus</strong></span> <span class='ocrx_word' id='word_1_395' title='bbox 3300 2231 3425 2296; x_wconf 86' lang='lat' dir='ltr'><strong>erit,</strong></span> <span class='ocrx_word' id='word_1_396' title='bbox 3462 2242 3553 2285; x_wconf 88' lang='lat' dir='ltr'><strong>aut</strong></span> <span class='ocrx_word' id='word_1_397' title='bbox 3581 2229 3818 2287; x_wconf 85' lang='lat' dir='ltr'><strong>oblecta-</strong></span> 
     </span>
    </p>
   </div>
   <div class='ocr_carea' id='block_1_50' title="bbox 2226 2321 3817 2395">
    <p class='ocr_par' dir='ltr' id='par_1_50' title="bbox 2226 2321 3817 2395">
     <span class='ocr_line' id='line_1_50' title="bbox 2226 2321 3817 2395; baseline 0.002 -17"><span class='ocrx_word' id='word_1_398' title='bbox 2226 2332 2332 2391; x_wconf 88' lang='lat' dir='ltr'><strong>tur,</strong></span> <span class='ocrx_word' id='word_1_399' title='bbox 2362 2331 2458 2377; x_wconf 90' lang='lat' dir='ltr'><strong>aut</strong></span> <span class='ocrx_word' id='word_1_400' title='bbox 2480 2323 2713 2378; x_wconf 58' lang='lat' dir='ltr'><strong>luditur.</strong></span> <span class='ocrx_word' id='word_1_401' title='bbox 2742 2321 2876 2378; x_wconf 90' lang='lat' dir='ltr'><strong>Cum</strong></span> <span class='ocrx_word' id='word_1_402' title='bbox 2909 2324 3069 2395; x_wconf 72' lang='lat' dir='ltr'><strong>igitur</strong></span> <span class='ocrx_word' id='word_1_403' title='bbox 3112 2333 3436 2395; x_wconf 88' lang='lat' dir='ltr'><strong>compuucta</strong></span> <span class='ocrx_word' id='word_1_404' title='bbox 3487 2332 3581 2379; x_wconf 89' lang='lat' dir='ltr'><strong>aut</strong></span> <span class='ocrx_word' id='word_1_405' title='bbox 3621 2323 3817 2382; x_wconf 73' lang='lat' dir='ltr'><strong>ellossa</strong></span> 
     </span>
    </p>
   </div>
   <div class='ocr_carea' id='block_1_51' title="bbox 2224 2414 3818 2486">
    <p class='ocr_par' dir='ltr' id='par_1_51' title="bbox 2224 2414 3818 2486">
     <span class='ocr_line' id='line_1_51' title="bbox 2224 2414 3818 2486; baseline 0.004 -18"><span class='ocrx_word' id='word_1_406' title='bbox 2224 2429 2451 2486; x_wconf 85' lang='lat' dir='ltr'><strong>corpora</strong></span> <span class='ocrx_word' id='word_1_407' title='bbox 2478 2414 2684 2477; x_wconf 83' lang='lat' dir='ltr'><strong>dolent,</strong></span> <span class='ocrx_word' id='word_1_408' title='bbox 2715 2430 2931 2470; x_wconf 76' lang='lat' dir='ltr'><strong>sensum</strong></span> <span class='ocrx_word' id='word_1_409' title='bbox 2961 2417 3171 2472; x_wconf 84' lang='lat' dir='ltr'><strong>doloris</strong></span> <span class='ocrx_word' id='word_1_410' title='bbox 3196 2419 3481 2475; x_wconf 74' lang='lat' dir='ltr'><strong>transfusa:</strong></span> <span class='ocrx_word' id='word_1_411' title='bbox 3511 2419 3563 2474; x_wconf 83' lang='lat' dir='ltr'><strong>in</strong></span> <span class='ocrx_word' id='word_1_412' title='bbox 3600 2432 3664 2474; x_wconf 82' lang='lat' dir='ltr'><strong>ea</strong></span> <span class='ocrx_word' id='word_1_413' title='bbox 3703 2418 3818 2474; x_wconf 80' lang='lat' dir='ltr'><strong>aui-</strong></span> 
     </span>
    </p>
   </div>
   <div class='ocr_carea' id='block_1_52' title="bbox 2226 2510 3818 2583">
    <p class='ocr_par' dir='ltr' id='par_1_52' title="bbox 2226 2510 3818 2583">
     <span class='ocr_line' id='line_1_52' title="bbox 2226 2510 3818 2583; baseline 0.001 -19"><span class='ocrx_word' id='word_1_414' title='bbox 2226 2524 2328 2564; x_wconf 75' lang='lat' dir='ltr'><strong>ma:</strong></span> <span class='ocrx_word' id='word_1_415' title='bbox 2365 2523 2560 2565; x_wconf 68' lang='lat' dir='ltr'><strong>sensus</strong></span> <span class='ocrx_word' id='word_1_416' title='bbox 2599 2510 2854 2567; x_wconf 80' lang='lat' dir='ltr'><strong>admittit.</strong></span> <span class='ocrx_word' id='word_1_417' title='bbox 2882 2512 3123 2583; x_wconf 83' lang='lat' dir='ltr'><strong>Denique</strong></span> <span class='ocrx_word' id='word_1_418' title='bbox 3155 2512 3348 2569; x_wconf 83' lang='lat' dir='ltr'><strong>vulnus</strong></span> <span class='ocrx_word' id='word_1_419' title='bbox 3372 2513 3622 2583; x_wconf 88' lang='lat' dir='ltr'><strong>corporis</strong></span> <span class='ocrx_word' id='word_1_420' title='bbox 3646 2525 3818 2582; x_wconf 86' lang='lat' dir='ltr'><strong>usque</strong></span> 
     </span>
    </p>
   </div>
   <div class='ocr_carea' id='block_1_53' title="bbox 2224 2602 3819 2675">
    <p class='ocr_par' dir='ltr' id='par_1_53' title="bbox 2224 2602 3819 2675">
     <span class='ocr_line' id='line_1_53' title="bbox 2224 2602 3819 2675; baseline 0.002 -17"><span class='ocrx_word' id='word_1_421' title='bbox 2224 2602 2293 2659; x_wconf 87' lang='lat' dir='ltr'><strong>ad</strong></span> <span class='ocrx_word' id='word_1_422' title='bbox 2316 2603 2415 2657; x_wconf 88' lang='lat' dir='ltr'><strong>bos</strong></span> <span class='ocrx_word' id='word_1_423' title='bbox 2441 2602 2610 2671; x_wconf 87' lang='lat' dir='ltr'><strong>dolet,</strong></span> <span class='ocrx_word' id='word_1_424' title='bbox 2644 2613 2700 2660; x_wconf 89' lang='lat' dir='ltr'><strong>et</strong></span> <span class='ocrx_word' id='word_1_425' title='bbox 2720 2605 2869 2675; x_wconf 72' lang='lat' dir='ltr'><strong>digiti</strong></span> <span class='ocrx_word' id='word_1_426' title='bbox 2922 2604 3287 2661; x_wconf 72' lang='lat' dir='ltr'><strong>excidt-utinm</strong></span> <span class='ocrx_word' id='word_1_427' title='bbox 3327 2604 3506 2675; x_wconf 78' lang='lat' dir='ltr'><strong>(alios,</strong></span> <span class='ocrx_word' id='word_1_428' title='bbox 3551 2604 3819 2663; x_wconf 75' lang='lat' dir='ltr'><strong>exceden-</strong></span> 
     </span>
    </p>
   </div>
   <div class='ocr_carea' id='block_1_54' title="bbox 2226 2696 3820 2771">
    <p class='ocr_par' dir='ltr' id='par_1_54' title="bbox 2226 2696 3820 2771">
     <span class='ocr_line' id='line_1_54' title="bbox 2226 2696 3820 2771; baseline 0.003 -22"><span class='ocrx_word' id='word_1_429' title='bbox 2226 2696 2384 2767; x_wconf 88' lang='lat' dir='ltr'><strong>tium)</strong></span> <span class='ocrx_word' id='word_1_430' title='bbox 2429 2711 2494 2750; x_wconf 77' lang='lat' dir='ltr'><strong>ex</strong></span> <span class='ocrx_word' id='word_1_431' title='bbox 2523 2711 2688 2751; x_wconf 87' lang='lat' dir='ltr'><strong>carne</strong></span> <span class='ocrx_word' id='word_1_432' title='bbox 2735 2700 2992 2769; x_wconf 76' lang='lat' dir='ltr'><strong>unguium</strong></span> <span class='ocrx_word' id='word_1_433' title='bbox 3042 2700 3398 2771; x_wconf 68' lang='lat' dir='ltr'><strong>prtesegmiua</strong></span> <span class='ocrx_word' id='word_1_434' title='bbox 3443 2699 3709 2756; x_wconf 80' lang='lat' dir='ltr'><strong>nesciunt.</strong></span> <span class='ocrx_word' id='word_1_435' title='bbox 3750 2698 3820 2755; x_wconf 84' lang='lat' dir='ltr'><strong>Et</strong></span> 
     </span>
    </p>
   </div>
   <div class='ocr_carea' id='block_1_55' title="bbox 2227 2788 3820 2864">
    <p class='ocr_par' dir='ltr' id='par_1_55' title="bbox 2227 2788 3820 2864">
     <span class='ocr_line' id='line_1_55' title="bbox 2227 2788 3820 2864; baseline 0.004 -21"><span class='ocrx_word' id='word_1_436' title='bbox 2227 2788 2275 2843; x_wconf 89' lang='lat' dir='ltr'><strong>si</strong></span> <span class='ocrx_word' id='word_1_437' title='bbox 2303 2789 2522 2860; x_wconf 80' lang='lat' dir='ltr'><strong>quando</strong></span> <span class='ocrx_word' id='word_1_438' title='bbox 2552 2791 2842 2848; x_wconf 87' lang='lat' dir='ltr'><strong>accedente</strong></span> <span class='ocrx_word' id='word_1_439' title='bbox 2860 2793 2992 2847; x_wconf 83' lang='lat' dir='ltr'><strong>vitio</strong></span> <span class='ocrx_word' id='word_1_440' title='bbox 3023 2808 3144 2862; x_wconf 81' lang='lat' dir='ltr'><strong>pars</strong></span> <span class='ocrx_word' id='word_1_441' title='bbox 3171 2793 3352 2864; x_wconf 85' lang='lat' dir='ltr'><strong>aliqua</strong></span> <span class='ocrx_word' id='word_1_442' title='bbox 3380 2802 3628 2863; x_wconf 80' lang='lat' dir='ltr'><strong>corrupta</strong></span> <span class='ocrx_word' id='word_1_443' title='bbox 3653 2806 3820 2849; x_wconf 81' lang='lat' dir='ltr'><strong>mem-</strong></span> 
     </span>
    </p>
   </div>
   <div class='ocr_carea' id='block_1_56' title="bbox 2228 2882 3818 2953">
    <p class='ocr_par' dir='ltr' id='par_1_56' title="bbox 2228 2882 3818 2953">
     <span class='ocr_line' id='line_1_56' title="bbox 2228 2882 3818 2953; baseline 0.002 -16"><span class='ocrx_word' id='word_1_444' title='bbox 2228 2882 2469 2950; x_wconf 85' lang='lat' dir='ltr'><strong>brorum,</strong></span> <span class='ocrx_word' id='word_1_445' title='bbox 2520 2898 2740 2940; x_wconf 80' lang='lat' dir='ltr'><strong>sensum</strong></span> <span class='ocrx_word' id='word_1_446' title='bbox 2782 2885 2919 2939; x_wconf 73' lang='lat' dir='ltr'><strong>viva:</strong></span> <span class='ocrx_word' id='word_1_447' title='bbox 2966 2886 3148 2942; x_wconf 89' lang='lat' dir='ltr'><strong>carnis</strong></span> <span class='ocrx_word' id='word_1_448' title='bbox 3178 2886 3453 2953; x_wconf 86' lang='lat' dir='ltr'><strong>amiserit;</strong></span> <span class='ocrx_word' id='word_1_449' title='bbox 3482 2900 3546 2941; x_wconf 86' lang='lat' dir='ltr'><strong>ea</strong></span> <span class='ocrx_word' id='word_1_450' title='bbox 3585 2900 3707 2942; x_wconf 87' lang='lat' dir='ltr'><strong>cum</strong></span> <span class='ocrx_word' id='word_1_451' title='bbox 3733 2886 3818 2942; x_wconf 89' lang='lat' dir='ltr'><strong>vel</strong></span> 
     </span>
    </p>
   </div>
   <div class='ocr_carea' id='block_1_57' title="bbox 2229 2976 3821 3052">
    <p class='ocr_par' dir='ltr' id='par_1_57' title="bbox 2229 2976 3821 3052">
     <span class='ocr_line' id='line_1_57' title="bbox 2229 2976 3821 3052; baseline 0.004 -19"><span class='ocrx_word' id='word_1_452' title='bbox 2229 2976 2574 3034; x_wconf 84' lang='lat' dir='ltr'><strong>desecabitur</strong></span> <span class='ocrx_word' id='word_1_453' title='bbox 2603 2979 2683 3033; x_wconf 85' lang='lat' dir='ltr'><strong>vel</strong></span> <span class='ocrx_word' id='word_1_454' title='bbox 2727 2989 2933 3044; x_wconf 86' lang='lat' dir='ltr'><strong>uretur,</strong></span> <span class='ocrx_word' id='word_1_455' title='bbox 2982 2978 3227 3036; x_wconf 85' lang='lat' dir='ltr'><strong>dolorem</strong></span> <span class='ocrx_word' id='word_1_456' title='bbox 3268 2980 3513 3051; x_wconf 78' lang='lat' dir='ltr'><strong>quisquis</strong></span> <span class='ocrx_word' id='word_1_457' title='bbox 3558 2994 3680 3039; x_wconf 82' lang='lat' dir='ltr'><strong>esse</strong></span> <span class='ocrx_word' id='word_1_458' title='bbox 3723 2993 3821 3052; x_wconf 83' lang='lat' dir='ltr'><strong>p0-</strong></span> 
     </span>
    </p>
   </div>
   <div class='ocr_carea' id='block_1_58' title="bbox 2232 3073 3818 3143">
    <p class='ocr_par' dir='ltr' id='par_1_58' title="bbox 2232 3073 3818 3143">
     <span class='ocr_line' id='line_1_58' title="bbox 2232 3073 3818 3143; baseline 0.004 -19"><span class='ocrx_word' id='word_1_459' title='bbox 2232 3073 2446 3136; x_wconf 84' lang='lat' dir='ltr'><strong>tuisset,</strong></span> <span class='ocrx_word' id='word_1_460' title='bbox 2476 3089 2580 3125; x_wconf 81' lang='lat' dir='ltr'><strong>lttttt</strong></span> <span class='ocrx_word' id='word_1_461' title='bbox 2610 3082 2861 3127; x_wconf 77' lang='lat' dir='ltr'><strong>manente</strong></span> <span class='ocrx_word' id='word_1_462' title='bbox 2894 3074 2945 3126; x_wconf 91' lang='lat' dir='ltr'><strong>iu</strong></span> <span class='ocrx_word' id='word_1_463' title='bbox 2975 3088 3038 3127; x_wconf 83' lang='lat' dir='ltr'><strong>ea</strong></span> <span class='ocrx_word' id='word_1_464' title='bbox 3065 3074 3259 3128; x_wconf 78' lang='lat' dir='ltr'><strong>anima:</strong></span> <span class='ocrx_word' id='word_1_465' title='bbox 3289 3074 3669 3143; x_wconf 76' lang='lat' dir='ltr'><strong>permixtione,</strong></span> <span class='ocrx_word' id='word_1_466' title='bbox 3712 3089 3818 3131; x_wconf 86' lang='lat' dir='ltr'><strong>non</strong></span> 
     </span>
    </p>
   </div>
   <div class='ocr_carea' id='block_1_59' title="bbox 2233 3165 3819 3236">
    <p class='ocr_par' dir='ltr' id='par_1_59' title="bbox 2233 3165 3819 3236">
     <span class='ocr_line' id='line_1_59' title="bbox 2233 3165 3819 3236; baseline 0.002 -16"><span class='ocrx_word' id='word_1_467' title='bbox 2233 3165 2448 3220; x_wconf 83' lang='lat' dir='ltr'><strong>sentiet.</strong></span> <span class='ocrx_word' id='word_1_468' title='bbox 2497 3165 2603 3220; x_wconf 82' lang='lat' dir='ltr'><strong>Aut</strong></span> <span class='ocrx_word' id='word_1_469' title='bbox 2649 3180 2770 3220; x_wconf 79' lang='lat' dir='ltr'><strong>cuin</strong></span> <span class='ocrx_word' id='word_1_470' title='bbox 2814 3166 2995 3236; x_wconf 74' lang='lat' dir='ltr'><strong>gravis</strong></span> <span class='ocrx_word' id='word_1_471' title='bbox 3041 3167 3342 3222; x_wconf 72' lang='lat' dir='ltr'><strong>necessitas</strong></span> <span class='ocrx_word' id='word_1_472' title='bbox 3378 3165 3649 3227; x_wconf 80' lang='lat' dir='ltr'><strong>recidendi</strong></span> <span class='ocrx_word' id='word_1_473' title='bbox 3694 3181 3819 3222; x_wconf 87' lang='lat' dir='ltr'><strong>eor-</strong></span> 
     </span>
    </p>
   </div>
   <div class='ocr_carea' id='block_1_60' title="bbox 529 3258 3816 3334">
    <p class='ocr_par' dir='ltr' id='par_1_60' title="bbox 529 3258 3816 3334">
     <span class='ocr_line' id='line_1_60' title="bbox 529 3258 3816 3334; baseline 0.001 -22"><span class='ocrx_word' id='word_1_474' title='bbox 529 3266 691 3324; x_wconf 90' lang='lat' dir='ltr'><strong>tantc,</strong></span> <span class='ocrx_word' id='word_1_475' title='bbox 724 3258 989 3316; x_wconf 81' lang='lat' dir='ltr'><strong>infernum</strong></span> <span class='ocrx_word' id='word_1_476' title='bbox 1034 3260 1202 3318; x_wconf 88' lang='lat' dir='ltr'><strong>chaos</strong></span> <span class='ocrx_word' id='word_1_477' title='bbox 1234 3260 1486 3317; x_wconf 83' lang='lat' dir='ltr'><strong>Christus</strong></span> <span class='ocrx_word' id='word_1_478' title='bbox 1510 3262 1769 3318; x_wconf 83' lang='lat' dir='ltr'><strong>timeret?</strong></span> <span class='ocrx_word' id='word_1_479' title='bbox 1794 3260 1921 3318; x_wconf 64' lang='grc' dir='ltr'><strong>ηπ</strong></span> <span class='ocrx_word' id='word_1_480' title='bbox 1956 3261 2117 3317; x_wconf 89' lang='lat' dir='ltr'><strong>stulta</strong></span> <span class='ocrx_word' id='word_1_481' title='bbox 2144 3261 2190 3325; x_wconf 87' lang='lat' dir='ltr'><strong>C</strong></span> <span class='ocrx_word' id='word_1_482' title='bbox 2224 3261 2372 3334; x_wconf 85' lang='lat' dir='ltr'><strong>poris</strong></span> <span class='ocrx_word' id='word_1_483' title='bbox 2397 3272 2599 3327; x_wconf 88' lang='lat' dir='ltr'><strong>manet,</strong></span> <span class='ocrx_word' id='word_1_484' title='bbox 2626 3260 2895 3316; x_wconf 86' lang='lat' dir='ltr'><strong>medicato</strong></span> <span class='ocrx_word' id='word_1_485' title='bbox 2934 3271 3064 3331; x_wconf 90' lang='lat' dir='ltr'><strong>potu</strong></span> <span class='ocrx_word' id='word_1_486' title='bbox 3092 3262 3406 3331; x_wconf 87' lang='lat' dir='ltr'><strong>consopitur</strong></span> <span class='ocrx_word' id='word_1_487' title='bbox 3431 3264 3581 3333; x_wconf 79' lang='lat' dir='ltr'><strong>vigor</strong></span> <span class='ocrx_word' id='word_1_488' title='bbox 3604 3262 3816 3328; x_wconf 68' lang='lat' dir='ltr'><strong>animae,</strong></span> 
     </span>
    </p>
   </div>
   <div class='ocr_carea' id='block_1_61' title="bbox 526 3351 2119 3425">
    <p class='ocr_par' dir='ltr' id='par_1_61' title="bbox 526 3351 2119 3425">
     <span class='ocr_line' id='line_1_61' title="bbox 526 3351 2119 3425; baseline 0 -20"><span class='ocrx_word' id='word_1_489' title='bbox 526 3363 687 3423; x_wconf 84' lang='lat' dir='ltr'><strong>atque</strong></span> <span class='ocrx_word' id='word_1_490' title='bbox 717 3351 941 3407; x_wconf 87' lang='lat' dir='ltr'><strong>ridicula</strong></span> <span class='ocrx_word' id='word_1_491' title='bbox 969 3365 1117 3419; x_wconf 88' lang='lat' dir='ltr'><strong>sunt,</strong></span> <span class='ocrx_word' id='word_1_492' title='bbox 1150 3364 1208 3408; x_wconf 90' lang='lat' dir='ltr'><strong>ut</strong></span> <span class='ocrx_word' id='word_1_493' title='bbox 1235 3354 1289 3408; x_wconf 91' lang='lat' dir='ltr'><strong>in</strong></span> <span class='ocrx_word' id='word_1_494' title='bbox 1321 3363 1588 3423; x_wconf 86' lang='lat' dir='ltr'><strong>potestate</strong></span> <span class='ocrx_word' id='word_1_495' title='bbox 1616 3354 1878 3425; x_wconf 75' lang='lat' dir='ltr'><strong>poueudm</strong></span> <span class='ocrx_word' id='word_1_496' title='bbox 1920 3355 2119 3408; x_wconf 72' lang='lat' dir='ltr'><strong>anima:</strong></span> 
     </span>
    </p>
   </div>
   <div class='ocr_carea' id='block_1_62' title="bbox 524 3444 2120 3514">
    <p class='ocr_par' dir='ltr' id='par_1_62' title="bbox 524 3444 2120 3514">
     <span class='ocr_line' id='line_1_62' title="bbox 524 3444 2120 3514; baseline 0.003 -16"><span class='ocrx_word' id='word_1_497' title='bbox 524 3457 590 3500; x_wconf 88' lang='lat' dir='ltr'><strong>ac</strong></span> <span class='ocrx_word' id='word_1_498' title='bbox 641 3444 978 3501; x_wconf 78' lang='lat' dir='ltr'><strong>resumenda:</strong></span> <span class='ocrx_word' id='word_1_499' title='bbox 1033 3445 1168 3501; x_wconf 90' lang='lat' dir='ltr'><strong>mori</strong></span> <span class='ocrx_word' id='word_1_500' title='bbox 1199 3447 1435 3514; x_wconf 89' lang='lat' dir='ltr'><strong>timeret,</strong></span> <span class='ocrx_word' id='word_1_501' title='bbox 1466 3446 1534 3502; x_wconf 86' lang='lat' dir='ltr'><strong>ad</strong></span> <span class='ocrx_word' id='word_1_502' title='bbox 1561 3455 1958 3505; x_wconf 87' lang='lat' dir='ltr'><strong>sacramentum</strong></span> <span class='ocrx_word' id='word_1_503' title='bbox 1998 3448 2120 3504; x_wconf 64' lang='lat' dir='ltr'><strong>vice</strong></span> 
     </span>
    </p>
   </div>
   <div class='ocr_carea' id='block_1_63' title="bbox 599 3563 1179 3634">
    <p class='ocr_par' dir='ltr' id='par_1_63' title="bbox 599 3563 1179 3634">
     <span class='ocr_line' id='line_1_63' title="bbox 599 3563 1179 3634; baseline 0 -16"><span class='ocrx_word' id='word_1_504' title='bbox 599 3564 681 3634; x_wconf 93' lang='grc' dir='ltr'><strong>(Ι)</strong></span> <span class='ocrx_word' id='word_1_505' title='bbox 717 3563 812 3620; x_wconf 74' lang='grc' dir='ltr'><strong>νει</strong></span> <span class='ocrx_word' id='word_1_506' title='bbox 838 3565 1179 3621; x_wconf 78' lang='lat' dir='ltr'><strong>resumendor.</strong></span> 
     </span>
    </p>
   </div>
   <div class='ocr_carea' id='block_1_64' title="bbox 599 3633 1673 3708">
    <p class='ocr_par' dir='ltr' id='par_1_64' title="bbox 599 3633 1673 3708">
     <span class='ocr_line' id='line_1_64' title="bbox 599 3633 1673 3708; baseline -0.001 -18"><span class='ocrx_word' id='word_1_507' title='bbox 599 3633 680 3708; x_wconf 53' lang='grc' dir='ltr'><strong>(ᾖ)</strong></span> <span class='ocrx_word' id='word_1_508' title='bbox 710 3636 764 3708; x_wconf 86' lang='lat' dir='ltr'><strong>lo</strong></span> <span class='ocrx_word' id='word_1_509' title='bbox 791 3652 893 3692; x_wconf 78' lang='lat' dir='ltr'><strong>ms.</strong></span> <span class='ocrx_word' id='word_1_510' title='bbox 930 3637 1127 3693; x_wconf 83' lang='lat' dir='ltr'><strong>Veron.</strong></span> <span class='ocrx_word' id='word_1_511' title='bbox 1151 3637 1236 3693; x_wconf 87' lang='lat' dir='ltr'><strong>hic</strong></span> <span class='ocrx_word' id='word_1_512' title='bbox 1260 3633 1477 3692; x_wconf 83' lang='lat' dir='ltr'><strong>additur</strong></span> <span class='ocrx_word' id='word_1_513' title='bbox 1497 3650 1673 3691; x_wconf 79' lang='lat' dir='ltr'><strong>suam.</strong></span> 
     </span>
    </p>
   </div>
   <div class='ocr_carea' id='block_1_65' title="bbox 601 3706 1264 3776">
    <p class='ocr_par' dir='ltr' id='par_1_65' title="bbox 601 3706 1264 3776">
     <span class='ocr_line' id='line_1_65' title="bbox 601 3706 1264 3776; baseline 0.002 -15"><span class='ocrx_word' id='word_1_514' title='bbox 601 3706 686 3776; x_wconf 76' lang='lat'><strong>(3)</strong></span> <span class='ocrx_word' id='word_1_515' title='bbox 710 3707 764 3761; x_wconf 89' lang='lat' dir='ltr'><strong>lo</strong></span> <span class='ocrx_word' id='word_1_516' title='bbox 803 3710 944 3773; x_wconf 88' lang='lat' dir='ltr'><strong>aliis,</strong></span> <span class='ocrx_word' id='word_1_517' title='bbox 967 3710 1264 3765; x_wconf 83' lang='lat' dir='ltr'><strong>moriturus.</strong></span> 
     </span>
    </p>
   </div>
   <div class='ocr_carea' id='block_1_66' title="bbox 603 3776 992 3846">
    <p class='ocr_par' dir='ltr' id='par_1_66' title="bbox 603 3776 992 3846">
     <span class='ocr_line' id='line_1_66' title="bbox 603 3776 992 3846; baseline 0.003 -13"><span class='ocrx_word' id='word_1_518' title='bbox 603 3776 662 3846; x_wconf 71' lang='grc'><strong>(4</strong></span> <span class='ocrx_word' id='word_1_519' title='bbox 672 3790 688 3841; x_wconf 85' lang='lat'><strong>)</strong></span> <span class='ocrx_word' id='word_1_520' title='bbox 716 3777 992 3834; x_wconf 78' lang='lat' dir='ltr'><strong>Eleazaro.</strong></span> 
     </span>
    </p>
   </div>
   <div class='ocr_carea' id='block_1_67' title="bbox 526 3871 2121 3945">
    <p class='ocr_par' dir='ltr' id='par_1_67' title="bbox 526 3871 2121 3945">
     <span class='ocr_line' id='line_1_67' title="bbox 526 3871 2121 3945; baseline -0.001 -17"><span class='ocrx_word' id='word_1_521' title='bbox 526 3873 647 3939; x_wconf 83' lang='lat' dir='ltr'><strong>jore</strong></span> <span class='ocrx_word' id='word_1_522' title='bbox 688 3876 781 3945; x_wconf 61' lang='grc' dir='ltr'><strong>(ιιιΔ</strong></span> <span class='ocrx_word' id='word_1_523' title='bbox 804 3872 908 3927; x_wconf 85' lang='lat' dir='ltr'><strong>lide</strong></span> <span class='ocrx_word' id='word_1_524' title='bbox 928 3875 1067 3944; x_wconf 86' lang='lat' dir='ltr'><strong>apud</strong></span> <span class='ocrx_word' id='word_1_525' title='bbox 1109 3873 1512 3930; x_wconf 88' lang='lat' dir='ltr'><strong>&#39;l‘heodoretum</strong></span> <span class='ocrx_word' id='word_1_526' title='bbox 1562 3873 1785 3945; x_wconf 75' lang='lat' dir='ltr'><strong>Dialogo</strong></span> <span class='ocrx_word' id='word_1_527' title='bbox 1826 3889 1923 3930; x_wconf 84' lang='lat' dir='ltr'><strong>tu:</strong></span> <span class='ocrx_word' id='word_1_528' title='bbox 1954 3871 2121 3928; x_wconf 79' lang='lat' dir='ltr'><strong>&quot;omo</strong></span> 
     </span>
    </p>
   </div>
   <div class='ocr_carea' id='block_1_68' title="bbox 533 3941 2124 4017">
    <p class='ocr_par' dir='ltr' id='par_1_68' title="bbox 533 3941 2124 4017">
     <span class='ocr_line' id='line_1_68' title="bbox 533 3941 2124 4017; baseline 0.001 -22"><span class='ocrx_word' id='word_1_529' title='bbox 533 3952 700 3997; x_wconf 75' lang='lat' dir='ltr'><strong>autem</strong></span> <span class='ocrx_word' id='word_1_530' title='bbox 745 3941 1067 4009; x_wconf 68' lang='lat' dir='ltr'><strong>Dominirus,</strong></span> <span class='ocrx_word' id='word_1_531' title='bbox 1098 3963 1187 4001; x_wconf 81' lang='lat' dir='ltr'><strong>nec</strong></span> <span class='ocrx_word' id='word_1_532' title='bbox 1233 3949 1280 3999; x_wconf 81' lang='lat' dir='ltr'><strong>vi</strong></span> <span class='ocrx_word' id='word_1_533' title='bbox 1308 3947 1470 4001; x_wconf 85' lang='lat' dir='ltr'><strong>morbi</strong></span> <span class='ocrx_word' id='word_1_534' title='bbox 1498 3941 1789 4017; x_wconf 74' lang='lat' dir='ltr'><strong>superatus,</strong></span> <span class='ocrx_word' id='word_1_535' title='bbox 1818 3961 1913 3999; x_wconf 76' lang='lat' dir='ltr'><strong>nec</strong></span> <span class='ocrx_word' id='word_1_536' title='bbox 1937 3945 2124 3998; x_wconf 77' lang='lat' dir='ltr'><strong>inritus</strong></span> 
     </span>
    </p>
   </div>
   <div class='ocr_carea' id='block_1_69' title="bbox 536 4016 2127 4086">
    <p class='ocr_par' dir='ltr' id='par_1_69' title="bbox 536 4016 2127 4086">
     <span class='ocr_line' id='line_1_69' title="bbox 536 4016 2127 4086; baseline 0 -19"><span class='ocrx_word' id='word_1_537' title='bbox 536 4025 763 4068; x_wconf 83' lang='lat' dir='ltr'><strong>mortuus</strong></span> <span class='ocrx_word' id='word_1_538' title='bbox 791 4026 863 4069; x_wconf 81' lang='lat' dir='ltr'><strong>est</strong></span> <span class='ocrx_word' id='word_1_539' title='bbox 883 4034 900 4069; x_wconf 90' lang='lat'><em>:</em></span> <span class='ocrx_word' id='word_1_540' title='bbox 932 4017 1020 4070; x_wconf 72' lang='lat' dir='ltr'><strong>sed</strong></span> <span class='ocrx_word' id='word_1_541' title='bbox 1065 4034 1158 4071; x_wconf 82' lang='lat' dir='ltr'><strong>suo</strong></span> <span class='ocrx_word' id='word_1_542' title='bbox 1202 4030 1379 4086; x_wconf 82' lang='lat' dir='ltr'><strong>sponte</strong></span> <span class='ocrx_word' id='word_1_543' title='bbox 1408 4020 1539 4071; x_wconf 78' lang='lat' dir='ltr'><strong>vertit</strong></span> <span class='ocrx_word' id='word_1_544' title='bbox 1560 4016 1628 4070; x_wconf 81' lang='lat' dir='ltr'><strong>ad</strong></span> <span class='ocrx_word' id='word_1_545' title='bbox 1654 4020 1831 4071; x_wconf 84' lang='lat' dir='ltr'><strong>mortis</strong></span> <span class='ocrx_word' id='word_1_546' title='bbox 1860 4017 2127 4086; x_wconf 77' lang='lat' dir='ltr'><strong>dispensu-</strong></span> 
     </span>
    </p>
   </div>
   <div class='ocr_carea' id='block_1_70' title="bbox 533 4084 2123 4154">
    <p class='ocr_par' dir='ltr' id='par_1_70' title="bbox 533 4084 2123 4154">
     <span class='ocr_line' id='line_1_70' title="bbox 533 4084 2123 4154; baseline 0.001 -16"><span class='ocrx_word' id='word_1_547' title='bbox 533 4085 741 4147; x_wconf 80' lang='lat' dir='ltr'><strong>tionenr,</strong></span> <span class='ocrx_word' id='word_1_548' title='bbox 773 4088 1130 4142; x_wconf 81' lang='lat' dir='ltr'><strong>corroboratus</strong></span> <span class='ocrx_word' id='word_1_549' title='bbox 1152 4084 1551 4143; x_wconf 77' lang='lat' dir='ltr'><strong>abinhobimnte</strong></span> <span class='ocrx_word' id='word_1_550' title='bbox 1575 4091 1626 4141; x_wconf 78' lang='lat' dir='ltr'><strong>in</strong></span> <span class='ocrx_word' id='word_1_551' title='bbox 1653 4090 1767 4154; x_wconf 82' lang='lat' dir='ltr'><strong>ipso</strong></span> <span class='ocrx_word' id='word_1_552' title='bbox 1797 4087 1906 4142; x_wconf 82' lang='lat' dir='ltr'><strong>Deo</strong></span> <span class='ocrx_word' id='word_1_553' title='bbox 1940 4084 2123 4151; x_wconf 76' lang='lat' dir='ltr'><strong>Verbo,</strong></span> 
     </span>
    </p>
   </div>
   <div class='ocr_carea' id='block_1_71' title="bbox 533 4157 2127 4227">
    <p class='ocr_par' dir='ltr' id='par_1_71' title="bbox 533 4157 2127 4227">
     <span class='ocr_line' id='line_1_71' title="bbox 533 4157 2127 4227; baseline 0.002 -19"><span class='ocrx_word' id='word_1_554' title='bbox 533 4158 619 4227; x_wconf 78' lang='lat' dir='ltr'><strong>qui</strong></span> <span class='ocrx_word' id='word_1_555' title='bbox 651 4157 799 4224; x_wconf 74' lang='lat' dir='ltr'><strong>dixit,</strong></span> <span class='ocrx_word' id='word_1_556' title='bbox 828 4157 996 4212; x_wconf 76' lang='lat' dir='ltr'><strong>Nemo</strong></span> <span class='ocrx_word' id='word_1_557' title='bbox 1022 4160 1153 4213; x_wconf 85' lang='lat' dir='ltr'><strong>tollit</strong></span> <span class='ocrx_word' id='word_1_558' title='bbox 1182 4162 1409 4214; x_wconf 80' lang='lat' dir='ltr'><strong>animum</strong></span> <span class='ocrx_word' id='word_1_559' title='bbox 1448 4176 1612 4214; x_wconf 82' lang='lat' dir='ltr'><strong>meum</strong></span> <span class='ocrx_word' id='word_1_560' title='bbox 1650 4176 1682 4211; x_wconf 79' lang='grc' dir='ltr'><em>α</em></span> <span class='ocrx_word' id='word_1_561' title='bbox 1707 4176 1805 4224; x_wconf 86' lang='lat' dir='ltr'><strong>me,</strong></span> <span class='ocrx_word' id='word_1_562' title='bbox 1836 4170 1943 4214; x_wconf 88' lang='lat' dir='ltr'><strong>etc.</strong></span> <span class='ocrx_word' id='word_1_563' title='bbox 1976 4157 2127 4212; x_wconf 75' lang='lat' dir='ltr'><strong>Divi-</strong></span> 
     </span>
    </p>
   </div>
   <div class='ocr_carea' id='block_1_72' title="bbox 536 4228 2126 4303">
    <p class='ocr_par' dir='ltr' id='par_1_72' title="bbox 536 4228 2126 4303">
     <span class='ocr_line' id='line_1_72' title="bbox 536 4228 2126 4303; baseline 0.002 -24"><span class='ocrx_word' id='word_1_564' title='bbox 536 4229 669 4282; x_wconf 85' lang='lat' dir='ltr'><strong>nitas</strong></span> <span class='ocrx_word' id='word_1_565' title='bbox 690 4246 807 4301; x_wconf 82' lang='lat' dir='ltr'><strong>ergo</strong></span> <span class='ocrx_word' id='word_1_566' title='bbox 839 4228 970 4284; x_wconf 77' lang='lat' dir='ltr'><strong>Filii</strong></span> <span class='ocrx_word' id='word_1_567' title='bbox 1002 4240 1096 4294; x_wconf 74' lang='lat' dir='ltr'><strong>est,</strong></span> <span class='ocrx_word' id='word_1_568' title='bbox 1123 4247 1239 4299; x_wconf 69' lang='lat' dir='ltr'><strong>qui?</strong></span> <span class='ocrx_word' id='word_1_569' title='bbox 1267 4242 1311 4284; x_wconf 86' lang='lat' dir='ltr'><strong>et</strong></span> <span class='ocrx_word' id='word_1_570' title='bbox 1360 4233 1524 4303; x_wconf 82' lang='lat' dir='ltr'><strong>ponit,</strong></span> <span class='ocrx_word' id='word_1_571' title='bbox 1548 4239 1596 4284; x_wconf 82' lang='lat' dir='ltr'><strong>et</strong></span> <span class='ocrx_word' id='word_1_572' title='bbox 1623 4246 1801 4283; x_wconf 81' lang='lat' dir='ltr'><strong>rursus</strong></span> <span class='ocrx_word' id='word_1_573' title='bbox 1829 4232 1981 4284; x_wconf 81' lang='lat' dir='ltr'><strong>sumit</strong></span> <span class='ocrx_word' id='word_1_574' title='bbox 2010 4229 2126 4282; x_wconf 79' lang='lat' dir='ltr'><strong>oni-</strong></span> 
     </span>
    </p>
   </div>
   <div class='ocr_carea' id='block_1_73' title="bbox 535 4303 1343 4372">
    <p class='ocr_par' dir='ltr' id='par_1_73' title="bbox 535 4303 1343 4372">
     <span class='ocr_line' id='line_1_73' title="bbox 535 4303 1343 4372; baseline 0.005 -21"><span class='ocrx_word' id='word_1_575' title='bbox 535 4313 674 4353; x_wconf 84' lang='lat' dir='ltr'><strong>mam</strong></span> <span class='ocrx_word' id='word_1_576' title='bbox 703 4303 922 4355; x_wconf 82' lang='lat' dir='ltr'><strong>hominis</strong></span> <span class='ocrx_word' id='word_1_577' title='bbox 943 4318 1090 4372; x_wconf 81' lang='lat' dir='ltr'><strong>quem</strong></span> <span class='ocrx_word' id='word_1_578' title='bbox 1114 4303 1343 4370; x_wconf 78' lang='lat' dir='ltr'><strong>gestavit.</strong></span> 
     </span>
    </p>
   </div>
   <div class='ocr_carea' id='block_1_74' title="bbox 607 4372 1839 4443">
    <p class='ocr_par' dir='ltr' id='par_1_74' title="bbox 607 4372 1839 4443">
     <span class='ocr_line' id='line_1_74' title="bbox 607 4372 1839 4443; baseline 0.002 -22"><span class='ocrx_word' id='word_1_579' title='bbox 607 4372 687 4443; x_wconf 78' lang='grc' dir='ltr'>(ιι)</span> <span class='ocrx_word' id='word_1_580' title='bbox 727 4373 944 4439; x_wconf 81' lang='lat' dir='ltr'><strong>Aliquot</strong></span> <span class='ocrx_word' id='word_1_581' title='bbox 976 4387 1106 4427; x_wconf 86' lang='lat' dir='ltr'><strong>mss.</strong></span> <span class='ocrx_word' id='word_1_582' title='bbox 1127 4374 1310 4441; x_wconf 80' lang='lat' dir='ltr'><strong>proba:</strong></span> <span class='ocrx_word' id='word_1_583' title='bbox 1338 4380 1727 4437; x_wconf 65' lang='lat' dir='ltr'><strong>notm,testatus</strong></span> <span class='ocrx_word' id='word_1_584' title='bbox 1746 4380 1839 4443; x_wconf 81' lang='lat' dir='ltr'><strong>est.</strong></span> 
     </span>
    </p>
   </div>
   <div class='ocr_carea' id='block_1_75' title="bbox 609 4441 2132 4513">
    <p class='ocr_par' dir='ltr' id='par_1_75' title="bbox 609 4441 2132 4513">
     <span class='ocr_line' id='line_1_75' title="bbox 609 4441 2132 4513; baseline 0 -17"><span class='ocrx_word' id='word_1_585' title='bbox 609 4441 689 4513; x_wconf 87' lang='lat' dir='ltr'><strong>(b)</strong></span> <span class='ocrx_word' id='word_1_586' title='bbox 718 4445 877 4498; x_wconf 83' lang='lat' dir='ltr'><strong>\‘etus</strong></span> <span class='ocrx_word' id='word_1_587' title='bbox 922 4460 1025 4498; x_wconf 88' lang='lat' dir='ltr'><strong>ms.</strong></span> <span class='ocrx_word' id='word_1_588' title='bbox 1063 4443 1244 4509; x_wconf 80' lang='lat' dir='ltr'><strong>Cnlh.,</strong></span> <span class='ocrx_word' id='word_1_589' title='bbox 1275 4446 1329 4499; x_wconf 76' lang='lat' dir='ltr'><strong>in</strong></span> <span class='ocrx_word' id='word_1_590' title='bbox 1378 4444 1542 4499; x_wconf 73' lang='lat' dir='ltr'><strong>Deum</strong></span> <span class='ocrx_word' id='word_1_591' title='bbox 1587 4446 1721 4499; x_wconf 63' lang='lat' dir='ltr'><strong>vita.</strong></span> <span class='ocrx_word' id='word_1_592' title='bbox 1766 4442 1933 4513; x_wconf 73' lang='lat' dir='ltr'><strong>Magis</strong></span> <span class='ocrx_word' id='word_1_593' title='bbox 1956 4441 2132 4513; x_wconf 83' lang='lat' dir='ltr'><strong>placet</strong></span> 
     </span>
    </p>
   </div>
   <div class='ocr_carea' id='block_1_76' title="bbox 535 4510 2130 4582">
    <p class='ocr_par' dir='ltr' id='par_1_76' title="bbox 535 4510 2130 4582">
     <span class='ocr_line' id='line_1_76' title="bbox 535 4510 2130 4582; baseline 0.001 -16"><span class='ocrx_word' id='word_1_594' title='bbox 535 4510 837 4578; x_wconf 54' lang='lat' dir='ltr'><strong>Doni&#39;inunt,</strong></span> <span class='ocrx_word' id='word_1_595' title='bbox 868 4518 1112 4582; x_wconf 76' lang='lat' dir='ltr'><strong>quamvis</strong></span> <span class='ocrx_word' id='word_1_596' title='bbox 1163 4517 1263 4570; x_wconf 87' lang='lat' dir='ltr'><strong>hoc</strong></span> <span class='ocrx_word' id='word_1_597' title='bbox 1292 4518 1457 4571; x_wconf 81' lang='lat' dir='ltr'><strong>verbo</strong></span> <span class='ocrx_word' id='word_1_598' title='bbox 1483 4515 1662 4569; x_wconf 86' lang='lat' dir='ltr'><strong>tliviua</strong></span> <span class='ocrx_word' id='word_1_599' title='bbox 1704 4510 1893 4568; x_wconf 73' lang='lat' dir='ltr'><strong>natura</strong></span> <span class='ocrx_word' id='word_1_600' title='bbox 1920 4510 2130 4582; x_wconf 70' lang='lat' dir='ltr'><strong>signiﬁ-</strong></span> 
     </span>
    </p>
   </div>
   <div class='ocr_carea' id='block_1_77' title="bbox 535 4584 2132 4655">
    <p class='ocr_par' dir='ltr' id='par_1_77' title="bbox 535 4584 2132 4655">
     <span class='ocr_line' id='line_1_77' title="bbox 535 4584 2132 4655; baseline 0 -15"><span class='ocrx_word' id='word_1_601' title='bbox 535 4596 841 4653; x_wconf 76' lang='lat' dir='ltr'><strong>cetur,qu:e</strong></span> <span class='ocrx_word' id='word_1_602' title='bbox 870 4587 994 4642; x_wconf 88' lang='lat' dir='ltr'><strong>hinc</strong></span> <span class='ocrx_word' id='word_1_603' title='bbox 1016 4591 1068 4640; x_wconf 90' lang='lat' dir='ltr'><strong>iu</strong></span> <span class='ocrx_word' id='word_1_604' title='bbox 1093 4584 1311 4640; x_wconf 88' lang='lat' dir='ltr'><strong>Christo</strong></span> <span class='ocrx_word' id='word_1_605' title='bbox 1339 4590 1758 4651; x_wconf 78' lang='lat' dir='ltr'><strong>demonstratur,</strong></span> <span class='ocrx_word' id='word_1_606' title='bbox 1794 4585 1936 4655; x_wconf 86' lang='lat' dir='ltr'><strong>quod</strong></span> <span class='ocrx_word' id='word_1_607' title='bbox 1962 4601 2031 4640; x_wconf 75' lang='lat' dir='ltr'><strong>ex</strong></span> <span class='ocrx_word' id='word_1_608' title='bbox 2073 4600 2132 4640; x_wconf 78' lang='lat' dir='ltr'><strong>se</strong></span> 
     </span>
    </p>
   </div>
   <div class='ocr_carea' id='block_1_78' title="bbox 537 4657 2131 4726">
    <p class='ocr_par' dir='ltr' id='par_1_78' title="bbox 537 4657 2131 4726">
     <span class='ocr_line' id='line_1_78' title="bbox 537 4657 2131 4726; baseline 0 -14"><span class='ocrx_word' id='word_1_609' title='bbox 537 4658 779 4713; x_wconf 89' lang='lat' dir='ltr'><strong>moriens</strong></span> <span class='ocrx_word' id='word_1_610' title='bbox 828 4658 949 4726; x_wconf 89' lang='lat' dir='ltr'><strong>jure</strong></span> <span class='ocrx_word' id='word_1_611' title='bbox 997 4659 1129 4713; x_wconf 78' lang='lat' dir='ltr'><strong>milli</strong></span> <span class='ocrx_word' id='word_1_612' title='bbox 1181 4657 1466 4714; x_wconf 84' lang='lat' dir='ltr'><strong>hominum</strong></span> <span class='ocrx_word' id='word_1_613' title='bbox 1530 4671 1738 4712; x_wconf 66' lang='lat' dir='ltr'><strong>naturae</strong></span> <span class='ocrx_word' id='word_1_614' title='bbox 1787 4657 1977 4712; x_wconf 85' lang='lat' dir='ltr'><strong>relicto</strong></span> <span class='ocrx_word' id='word_1_615' title='bbox 2011 4672 2131 4712; x_wconf 82' lang='lat' dir='ltr'><strong>sese</strong></span> 
     </span>
    </p>
   </div>
   <div class='ocr_carea' id='block_1_79' title="bbox 537 4728 1198 4799">
    <p class='ocr_par' dir='ltr' id='par_1_79' title="bbox 537 4728 1198 4799">
     <span class='ocr_line' id='line_1_79' title="bbox 537 4728 1198 4799; baseline 0 -18"><span class='ocrx_word' id='word_1_616' title='bbox 537 4728 771 4798; x_wconf 78' lang='lat' dir='ltr'><strong>gaudere</strong></span> <span class='ocrx_word' id='word_1_617' title='bbox 798 4729 970 4799; x_wconf 87' lang='lat' dir='ltr'><strong>palam</strong></span> <span class='ocrx_word' id='word_1_618' title='bbox 992 4730 1198 4785; x_wconf 82' lang='lat' dir='ltr'><strong>fecerit.</strong></span> 
     </span>
    </p>
   </div>
   <div class='ocr_carea' id='block_1_80' title="bbox 612 4799 2128 4871">
    <p class='ocr_par' dir='ltr' id='par_1_80' title="bbox 612 4799 2128 4871">
     <span class='ocr_line' id='line_1_80' title="bbox 612 4799 2128 4871; baseline -0.002 -17"><span class='ocrx_word' id='word_1_619' title='bbox 612 4802 689 4868; x_wconf 76' lang='grc' dir='ltr'><strong>(ε)</strong></span> <span class='ocrx_word' id='word_1_620' title='bbox 714 4801 768 4854; x_wconf 91' lang='lat' dir='ltr'><strong>in</strong></span> <span class='ocrx_word' id='word_1_621' title='bbox 794 4800 1018 4871; x_wconf 73' lang='lat' dir='ltr'><strong>vulgatis</strong></span> <span class='ocrx_word' id='word_1_622' title='bbox 1051 4800 1137 4855; x_wconf 89' lang='lat' dir='ltr'><strong>hic</strong></span> <span class='ocrx_word' id='word_1_623' title='bbox 1184 4799 1401 4855; x_wconf 87' lang='lat' dir='ltr'><strong>additur</strong></span> <span class='ocrx_word' id='word_1_624' title='bbox 1428 4817 1573 4855; x_wconf 82' lang='lat' dir='ltr'><strong>suam</strong></span> <span class='ocrx_word' id='word_1_625' title='bbox 1597 4817 1616 4856; x_wconf 91' lang='lat'><strong><em>:</em></strong></span> <span class='ocrx_word' id='word_1_626' title='bbox 1643 4816 1742 4856; x_wconf 79' lang='lat' dir='ltr'><strong>vox</strong></span> <span class='ocrx_word' id='word_1_627' title='bbox 1773 4799 1931 4856; x_wconf 86' lang='lat' dir='ltr'><strong>abest</strong></span> <span class='ocrx_word' id='word_1_628' title='bbox 1972 4816 2000 4852; x_wconf 90' lang='lat' dir='ltr'><strong>a</strong></span> <span class='ocrx_word' id='word_1_629' title='bbox 2032 4814 2128 4871; x_wconf 84' lang='lat' dir='ltr'><strong>p0-</strong></span> 
     </span>
    </p>
   </div>
   <div class='ocr_carea' id='block_1_81' title="bbox 543 4871 2124 4941">
    <p class='ocr_par' dir='ltr' id='par_1_81' title="bbox 543 4871 2124 4941">
     <span class='ocr_line' id='line_1_81' title="bbox 543 4871 2124 4941; baseline 0 -16"><span class='ocrx_word' id='word_1_630' title='bbox 543 4871 768 4926; x_wconf 86' lang='lat' dir='ltr'><strong>tioribus</strong></span> <span class='ocrx_word' id='word_1_631' title='bbox 814 4887 944 4925; x_wconf 68' lang='lat' dir='ltr'><strong>mss.</strong></span> <span class='ocrx_word' id='word_1_632' title='bbox 978 4887 1043 4926; x_wconf 89' lang='lat' dir='ltr'><strong>ac</strong></span> <span class='ocrx_word' id='word_1_633' title='bbox 1071 4871 1248 4927; x_wconf 85' lang='lat' dir='ltr'><strong>verbis</strong></span> <span class='ocrx_word' id='word_1_634' title='bbox 1273 4872 1327 4923; x_wconf 82' lang='lat' dir='ltr'><strong>in</strong></span> <span class='ocrx_word' id='word_1_635' title='bbox 1356 4888 1411 4926; x_wconf 83' lang='lat' dir='ltr'><strong>se</strong></span> <span class='ocrx_word' id='word_1_636' title='bbox 1437 4874 1569 4925; x_wconf 89' lang='lat' dir='ltr'><strong>satis</strong></span> <span class='ocrx_word' id='word_1_637' title='bbox 1600 4872 1943 4941; x_wconf 77' lang='lat' dir='ltr'><strong>exprimitur,</strong></span> <span class='ocrx_word' id='word_1_638' title='bbox 1978 4883 2124 4940; x_wconf 88' lang='lat' dir='ltr'><strong>puta,</strong></span> 
     </span>
    </p>
   </div>
   <div class='ocr_carea' id='block_1_82' title="bbox 542 4941 2017 5014">
    <p class='ocr_par' dir='ltr' id='par_1_82' title="bbox 542 4941 2017 5014">
     <span class='ocr_line' id='line_1_82' title="bbox 542 4941 2017 5014; baseline -0.001 -18"><span class='ocrx_word' id='word_1_639' title='bbox 542 4959 605 4996; x_wconf 77' lang='lat' dir='ltr'><strong>ur</strong></span> <span class='ocrx_word' id='word_1_640' title='bbox 627 4941 873 5014; x_wconf 75' lang='lat' dir='ltr'><strong>moriendi</strong></span> <span class='ocrx_word' id='word_1_641' title='bbox 901 4953 1215 5014; x_wconf 75' lang='lat' dir='ltr'><strong>potestatem,</strong></span> <span class='ocrx_word' id='word_1_642' title='bbox 1242 4958 1361 5014; x_wconf 74' lang='lat' dir='ltr'><strong>que</strong></span> <span class='ocrx_word' id='word_1_643' title='bbox 1389 4944 1440 4996; x_wconf 90' lang='lat' dir='ltr'><strong>in</strong></span> <span class='ocrx_word' id='word_1_644' title='bbox 1460 4959 1515 4997; x_wconf 80' lang='lat' dir='ltr'><strong>se</strong></span> <span class='ocrx_word' id='word_1_645' title='bbox 1536 4943 1635 4998; x_wconf 83' lang='lat' dir='ltr'><strong>sita</strong></span> <span class='ocrx_word' id='word_1_646' title='bbox 1659 4953 1794 5010; x_wconf 89' lang='lat' dir='ltr'><strong>erat,</strong></span> <span class='ocrx_word' id='word_1_647' title='bbox 1821 4943 2017 5014; x_wconf 85' lang='lat' dir='ltr'><strong>timuit.</strong></span> 
     </span>
    </p>
   </div>
   <div class='ocr_carea' id='block_1_83' title="bbox 618 5011 2125 5085">
    <p class='ocr_par' dir='ltr' id='par_1_83' title="bbox 618 5011 2125 5085">
     <span class='ocr_line' id='line_1_83' title="bbox 618 5011 2125 5085; baseline 0.002 -21"><span class='ocrx_word' id='word_1_648' title='bbox 618 5011 699 5085; x_wconf 72' lang='grc' dir='ltr'><strong>(τί)</strong></span> <span class='ocrx_word' id='word_1_649' title='bbox 730 5011 1058 5085; x_wconf 63' lang='lat' dir='ltr'><strong>Vetustiores</strong></span> <span class='ocrx_word' id='word_1_650' title='bbox 1087 5030 1217 5069; x_wconf 74' lang='lat' dir='ltr'><strong>mss.</strong></span> <span class='ocrx_word' id='word_1_651' title='bbox 1251 5011 1497 5069; x_wconf 72' lang='lat' dir='ltr'><strong>Eleazaro</strong></span> <span class='ocrx_word' id='word_1_652' title='bbox 1527 5014 1746 5077; x_wconf 85' lang='lat' dir='ltr'><strong>habent,</strong></span> <span class='ocrx_word' id='word_1_653' title='bbox 1771 5031 1877 5069; x_wconf 89' lang='lat' dir='ltr'><strong>non</strong></span> <span class='ocrx_word' id='word_1_654' title='bbox 1906 5012 2125 5070; x_wconf 78' lang='lat' dir='ltr'><strong>Lazaro.</strong></span> 
     </span>
    </p>
   </div>
   <div class='ocr_carea' id='block_1_84' title="bbox 546 5084 2127 5155">
    <p class='ocr_par' dir='ltr' id='par_1_84' title="bbox 546 5084 2127 5155">
     <span class='ocr_line' id='line_1_84' title="bbox 546 5084 2127 5155; baseline 0.001 -17"><span class='ocrx_word' id='word_1_655' title='bbox 546 5084 825 5139; x_wconf 68' lang='lat' dir='ltr'><strong>Vocabula</strong></span> <span class='ocrx_word' id='word_1_656' title='bbox 854 5084 1082 5155; x_wconf 74' lang='lat' dir='ltr'><strong>Spiritus</strong></span> <span class='ocrx_word' id='word_1_657' title='bbox 1127 5096 1371 5139; x_wconf 73' lang='lat' dir='ltr'><strong>naturam</strong></span> <span class='ocrx_word' id='word_1_658' title='bbox 1403 5084 1636 5141; x_wconf 77' lang='lat' dir='ltr'><strong>divinam</strong></span> <span class='ocrx_word' id='word_1_659' title='bbox 1679 5088 1767 5142; x_wconf 89' lang='lat' dir='ltr'><strong>hic</strong></span> <span class='ocrx_word' id='word_1_660' title='bbox 1802 5085 2024 5155; x_wconf 73' lang='lat' dir='ltr'><strong>intelligi</strong></span> <span class='ocrx_word' id='word_1_661' title='bbox 2067 5086 2127 5139; x_wconf 55' lang='lat' dir='ltr'><strong>li»</strong></span> 
     </span>
    </p>
   </div>
   <div class='ocr_carea' id='block_1_85' title="bbox 544 5157 2126 5227">
    <p class='ocr_par' dir='ltr' id='par_1_85' title="bbox 544 5157 2126 5227">
     <span class='ocr_line' id='line_1_85' title="bbox 544 5157 2126 5227; baseline 0.002 -18"><span class='ocrx_word' id='word_1_662' title='bbox 544 5168 673 5226; x_wconf 83' lang='lat' dir='ltr'><strong>quet</strong></span> <span class='ocrx_word' id='word_1_663' title='bbox 698 5172 763 5211; x_wconf 84' lang='lat' dir='ltr'><strong>ex</strong></span> <span class='ocrx_word' id='word_1_664' title='bbox 792 5172 939 5210; x_wconf 86' lang='lat' dir='ltr'><strong>num.</strong></span> <span class='ocrx_word' id='word_1_665' title='bbox 997 5158 1091 5221; x_wconf 61' lang='grc'><strong>54,</strong></span> <span class='ocrx_word' id='word_1_666' title='bbox 1116 5170 1305 5227; x_wconf 81' lang='lat' dir='ltr'><strong>estque</strong></span> <span class='ocrx_word' id='word_1_667' title='bbox 1332 5159 1611 5227; x_wconf 65' lang='lat' dir='ltr'><strong>adwquata</strong></span> <span class='ocrx_word' id='word_1_668' title='bbox 1632 5157 1831 5214; x_wconf 81' lang='lat' dir='ltr'><strong>Christi</strong></span> <span class='ocrx_word' id='word_1_669' title='bbox 1861 5159 2050 5213; x_wconf 83' lang='lat' dir='ltr'><strong>divisio</strong></span> <span class='ocrx_word' id='word_1_670' title='bbox 2075 5157 2126 5212; x_wconf 89' lang='lat' dir='ltr'><strong>in</strong></span> 
     </span>
    </p>
   </div>
   <div class='ocr_carea' id='block_1_86' title="bbox 546 5228 2132 5297">
    <p class='ocr_par' dir='ltr' id='par_1_86' title="bbox 546 5228 2132 5297">
     <span class='ocr_line' id='line_1_86' title="bbox 546 5228 2132 5297; baseline 0.001 -15"><span class='ocrx_word' id='word_1_671' title='bbox 546 5244 744 5297; x_wconf 79' lang='lat' dir='ltr'><strong>eoi-pus</strong></span> <span class='ocrx_word' id='word_1_672' title='bbox 767 5237 817 5283; x_wconf 88' lang='lat' dir='ltr'><strong>et</strong></span> <span class='ocrx_word' id='word_1_673' title='bbox 848 5228 1131 5297; x_wconf 79' lang='lat' dir='ltr'><strong>Spiritum,</strong></span> <span class='ocrx_word' id='word_1_674' title='bbox 1168 5230 1219 5283; x_wconf 89' lang='lat' dir='ltr'><strong>id</strong></span> <span class='ocrx_word' id='word_1_675' title='bbox 1248 5240 1354 5292; x_wconf 88' lang='lat' dir='ltr'><strong>est,</strong></span> <span class='ocrx_word' id='word_1_676' title='bbox 1382 5230 1434 5284; x_wconf 93' lang='lat' dir='ltr'><strong>iu</strong></span> <span class='ocrx_word' id='word_1_677' title='bbox 1466 5228 1736 5287; x_wconf 75' lang='lat' dir='ltr'><strong>hominem</strong></span> <span class='ocrx_word' id='word_1_678' title='bbox 1759 5242 1813 5287; x_wconf 88' lang='lat' dir='ltr'><strong>et</strong></span> <span class='ocrx_word' id='word_1_679' title='bbox 1850 5232 2052 5296; x_wconf 85' lang='lat' dir='ltr'><strong>Deum;</strong></span> <span class='ocrx_word' id='word_1_680' title='bbox 2080 5242 2132 5284; x_wconf 87' lang='lat' dir='ltr'><strong>et</strong></span> 
     </span>
    </p>
   </div>
   <div class='ocr_carea' id='block_1_87' title="bbox 549 5300 2134 5372">
    <p class='ocr_par' dir='ltr' id='par_1_87' title="bbox 549 5300 2134 5372">
     <span class='ocr_line' id='line_1_87' title="bbox 549 5300 2134 5372; baseline 0.001 -16"><span class='ocrx_word' id='word_1_681' title='bbox 549 5314 612 5356; x_wconf 87' lang='lat' dir='ltr'><strong>ea</strong></span> <span class='ocrx_word' id='word_1_682' title='bbox 629 5301 842 5367; x_wconf 78' lang='lat' dir='ltr'><strong>quidem</strong></span> <span class='ocrx_word' id='word_1_683' title='bbox 858 5300 1259 5355; x_wconf 74' lang='lat' dir='ltr'><strong>areommodata</strong></span> <span class='ocrx_word' id='word_1_684' title='bbox 1273 5304 1555 5357; x_wconf 67' lang='lat' dir='ltr'><strong>sententiae</strong></span> <span class='ocrx_word' id='word_1_685' title='bbox 1572 5304 1912 5366; x_wconf 76' lang='lat' dir='ltr'><strong>Arianorum,</strong></span> <span class='ocrx_word' id='word_1_686' title='bbox 1934 5318 2134 5372; x_wconf 87' lang='lat' dir='ltr'><strong>corpus</strong></span> 
     </span>
    </p>
   </div>
   <div class='ocr_carea' id='block_1_88' title="bbox 548 5372 2137 5444">
    <p class='ocr_par' dir='ltr' id='par_1_88' title="bbox 548 5372 2137 5444">
     <span class='ocr_line' id='line_1_88' title="bbox 548 5372 2137 5444; baseline 0.001 -18"><span class='ocrx_word' id='word_1_687' title='bbox 548 5374 601 5426; x_wconf 91' lang='lat' dir='ltr'><strong>in</strong></span> <span class='ocrx_word' id='word_1_688' title='bbox 625 5372 843 5425; x_wconf 82' lang='lat' dir='ltr'><strong>Christo</strong></span> <span class='ocrx_word' id='word_1_689' title='bbox 871 5373 1148 5426; x_wconf 52' lang='lat' dir='ltr'><strong>dumtaxat</strong></span> <span class='ocrx_word' id='word_1_690' title='bbox 1197 5381 1251 5427; x_wconf 89' lang='lat' dir='ltr'><strong>et</strong></span> <span class='ocrx_word' id='word_1_691' title='bbox 1276 5387 1583 5429; x_wconf 88' lang='lat' dir='ltr'><strong>sermonem</strong></span> <span class='ocrx_word' id='word_1_692' title='bbox 1613 5375 1756 5429; x_wconf 64' lang='lat' dir='ltr'><strong>vices</strong></span> <span class='ocrx_word' id='word_1_693' title='bbox 1790 5377 1984 5429; x_wconf 65' lang='lat' dir='ltr'><strong>animus</strong></span> <span class='ocrx_word' id='word_1_694' title='bbox 2006 5390 2137 5444; x_wconf 90' lang='lat' dir='ltr'><strong>sup—</strong></span> 
     </span>
    </p>
   </div>
   <div class='ocr_carea' id='block_1_89' title="bbox 552 5444 2128 5514">
    <p class='ocr_par' dir='ltr' id='par_1_89' title="bbox 552 5444 2128 5514">
     <span class='ocr_line' id='line_1_89' title="bbox 552 5444 2128 5514; baseline 0 -16"><span class='ocrx_word' id='word_1_695' title='bbox 552 5444 788 5514; x_wconf 73' lang='lat' dir='ltr'><strong>pleutem</strong></span> <span class='ocrx_word' id='word_1_696' title='bbox 860 5446 1292 5514; x_wconf 73' lang='lat' dir='ltr'><strong>agnoseentium.</strong></span> <span class='ocrx_word' id='word_1_697' title='bbox 1340 5446 1545 5514; x_wconf 79' lang='lat' dir='ltr'><strong>Quibus</strong></span> <span class='ocrx_word' id='word_1_698' title='bbox 1594 5446 1830 5502; x_wconf 83' lang='lat' dir='ltr'><strong>ostendit</strong></span> <span class='ocrx_word' id='word_1_699' title='bbox 1874 5446 2128 5509; x_wconf 76' lang='lat' dir='ltr'><strong>Ililarius,</strong></span> 
     </span>
    </p>
   </div>
   <div class='ocr_carea' id='block_1_90' title="bbox 552 5517 2131 5583">
    <p class='ocr_par' dir='ltr' id='par_1_90' title="bbox 552 5517 2131 5583">
     <span class='ocr_line' id='line_1_90' title="bbox 552 5517 2131 5583; baseline 0.002 -15"><span class='ocrx_word' id='word_1_700' title='bbox 552 5532 658 5569; x_wconf 88' lang='lat' dir='ltr'><strong>non</strong></span> <span class='ocrx_word' id='word_1_701' title='bbox 686 5525 929 5571; x_wconf 71' lang='lat' dir='ltr'><strong>neuuatn</strong></span> <span class='ocrx_word' id='word_1_702' title='bbox 967 5517 1114 5571; x_wconf 87' lang='lat' dir='ltr'><strong>illam</strong></span> <span class='ocrx_word' id='word_1_703' title='bbox 1157 5527 1400 5570; x_wconf 87' lang='lat' dir='ltr'><strong>naturam</strong></span> <span class='ocrx_word' id='word_1_704' title='bbox 1448 5519 1624 5574; x_wconf 82' lang='lat' dir='ltr'><strong>timori</strong></span> <span class='ocrx_word' id='word_1_705' title='bbox 1651 5534 1774 5576; x_wconf 84' lang='lat' dir='ltr'><strong>esse</strong></span> <span class='ocrx_word' id='word_1_706' title='bbox 1820 5518 2131 5583; x_wconf 71' lang='lat' dir='ltr'><strong>obnoxiam,</strong></span> 
     </span>
    </p>
   </div>
   <div class='ocr_carea' id='block_1_91' title="bbox 550 5587 2129 5649">
    <p class='ocr_par' dir='ltr' id='par_1_91' title="bbox 550 5587 2129 5649">
     <span class='ocr_line' id='line_1_91' title="bbox 550 5587 2129 5649; baseline 0.001 -6"><span class='ocrx_word' id='word_1_707' title='bbox 550 5589 644 5649; x_wconf 81' lang='lat' dir='ltr'><strong>sed</strong></span> <span class='ocrx_word' id='word_1_708' title='bbox 672 5590 801 5643; x_wconf 86' lang='lat' dir='ltr'><strong>nihil</strong></span> <span class='ocrx_word' id='word_1_709' title='bbox 829 5604 951 5643; x_wconf 85' lang='lat' dir='ltr'><strong>esse</strong></span> <span class='ocrx_word' id='word_1_710' title='bbox 990 5604 1167 5643; x_wconf 62' lang='lat' dir='ltr'><strong>causa</strong></span> <span class='ocrx_word' id='word_1_711' title='bbox 1210 5603 1308 5643; x_wconf 89' lang='lat' dir='ltr'><strong>cur</strong></span> <span class='ocrx_word' id='word_1_712' title='bbox 1331 5587 1579 5643; x_wconf 84' lang='lat' dir='ltr'><strong>Christus</strong></span> <span class='ocrx_word' id='word_1_713' title='bbox 1621 5591 1858 5646; x_wconf 88' lang='lat' dir='ltr'><strong>alterutri</strong></span> <span class='ocrx_word' id='word_1_714' title='bbox 1908 5588 2129 5644; x_wconf 75' lang='lat' dir='ltr'><strong>timeat:</strong></span> 
     </span>
    </p>
   </div>
   <div class='ocr_carea' id='block_1_92' title="bbox 547 5660 2137 5737">
    <p class='ocr_par' dir='ltr' id='par_1_92' title="bbox 547 5660 2137 5737">
     <span class='ocr_line' id='line_1_92' title="bbox 547 5660 2137 5737; baseline 0 -21"><span class='ocrx_word' id='word_1_715' title='bbox 547 5665 701 5737; x_wconf 75' lang='lat' dir='ltr'><strong>juxta</strong></span> <span class='ocrx_word' id='word_1_716' title='bbox 728 5677 847 5737; x_wconf 69' lang='lat' dir='ltr'><strong>quae</strong></span> <span class='ocrx_word' id='word_1_717' title='bbox 872 5662 1203 5737; x_wconf 60' lang='lat' dir='ltr'><strong>Augustinus</strong></span> <span class='ocrx_word' id='word_1_718' title='bbox 1226 5660 1285 5737; x_wconf 72' lang='lat' dir='ltr'><strong>in</strong></span> <span class='ocrx_word' id='word_1_719' title='bbox 1306 5674 1387 5737; x_wconf 63' lang='lat' dir='ltr'><strong>pq.</strong></span> <span class='ocrx_word' id='word_1_720' title='bbox 1412 5676 1591 5737; x_wconf 67' lang='lat' dir='ltr'><strong>aestu,</strong></span> <span class='ocrx_word' id='word_1_721' title='bbox 1624 5680 1677 5718; x_wconf 91' lang='lat' dir='ltr'><strong>n.</strong></span> <span class='ocrx_word' id='word_1_722' title='bbox 1712 5662 1779 5718; x_wconf 81' lang='lat' dir='ltr'><strong>l9</strong></span> <span class='ocrx_word' id='word_1_723' title='bbox 1811 5682 1823 5714; x_wconf 92' lang='lat'><strong>:</strong></span> <span class='ocrx_word' id='word_1_724' title='bbox 1852 5660 1925 5715; x_wconf 83' lang='lat' dir='ltr'><strong>Te</strong></span> <span class='ocrx_word' id='word_1_725' title='bbox 1956 5664 2137 5732; x_wconf 73' lang='lat' dir='ltr'><strong>prieri-</strong></span> 
     </span>
    </p>
   </div>
   <div class='ocr_carea' id='block_1_93' title="bbox 550 5732 2138 5810">
    <p class='ocr_par' dir='ltr' id='par_1_93' title="bbox 550 5732 2138 5810">
     <span class='ocr_line' id='line_1_93' title="bbox 550 5732 2138 5810; baseline -0.002 -19"><span class='ocrx_word' id='word_1_726' title='bbox 550 5732 723 5810; x_wconf 55' lang='lat' dir='ltr'><strong>ynauit</strong></span> <span class='ocrx_word' id='word_1_727' title='bbox 746 5732 1093 5810; x_wconf 75' lang='lat' dir='ltr'><strong>Donrinus_iu</strong></span> <span class='ocrx_word' id='word_1_728' title='bbox 1136 5748 1230 5786; x_wconf 84' lang='lat' dir='ltr'><strong>sua</strong></span> <span class='ocrx_word' id='word_1_729' title='bbox 1269 5732 1586 5810; x_wconf 56' lang='lat' dir='ltr'><strong>inﬁrmitate,</strong></span> <span class='ocrx_word' id='word_1_730' title='bbox 1612 5751 1712 5788; x_wconf 87' lang='lat' dir='ltr'><strong>non</strong></span> <span class='ocrx_word' id='word_1_731' title='bbox 1748 5751 1802 5790; x_wconf 83' lang='lat' dir='ltr'><strong>se</strong></span> <span class='ocrx_word' id='word_1_732' title='bbox 1824 5750 1843 5787; x_wconf 92' lang='lat'><strong><em>:</em></strong></span> <span class='ocrx_word' id='word_1_733' title='bbox 1875 5749 1982 5810; x_wconf 70' lang='lat' dir='ltr'><strong>non</strong></span> <span class='ocrx_word' id='word_1_734' title='bbox 2004 5738 2138 5788; x_wconf 84' lang='lat' dir='ltr'><strong>enim</strong></span> 
     </span>
    </p>
   </div>
   <div class='ocr_carea' id='block_1_94' title="bbox 548 5804 2140 5874">
    <p class='ocr_par' dir='ltr' id='par_1_94' title="bbox 548 5804 2140 5874">
     <span class='ocr_line' id='line_1_94' title="bbox 548 5804 2140 5874; baseline 0 -13"><span class='ocrx_word' id='word_1_735' title='bbox 548 5804 754 5863; x_wconf 76' lang='lat' dir='ltr'><strong>iimebat</strong></span> <span class='ocrx_word' id='word_1_736' title='bbox 802 5804 948 5860; x_wconf 84' lang='lat' dir='ltr'><strong>tertio</strong></span> <span class='ocrx_word' id='word_1_737' title='bbox 973 5804 1055 5857; x_wconf 84' lang='lat' dir='ltr'><strong>die</strong></span> <span class='ocrx_word' id='word_1_738' title='bbox 1082 5812 1478 5874; x_wconf 73' lang='lat' dir='ltr'><strong>resurrecturus.</strong></span> <span class='ocrx_word' id='word_1_739' title='bbox 1522 5804 1757 5862; x_wconf 67' lang='lat' dir='ltr'><strong>Prastera</strong></span> <span class='ocrx_word' id='word_1_740' title='bbox 1792 5820 1897 5861; x_wconf 89' lang='lat' dir='ltr'><strong>non</strong></span> <span class='ocrx_word' id='word_1_741' title='bbox 1932 5806 2019 5860; x_wconf 87' lang='lat' dir='ltr'><strong>hic</strong></span> <span class='ocrx_word' id='word_1_742' title='bbox 2048 5821 2140 5861; x_wconf 82' lang='lat' dir='ltr'><strong>re-</strong></span> 
     </span>
    </p>
   </div>
   <div class='ocr_carea' id='block_1_95' title="bbox 552 5861 2136 5951">
    <p class='ocr_par' dir='ltr' id='par_1_95' title="bbox 552 5861 2136 5951">
     <span class='ocr_line' id='line_1_95' title="bbox 552 5861 2136 5951; baseline -0.004 -21"><span class='ocrx_word' id='word_1_743' title='bbox 552 5861 760 5951; x_wconf 73' lang='lat' dir='ltr'><strong>spuitur</strong></span> <span class='ocrx_word' id='word_1_744' title='bbox 792 5875 1109 5947; x_wconf 78' lang='lat' dir='ltr'><strong>simpliciter</strong></span> <span class='ocrx_word' id='word_1_745' title='bbox 1150 5861 1330 5933; x_wconf 80' lang='lat' dir='ltr'><strong>timor.</strong></span> <span class='ocrx_word' id='word_1_746' title='bbox 1372 5876 1467 5931; x_wconf 82' lang='lat' dir='ltr'><strong>sed</strong></span> <span class='ocrx_word' id='word_1_747' title='bbox 1506 5878 1552 5930; x_wconf 82' lang='lat' dir='ltr'><strong>is</strong></span> <span class='ocrx_word' id='word_1_748' title='bbox 1597 5861 1803 5931; x_wconf 80' lang='lat' dir='ltr'><strong>tantum</strong></span> <span class='ocrx_word' id='word_1_749' title='bbox 1830 5878 1920 5947; x_wconf 73' lang='lat' dir='ltr'><strong>qui</strong></span> <span class='ocrx_word' id='word_1_750' title='bbox 1948 5892 2010 5932; x_wconf 77' lang='lat' dir='ltr'><strong>ex</strong></span> <span class='ocrx_word' id='word_1_751' title='bbox 2046 5875 2136 5929; x_wconf 83' lang='lat' dir='ltr'><strong>lm-</strong></span> 
     </span>
    </p>
   </div>
   <div class='ocr_carea' id='block_1_96' title="bbox 2225 3351 3813 3428">
    <p class='ocr_par' dir='ltr' id='par_1_96' title="bbox 2225 3351 3813 3428">
     <span class='ocr_line' id='line_1_96' title="bbox 2225 3351 3813 3428; baseline -0.001 -19"><span class='ocrx_word' id='word_1_752' title='bbox 2225 3363 2283 3410; x_wconf 92' lang='lat' dir='ltr'><strong>et</strong></span> <span class='ocrx_word' id='word_1_753' title='bbox 2307 3353 2361 3409; x_wconf 90' lang='lat' dir='ltr'><strong>in</strong></span> <span class='ocrx_word' id='word_1_754' title='bbox 2387 3362 2689 3408; x_wconf 85' lang='lat' dir='ltr'><strong>emortuam</strong></span> <span class='ocrx_word' id='word_1_755' title='bbox 2717 3366 2911 3408; x_wconf 84' lang='lat' dir='ltr'><strong>sensus</strong></span> <span class='ocrx_word' id='word_1_756' title='bbox 2932 3353 3016 3406; x_wconf 82' lang='lat' dir='ltr'><strong>sui</strong></span> <span class='ocrx_word' id='word_1_757' title='bbox 3039 3352 3364 3407; x_wconf 90' lang='lat' dir='ltr'><strong>oblivionem</strong></span> <span class='ocrx_word' id='word_1_758' title='bbox 3395 3367 3546 3409; x_wconf 87' lang='lat' dir='ltr'><strong>meus</strong></span> <span class='ocrx_word' id='word_1_759' title='bbox 3584 3351 3667 3428; x_wconf 85' lang='lat'><strong>(7)</strong></span> <span class='ocrx_word' id='word_1_760' title='bbox 3692 3367 3813 3410; x_wconf 81' lang='lat' dir='ltr'><strong>suc-</strong></span> 
     </span>
    </p>
   </div>
   <div class='ocr_carea' id='block_1_97' title="bbox 2225 3446 3818 3521">
    <p class='ocr_par' dir='ltr' id='par_1_97' title="bbox 2225 3446 3818 3521">
     <span class='ocr_line' id='line_1_97' title="bbox 2225 3446 3818 3521; baseline -0.001 -17"><span class='ocrx_word' id='word_1_761' title='bbox 2225 3449 2307 3504; x_wconf 90' lang='lat' dir='ltr'><strong>cis</strong></span> <span class='ocrx_word' id='word_1_762' title='bbox 2344 3446 2406 3521; x_wconf 86' lang='lat' dir='ltr'><strong>(i)</strong></span> <span class='ocrx_word' id='word_1_763' title='bbox 2452 3446 2863 3503; x_wconf 67' lang='lat' dir='ltr'><strong>violentioribus</strong></span> <span class='ocrx_word' id='word_1_764' title='bbox 2910 3456 3169 3517; x_wconf 84' lang='lat' dir='ltr'><strong>occupata</strong></span> <span class='ocrx_word' id='word_1_765' title='bbox 3214 3446 3520 3503; x_wconf 85' lang='lat' dir='ltr'><strong>coniicitur.</strong></span> <span class='ocrx_word' id='word_1_766' title='bbox 3583 3450 3658 3504; x_wconf 82' lang='lat' dir='ltr'><strong>Ac</strong></span> <span class='ocrx_word' id='word_1_767' title='bbox 3708 3457 3818 3503; x_wconf 87' lang='lat' dir='ltr'><strong>tum</strong></span> 
     </span>
    </p>
   </div>
   <div class='ocr_carea' id='block_1_98' title="bbox 2296 3562 2874 3635">
    <p class='ocr_par' dir='ltr' id='par_1_98' title="bbox 2296 3562 2874 3635">
     <span class='ocr_line' id='line_1_98' title="bbox 2296 3562 2874 3635; baseline 0 -20"><span class='ocrx_word' id='word_1_768' title='bbox 2296 3562 2380 3635; x_wconf 80' lang='lat'><strong>(5)</strong></span> <span class='ocrx_word' id='word_1_769' title='bbox 2416 3563 2687 3635; x_wconf 67' lang='lat' dir='ltr'><strong>Morientis</strong></span> <span class='ocrx_word' id='word_1_770' title='bbox 2717 3579 2874 3616; x_wconf 82' lang='lat' dir='ltr'><strong>mors.</strong></span> 
     </span>
    </p>
   </div>
   <div class='ocr_carea' id='block_1_99' title="bbox 2295 3632 3317 3779">
    <p class='ocr_par' dir='ltr' id='par_1_99' title="bbox 2295 3632 3317 3779">
     <span class='ocr_line' id='line_1_99' title="bbox 2295 3632 3317 3779; baseline -0.015 -87"><span class='ocrx_word' id='word_1_771' title='bbox 2409 3634 2572 3763; x_wconf 57' lang='lat' dir='ltr'><strong>Stena</strong></span> <span class='ocrx_word' id='word_1_772' title='bbox 2586 3654 2605 3703; x_wconf 77' lang='lat'><strong>,&#39;</strong></span> <span class='ocrx_word' id='word_1_773' title='bbox 2636 3649 2783 3702; x_wconf 58' lang='lat' dir='ltr'><strong>n‘iox,</strong></span> <span class='ocrx_word' id='word_1_774' title='bbox 2812 3648 2986 3702; x_wconf 78' lang='lat' dir='ltr'><strong>crura,</strong></span> <span class='ocrx_word' id='word_1_775' title='bbox 3008 3647 3114 3689; x_wconf 79' lang='lat' dir='ltr'><strong>non</strong></span> <span class='ocrx_word' id='word_1_776' title='bbox 3136 3632 3317 3690; x_wconf 70' lang='lat' dir='ltr'><strong>cruda,</strong></span> 
     </span>
     <span class='ocr_line' id='line_1_100' title="bbox 2455 3724 2547 3761; baseline -0.011 0"><span class='ocrx_word' id='word_1_777' title='bbox 2455 3724 2547 3761; x_wconf 81' lang='lat' dir='ltr'><strong>ru.</strong></span> 
     </span>
    </p>
   </div>
   <div class='ocr_carea' id='block_1_100' title="bbox 2229 3869 3820 3945">
    <p class='ocr_par' dir='ltr' id='par_1_100' title="bbox 2229 3869 3820 3945">
     <span class='ocr_line' id='line_1_101' title="bbox 2229 3869 3820 3945; baseline -0.003 -13"><span class='ocrx_word' id='word_1_778' title='bbox 2229 3889 2397 3932; x_wconf 80' lang='lat' dir='ltr'><strong>maris</strong></span> <span class='ocrx_word' id='word_1_779' title='bbox 2417 3871 2714 3945; x_wconf 70' lang='lat' dir='ltr'><strong>ignorantia</strong></span> <span class='ocrx_word' id='word_1_780' title='bbox 2737 3869 3128 3945; x_wconf 73' lang='lat' dir='ltr'><strong>proficiscatur.</strong></span> <span class='ocrx_word' id='word_1_781' title='bbox 3164 3869 3391 3945; x_wconf 75' lang='lat' dir='ltr'><strong>Domum</strong></span> <span class='ocrx_word' id='word_1_782' title='bbox 3415 3870 3516 3945; x_wconf 80' lang='lat' dir='ltr'><strong>hoc</strong></span> <span class='ocrx_word' id='word_1_783' title='bbox 3537 3883 3820 3941; x_wconf 76' lang='lat' dir='ltr'><strong>argumen-</strong></span> 
     </span>
    </p>
   </div>
   <div class='ocr_carea' id='block_1_101' title="bbox 2229 3940 3817 4014">
    <p class='ocr_par' dir='ltr' id='par_1_101' title="bbox 2229 3940 3817 4014">
     <span class='ocr_line' id='line_1_102' title="bbox 2229 3940 3817 4014; baseline -0.001 -15"><span class='ocrx_word' id='word_1_784' title='bbox 2229 3958 2342 4004; x_wconf 86' lang='lat' dir='ltr'><strong>tum</strong></span> <span class='ocrx_word' id='word_1_785' title='bbox 2384 3940 2460 4002; x_wconf 57' lang='lat' dir='ltr'><strong>iis&#39;</strong></span> <span class='ocrx_word' id='word_1_786' title='bbox 2491 3955 2666 4014; x_wconf 85' lang='lat' dir='ltr'><strong>potest</strong></span> <span class='ocrx_word' id='word_1_787' title='bbox 2712 3940 3012 4004; x_wconf 79' lang='lat' dir='ltr'><strong>accenseri,</strong></span> <span class='ocrx_word' id='word_1_788' title='bbox 3046 3958 3165 4011; x_wconf 71' lang='lat' dir='ltr'><strong>qua&#39;</strong></span> <span class='ocrx_word' id='word_1_789' title='bbox 3218 3943 3286 4014; x_wconf 78' lang='lat' dir='ltr'><strong>ad</strong></span> <span class='ocrx_word' id='word_1_790' title='bbox 3311 3940 3566 3996; x_wconf 74' lang='lat' dir='ltr'><strong>hominem</strong></span> <span class='ocrx_word' id='word_1_791' title='bbox 3604 3940 3817 4011; x_wconf 79' lang='lat' dir='ltr'><strong>vocant,</strong></span> 
     </span>
    </p>
   </div>
   <div class='ocr_carea' id='block_1_102' title="bbox 2230 4013 3535 4075">
    <p class='ocr_par' dir='ltr' id='par_1_102' title="bbox 2230 4013 3535 4075">
     <span class='ocr_line' id='line_1_103' title="bbox 2230 4013 3535 4075; baseline -0.007 -1"><span class='ocrx_word' id='word_1_792' title='bbox 2230 4030 2284 4075; x_wconf 90' lang='lat' dir='ltr'><strong>et</strong></span> <span class='ocrx_word' id='word_1_793' title='bbox 2305 4036 2370 4073; x_wconf 76' lang='lat' dir='ltr'><strong>es</strong></span> <span class='ocrx_word' id='word_1_794' title='bbox 2401 4013 2832 4071; x_wconf 83' lang='lat' dir='ltr'><strong>adversariorum</strong></span> <span class='ocrx_word' id='word_1_795' title='bbox 2863 4014 3132 4069; x_wconf 85' lang='lat' dir='ltr'><strong>sententia</strong></span> <span class='ocrx_word' id='word_1_796' title='bbox 3158 4013 3535 4068; x_wconf 85' lang='lat' dir='ltr'><strong>eonliciuutur.</strong></span> 
     </span>
    </p>
   </div>
   <div class='ocr_carea' id='block_1_103' title="bbox 2301 4084 3818 4159">
    <p class='ocr_par' dir='ltr' id='par_1_103' title="bbox 2301 4084 3818 4159">
     <span class='ocr_line' id='line_1_104' title="bbox 2301 4084 3818 4159; baseline -0.001 -19"><span class='ocrx_word' id='word_1_797' title='bbox 2301 4089 2377 4159; x_wconf 73' lang='grc' dir='ltr'><strong>(ε)</strong></span> <span class='ocrx_word' id='word_1_798' title='bbox 2405 4088 2523 4141; x_wconf 74' lang='lat' dir='ltr'><strong>Vat.</strong></span> <span class='ocrx_word' id='word_1_799' title='bbox 2559 4088 2675 4141; x_wconf 82' lang='lat' dir='ltr'><strong>has.</strong></span> <span class='ocrx_word' id='word_1_800' title='bbox 2712 4102 2814 4137; x_wconf 75' lang='lat' dir='ltr'><strong>ms.</strong></span> <span class='ocrx_word' id='word_1_801' title='bbox 2853 4086 2907 4137; x_wconf 89' lang='lat' dir='ltr'><strong>in</strong></span> <span class='ocrx_word' id='word_1_802' title='bbox 2955 4088 3216 4159; x_wconf 53' lang='lat' dir='ltr'><strong>voluptate</strong></span> <span class='ocrx_word' id='word_1_803' title='bbox 3255 4084 3459 4159; x_wconf 46' lang='lat' dir='ltr'><strong>mortis;</strong></span> <span class='ocrx_word' id='word_1_804' title='bbox 3487 4085 3541 4139; x_wconf 93' lang='lat' dir='ltr'><strong>lu</strong></span> <span class='ocrx_word' id='word_1_805' title='bbox 3575 4084 3818 4152; x_wconf 69' lang='lat' dir='ltr'><strong>vulgatis,</strong></span> 
     </span>
    </p>
   </div>
   <div class='ocr_carea' id='block_1_104' title="bbox 2232 4154 3825 4227">
    <p class='ocr_par' dir='ltr' id='par_1_104' title="bbox 2232 4154 3825 4227">
     <span class='ocr_line' id='line_1_105' title="bbox 2232 4154 3825 4227; baseline -0.003 -11"><span class='ocrx_word' id='word_1_806' title='bbox 2232 4154 2493 4216; x_wconf 74' lang='lat' dir='ltr'><strong>morientis</strong></span> <span class='ocrx_word' id='word_1_807' title='bbox 2546 4173 2726 4211; x_wconf 85' lang='lat' dir='ltr'><strong>mors:</strong></span> <span class='ocrx_word' id='word_1_808' title='bbox 2756 4164 3029 4224; x_wconf 79' lang='lat' dir='ltr'><strong>carrnpte.</strong></span> <span class='ocrx_word' id='word_1_809' title='bbox 3060 4155 3196 4209; x_wconf 85' lang='lat' dir='ltr'><strong>Tum</strong></span> <span class='ocrx_word' id='word_1_810' title='bbox 3237 4158 3378 4227; x_wconf 81' lang='lat' dir='ltr'><strong>apud</strong></span> <span class='ocrx_word' id='word_1_811' title='bbox 3423 4154 3515 4209; x_wconf 80' lang='lat' dir='ltr'><strong>Er.</strong></span> <span class='ocrx_word' id='word_1_812' title='bbox 3545 4164 3601 4209; x_wconf 86' lang='lat' dir='ltr'><strong>ci.</strong></span> <span class='ocrx_word' id='word_1_813' title='bbox 3645 4164 3825 4225; x_wconf 83' lang='lat' dir='ltr'><strong>poste-</strong></span> 
     </span>
    </p>
   </div>
   <div class='ocr_carea' id='block_1_105' title="bbox 2236 4227 3821 4294">
    <p class='ocr_par' dir='ltr' id='par_1_105' title="bbox 2236 4227 3821 4294">
     <span class='ocr_line' id='line_1_106' title="bbox 2236 4227 3821 4294; baseline -0.003 -10"><span class='ocrx_word' id='word_1_814' title='bbox 2236 4235 2408 4285; x_wconf 73' lang='lat' dir='ltr'><strong>rior-os</strong></span> <span class='ocrx_word' id='word_1_815' title='bbox 2435 4230 2720 4291; x_wconf 65' lang='lat' dir='ltr'><strong>editiones,</strong></span> <span class='ocrx_word' id='word_1_816' title='bbox 2763 4240 2811 4281; x_wconf 81' lang='lat' dir='ltr'><strong>et</strong></span> <span class='ocrx_word' id='word_1_817' title='bbox 2838 4230 2890 4279; x_wconf 86' lang='lat' dir='ltr'><strong>in</strong></span> <span class='ocrx_word' id='word_1_818' title='bbox 2941 4237 3184 4294; x_wconf 79' lang='lat' dir='ltr'><strong>potestate</strong></span> <span class='ocrx_word' id='word_1_819' title='bbox 3209 4243 3309 4280; x_wconf 87' lang='lat' dir='ltr'><strong>non</strong></span> <span class='ocrx_word' id='word_1_820' title='bbox 3336 4227 3426 4280; x_wconf 83' lang='lat' dir='ltr'><strong>diu</strong></span> <span class='ocrx_word' id='word_1_821' title='bbox 3451 4227 3505 4279; x_wconf 74' lang='lat' dir='ltr'><strong>in</strong></span> <span class='ocrx_word' id='word_1_822' title='bbox 3529 4236 3690 4280; x_wconf 81' lang='lat' dir='ltr'><strong>ntorte</strong></span> <span class='ocrx_word' id='word_1_823' title='bbox 3713 4244 3821 4281; x_wconf 83' lang='lat' dir='ltr'><strong>tita-</strong></span> 
     </span>
    </p>
   </div>
   <div class='ocr_carea' id='block_1_106' title="bbox 2236 4296 3816 4365">
    <p class='ocr_par' dir='ltr' id='par_1_106' title="bbox 2236 4296 3816 4365">
     <span class='ocr_line' id='line_1_107' title="bbox 2236 4296 3816 4365; baseline -0.004 -8"><span class='ocrx_word' id='word_1_824' title='bbox 2236 4304 2390 4358; x_wconf 79' lang='lat' dir='ltr'><strong>nrndi</strong></span> <span class='ocrx_word' id='word_1_825' title='bbox 2441 4314 2610 4352; x_wconf 79' lang='lat' dir='ltr'><strong>mum.</strong></span> <span class='ocrx_word' id='word_1_826' title='bbox 2639 4299 2695 4353; x_wconf 90' lang='lat' dir='ltr'><strong>In</strong></span> <span class='ocrx_word' id='word_1_827' title='bbox 2722 4301 2932 4353; x_wconf 83' lang='lat' dir='ltr'><strong>duoints</strong></span> <span class='ocrx_word' id='word_1_828' title='bbox 2961 4315 3091 4353; x_wconf 85' lang='lat' dir='ltr'><strong>mss.</strong></span> <span class='ocrx_word' id='word_1_829' title='bbox 3130 4297 3283 4352; x_wconf 76' lang='lat' dir='ltr'><strong>Coll).</strong></span> <span class='ocrx_word' id='word_1_830' title='bbox 3316 4308 3370 4351; x_wconf 84' lang='lat' dir='ltr'><strong>et</strong></span> <span class='ocrx_word' id='word_1_831' title='bbox 3415 4313 3521 4353; x_wconf 88' lang='lat' dir='ltr'><strong>uno</strong></span> <span class='ocrx_word' id='word_1_832' title='bbox 3562 4296 3816 4365; x_wconf 88' lang='lat' dir='ltr'><strong>Sorbou.,</strong></span> 
     </span>
    </p>
   </div>
   <div class='ocr_carea' id='block_1_107' title="bbox 2236 4368 3821 4443">
    <p class='ocr_par' dir='ltr' id='par_1_107' title="bbox 2236 4368 3821 4443">
     <span class='ocr_line' id='line_1_108' title="bbox 2236 4368 3821 4443; baseline -0.003 -15"><span class='ocrx_word' id='word_1_833' title='bbox 2236 4384 2283 4429; x_wconf 79' lang='lat' dir='ltr'><strong>et</strong></span> <span class='ocrx_word' id='word_1_834' title='bbox 2309 4372 2528 4443; x_wconf 79' lang='lat' dir='ltr'><strong>potentis</strong></span> <span class='ocrx_word' id='word_1_835' title='bbox 2559 4387 2658 4423; x_wconf 87' lang='lat' dir='ltr'><strong>non</strong></span> <span class='ocrx_word' id='word_1_836' title='bbox 2704 4371 2793 4423; x_wconf 81' lang='lat' dir='ltr'><strong>diu</strong></span> <span class='ocrx_word' id='word_1_837' title='bbox 2839 4371 3117 4443; x_wconf 70' lang='lat' dir='ltr'><strong>mor_i,r-ic.</strong></span> <span class='ocrx_word' id='word_1_838' title='bbox 3169 4368 3224 4443; x_wconf 78' lang='lat' dir='ltr'><strong>In</strong></span> <span class='ocrx_word' id='word_1_839' title='bbox 3260 4368 3562 4443; x_wconf 80' lang='lat' dir='ltr'><strong>antiquiore</strong></span> <span class='ocrx_word' id='word_1_840' title='bbox 3611 4368 3762 4443; x_wconf 69' lang='lat' dir='ltr'><strong>coll).</strong></span> <span class='ocrx_word' id='word_1_841' title='bbox 3802 4387 3821 4425; x_wconf 91' lang='lat'><strong><em>:</em></strong></span> 
     </span>
    </p>
   </div>
   <div class='ocr_carea' id='block_1_108' title="bbox 2240 4440 3823 4510">
    <p class='ocr_par' dir='ltr' id='par_1_108' title="bbox 2240 4440 3823 4510">
     <span class='ocr_line' id='line_1_109' title="bbox 2240 4440 3823 4510; baseline -0.004 -10"><span class='ocrx_word' id='word_1_842' title='bbox 2240 4440 2361 4500; x_wconf 79' lang='lat' dir='ltr'><strong>Non</strong></span> <span class='ocrx_word' id='word_1_843' title='bbox 2380 4448 2530 4497; x_wconf 78' lang='lat' dir='ltr'><strong>estin</strong></span> <span class='ocrx_word' id='word_1_844' title='bbox 2558 4450 2805 4510; x_wconf 81' lang='lat' dir='ltr'><strong>potestate</strong></span> <span class='ocrx_word' id='word_1_845' title='bbox 2821 4441 3070 4494; x_wconf 83' lang='lat' dir='ltr'><strong>inoriendi</strong></span> <span class='ocrx_word' id='word_1_846' title='bbox 3094 4440 3355 4495; x_wconf 77' lang='lat' dir='ltr'><strong>morientis</strong></span> <span class='ocrx_word' id='word_1_847' title='bbox 3395 4450 3445 4494; x_wconf 88' lang='lat' dir='ltr'><strong>et</strong></span> <span class='ocrx_word' id='word_1_848' title='bbox 3476 4441 3693 4509; x_wconf 79' lang='lat' dir='ltr'><strong>potentis</strong></span> <span class='ocrx_word' id='word_1_849' title='bbox 3722 4458 3823 4495; x_wconf 81' lang='lat' dir='ltr'><strong>non</strong></span> 
     </span>
    </p>
   </div>
   <div class='ocr_carea' id='block_1_109' title="bbox 2235 4512 3821 4581">
    <p class='ocr_par' dir='ltr' id='par_1_109' title="bbox 2235 4512 3821 4581">
     <span class='ocr_line' id='line_1_110' title="bbox 2235 4512 3821 4581; baseline -0.003 -11"><span class='ocrx_word' id='word_1_850' title='bbox 2235 4517 2325 4570; x_wconf 84' lang='lat' dir='ltr'><strong>diu</strong></span> <span class='ocrx_word' id='word_1_851' title='bbox 2348 4532 2457 4569; x_wconf 74' lang='lat' dir='ltr'><strong>esse</strong></span> <span class='ocrx_word' id='word_1_852' title='bbox 2479 4528 2753 4574; x_wconf 83' lang='lat' dir='ltr'><strong>mortuum,</strong></span> <span class='ocrx_word' id='word_1_853' title='bbox 2778 4522 2824 4565; x_wconf 80' lang='lat' dir='ltr'><strong>et</strong></span> <span class='ocrx_word' id='word_1_854' title='bbox 2851 4522 3101 4579; x_wconf 80' lang='lat' dir='ltr'><strong>potentem</strong></span> <span class='ocrx_word' id='word_1_855' title='bbox 3121 4528 3220 4564; x_wconf 87' lang='lat' dir='ltr'><strong>non</strong></span> <span class='ocrx_word' id='word_1_856' title='bbox 3249 4513 3337 4565; x_wconf 80' lang='lat' dir='ltr'><strong>diu</strong></span> <span class='ocrx_word' id='word_1_857' title='bbox 3363 4512 3495 4581; x_wconf 72' lang='lat' dir='ltr'><strong>mori</strong></span> <span class='ocrx_word' id='word_1_858' title='bbox 3520 4513 3670 4565; x_wconf 74' lang='lat' dir='ltr'><strong>timor</strong></span> <span class='ocrx_word' id='word_1_859' title='bbox 3687 4528 3821 4565; x_wconf 71' lang='grc' dir='ltr'>ιιιοτσ</span> 
     </span>
    </p>
   </div>
   <div class='ocr_carea' id='block_1_110' title="bbox 2235 4582 3822 4654">
    <p class='ocr_par' dir='ltr' id='par_1_110' title="bbox 2235 4582 3822 4654">
     <span class='ocr_line' id='line_1_111' title="bbox 2235 4582 3822 4654; baseline -0.004 -10"><span class='ocrx_word' id='word_1_860' title='bbox 2235 4591 2320 4644; x_wconf 83' lang='lat' dir='ltr'><strong>tis.</strong></span> <span class='ocrx_word' id='word_1_861' title='bbox 2351 4589 2591 4641; x_wconf 70' lang='lat' dir='ltr'><strong>Caeteros</strong></span> <span class='ocrx_word' id='word_1_862' title='bbox 2617 4584 2891 4649; x_wconf 80' lang='lat' dir='ltr'><strong>sequimur</strong></span> <span class='ocrx_word' id='word_1_863' title='bbox 2920 4598 3051 4638; x_wconf 83' lang='lat' dir='ltr'><strong>mss.</strong></span> <span class='ocrx_word' id='word_1_864' title='bbox 3076 4598 3304 4654; x_wconf 88' lang='lat' dir='ltr'><strong>quorum</strong></span> <span class='ocrx_word' id='word_1_865' title='bbox 3335 4582 3493 4637; x_wconf 84' lang='lat' dir='ltr'><strong>lectio</strong></span> <span class='ocrx_word' id='word_1_866' title='bbox 3514 4583 3713 4637; x_wconf 88' lang='lat' dir='ltr'><strong>clarius</strong></span> <span class='ocrx_word' id='word_1_867' title='bbox 3750 4584 3822 4638; x_wconf 84' lang='lat' dir='ltr'><strong>ita</strong></span> 
     </span>
    </p>
   </div>
   <div class='ocr_carea' id='block_1_111' title="bbox 2236 4655 3824 4732">
    <p class='ocr_par' dir='ltr' id='par_1_111' title="bbox 2236 4655 3824 4732">
     <span class='ocr_line' id='line_1_112' title="bbox 2236 4655 3824 4732; baseline -0.001 -21"><span class='ocrx_word' id='word_1_868' title='bbox 2236 4668 2413 4732; x_wconf 82' lang='lat' dir='ltr'><strong>potest</strong></span> <span class='ocrx_word' id='word_1_869' title='bbox 2440 4656 2637 4732; x_wconf 75' lang='lat' dir='ltr'><strong>reddi:</strong></span> <span class='ocrx_word' id='word_1_870' title='bbox 2666 4655 2783 4709; x_wconf 80' lang='lat' dir='ltr'><strong>Non</strong></span> <span class='ocrx_word' id='word_1_871' title='bbox 2807 4663 2889 4709; x_wconf 72' lang='lat' dir='ltr'><strong>est</strong></span> <span class='ocrx_word' id='word_1_872' title='bbox 2916 4655 3080 4732; x_wconf 74' lang='lat' dir='ltr'><strong>timm</strong></span> <span class='ocrx_word' id='word_1_873' title='bbox 3104 4655 3292 4710; x_wconf 74' lang='lat' dir='ltr'><strong>mortis</strong></span> <span class='ocrx_word' id='word_1_874' title='bbox 3315 4657 3370 4710; x_wconf 90' lang='lat' dir='ltr'><strong>in</strong></span> <span class='ocrx_word' id='word_1_875' title='bbox 3398 4669 3487 4722; x_wconf 92' lang='lat' dir='ltr'><strong>eo,</strong></span> <span class='ocrx_word' id='word_1_876' title='bbox 3510 4656 3601 4732; x_wconf 83' lang='lat' dir='ltr'><strong>qui</strong></span> <span class='ocrx_word' id='word_1_877' title='bbox 3632 4666 3824 4732; x_wconf 75' lang='lat' dir='ltr'><strong>sponte</strong></span> 
     </span>
    </p>
   </div>
   <div class='ocr_carea' id='block_1_112' title="bbox 2237 4724 3822 4802">
    <p class='ocr_par' dir='ltr' id='par_1_112' title="bbox 2237 4724 3822 4802">
     <span class='ocr_line' id='line_1_113' title="bbox 2237 4724 3822 4802; baseline -0.003 -17"><span class='ocrx_word' id='word_1_878' title='bbox 2237 4724 2400 4802; x_wconf 71' lang='lat' dir='ltr'><strong>atque</strong></span> <span class='ocrx_word' id='word_1_879' title='bbox 2430 4745 2497 4784; x_wconf 84' lang='lat' dir='ltr'><strong>ex</strong></span> <span class='ocrx_word' id='word_1_880' title='bbox 2526 4728 2802 4802; x_wconf 80' lang='lat' dir='ltr'><strong>voluntate</strong></span> <span class='ocrx_word' id='word_1_881' title='bbox 2832 4724 3058 4802; x_wconf 71' lang='lat' dir='ltr'><strong>ittoritur</strong></span> <span class='ocrx_word' id='word_1_882' title='bbox 3106 4736 3161 4781; x_wconf 83' lang='lat' dir='ltr'><strong>et</strong></span> <span class='ocrx_word' id='word_1_883' title='bbox 3190 4733 3369 4797; x_wconf 86' lang='lat' dir='ltr'><strong>p0tcsi</strong></span> <span class='ocrx_word' id='word_1_884' title='bbox 3395 4741 3502 4781; x_wconf 88' lang='lat' dir='ltr'><strong>tton</strong></span> <span class='ocrx_word' id='word_1_885' title='bbox 3542 4726 3634 4781; x_wconf 87' lang='lat' dir='ltr'><strong>diu</strong></span> <span class='ocrx_word' id='word_1_886' title='bbox 3660 4726 3822 4795; x_wconf 85' lang='lat' dir='ltr'><strong>mori,</strong></span> 
     </span>
    </p>
   </div>
   <div class='ocr_carea' id='block_1_113' title="bbox 2238 4797 2974 4859">
    <p class='ocr_par' dir='ltr' id='par_1_113' title="bbox 2238 4797 2974 4859">
     <span class='ocr_line' id='line_1_114' title="bbox 2238 4797 2974 4859; baseline -0.012 -1"><span class='ocrx_word' id='word_1_887' title='bbox 2238 4797 2333 4859; x_wconf 81' lang='lat' dir='ltr'><strong>seti</strong></span> <span class='ocrx_word' id='word_1_888' title='bbox 2353 4803 2463 4855; x_wconf 90' lang='lat' dir='ltr'><strong>cito</strong></span> <span class='ocrx_word' id='word_1_889' title='bbox 2496 4800 2560 4852; x_wconf 88' lang='lat' dir='ltr'><strong>ad</strong></span> <span class='ocrx_word' id='word_1_890' title='bbox 2586 4799 2746 4852; x_wconf 83' lang='lat' dir='ltr'><strong>vitam</strong></span> <span class='ocrx_word' id='word_1_891' title='bbox 2776 4797 2974 4851; x_wconf 82' lang='lat' dir='ltr'><strong>redire.</strong></span> 
     </span>
    </p>
   </div>
   <div class='ocr_carea' id='block_1_114' title="bbox 2311 4868 3359 4941">
    <p class='ocr_par' dir='ltr' id='par_1_114' title="bbox 2311 4868 3359 4941">
     <span class='ocr_line' id='line_1_115' title="bbox 2311 4868 3359 4941; baseline -0.007 -12"><span class='ocrx_word' id='word_1_892' title='bbox 2311 4871 2381 4941; x_wconf 76' lang='lat' dir='ltr'><strong>li)</strong></span> <span class='ocrx_word' id='word_1_893' title='bbox 2414 4870 2755 4941; x_wconf 80' lang='lat' dir='ltr'><strong>Pratellensis</strong></span> <span class='ocrx_word' id='word_1_894' title='bbox 2778 4868 2947 4941; x_wconf 69' lang='lat' dir='ltr'><strong>ciuica</strong></span> <span class='ocrx_word' id='word_1_895' title='bbox 2979 4870 3111 4923; x_wconf 83' lang='lat' dir='ltr'><strong>dura</strong></span> <span class='ocrx_word' id='word_1_896' title='bbox 3129 4870 3359 4924; x_wconf 73' lang='lat' dir='ltr'><strong>uulnera.</strong></span> 
     </span>
    </p>
   </div>
   <div class='ocr_carea' id='block_1_115' title="bbox 2307 4939 3818 5070">
    <p class='ocr_par' dir='ltr' id='par_1_115' title="bbox 2307 4939 3818 5070">
     <span class='ocr_line' id='line_1_116' title="bbox 2307 4939 3818 5070; baseline -0.001 -73"><span class='ocrx_word' id='word_1_897' title='bbox 2307 4939 2385 5070; x_wconf 44' lang='grc' dir='ltr'>ῳ</span> <span class='ocrx_word' id='word_1_898' title='bbox 2415 4943 2469 4997; x_wconf 90' lang='lat' dir='ltr'><strong>lu</strong></span> <span class='ocrx_word' id='word_1_899' title='bbox 2500 4959 2631 4996; x_wconf 81' lang='lat' dir='ltr'><strong>mss.</strong></span> <span class='ocrx_word' id='word_1_900' title='bbox 2672 4940 2838 4995; x_wconf 76' lang='lat' dir='ltr'><strong>Curii.</strong></span> <span class='ocrx_word' id='word_1_901' title='bbox 2888 4946 2946 4993; x_wconf 89' lang='lat' dir='ltr'><strong>et</strong></span> <span class='ocrx_word' id='word_1_902' title='bbox 2985 4941 3302 5011; x_wconf 88' lang='lat' dir='ltr'><strong>quibusdam</strong></span> <span class='ocrx_word' id='word_1_903' title='bbox 3344 4940 3485 5001; x_wconf 88' lang='lat' dir='ltr'><strong>aliis,</strong></span> <span class='ocrx_word' id='word_1_904' title='bbox 3533 4939 3777 4996; x_wconf 76' lang='lat' dir='ltr'><strong>nudatam</strong></span> <span class='ocrx_word' id='word_1_905' title='bbox 3802 4986 3818 5008; x_wconf 90' lang='lat'><strong>,</strong></span> 
     </span>
     <span class='ocr_line' id='line_1_117' title="bbox 2307 5012 3818 5070; baseline 0.001 -3"><span class='ocrx_word' id='word_1_906' title='bbox 2307 5034 2323 5067; x_wconf 78' lang='grc' dir='ltr'><strong>ι</strong></span> <span class='ocrx_word' id='word_1_907' title='bbox 2367 5056 2400 5068; x_wconf 89' lang='lat'><strong>..</strong></span> <span class='ocrx_word' id='word_1_908' title='bbox 2449 5014 2561 5070; x_wconf 84' lang='lat' dir='ltr'><strong>llac</strong></span> <span class='ocrx_word' id='word_1_909' title='bbox 2615 5023 2671 5068; x_wconf 91' lang='lat' dir='ltr'><strong>et</strong></span> <span class='ocrx_word' id='word_1_910' title='bbox 2736 5012 3001 5070; x_wconf 78' lang='lat' dir='ltr'><strong>superiori</strong></span> <span class='ocrx_word' id='word_1_911' title='bbox 3048 5014 3311 5068; x_wconf 83' lang='lat' dir='ltr'><strong>sententia</strong></span> <span class='ocrx_word' id='word_1_912' title='bbox 3364 5013 3587 5068; x_wconf 82' lang='lat' dir='ltr'><strong>docetur</strong></span> <span class='ocrx_word' id='word_1_913' title='bbox 3626 5028 3818 5070; x_wconf 73' lang='lat' dir='ltr'><strong>cornus</strong></span> 
     </span>
    </p>
   </div>
   <div class='ocr_carea' id='block_1_116' title="bbox 2238 5012 3826 5082">
    <p class='ocr_par' dir='ltr' id='par_1_116' title="bbox 2238 5012 3826 5082">
     <span class='ocr_line' id='line_1_118' title="bbox 2238 5012 3826 5082; baseline -0.003 -10"><span class='ocrx_word' id='word_1_914' title='bbox 2238 5012 2400 5072; x_wconf 63' lang='lat' dir='ltr'><strong>male.</strong></span> <span class='ocrx_word' id='word_1_915' title='bbox 2449 5014 2561 5070; x_wconf 83' lang='lat' dir='ltr'><strong>llac</strong></span> <span class='ocrx_word' id='word_1_916' title='bbox 2615 5023 2671 5068; x_wconf 89' lang='lat' dir='ltr'><strong>et</strong></span> <span class='ocrx_word' id='word_1_917' title='bbox 2736 5012 3001 5081; x_wconf 85' lang='lat' dir='ltr'><strong>superiori</strong></span> <span class='ocrx_word' id='word_1_918' title='bbox 3048 5014 3311 5068; x_wconf 83' lang='lat' dir='ltr'><strong>sententia</strong></span> <span class='ocrx_word' id='word_1_919' title='bbox 3364 5013 3587 5068; x_wconf 82' lang='lat' dir='ltr'><strong>docetur</strong></span> <span class='ocrx_word' id='word_1_920' title='bbox 3626 5028 3826 5082; x_wconf 83' lang='lat' dir='ltr'><strong>corpus</strong></span> 
     </span>
    </p>
   </div>
   <div class='ocr_carea' id='block_1_117' title="bbox 2238 5082 3823 5145">
    <p class='ocr_par' dir='ltr' id='par_1_117' title="bbox 2238 5082 3823 5145">
     <span class='ocr_line' id='line_1_119' title="bbox 2238 5082 3823 5145; baseline -0.002 -3"><span class='ocrx_word' id='word_1_921' title='bbox 2238 5084 2437 5142; x_wconf 87' lang='lat' dir='ltr'><strong>Chriin</strong></span> <span class='ocrx_word' id='word_1_922' title='bbox 2481 5100 2587 5140; x_wconf 89' lang='lat' dir='ltr'><strong>non</strong></span> <span class='ocrx_word' id='word_1_923' title='bbox 2632 5084 2758 5139; x_wconf 81' lang='lat' dir='ltr'><strong>solis</strong></span> <span class='ocrx_word' id='word_1_924' title='bbox 2812 5084 3001 5145; x_wconf 77' lang='lat' dir='ltr'><strong>clavis,</strong></span> <span class='ocrx_word' id='word_1_925' title='bbox 3056 5086 3151 5140; x_wconf 86' lang='lat' dir='ltr'><strong>sed</strong></span> <span class='ocrx_word' id='word_1_926' title='bbox 3178 5084 3427 5139; x_wconf 77' lang='lat' dir='ltr'><strong>violentis</strong></span> <span class='ocrx_word' id='word_1_927' title='bbox 3469 5082 3675 5139; x_wconf 72' lang='lat' dir='ltr'><strong>lintrium</strong></span> <span class='ocrx_word' id='word_1_928' title='bbox 3704 5088 3823 5139; x_wconf 83' lang='lat' dir='ltr'><strong>vin-</strong></span> 
     </span>
    </p>
   </div>
   <div class='ocr_carea' id='block_1_118' title="bbox 2238 5154 3822 5226">
    <p class='ocr_par' dir='ltr' id='par_1_118' title="bbox 2238 5154 3822 5226">
     <span class='ocr_line' id='line_1_120' title="bbox 2238 5154 3822 5226; baseline 0 -14"><span class='ocrx_word' id='word_1_929' title='bbox 2238 5158 2378 5213; x_wconf 88' lang='lat' dir='ltr'><strong>culis</strong></span> <span class='ocrx_word' id='word_1_930' title='bbox 2428 5158 2572 5211; x_wconf 90' lang='lat' dir='ltr'><strong>cruci</strong></span> <span class='ocrx_word' id='word_1_931' title='bbox 2645 5154 2810 5210; x_wconf 79' lang='lat' dir='ltr'><strong>fuisse</strong></span> <span class='ocrx_word' id='word_1_932' title='bbox 2851 5154 3179 5226; x_wconf 74' lang='lat' dir='ltr'><strong>colligatum.</strong></span> <span class='ocrx_word' id='word_1_933' title='bbox 3227 5155 3365 5209; x_wconf 81' lang='lat' dir='ltr'><strong>Tum</strong></span> <span class='ocrx_word' id='word_1_934' title='bbox 3411 5155 3474 5209; x_wconf 88' lang='lat' dir='ltr'><strong>ad</strong></span> <span class='ocrx_word' id='word_1_935' title='bbox 3526 5158 3822 5224; x_wconf 74' lang='lat' dir='ltr'><strong>marginem</strong></span> 
     </span>
    </p>
   </div>
   <div class='ocr_carea' id='block_1_119' title="bbox 2236 5227 3821 5296">
    <p class='ocr_par' dir='ltr' id='par_1_119' title="bbox 2236 5227 3821 5296">
     <span class='ocr_line' id='line_1_121' title="bbox 2236 5227 3821 5296; baseline -0.004 -9"><span class='ocrx_word' id='word_1_936' title='bbox 2236 5230 2469 5294; x_wconf 83' lang='lat' dir='ltr'><strong>Erasmi,</strong></span> <span class='ocrx_word' id='word_1_937' title='bbox 2500 5229 2649 5283; x_wconf 79' lang='lat' dir='ltr'><strong>datur</strong></span> <span class='ocrx_word' id='word_1_938' title='bbox 2689 5228 2961 5281; x_wconf 79' lang='lat' dir='ltr'><strong>inuaserit:</strong></span> <span class='ocrx_word' id='word_1_939' title='bbox 2985 5228 3127 5296; x_wconf 89' lang='lat' dir='ltr'><strong>quod</strong></span> <span class='ocrx_word' id='word_1_940' title='bbox 3173 5244 3203 5280; x_wconf 90' lang='lat' dir='ltr'><strong>a</strong></span> <span class='ocrx_word' id='word_1_941' title='bbox 3257 5227 3436 5295; x_wconf 78' lang='lat' dir='ltr'><strong>Lipsio</strong></span> <span class='ocrx_word' id='word_1_942' title='bbox 3475 5227 3677 5296; x_wconf 60' lang='lat' dir='ltr'><strong>abs-que</strong></span> <span class='ocrx_word' id='word_1_943' title='bbox 3719 5229 3821 5281; x_wconf 81' lang='lat' dir='ltr'><strong>alia</strong></span> 
     </span>
    </p>
   </div>
   <div class='ocr_carea' id='block_1_120' title="bbox 2235 5298 3826 5368">
    <p class='ocr_par' dir='ltr' id='par_1_120' title="bbox 2235 5298 3826 5368">
     <span class='ocr_line' id='line_1_122' title="bbox 2235 5298 3826 5368; baseline -0.003 -12"><span class='ocrx_word' id='word_1_944' title='bbox 2235 5303 2553 5357; x_wconf 82' lang='lat' dir='ltr'><strong>aucmritate</strong></span> <span class='ocrx_word' id='word_1_945' title='bbox 2589 5312 2887 5367; x_wconf 85' lang='lat' dir='ltr'><strong>arreptum,</strong></span> <span class='ocrx_word' id='word_1_946' title='bbox 2920 5298 3114 5353; x_wconf 82' lang='lat' dir='ltr'><strong>deinde</strong></span> <span class='ocrx_word' id='word_1_947' title='bbox 3162 5300 3490 5353; x_wconf 86' lang='lat' dir='ltr'><strong>obtinuerat.</strong></span> <span class='ocrx_word' id='word_1_948' title='bbox 3520 5298 3638 5352; x_wconf 70' lang='lat' dir='ltr'><strong>iam</strong></span> <span class='ocrx_word' id='word_1_949' title='bbox 3694 5298 3826 5368; x_wconf 69' lang='lat' dir='ltr'><strong>legi-</strong></span> 
     </span>
    </p>
   </div>
   <div class='ocr_carea' id='block_1_121' title="bbox 2237 5370 3824 5442">
    <p class='ocr_par' dir='ltr' id='par_1_121' title="bbox 2237 5370 3824 5442">
     <span class='ocr_line' id='line_1_123' title="bbox 2237 5370 3824 5442; baseline -0.004 -13"><span class='ocrx_word' id='word_1_950' title='bbox 2237 5390 2359 5429; x_wconf 85' lang='lat' dir='ltr'><strong>mus</strong></span> <span class='ocrx_word' id='word_1_951' title='bbox 2384 5375 2437 5427; x_wconf 89' lang='lat' dir='ltr'><strong>in</strong></span> <span class='ocrx_word' id='word_1_952' title='bbox 2465 5388 2544 5441; x_wconf 82' lang='lat' dir='ltr'><strong>ps.</strong></span> <span class='ocrx_word' id='word_1_953' title='bbox 2571 5387 2718 5439; x_wconf 82' lang='lat' dir='ltr'><strong>Lvm,</strong></span> <span class='ocrx_word' id='word_1_954' title='bbox 2752 5388 2805 5424; x_wconf 81' lang='grc' dir='ltr'>ιι.</span> <span class='ocrx_word' id='word_1_955' title='bbox 2832 5372 2908 5442; x_wconf 18' lang='grc' dir='ltr'><strong>’ἱνε</strong></span> <span class='ocrx_word' id='word_1_956' title='bbox 2944 5370 3074 5438; x_wconf 83' lang='lat' dir='ltr'><strong>Qua:</strong></span> <span class='ocrx_word' id='word_1_957' title='bbox 3119 5372 3170 5423; x_wconf 86' lang='lat' dir='ltr'><strong>in</strong></span> <span class='ocrx_word' id='word_1_958' title='bbox 3198 5370 3511 5439; x_wconf 79' lang='lat' dir='ltr'><strong>impietatem</strong></span> <span class='ocrx_word' id='word_1_959' title='bbox 3542 5370 3725 5442; x_wconf 77' lang='lat' dir='ltr'><strong>populi</strong></span> <span class='ocrx_word' id='word_1_960' title='bbox 3744 5388 3824 5425; x_wconf 75' lang='lat' dir='ltr'><strong>es-</strong></span> 
     </span>
    </p>
   </div>
   <div class='ocr_carea' id='block_1_122' title="bbox 2234 5441 3823 5512">
    <p class='ocr_par' dir='ltr' id='par_1_122' title="bbox 2234 5441 3823 5512">
     <span class='ocr_line' id='line_1_124' title="bbox 2234 5441 3823 5512; baseline -0.005 -10"><span class='ocrx_word' id='word_1_961' title='bbox 2234 5455 2345 5502; x_wconf 80' lang='lat' dir='ltr'><strong>sent</strong></span> <span class='ocrx_word' id='word_1_962' title='bbox 2388 5460 2649 5500; x_wconf 70' lang='lat' dir='ltr'><strong>mansura.</strong></span> <span class='ocrx_word' id='word_1_963' title='bbox 2713 5441 2977 5510; x_wconf 79' lang='lat' dir='ltr'><strong>Quocirca</strong></span> <span class='ocrx_word' id='word_1_964' title='bbox 3037 5458 3143 5496; x_wconf 86' lang='lat' dir='ltr'><strong>non</strong></span> <span class='ocrx_word' id='word_1_965' title='bbox 3209 5443 3386 5512; x_wconf 78' lang='lat' dir='ltr'><strong>piaret</strong></span> <span class='ocrx_word' id='word_1_966' title='bbox 3423 5443 3566 5510; x_wconf 86' lang='lat' dir='ltr'><strong>quod</strong></span> <span class='ocrx_word' id='word_1_967' title='bbox 3611 5443 3666 5496; x_wconf 89' lang='lat' dir='ltr'><strong>in</strong></span> <span class='ocrx_word' id='word_1_968' title='bbox 3715 5458 3823 5497; x_wconf 88' lang='lat' dir='ltr'><strong>uno</strong></span> 
     </span>
    </p>
   </div>
   <div class='ocr_carea' id='block_1_123' title="bbox 2236 5514 3823 5584">
    <p class='ocr_par' dir='ltr' id='par_1_123' title="bbox 2236 5514 3823 5584">
     <span class='ocr_line' id='line_1_125' title="bbox 2236 5514 3823 5584; baseline -0.003 -12"><span class='ocrx_word' id='word_1_969' title='bbox 2236 5533 2269 5572; x_wconf 87' lang='lat' dir='ltr'><strong>e</strong></span> <span class='ocrx_word' id='word_1_970' title='bbox 2320 5532 2449 5572; x_wconf 86' lang='lat' dir='ltr'><strong>mss.</strong></span> <span class='ocrx_word' id='word_1_971' title='bbox 2484 5516 2654 5571; x_wconf 79' lang='lat' dir='ltr'><strong>Vatic.</strong></span> <span class='ocrx_word' id='word_1_972' title='bbox 2714 5525 2770 5569; x_wconf 87' lang='lat' dir='ltr'><strong>ut</strong></span> <span class='ocrx_word' id='word_1_973' title='bbox 2820 5529 3068 5583; x_wconf 80' lang='lat' dir='ltr'><strong>suspensa</strong></span> <span class='ocrx_word' id='word_1_974' title='bbox 3111 5524 3157 5568; x_wconf 88' lang='lat' dir='ltr'><strong>et</strong></span> <span class='ocrx_word' id='word_1_975' title='bbox 3210 5515 3398 5569; x_wconf 83' lang='lat' dir='ltr'><strong>nodato</strong></span> <span class='ocrx_word' id='word_1_976' title='bbox 3441 5522 3488 5567; x_wconf 92' lang='lat' dir='ltr'><strong>et</strong></span> <span class='ocrx_word' id='word_1_977' title='bbox 3539 5514 3823 5584; x_wconf 76' lang='lat' dir='ltr'><strong>transfosso</strong></span> 
     </span>
    </p>
   </div>
   <div class='ocr_carea' id='block_1_124' title="bbox 2235 5599 3293 5650">
    <p class='ocr_par' dir='ltr' id='par_1_124' title="bbox 2235 5599 3293 5650">
     <span class='ocr_line' id='line_1_126' title="bbox 2235 5599 3293 5650; baseline -0.01 -5"><span class='ocrx_word' id='word_1_978' title='bbox 2235 5604 2411 5650; x_wconf 81' lang='lat' dir='ltr'><strong>carne,</strong></span> <span class='ocrx_word' id='word_1_979' title='bbox 2441 5599 2547 5643; x_wconf 90' lang='lat' dir='ltr'><strong>etc.</strong></span> <span class='ocrx_word' id='word_1_980' title='bbox 3282 5603 3293 5615; x_wconf 87' lang='lat'><strong>&#39;</strong></span> 
     </span>
    </p>
   </div>
   <div class='ocr_carea' id='block_1_125' title="bbox 2310 5656 3826 5731">
    <p class='ocr_par' dir='ltr' id='par_1_125' title="bbox 2310 5656 3826 5731">
     <span class='ocr_line' id='line_1_127' title="bbox 2310 5656 3826 5731; baseline 0 -19"><span class='ocrx_word' id='word_1_981' title='bbox 2310 5660 2393 5731; x_wconf 82' lang='lat' dir='ltr'><strong>(It)</strong></span> <span class='ocrx_word' id='word_1_982' title='bbox 2416 5659 2578 5715; x_wconf 84' lang='lat' dir='ltr'><strong>Solus</strong></span> <span class='ocrx_word' id='word_1_983' title='bbox 2604 5657 2771 5713; x_wconf 77' lang='lat' dir='ltr'><strong>codex</strong></span> <span class='ocrx_word' id='word_1_984' title='bbox 2803 5656 2924 5713; x_wconf 81' lang='lat' dir='ltr'><strong>Vat.</strong></span> <span class='ocrx_word' id='word_1_985' title='bbox 2953 5656 3095 5722; x_wconf 87' lang='lat' dir='ltr'><strong>bas.,</strong></span> <span class='ocrx_word' id='word_1_986' title='bbox 3138 5667 3195 5710; x_wconf 85' lang='lat' dir='ltr'><strong>ut</strong></span> <span class='ocrx_word' id='word_1_987' title='bbox 3236 5658 3700 5731; x_wconf 24' lang='lat' dir='ltr'><strong>nisiex‘consortio</strong></span> <span class='ocrx_word' id='word_1_988' title='bbox 3728 5674 3741 5711; x_wconf 93' lang='lat'><strong>:</strong></span> <span class='ocrx_word' id='word_1_989' title='bbox 3770 5665 3826 5712; x_wconf 91' lang='lat' dir='ltr'><strong>et</strong></span> 
     </span>
    </p>
   </div>
   <div class='ocr_carea' id='block_1_126' title="bbox 2241 5728 3826 5799">
    <p class='ocr_par' dir='ltr' id='par_1_126' title="bbox 2241 5728 3826 5799">
     <span class='ocr_line' id='line_1_128' title="bbox 2241 5728 3826 5799; baseline -0.005 -8"><span class='ocrx_word' id='word_1_990' title='bbox 2241 5728 2384 5791; x_wconf 59' lang='lat' dir='ltr'><strong>mox</strong></span> <span class='ocrx_word' id='word_1_991' title='bbox 2414 5748 2514 5785; x_wconf 85' lang='lat' dir='ltr'><strong>non</strong></span> <span class='ocrx_word' id='word_1_992' title='bbox 2559 5732 2778 5785; x_wconf 80' lang='lat' dir='ltr'><strong>sentiant</strong></span> <span class='ocrx_word' id='word_1_993' title='bbox 2804 5730 2974 5793; x_wconf 81' lang='lat' dir='ltr'><strong>hebes,</strong></span> <span class='ocrx_word' id='word_1_994' title='bbox 3022 5743 3119 5798; x_wconf 91' lang='lat' dir='ltr'><strong>pro</strong></span> <span class='ocrx_word' id='word_1_995' title='bbox 3158 5745 3260 5782; x_wconf 72' lang='lat' dir='ltr'><strong>non</strong></span> <span class='ocrx_word' id='word_1_996' title='bbox 3302 5729 3368 5782; x_wconf 82' lang='lat' dir='ltr'><strong>sit</strong></span> <span class='ocrx_word' id='word_1_997' title='bbox 3413 5728 3597 5782; x_wconf 73' lang='lat' dir='ltr'><strong>hebes:</strong></span> <span class='ocrx_word' id='word_1_998' title='bbox 3625 5738 3826 5799; x_wconf 79' lang='lat' dir='ltr'><strong>etpost</strong></span> 
     </span>
    </p>
   </div>
   <div class='ocr_carea' id='block_1_127' title="bbox 2242 5800 3645 5880">
    <p class='ocr_par' dir='ltr' id='par_1_127' title="bbox 2242 5800 3645 5880">
     <span class='ocr_line' id='line_1_129' title="bbox 2242 5800 3645 5880; baseline -0.006 -21"><span class='ocrx_word' id='word_1_999' title='bbox 2242 5818 2434 5880; x_wconf 69' lang='lat' dir='ltr'><strong>pauca2</strong></span> <span class='ocrx_word' id='word_1_1000' title='bbox 2464 5818 2527 5857; x_wconf 66' lang='lat' dir='ltr'><strong>ex</strong></span> <span class='ocrx_word' id='word_1_1001' title='bbox 2552 5801 2823 5880; x_wconf 64' lang='lat' dir='ltr'><strong>cujusdam</strong></span> <span class='ocrx_word' id='word_1_1002' title='bbox 2850 5800 3007 5864; x_wconf 74' lang='lat' dir='ltr'><strong>enim,</strong></span> <span class='ocrx_word' id='word_1_1003' title='bbox 3036 5816 3136 5880; x_wconf 75' lang='lat' dir='ltr'><strong>pro</strong></span> <span class='ocrx_word' id='word_1_1004' title='bbox 3161 5816 3225 5855; x_wconf 82' lang='lat' dir='ltr'><strong>ea:</strong></span> <span class='ocrx_word' id='word_1_1005' title='bbox 3248 5800 3466 5880; x_wconf 67' lang='lat' dir='ltr'><strong>quodam</strong></span> <span class='ocrx_word' id='word_1_1006' title='bbox 3490 5800 3645 5880; x_wconf 69' lang='lat' dir='ltr'><strong>enim.</strong></span> 
     </span>
    </p>
   </div>
   <div class='ocr_carea' id='block_1_128' title="bbox 2314 5869 3820 5941">
    <p class='ocr_par' dir='ltr' id='par_1_128' title="bbox 2314 5869 3820 5941">
     <span class='ocr_line' id='line_1_130' title="bbox 2314 5869 3820 5941; baseline -0.005 -12"><span class='ocrx_word' id='word_1_1007' title='bbox 2314 5873 2380 5930; x_wconf 78' lang='lat' dir='ltr'><strong>li)</strong></span> <span class='ocrx_word' id='word_1_1008' title='bbox 2412 5871 2467 5925; x_wconf 76' lang='lat' dir='ltr'><strong>lu</strong></span> <span class='ocrx_word' id='word_1_1009' title='bbox 2511 5869 2780 5927; x_wconf 59' lang='lat' dir='ltr'><strong>voti-ribus</strong></span> <span class='ocrx_word' id='word_1_1010' title='bbox 2809 5881 2937 5927; x_wconf 74' lang='lat' dir='ltr'><strong>mss.</strong></span> <span class='ocrx_word' id='word_1_1011' title='bbox 2975 5871 3110 5925; x_wconf 78' lang='lat' dir='ltr'><strong>suris</strong></span> <span class='ocrx_word' id='word_1_1012' title='bbox 3127 5888 3145 5934; x_wconf 64' lang='grc' dir='ltr'><em>ς</em></span> <span class='ocrx_word' id='word_1_1013' title='bbox 3173 5886 3295 5927; x_wconf 88' lang='lat' dir='ltr'><strong>cum</strong></span> <span class='ocrx_word' id='word_1_1014' title='bbox 3327 5871 3504 5926; x_wconf 74' lang='lat' dir='ltr'><strong>unico.</strong></span> <span class='ocrx_word' id='word_1_1015' title='bbox 3536 5870 3592 5925; x_wconf 87' lang='lat' dir='ltr'><strong>in</strong></span> <span class='ocrx_word' id='word_1_1016' title='bbox 3618 5870 3820 5941; x_wconf 86' lang='lat' dir='ltr'><strong>optimo</strong></span> 
     </span>
    </p>
   </div>
  </div>
