4316 6514
529 307 636 364 “$07

1720 301 1963 360 SANLTI
2002 300 2263 360 "NAR"
2308 299 2617 360 EPISCOPI

3712 298 3826 358 368

529 432 731 479 int-tum
763 422 993 478 Domino
1024 422 1245 477 bzrresis
1287 419 1586 486 adscribit;
1625 435 1714 477 res
1744 419 1892 491 ipsas
1932 431 1990 476 ut
2016 436 2110 492 ge-
2138 421 2191 482 Α
2217 417 2572 475 discindentis
2594 416 2673 492 (Δ)
2692 414 2854 489 gladii
2872 413 3115 488 remigia.
3135 422 3189 473 et
3224 415 3275 471 in
3305 414 3419 485 ipsa
3440 414 3825 486 trnneicorpo—

527 528 627 571 size
674 525 805 571 sunt
849 512 1216 570 conferamus.
1252 513 1433 584 Aeque
1458 513 1601 567 enim
1635 512 1749 568 lit-ri
1800 520 2014 581 potest,
2065 523 2122 569 ut

530 614 694 663 timor
722 608 841 678 ejus
882 606 1220 678 signiﬁcetur
1262 606 1313 661 in
1344 605 1554 672 verbis,
1581 604 1737 677 cujus
1769 603 1958 661 ﬁducia
1991 618 2121 663 cou-

528 702 763 754 tinealur
784 700 836 754 in
862 697 1041 754 factis.

597 794 685 848 27.
717 793 797 847 An
823 803 986 849 metus
1014 790 1278 849 Passionis
1301 794 1357 848 in
1380 788 1607 849 Christo.
1625 789 1977 848 —'I‘imnisse
2002 790 2121 860 tibi,

529 900 564 940 ο
591 885 850 941 lueretice
868 927 883 951 ,
913 885 1172 941 Dominus
1194 884 1381 959 gloriae
1406 886 1713 957 passionem
1744 883 1993 940 videtur?
2016 883 2123 941 Sed

529 985 581 1038 ei
610 984 680 1038 ob
708 982 1023 1053 ignorantia:
1057 979 1219 1050 hujus
1248 997 1490 1037 errorem
1521 991 1575 1037 et
1600 992 1816 1036 satanas
1854 979 2046 1036 Petrus
2068 989 2127 1036 et

521 1076 838 1132 scandalum
863 1085 944 1131 est
972 1075 992 1147 (
1020 1074 1208 1130 Matth.
1238 1091 1357 1137 ιιι.
1384 1075 1458 1131 25
1478 1076 1517 1147 ).
1563 1074 1633 1130 Et
1660 1072 1754 1130 ille
1779 1072 1997 1145 quidem
2030 1088 2126 1144 per

526 1170 847 1224 charitatem
885 1166 1123 1236 Christi,
1170 1184 1330 1239 quem
1373 1166 1423 1223 ei
1465 1182 1572 1223 nou
1612 1181 1742 1223 caro
1779 1180 1955 1238 neque
2001 1180 2127 1221 sau-

527 1262 650 1330 guis
667 1301 684 1327 ,
711 1258 805 1315 sed
829 1258 990 1315 Pater
1014 1258 1106 1331 qui
1135 1259 1185 1314 in
1212 1256 1367 1315 c'teiis
1390 1268 1473 1315 est
1497 1257 1866 1326 revelaverat,
1892 1256 2124 1313 detesta-

530 1362 618 1408 tus
649 1353 913 1424 passionis
940 1363 1336 1417 sacramentum
1355 1397 1371 1419 ,
1408 1350 1833 1424 tali_sereritatis
1860 1352 2125 1408 sententia

527 1420 880 1503 conﬁrmatus
919 1446 985 1503 ad
1017 1447 1179 1503 ﬁdem
1208 1455 1311 1503 est.
1349 1446 1433 1503 'l'u
1474 1420 1601 1515 qitid
1641 1447 1937 1503 sectaberis
1975 1447 2126 1519 spei,

529 1541 808 1597 Christum
839 1541 1008 1597 Deum
1039 1541 1316 1613 negando,
1345 1550 1401 1596 et
1427 1548 1629 1598 metum
1659 1542 1710 1597 ei
1742 1540 2007 1612 passionis
2034 1541 2130 1596 ad—

525 1636 740 1692 dendo?
783 1638 940 1692 Anne
979 1636 1188 1705 timuit,
1228 1636 1321 1708 qui
1359 1637 1580 1693 armatis
1620 1635 1687 1692 ad
1727 1634 2129 1709 corripiendum

527 1746 588 1784 se
616 1728 809 1785 obvius
838 1727 1040 1799 prodiit
1067 1726 1250 1800 (Joan.
1280 1743 1442 1796 svnt,
1468 1726 1559 1801 θη
1588 1736 1646 1784 et
1673 1727 1727 1784 in
1756 1743 1986 1798 corpore
2010 1726 2127 1799 ejus

2225 514 2301 570 ris
2326 516 2615 579 Columttia,
2641 512 2720 587 (3)
2744 512 2874 568 exiit
2893 512 3033 583 quod
3061 528 3165 566 non
3194 520 3304 578 est,
3332 520 3383 564 cl
3411 513 3654 580 sequitur
3675 509 3821 582 quod

2224 623 2330 664 non
2357 614 2553 675 exstat,
2575 616 2632 662 et
2656 605 2969 677 rependitur
2986 608 3055 674 (el
3079 604 3223 676 quod
3243 603 3492 660 careturt
3514 600 3827 659 Produecns

2226 701 2344 758 hac
2368 716 2500 775 ergo
2526 716 2709 757 aurem
2741 714 2953 766 manus,
2986 697 3195 756 clavum
3226 696 3419 755 dolet?
3447 706 3502 755 et
3528 697 3696 754 sentit
3720 695 3826 753 sibi

2226 793 2454 863 vulnus,
2498 794 2589 865 qui
2631 791 2789 851 alteri
2827 792 3070 849 dolorem
3100 789 3340 847 vulneris
3378 805 3486 847 non
3524 789 3824 863 relinquit?

2226 884 2661 958 Compuugenda:
2704 884 2882 942 carnis
2907 892 3053 942 metu
3085 883 3252 941 tristis
3277 890 3391 951 est,
3422 883 3575 956 cujus
3600 881 3827 939 attactui

2236 976 2360 1034 licet
2404 992 2625 1035 carnem
2668 976 2873 1034 donare
2910 987 3034 1051 post
3070 975 3311 1033 caedem?
3342 975 3493 1044 Quod
3533 977 3579 1032 si
3618 975 3735 1032 hmo
3769 974 3825 1033 in

2236 1071 2441 1129 Christi
2466 1087 2698 1144 corpore
2725 1071 2895 1128 virtus
2922 1070 3024 1129 fuit
3048 1114 3062 1139 ,
3093 1087 3197 1144 qua
3219 1112 3236 1135 .
3269 1085 3401 1143 rogo
3420 1111 3437 1137 ,
3467 1069 3573 1126 ﬁde
3603 1077 3826 1126 natura-

2232 1163 2357 1223 liter
2385 1163 2464 1239 (f)
2496 1163 2738 1222 inﬁrmus
2781 1163 2948 1222 luisse
2973 1163 3304 1231 defenditur,
3330 1162 3419 1220 cui
3461 1163 3701 1220 naturale
3730 1160 3830 1218 iuit

2226 1275 2444 1317 omnem
2477 1258 2831 1316 humanarum
2864 1259 3232 1315 inﬁrmitatem
3262 1255 3510 1315 inhibere
3540 1256 3826 1313 naturam?

2296 1350 2389 1409 '39.
2421 1352 2502 1408 Au
2528 1353 2649 1409 inde
2677 1353 2857 1409 tristis.
2888 1383 2957 1394 -—-
2983 1351 3090 1409 Sed
3120 1352 3257 1408 forte
3280 1348 3444 1405 stulta
3470 1356 3635 1421 atque
3662 1348 3825 1421 impia

2229 1447 2582 1518 perversitate
2619 1445 2749 1504 hinc
2783 1446 3011 1503 inﬁrmis
3051 1445 3105 1502 in
3144 1458 3212 1502 eo
3237 1451 3445 1501 natura:
3471 1452 3829 1515 praesumetur

2227 1541 2478 1607 assertio,
2507 1541 2633 1613 quia
2664 1538 2836 1597 tristia
2861 1539 2935 1596 sit
2959 1538 3136 1596 anima
3161 1539 3279 1612 ejus
3303 1552 3475 1611 usque
3498 1537 3568 1596 ad
3596 1550 3827 1597 mortem

2229 1633 2445 1707 (Matth.
2483 1649 2643 1704 sm,
2671 1632 2789 1707 38).
2818 1632 3065 1691 Nondum
3092 1640 3146 1690 te
3165 1676 3181 1702 ,
3210 1630 3504 1700 itaretioe,
3528 1646 3627 1689 cur
3651 1630 3827 1691 virtu-

2231 1738 2337 1786 tem
2366 1728 2497 1786 dicti
2527 1744 2635 1787 non
2664 1726 2965 1803 intelligas,
2995 1743 3187 1802 arguo.
3219 1727 3441 1787 Interim
3480 1737 3662 1785 tamen
3699 1743 3732 1785 a
3773 1737 3828 1787 te

524 1824 815 1879 inﬁrmitas
856 1820 985 1889 luit,
1025 1820 1091 1876 ad
1126 1820 1286 1892 cujus
1310 1836 1596 1879 occursum
1624 1830 1973 1877 consternata
2005 1834 2127 1891 per—
2156 1815 2204 1878 Β
2229 1823 2469 1895 requiro,
2497 1837 2594 1881 cur
2614 1832 2847 1881 exeunte
2869 1823 2937 1879 ad
2966 1823 3323 1896 proditionem
3343 1820 3483 1880 Juda
3507 1837 3615 1879 non
3638 1822 3829 1879 mentio

531 1915 877 1987 sequentium
916 1915 1131 1986 agmina
1169 1916 1557 1980 conciderunt,
1596 1925 1653 1971 ct
1679 1915 2015 1987 majestatem
2048 1913 2131 1971 iu-

526 2008 773 2081 gerentis
815 2024 877 2065 se
921 2008 988 2065 ad
1030 2009 1244 2065 vincula
1274 2024 1381 2065 non
1409 2008 1645 2066 ferentes
1672 2007 1835 2083 353
1864 2007 2131 2079 supinatis

533 2102 855 2171 corporibus
879 2100 1231 2157 reciderunt?
1250 2101 1421 2170 Quam
1449 2100 1608 2172 igitur
1636 2100 2002 2159 inﬁrmitatem
2031 2103 2133 2159 do-

530 2198 788 2251 minatum
817 2192 897 2268 (a)
921 2194 1083 2265 hujus
1111 2194 1328 2266 corpori
1355 2193 1565 2263 credis,
1595 2194 1749 2266 cujus
1790 2202 1993 2251 tantam
2034 2194 2132 2251 ha-

531 2287 651 2341 buit
678 2296 869 2342 natura
897 2285 1194 2342 virtutem?

602 2380 693 2437 ~38.
737 2380 816 2433 An
843 2376 1059 2433 doloris.
1086 2407 1158 2420 -
1175 2376 1284 2434 Sed
1312 2378 1453 2435 forte
1479 2377 1727 2436 dolorem
1756 2379 2034 2436 vulnerum
2063 2379 2132 2435 ti-

530 2472 684 2527 nmit.
713 2470 884 2540 Quem
907 2514 922 2537 ,
956 2487 1122 2543 rogo,
1150 2473 1487 2543 peuctrantis
1518 2474 1571 2527 in
1602 2488 1820 2529 carnem
1862 2472 2000 2529 clavi
2032 2476 2131 2529 lia-

533 2565 647 2621 buit
675 2561 757 2637 (l)
786 2563 1069 2621 horrorem
1099 2562 1177 2637 (b)
1197 2607 1212 2631 ,
1243 2566 1333 2635 qui
1364 2565 1560 2621 excisa:
1591 2564 1737 2620 auris
1766 2579 1985 2621 carnem
2013 2565 2133 2623 solo

530 2659 770 2717 restituit
826 2667 1029 2714 attactu
1063 2656 1214 2731 (Luc.
1265 2674 1407 2722 xm,
1435 2658 1568 2729 5t)?
1597 2657 1823 2729 Expone
1851 2657 2006 2716 nobis
2037 2670 2090 2717 tu
2111 2703 2129 2730 ,

531 2754 817 2810 dominicae
849 2752 1180 2808 inﬁrmitatis
1205 2761 1466 2819 assertor,
1501 2750 1604 2809 hoc
1634 2752 1686 2807 in
1719 2752 1837 2824 ipso
1864 2756 2132 2826 passionis

533 2855 779 2919 tempore
810 2846 1095 2900 inﬁrmata:
1124 2860 1262 2914 opus
1288 2842 1490 2900 earnls.
1516 2843 1815 2902 Exscreute
1848 2848 1991 2904 enim
2032 2848 2129 2904 Pc-

535 2950 620 2996 tro
646 2949 807 3008 atque
830 2937 1083 3010 adigente
1111 2937 1380 3009 gladium,
1416 2950 1642 2995 truncus
1665 2956 1796 2995 aure
1822 2956 2012 2997 servus
2039 2956 2129 2998 sa-

532 3031 769 3088 cerdotis
793 3029 1063 3087 adstabat.
1095 3029 1378 3100 Quomodo
1412 3030 1491 3103 (2)
1529 3047 1595 3088 ex
1636 3032 1833 3088 decisa:
1875 3031 1948 3106 (c)
1986 3034 2131 3091 auris

2238 1914 2387 1973 neris
2414 1913 2618 1974 dictum
2649 1904 2849 1974 Misso:
2883 1915 3037 1972 Nunc
3063 1916 3437 1989 honoriﬁcam
3460 1926 3539 1973 est
3564 1917 3707 1989 ﬁlius
3732 1915 3829 1972 ho-

2232 2007 2383 2062 minis
2410 2007 2595 2080 (Joan.
2623 2022 2751 2074 sm,
2778 2009 2894 2080 3i).
2936 2008 2995 2066 Si
3018 2010 3164 2066 enim
3201 2010 3383 2080 passio
3408 2008 3828 2067 houoriilcatura

2229 2117 2355 2158 eum
2381 2108 2532 2170 erat;
2561 2102 2834 2175 quomodo
2861 2097 3070 2160 tristem
3096 2117 3221 2161 eum
3251 2111 3427 2161 metus
3457 2102 3725 2174 passionis
3748 2101 3829 2160 ef-

2231 2192 2479 2251 fecerat?
2501 2193 2614 2250 Nisi
2648 2194 2786 2251 forte
2816 2202 2925 2250 tam
2968 2191 3350 2252 irrationabilis
3390 2191 3585 2259 fuerit.
3622 2203 3681 2251 ut
3720 2195 3829 2268 pati

2232 2285 2648 2363 timui-rum
2663 2328 2680 2355 ,
2706 2303 2825 2361 qure
2845 2302 2905 2345 se
2927 2296 3111 2347 essent
3127 2287 3485 2363 gloriﬁcatura
3513 2289 3826 2362 patientem.

2303 2379 2392 2436 ὅθ.
2426 2377 2507 2434 An
2547 2381 2758 2437 calicem
2800 2380 3073 2454 transferri
3098 2397 3130 2437 a
3158 2397 3214 2438 se
3239 2394 3475 2453 precatus
3513 2384 3602 2439 sit.
3629 2414 3700 2426 -ν
3720 2380 3829 2440 Sed

2229 2469 2371 2528 forte
2400 2472 2642 2531 timuisse
2670 2486 2838 2546 usque
2866 2489 2937 2532 eo
2961 2474 3379 2543 esistimabitur,
3411 2482 3469 2532 ut
3492 2473 3774 2532 transferri
3799 2489 3829 2531 a

2232 2586 2292 2629 se
2313 2573 2537 2631 calicem
2559 2573 2879 2645 deprecatus
2900 2575 3001 2640 sit,
3021 2573 3238 2632 dicens:
3265 2572 3407 2630 Abba
3429 2583 3593 2643 pater,
3616 2570 3693 2648 (9)
3714 2589 3831 2645 pos-

2244 2665 2413 2723 sibilia
2452 2667 2541 2721 tibi
2579 2667 2753 2722 omnia
2792 2678 2947 2736 sunt,
2986 2668 3209 2740 transfer
3247 2664 3386 2722 hunc
3425 2664 3636 2721 calicem
3678 2682 3713 2721 tt
3751 2680 3835 2721 nte

2235 2760 2433 2832 (Marc.
2466 2777 2577 2828 xiv,
2604 2761 2719 2832 56).
2754 2760 2818 2819 Ut
2843 2759 2913 2818 de
2936 2760 3149 2819 caneris
3172 2774 3279 2817 non
3305 2760 3626 2827 calumnier,
3652 2772 3835 2816 nonne

2237 2853 2618 2912 hebetudincm
2640 2852 2933 2925 impietatis
2954 2864 3060 2912 tute
3080 2856 3161 2911 vel
3186 2854 3312 2911 hinc
3331 2855 3688 2926 coarguisses,
3707 2851 3833 2923 quia

2232 2945 2474 3021 legeras:
2519 2945 2758 3005 Recoude
2795 2946 3025 3021 gladium
3061 2958 3205 3003 tum
3240 2950 3296 3003 iu
3323 2948 3558 3003 thema:
3584 2944 3833 3013 alium,

2231 3058 2381 3113 quem
2410 3040 2548 3097 dedit
2573 3041 2699 3098 mihi
2730 3039 2906 3109 Pater,
2939 3059 3040 3097 non
3068 3042 3234 3097 bibant
3263 3041 3414 3097 illuni
3450 3038 3641 3111 (Joan.
3672 3052 3798 3095 mu
3816 3078 3833 3103 ,

534 3124 764 3180 vulnere
784 3164 801 3192 ,
845 3125 1195 3195 contingente
1237 3122 1492 3192 Christo,
1524 3123 1778 3201 restituta
1818 3139 1948 3183 caro
1983 3128 2130 3184 auris
2234 3133 2369 3209 ﬂ)?
2390 3135 2672 3205 Quomodo
2694 3134 2839 3191 enim
2870 3150 2969 3205 per
2995 3134 3231 3205 patiendi
3265 3143 3467 3190 metum
3499 3130 3781 3189 transferri
3803 3144 3836 3186 a

534 3217 658 3275 cst?
684 3213 843 3273 Unde
880 3215 1024 3272 inter
1073 3214 1328 3271 ﬂuentem
1372 3214 1685 3287 sanguinem
1740 3224 1795 3274 et
1848 3227 1969 3288 post
2022 3217 2137 3291 ipsa
2163 3209 2210 3274 C
2240 3241 2300 3285 δε
2330 3226 2407 3302 (Ii)
2430 3228 2837 3309 deprecaretur,
2861 3225 3007 3300 quod
3033 3242 3133 3300 per
3155 3227 3573 3301 dispensationis
3596 3223 3837 3284 studium

602 3334 685 3402 (ll
718 3331 987 3390 Terrorem
1012 3332 1068 3389 in
1097 3348 1202 3389 ms.
1232 3331 1433 3390 Veron.

607 3407 688 3480 (ἑ)
705 3404 1106 3462 Excisw.Paulo
1125 3403 1754 3475 post,descendentis,uon
1776 3405 2129 3465 discindeutis.

604 3524 681 3600 (τι)
716 3522 857 3580 Editi
878 3564 893 3586 ,
922 3522 1078 3600 hujus
1106 3520 1356 3600 corporis.
1382 3518 1503 3600 Non
1529 3530 1686 3600 negat
1713 3521 2003 3600 incidisse,
2031 3525 2128 3600 sed

536 3591 853 3655 doininataut
877 3591 1006 3649 esse}
1022 3592 1101 3649 Re
1129 3591 1245 3662 ipsa
1263 3602 1463 3647 nostra:
1490 3591 1830 3648 inﬁrmitates
1861 3594 1912 3647 in
1942 3591 2130 3651 Chris-

544 3683 654 3725 tum
680 3669 751 3721 ita
780 3665 1117 3731 inciderunt,
1142 3674 1199 3719 ut
1224 3679 1408 3719 earum
1436 3678 1652 3732 semper
1667 3663 1920 3720 dominus
1947 3664 2129 3721 fuerit.

616 3739 690 3811 (ὁ)
720 3735 919 3793 Excusi
937 3779 953 3803 ,
982 3747 1261 3791 terrorem:
1289 3735 1621 3805 castigantur
1647 3752 1716 3791 es
1745 3736 2134 3793 vetustioribus

543 3828 675 3867 lﬂSS.

613 3882 686 3952 (c)
718 3881 776 3937 lu
807 3879 1049 3950 pluribus
1075 3893 1206 3935 mss.
1226 3918 1245 3943 ,
1271 3878 1457 3952 misce
1475 3878 1617 3952 auris
1634 3877 1845 3952 quirinus.

619 3949 699 4037 (ά)
725 3949 983 4037 Plerique
1011 3966 1141 4037 mss.
1170 3963 1292 4037 curn
1325 3950 1584 4037 vulgatis,
1598 3950 1979 4037 descendentis.
2014 3949 2138 4037 ’[θὶ-

543 4020 782 4102 lerinnus
809 4020 1011 4102 codex,
1045 4020 1427 4102 disc-ettde‘ut‘is._
1452 4020 1619 4102 Magis
1653 4022 1833 4102 placet
1873 4035 1995 4102 eum
2026 4021 2136 4079 lle-

548 4097 821 4165 tnigiano,
860 4092 1214 4165 discindentis.
1262 4091 1499 4165 Deinde,
1539 4091 1594 4145 in
1658 4091 1770 4163 ipsi
1810 4093 2137 4165 truncigcor-

550 4162 691 4236 poris
718 4166 1011 4236 calumnia,
1024 4162 1127 4218 hoc
1146 4174 1267 4227 est,
1297 4178 1364 4217 eu
1389 4163 1508 4233 ipso
1533 4162 1806 4236 momento
1830 4178 1937 4234 quo
1961 4162 2139 4221 ablata

549 4232 682 4294 aure
713 4249 960 4292 truncum
991 4235 1188 4290 factum
1214 4240 1299 4288 est
1321 4232 1538 4301 corpus.
1566 4232 1860 4290 Calumnitz'
1876 4236 2142 4292 vocabulo

549 4310 691 4378 apud
717 4319 965 4363 auctores
990 4304 1181 4362 media:
1206 4314 1298 4358 aut
1324 4303 1523 4378 inﬁnite
1548 4303 1830 4378 latinitatis
1853 4308 2142 4378 aliquando

552 4375 886 4448 signiﬁcatur
912 4377 1089 4440 actio,
1115 4389 1223 4446 qua
1259 4376 1380 4448 quis
1426 4390 1536 4448 per
1555 4375 1693 4445 juris
1730 4375 1988 4432 formulas
2026 4394 2141 4433 rem

551 4446 865 4521 quampiam
886 4448 1104 4521 auferre
1128 4446 1439 4521 contendit:
1468 4446 1956 4521 aliquandoautem
1984 4462 2143 4521 pinna

556 4517 641 4579 {rei
670 4517 835 4578 multa
853 4559 870 4588 ,
900 4533 1004 4589 qua
1035 4517 1321 4573 damnatur
1346 4518 1441 4588 qui
1467 4518 1732 4589 actionem
1761 4520 1963 4588 injuste
1993 4519 2150 4576 insti-

552 4596 676 4650 tuit.
722 4594 897 4647 Prima
922 4587 1146 4645 ratione
1183 4587 1501 4659 intelligitur
1540 4588 1595 4644 in
1638 4587 1780 4644 Paul.
1812 4587 2058 4655 assam.
2086 4608 2141 4647 ιι.

560 4666 663 4730 15;
694 4678 838 4719 nunc
866 4677 998 4717 vero
1028 4676 1125 4731 pro
1151 4675 1309 4732 pinna
1339 4660 1658 4727 simpliciter
1683 4675 2009 4732 usurpatur:
2039 4663 2143 4720 nisi

562 4737 684 4805 quis
710 4734 860 4807 malit
888 4748 1009 4807 eam
1032 4730 1225 4807 vocari
1248 4732 1447 4807 justam
1474 4744 1690 4801 ptenam
1717 4730 1915 4790 Christi
1947 4733 2148 4807 injuste

559 4800 614 4862 c't
638 4821 734 4869 per
758 4805 1078 4859 calumniam
1112 4800 1361 4869 impetiti.

707 4822 734 4859 l'
758 4821 1078 4859 catumntam
1112 4821 1361 4869 tmpettu.

633 4821 708 4949 ii?)
740 4875 881 4931 Editi
905 4917 919 4942 ,
950 4890 1050 4947 quo
1079 4883 1317 4928 curetur:
1360 4872 1720 4931 renitentibus
1759 4875 2154 4948 antiquioribus

558 4964 693 5004 MISS.

637 5026 710 5096 (Ῑ)
751 5025 972 5081 Fatetur
997 5024 1231 5080 Hilarius
1271 5024 1406 5078 infra
1446 5024 1648 5088 n..65,
1685 5024 1993 5091 Christum,
2036 5044 2152 5083 cum

565 5116 631 5153 ex
658 5100 1039 5167 dispensatione
1091 5098 1241 5150 Immo
1280 5107 1445 5161 esset,
1489 5106 1713 5150 maneret
1752 5106 1920 5152 tamen
1956 5115 2021 5155 ea:
2058 5116 2153 5156 NA-

562 5187 706 5226 τυιιΑ
740 5168 876 5222 Dens
901 5170 1174 5240 ,_eumdem
1195 5208 1209 5233 ,
1256 5182 1319 5222 ea:
1357 5167 1654 5240 infirmitate
1695 5170 2000 5237 cruciﬁxum
2022 5213 2037 5237 ,
2064 5172 2153 5240 qui

564 5258 630 5297 ea:
657 5255 885 5295 \‘lltTll‘ns
912 5238 1006 5294 Dei
1032 5240 1250 5292 viseret:
1274 5249 1328 5290 ut
1356 5254 1474 5293 cum
1503 5238 1777 5315 inﬁrmitas
1808 5254 1937 5297 esset
1963 5258 2030 5297 ea:
2048 5238 2158 5315 [or-

566 5330 648 5365 ma
678 5314 805 5367 serui
829 5353 842 5371 ,
875 5320 921 5364 et
947 5325 1155 5365 unum
1183 5322 1404 5363 maneret
1435 5327 1499 5364 ea:
1528 5306 1622 5362 Dei
1662 5313 1863 5380 forma,
1908 5328 2009 5367 non
2046 5306 2158 5369 am-

568 5386 773 5454 (riguum
806 5392 931 5436 esset
958 5384 1010 5435 in
1032 5399 1138 5454 quo
1167 5392 1482 5454 sacramento
1510 5395 1768 5454 etgpassus
1807 5396 1972 5449 esset,
2004 5397 2052 5441 et
2084 5387 2154 5440 vi-

568 5452 700 5509 reret
721 5471 738 5505 :
779 5464 831 5506 ut
868 5469 987 5507 cum
1020 5453 1073 5506 in
1116 5452 1290 5524 eodem
1328 5462 1457 5507 esset
1481 5461 1527 5505 et
1555 5452 1828 5522 inﬁrmitas
1857 5454 1927 5507 ad
1954 5458 2157 5524 passio—

566 5544 680 5579 nem
700 5566 713 5583 .
745 5535 790 5579 et
820 5525 887 5578 nd
914 5527 1070 5578 vitam
1098 5523 1191 5578 Dei
1222 5538 1451 5583 nurus:
1487 5540 1588 5576 nou
1628 5525 1763 5579 alius
1798 5542 1859 5578 ac
1899 5523 2095 5582 diuisus
2122 5545 2156 5583 α

560 5615 615 5650 se
644 5606 768 5651 esset
789 5637 804 5652 .
830 5598 918 5662 qui
946 5604 995 5649 et
1025 5606 1297 5664 pateretur,
1332 5605 1378 5648 et
1406 5598 1611 5649 viveret.
1643 5595 1762 5661 Quo
1788 5612 1853 5652 ex
1888 5597 2007 5652 loco
2033 5600 2152 5654 elli-

565 5670 701 5721 t-itnr
721 5707 733 5719 .
766 5669 817 5721 Γ
846 5677 1098 5722 Virtutem
1122 5682 1244 5736 quae
1272 5669 1323 5720 in
1349 5664 1550 5720 Christi
1576 5683 1805 5736 corpore
1834 5668 1927 5722 fuit
1948 5710 1965 5735 ,
1995 5672 2153 5726 intel-

568 5736 833 5806 ligendam
862 5753 982 5793 esse
1008 5737 1341 5809 divinitatem
1361 5782 1375 5804 ,
1407 5736 1550 5808 quod
1575 5736 1686 5809 jam
1713 5752 1873 5809 supra
1901 5757 2051 5794 ιιιιιιι.
2078 5743 2150 5796 25

563 5811 902 5865 ριιιευιιιιτιιιιηι
935 5817 1047 5865 est;
1091 5808 1143 5863 2⁸
1175 5808 1445 5866 Christum
1476 5808 1623 5866 recte
1654 5808 1833 5880 negari
1875 5810 1963 5869 hic
1993 5822 2145 5868 natu-

2308 3347 2387 3418 (3)
2420 3345 2562 3402 Exit.
2595 3343 2829 3414 Deinde,
2862 3360 2964 3418 quo
2992 3353 3218 3402 curetur.

2234 3526 2411 3581 raliter
2441 3524 2708 3585 iniirmum
2732 3566 2746 3593 ,
2776 3540 2899 3583 cum
2928 3522 3175 3581 inﬁrmus
3204 3523 3275 3581 sit
3303 3532 3509 3580 tantum
3538 3532 3599 3581 ut
3635 3520 3800 3579 homo
3819 3560 3837 3587 .

2238 3613 2411 3662 necne
2439 3598 2640 3654 Hilario
2664 3613 2729 3654 ex
2757 3609 2946 3653 natura
2971 3596 3042 3652 sit
3068 3596 3254 3662 homo,
3282 3597 3376 3653 sed
3395 3597 3559 3662 Deus,
3582 3597 3655 3650 uti
3675 3596 3839 3650 etiam

2240 3615 2305 3654 Ite
2349 3615 2411 3654 ue
2440 3615 2640 3654 mtartn
2664 3615 2729 3654 ex
2757 3615 2946 3653 natura
2971 3615 3042 3652 stt
3068 3615 3254 3662 ttomu,
3282 3615 3376 3653 seu
3395 3615 3559 3662 treus,
3582 3615 3655 3650 nu
3675 3615 3839 3650 etiam

2240 3684 2293 3723 ιι.
2308 3615 2386 3724 32
2407 3670 2781 3726 annotavimus
2802 3687 2822 3734 ς.
2840 3667 2898 3725 5'
2923 3684 3027 3722 non
3048 3665 3252 3724 Christi
3271 3668 3486 3737 corpori
3500 3709 3516 3730 ,
3539 3667 3637 3724 sed
3662 3666 3841 3723 Verbo

2238 3738 2291 3796 in
2316 3754 2544 3810 oorpore
2566 3743 2798 3797 tttancnti
2824 3740 2909 3796 hic
2926 3737 3158 3810 adscribi
3183 3740 3481 3810 naturalem
3502 3738 3839 3810 edendorum

2242 3807 2623 3869 miraculorum
2647 3811 2896 3868 virtutum
2918 3852 2933 3878 ,
2967 3808 3109 3867 unde
3136 3809 3488 3865 conﬁrmatur
3512 3807 3655 3880 quod
3686 3807 3842 3880 αξξ

2281 3883 2524 3938 rohatum
2548 3892 2663 3950 est;
2686 3884 2743 3939 ιο
2762 3877 3035 3938 Christum
3061 3880 3375 3939 naturaliter
3392 3890 3448 3937 et
3467 3877 3724 3937 es'l‘ortna
3746 3877 3841 3934 Dei

2268 3955 2515 4010 nlirmnm
2542 3971 2647 4010 non
2671 3953 2743 4010 ita
2767 3953 2852 4010 hic
2873 3955 2941 4009 ab
2967 3953 3167 4009 llilario
3190 3954 3398 4022 negari,
3421 3958 3513 4022 qui
3536 3967 3601 4007 ex
3626 3952 3843 4022 dispen-

2246 4024 2456 4082 satione
2478 4037 2528 4082 et
2558 4042 2623 4081 es
2650 4023 2821 4082 forma
2842 4025 2984 4080 servi
3009 4023 3257 4080 eumdem
3284 4024 3555 4079 inlirmum
3578 4034 3634 4080 et
3658 4022 3845 4077 credat

2246 4106 2298 4151 et
2326 4096 2601 4167 praedicet.
2633 4097 2741 4153 Nec
2769 4112 2989 4152 movere
3015 4094 3176 4151 debet
3201 4095 3344 4164 quod
3374 4097 3449 4149 ait
3474 4110 3673 4167 supra,
3706 4092 3843 4147 Pra-

2246 4164 2438 4225 dttcens
2468 4169 2576 4224 luet:
2606 4185 2726 4241 ergo
2752 4183 2926 4241 aurem
2953 4184 3137 4241 manus
3163 4169 3374 4241 eleuant
3390 4167 3569 4221 dolet?
3595 4164 3848 4231 Figurate

2249 4242 2393 4295 enim
2436 4256 2618 4295 manus
2658 4237 2887 4295 sumitur
2927 4254 3025 4310 pro
3064 4237 3245 4293 Verbo
3292 4239 3446 4309 cujus
3489 4248 3575 4292 est
3614 4250 3844 4298 manus,

2250 4312 2402 4381 quasi
2429 4311 2721 4374 diceretur.
2754 4309 2837 4371 An
2867 4309 2939 4367 ex
2962 4325 3124 4381 manu
3160 4310 3285 4365 latsa
3317 4310 3502 4381 dolet,
3535 4309 3625 4381 qui
3655 4311 3847 4363 eadem

2251 4380 2411 4439 manu
2441 4383 2678 4440 excisam
2709 4392 2896 4439 aurem
2926 4380 3213 4438 restituere
3241 4380 3447 4451 putuit?

2322 4481 2591 4555 (gjhlluus
2630 4484 2799 4539 codex
2837 4481 3071 4539 Sorbon.
3116 4492 3169 4537 et
3207 4482 3347 4538 alter
3385 4477 3539 4538 Colb.
3569 4482 3615 4540 si
3641 4482 3849 4546 omnia,

2250 4553 2358 4611 etc;
2380 4553 2761 4622 ’Caruutensis,
2788 4556 2831 4609 si
2860 4555 3098 4623 possibile
3121 4564 3216 4613 est.
3247 4557 3469 4623 transfer
3489 4572 3521 4608 α
3542 4572 3621 4610 me
3640 4555 3853 4610 calicem

2250 4626 2427 4681 istum.
2463 4627 2537 4682 De
2565 4628 2753 4682 iisdem
2786 4625 2964 4681 Verbis
3002 4626 3259 4680 adversus
3300 4625 3532 4683 Arianos
3571 4626 3853 4696 di~pntans

2170 4684 2227 4748 D
2249 4696 2667 4771 Chrysostontus
2692 4698 2759 4755 Τ.
2790 4715 2844 4760 ι.
2875 4698 3063 4771 homil.
3094 4697 3166 4753 δὲ
3192 4698 3299 4753 ait:
3334 4696 3429 4751 Illi
3467 4684 3674 4771 σκιάειή
3716 4698 3850 4771 divi-

2260 4769 2436 4825 nitatis
2474 4770 2756 4826 orationem
2797 4785 2905 4824 esse
2942 4769 3151 4823 dicunt:
3180 4785 3273 4823 nos
3301 4777 3467 4824 autem
3496 4785 3606 4824 esse
3630 4769 3853 4823 dicimus

2260 4840 2677 4910 dispensationis.
2718 4839 2855 4897 Tum
2898 4842 3090 4909 prohat
3126 4838 3400 4896 Christum
3440 4840 3682 4894 noluisse
3721 4855 3750 4894 a
3791 4854 3853 4893 se

2260 4913 2483 4983 calicem
2514 4912 2791 4968 ll'zttlsfo'l’l'l
2812 4954 2828 4979 ,
2859 4928 3016 4983 quem
3048 4921 3197 4966 tanto
3237 4912 3413 4966 studio
3451 4912 3750 4983 esuptarit,
3795 4917 3856 4967 υι

2262 4982 2479 5039 Petrum
2508 4999 2630 5040 cum
2661 5000 2690 5039 a
2722 4998 2781 5039 se
2822 4981 3204 5053 deprecantem
3245 4993 3489 5038 satanam
3531 4981 3847 5053 appellarit;

2263 5071 2437 5124 neque
2460 5058 2715 5112 incertam
2738 5054 2840 5124 ipsi
2864 5049 3024 5110 fuisse
3047 5049 3221 5109 Patris
3241 5071 3303 5109 ea
3325 5054 3393 5109 de
3414 5069 3473 5108 re
3495 5049 3851 5118 voluntatem,

2257 5142 2378 5198 qua:
2411 5126 2689 5199 prophetis
2716 5129 2879 5182 etiam
2911 5126 3070 5197 longe
3098 5137 3223 5182 ante
3254 5125 3587 5198 praecognita
3618 5124 3813 5181 fuerat.

2332 5241 2411 5315 (It)
2441 5243 2497 5300 in
2530 5260 2633 5299 ms.
2668 5243 2838 5299 Vatie.
2878 5242 2996 5298 bas.
3038 5253 3093 5299 et
3129 5242 3249 5297 aliis
3289 5242 3563 5315 nonnullis
3585 5282 3600 5307 ,
3631 5241 3855 5315 calicem

2261 5312 2661 5383 deprecaretur:
2701 5316 2989 5385 glossema.
3038 5315 3157 5370 Mox
3205 5316 3257 5367 in
3300 5314 3529 5383 vulgatis
3559 5355 3573 5378 ,
3623 5312 3849 5385 impleri.

2260 5386 2589 5441 Cone-iunius
2618 5389 2671 5442 in
2701 5384 2832 5442 niss.
2862 5386 3091 5456 implere.
3125 5385 3205 5440 Ad
3242 5387 3345 5441 hoc
3384 5401 3548 5452 porro
3584 5384 3858 5439 festinavit

2260 5472 2475 5513 summo
2514 5458 2793 5513 charitatis
2825 5458 3005 5512 studio
3026 5499 3040 5523 ,
3073 5474 3189 5513 cum
3221 5457 3275 5511 id
3301 5458 3354 5511 iu
3392 5472 3446 5514 se
3474 5472 3849 5511 consummare-

2258 5538 2359 5593 tur,
2396 5530 2534 5597 quod
2561 5531 2630 5582 ad
2657 5531 2875 5584 salutem
2916 5539 3142 5583 nostram
3186 5532 3381 5598 perpeti
3426 5531 3538 5591 ipse
3578 5528 3851 5598 uoluisset,

2261 5613 2315 5653 nt
2344 5596 2571 5655 habt-tur
2598 5609 2755 5658 tract.
2782 5600 2925 5655 Psal.
2955 5616 3064 5665 LIV,
3092 5617 3148 5656 ιι.
3180 5602 3249 5655 15
3271 5596 3321 5655 et
3354 5598 3513 5671 paulo
3535 5607 3690 5653 ante:
3724 5596 3855 5652 Cum

2260 5674 2474 5726 salutem
2500 5675 2672 5744 generi
2701 5674 2928 5727 humano
2956 5684 3188 5743 suscepta
3217 5675 3388 5726 crucis
3413 5682 3582 5744 morte
3598 5672 3843 5735 donaret,

2258 5761 2359 5798 mm
2391 5742 2553 5813 potest
2583 5745 2744 5798 rideri
2773 5742 3145 5800 sacramentum
3172 5746 3267 5799 hoc
3295 5758 3497 5815 magna:
3532 5742 3737 5811 pictatis
3765 5758 3837 5795 at

2254 5831 2407 5883 gnere
2436 5830 2499 5871 ac
2527 5829 2713 5872 recusa
2721 5832 2797 5872 re.
