4316 6516
533 333 638 395 375

1728 339 1805 393 SA
1817 338 1966 394 NCTI
2008 336 2258 394 "IIARII
2302 337 2605 399 EPISCOPI

3717 353 3823 409 576

533 454 782 522 angelum
850 455 927 525 (ιι)
990 454 1262 510 adstitisse
1332 454 1724 509 conl'ortautem
1801 470 1960 519 eum;
2027 458 2479 528 qqupotestas
2505 463 2581 533 (c)
2633 477 2738 518 non
2791 461 3086 520 secundum
3142 475 3347 522 natura:
3374 466 3819 525 consuetudinem

529 550 825 603 assistente
857 561 1017 602 orare
1042 547 1302 614 prolixius
1331 548 1556 616 cmperit
1575 587 1591 610 ,
1619 548 1687 601 ita
1716 556 1776 602 ut
1801 550 1968 618 guttis
2006 563 2130 603 san-

530 643 753 713 guinum
785 642 1030 706 corporis
1060 641 1226 695 sudor
1247 639 1495 695 efﬂueret
1515 639 1671 712 (Luc.
1691 657 1804 696 χιιι
1822 682 1838 706 ,
1866 640 1936 696 45
1965 651 2013 694 et
2039 642 2131 712 ﬂ)

533 736 695 790 Misso
725 735 870 788 enim
901 734 968 786 ad
1000 733 1278 788 tuitionem
1308 733 1676 802 apostolorum
1716 735 1925 804 angelo,
1956 741 2012 789 et
2038 749 2133 804 per

533 842 659 883 eum
691 825 995 880 confortato
1026 824 1286 891 Domino,
1319 841 1384 880 ne
1409 841 1508 896 pro
1534 826 1616 880 his
1638 827 1810 882 tristis
1835 838 2011 895 esset,
2052 827 2132 900 (i)

534 920 646 989 jam
677 919 794 972 sine
817 918 894 990 (b)
928 917 1168 973 tristitiae
1187 926 1331 972 metu
1357 918 1466 972 ait:
1498 917 1733 972 Dormite
1751 923 1899 992 jam,
1955 929 2000 972 et
2048 935 2133 973 re-

537 1016 804 1087 quiescite.
827 1014 908 1070 De
935 1014 1128 1083 angelo
1155 1013 1372 1084 quidem
1409 1014 1693 1069 Mattheus
1721 1021 1777 1068 et
1821 1014 2031 1069 Marcus
2079 1022 2135 1069 ct

537 1114 606 1169 de
628 1114 960 1181 expetitione
984 1111 1184 1168 diaboli
1233 1111 1364 1167 nihil
1414 1112 1580 1167 locuti
1633 1119 1759 1166 sunt
1805 1129 1820 1164 :
1867 1111 1963 1166 sed
2015 1118 2136 1182 post

540 1208 818 1262 tristitiam
845 1206 1069 1272 animm,
1101 1212 1226 1276 post
1249 1203 1633 1261 dormientium
1664 1203 2094 1275 obiurgationem
2118 1247 2134 1270 ,

536 1309 656 1368 post
688 1299 1046 1355 transferendi
1067 1299 1253 1354 calicis
1279 1297 1745 1368 deprecationem,
1797 1311 1905 1352 non
1937 1311 2005 1351 ex
2054 1296 2135 1349 ui-

538 1392 653 1447 bilo
669 1393 1054 1448 dormientium
1077 1391 1390 1446 adhortatio
1415 1391 1700 1445 subsecuta
1723 1397 1839 1453 est,
1865 1390 1967 1444 nisi
1994 1388 2134 1457 quod

539 1503 661 1540 cmn
689 1489 937 1540 afuturus
962 1486 1028 1540 ah
1057 1485 1139 1540 his
1180 1493 1358 1551 esset,
1389 1493 1444 1538 et
1472 1482 1664 1537 indulti
1693 1483 1885 1552 Augeli
1919 1481 2137 1536 confor-

542 1588 688 1634 tatus
716 1579 954 1645 auxilio,
982 1577 1278 1633 securitate
1325 1576 1398 1650 (c)
1447 1576 1710 1631 custodia:
1753 1575 2140 1631 custodiendos

542 1672 893 1745 permittebat
919 1671 972 1726 in
1005 1684 1277 1725 somnum.

612 1767 703 1824 Μ.
748 1767 826 1823 De
867 1768 1055 1824 sudore
1091 1768 1360 1838 sanguinis
1402 1775 1449 1820 et
1491 1767 1712 1822 adventu
1755 1765 1928 1837 angeli
1962 1765 2038 1820 nil
2082 1766 2135 1818 in

544 1861 775 1930 pluribus
825 1861 989 1915 libris.
1082 1857 1375 1928 Inﬁrmitas
1431 1856 1625 1913 Christi
1689 1873 1955 1929 perperam
2021 1857 2142 1912 inde

544 1954 825 2022 colligitur.
875 1982 947 1993 —-
996 1950 1108 2007 Nec
1135 1965 1268 2006 sane
1297 1949 1651 2022 ignorantium
1683 1964 1710 2003 a
1741 1949 1898 2004 nobis
1933 1957 2040 2012 est,
2085 1957 2144 2003 et

544 2047 598 2101 in
625 2047 817 2116 grmcis
860 2054 916 2101 et
957 2047 1012 2099 in
1050 2044 1236 2100 latinis
1269 2043 1548 2099 codicibus
1590 2043 2002 2114 complurimis,
2059 2043 2144 2097 vel

541 2142 613 2197 de
639 2142 961 2196 adveniente
986 2141 1182 2210 angelo
1213 2182 1226 2203 ,
1291 2139 1377 2194 vel
1411 2137 1479 2194 de
1523 2138 1724 2194 sudore
1755 2139 2034 2208 sanguinis
2067 2137 2144 2194 nil

544 2234 807 2302 scriptum
839 2233 1085 2302 reperiri.
1137 2231 1548 2303 Ambigentibus
1579 2232 1760 2304 igitur,
1814 2242 1994 2287 utrum
2041 2231 2146 2286 hoc

544 2327 600 2381 in
652 2327 806 2381 libris
850 2326 1018 2380 variis
1051 2336 1137 2380 aut
1188 2325 1351 2391 desit,
1407 2334 1502 2380 aut
1532 2324 1877 2394 superﬂuum
1922 2325 1994 2380 sit
2038 2325 2146 2396 (iu-

545 2427 756 2474 certum
783 2418 928 2475 enim
959 2419 1064 2473 hoc
1093 2419 1246 2474 nobis
1281 2418 1604 2489 relinquitur
1627 2418 1697 2473 de
1744 2418 2055 2473 diversitate
2083 2419 2148 2473 li-

546 2513 812 2579 brorum),
865 2521 1016 2568 certe
1041 2513 1085 2567 si
1107 2511 1236 2584 quid
1286 2513 1390 2568 sibi
1433 2528 1500 2569 ex
1529 2517 1633 2569 hoc
1659 2512 1884 2570 haeresis
1924 2513 2135 2569 blandi-

547 2614 656 2667 tur,
689 2616 743 2658 ut
772 2605 1046 2659 infirmum
1073 2604 1307 2659 affirmet
1329 2647 1342 2670 ,
1391 2604 1482 2661 cui
1509 2620 1644 2676 opus
1668 2606 1827 2661 luerit
1855 2605 2038 2678 angeli
2066 2605 2146 2678 (2)

547 2695 908 2753 contortantis
938 2698 1174 2763 auxilio;
1233 2698 1538 2753 meminerit
1567 2696 1884 2754 Creatorem
1926 2699 2148 2769 angelo-

548 2806 669 2845 rum
699 2789 992 2846 creationis
1015 2804 1128 2844 sum
1158 2806 1264 2844 non
1294 2790 1507 2861 eguisse
1531 2791 1823 2862 prassidio;
1851 2801 1963 2847 tum
1993 2792 2149 2847 deiu-

552 2882 621 2938 de
649 2883 962 2938 necessario
987 2897 1055 2937 eo
1083 2883 1244 2938 modo
1266 2899 1388 2938 eum
1416 2882 1803 2950 confortatum,
1854 2900 1962 2956 quo
1989 2884 2149 2940 modo

551 2985 606 3031 et
630 2976 838 3030 tristem
860 2989 997 3030 esse.
1033 2973 1118 3045 (d)
1195 2973 1329 3030 Nam
1353 2976 1398 3030 si
1426 2977 1584 3031 nobis
1614 2977 1785 3033 tristis
1816 2987 1920 3042 est,
1965 2977 2016 3032 id
2042 2986 2147 3044 est,

554 3078 776 3140 propter
803 3069 967 3141 350
995 3085 1094 3124 nos
1121 3070 1288 3125 tristis
1327 3077 1434 3136 est,
1478 3086 1708 3128 necesse
1734 3081 1818 3127 est
1845 3080 1906 3126 ut
1932 3082 2151 3143 propter

556 3177 655 3217 nos
687 3164 756 3215 sit
785 3162 1124 3217 confortatus
1153 3175 1206 3218 et
1235 3164 1388 3217 nobis
1414 3181 1426 3215 τ
1482 3165 1606 3235 quia
1636 3165 1728 3236 qui
1748 3164 1815 3220 de
1849 3165 2008 3220 nobis
2053 3166 2145 3220 tri-

2231 555 2436 623 gcssit:
2495 569 2671 625 neque
2698 557 2765 612 ad
2791 557 3042 613 hmrcsim
3073 557 3144 633 (f)
3185 558 3516 617 infirmitatis
3556 563 3827 634 pertinere

2232 643 2343 698 ullo
2395 645 2558 700 modo
2598 649 2836 718 poterit,
2910 651 3052 720 quod
3099 650 3385 707 adversum
3429 650 3683 710 hmrcsim
3741 653 3821 727 (g)

2232 737 2553 809 phantasma
2582 741 2929 797 mentientem
2963 742 3205 813 proﬁciat
3228 785 3242 806 ,
3301 759 3399 815 per
3422 743 3674 801 sudorem
3703 761 3828 802 san-

2233 830 2436 900 guinis.
2481 833 2548 885 ad
2570 833 2820 902 corporis
2855 834 3160 891 veritatem.
3182 835 3350 900 Igitur
3376 850 3498 894 cum
3522 846 3575 892 ct
3607 838 3823 893 tristitia

2234 922 2305 978 de
2331 922 2490 977 nobis
2517 934 2621 989 est,
2685 935 2741 980 ct
2771 927 2945 981 oratio
2973 941 3071 998 pro
3095 927 3255 983 nobis
3275 937 3359 983 est
3377 971 3392 995 ,
3439 944 3550 986 non
3599 940 3827 1002 possunt

2235 1028 2342 1069 non
2367 1016 2552 1070 omnia
2585 1026 2807 1086 propter
2831 1033 2930 1072 nos
2957 1028 3106 1089 gesta
3128 1033 3249 1075 esse
3273 1019 3522 1091 intelligi,
3568 1035 3690 1077 eum
3714 1036 3832 1078 om-

2235 1105 2320 1162 nia
2355 1120 2451 1177 pro
2478 1106 2660 1173 nobis,
2690 1109 2888 1179 quibus
2917 1109 3228 1178 timebatur,
3267 1120 3417 1168 orata
3447 1112 3577 1170 sint.

2305 1198 2396 1253 42.
2451 1198 2757 1266 Tristitiam,
2790 1201 2964 1259 colicis
3009 1205 3440 1274 deprecationem,
3469 1215 3579 1264 etc.
3611 1206 3832 1280 Aposto-

2235 1293 2315 1346 los
2339 1301 2591 1362 spectare.
2625 1322 2697 1335 --
2723 1293 2987 1350 Przcstant
3012 1308 3194 1353 autem
3231 1298 3336 1354 sibi
3381 1306 3621 1357 mutuam
3651 1299 3832 1356 Evan-

2233 1387 2371 1457 gelia
2399 1387 2819 1456 plenitudinem:
2873 1388 3000 1445 dum
3027 1391 3135 1445 alia
3174 1406 3240 1446 ex
3273 1391 3416 1454 aliis,
3463 1393 3588 1464 quia
3634 1395 3817 1448 omnia

2237 1479 2398 1535 unius
2423 1479 2662 1549 Spiritus
2711 1480 3027 1550 prtedicatio
3069 1483 3173 1549 sit,
3226 1481 3624 1556 intelliguntur.
3682 1484 3833 1541 Hane

2239 1572 2383 1626 enim
2413 1573 2631 1628 tacitam
2659 1573 2731 1629 ab
2750 1571 3006 1629 omnibus
3035 1589 3138 1644 pro
3157 1575 3440 1645 Apostolis
3463 1573 3679 1631 Domini
3713 1590 3835 1631 ora-

2241 1666 2442 1722 tionem
2483 1664 2726 1722 Joannes
2762 1667 2998 1722 maxime
3029 1666 3358 1734 spiritalium
3376 1682 3663 1724 causarum
3692 1684 3806 1741 prae

2239 1760 2450 1818 dicator
2496 1759 2759 1827 ostendit,
2809 1759 3098 1816 Dominum
3129 1759 3201 1814 ita
3233 1768 3510 1830 precatum
3534 1773 3660 1816 esse
3683 1802 3699 1827 ,
3753 1759 3838 1816 di-

2171 1841 2219 1902 Β
2245 1867 2376 1910 cens
2403 1872 2415 1906 :
2445 1851 2606 1908 Pater
2633 1865 2826 1920 sancte,
2864 1867 3110 1908 conserva
3136 1869 3222 1908 eos
3251 1854 3306 1909 in
3332 1854 3538 1908 nomine
3553 1863 3663 1908 tuo.
3695 1851 3826 1908 Cum

2244 1961 2405 2001 essem
2449 1962 2566 1999 cum
2588 1946 2663 1999 eis
2683 1986 2699 2013 ,
2743 1959 2841 2016 ego
2873 1941 3219 1999 custodiebam
3255 1960 3342 2000 eos
3370 1946 3424 1999 in
3457 1945 3664 1999 nomine
3709 1955 3834 2000 tuo:

2243 2055 2371 2109 quos
2399 2038 2586 2093 dedisti
2614 2039 2762 2104 mihi,
2817 2047 2866 2093 et
2892 2038 3147 2092 custodiri
3169 2035 3353 2109 (locu.
3384 2053 3516 2107 ml,
3547 2037 3607 2093 Η
3638 2047 3693 2096 et
3722 2037 3835 2111 1%).

2247 2131 2364 2188 Non
2404 2131 2508 2187 sibi
2537 2130 2721 2202 itaque
2750 2128 2854 2187 fuit
2879 2131 3055 2186 oratio
3083 2129 3198 2197 illa,
3245 2128 3344 2184 sed
3372 2129 3682 2200 apostolis:
3737 2142 3838 2183 nec

2253 2225 2353 2281 sibi
2377 2224 2551 2280 tristis
2576 2233 2698 2290 est,
2753 2223 2846 2294 qui
2895 2236 3057 2280 orare
3080 2237 3180 2278 eos
3226 2238 3296 2280 ne
3318 2230 3594 2279 tententur
3619 2231 3836 2278 monet:

2247 2331 2348 2374 nec
2372 2316 2477 2373 sibi
2505 2316 2736 2387 angelo
2765 2315 3032 2382 mittitur,
3083 2316 3176 2387 qui
3214 2317 3261 2371 si
3289 2315 3471 2384 vellet,
3495 2314 3575 2387 (tt)
3625 2313 3833 2371 duode-

2247 2409 2352 2466 cim
2401 2408 2570 2464 millia
2623 2409 2899 2480 legionum
2948 2407 3018 2465 de
3069 2409 3224 2467 cmiis
3263 2409 3591 2466 deduceret:
3626 2408 3692 2481 (i)
3740 2422 3840 2463 nec

2248 2511 2469 2575 propter
2495 2508 2726 2557 mortem
2749 2502 2928 2567 timet,
2978 2501 3070 2572 qui
3093 2516 3263 2573 usque
3283 2501 3350 2557 ad
3381 2509 3613 2557 mortem
3641 2501 3842 2555 anxius

2247 2603 2369 2650 est:
2417 2609 2517 2650 ncc
2542 2602 2601 2649 ut
2626 2608 2688 2651 se
2713 2603 2954 2649 transeat
2979 2593 3144 2659 calix,
3177 2601 3366 2664 rogat;
3399 2592 3494 2649 sed
3521 2608 3554 2649 a
3584 2606 3645 2648 se
3665 2600 3840 2649 trans-

2249 2691 2328 2747 ire
2365 2689 2588 2746 calicem
2617 2699 2799 2761 rogat,
2827 2689 2917 2757 qui
2944 2697 3125 2744 tamen
3173 2686 3403 2744 transire
3419 2689 3437 2759 (
3441 2684 3493 2760 j)
3514 2701 3620 2742 non
3645 2686 3837 2758 possit,

2249 2783 2351 2838 nisi
2379 2797 2506 2838 eum
2534 2780 2749 2838 biberit.
2824 2779 3083 2837 Transire
3118 2788 3299 2836 autem
3335 2777 3417 2852 (5)
3462 2794 3569 2835 non
3597 2781 3715 2836 loco
3739 2778 3837 2835 de-

2248 2877 2445 2934 cedere
2469 2886 2580 2942 est,
2636 2876 2731 2933 sed
2759 2877 2983 2931 omnino
3006 2888 3113 2931 non
3145 2884 3400 2931 exstare:
3443 2873 3586 2945 quod
3617 2871 3839 2941 quidem

2251 2971 2425 3040 ipsum
2455 2979 2510 3024 et
2534 2967 2880 3038 erangelicus
2908 2977 2964 3024 et
2987 2967 3321 3041 apostolicus
3339 2982 3522 3025 sermo
3549 2966 3840 3038 significat,

2249 3078 2374 3120 eum
2400 3063 2615 3128 dicitur,
2641 3061 2840 3120 (ἰαιιιιιι
2863 3074 2912 3118 et
2938 3072 3080 3119 terra
3107 3064 3434 3130 transibunt,
3476 3064 3629 3119 verba
3669 3073 3844 3118 autem

2251 3177 2364 3215 mea
2383 3175 2487 3214 non
2531 3156 2864 3229 prceteribunt
2886 3155 3084 3232 (Marc.
3118 3171 3236 3222 xm,
3264 3155 3381 3229 3i).
3459 3155 3568 3213 Sed
3604 3165 3663 3211 et
3691 3159 3839 3225 Apo-

550 3256 654 3310 stis
679 3265 761 3310 est
793 3264 848 3310 et
871 3256 940 3311 de
969 3256 1122 3312 nobis
1166 3228 1514 3313 confortatus
1533 3268 1617 3313 est
1641 3228 1670 3323 ,-
1701 3273 1764 3312 ea
1813 3258 2149 3314 confortatus
2176 3228 2224 3292 θ
2255 3254 2468 3310 stolus:
2505 3228 2640 3308 Ecce
2667 3258 2835 3309 vetera
2860 3228 3192 3317 transierunt,
3225 3260 3277 3306 et
3297 3228 3438 3323 facta
3457 3260 3576 3305 sunt
3604 3249 3682 3324 (Β)
3713 3265 3845 3304 nova

553 3353 640 3401 est
662 3346 978 3402 conditione
1017 3363 1121 3419 qua
1149 3347 1320 3403 tristis
1343 3356 1446 3404 est.
1501 3348 1766 3405 Sudorem
1813 3365 1944 3406 vero
1988 3367 2151 3408 nemo

556 3437 856 3493 inﬁrmitati
884 3439 1418 3511 audebitdcputare:
1466 3443 1590 3512 quia
1638 3450 1694 3496 et
1746 3454 1936 3498 contra
1988 3456 2153 3500 natu-

555 3545 672 3586 ram
701 3541 786 3587 est
813 3532 1009 3589 sudare
1037 3534 1377 3605 sanguinem.
1429 3534 1540 3589 Nec
1562 3534 1849 3592 infirmitas
1872 3545 1976 3607 est,
2006 3539 2152 3610 quod

633 3673 717 3744 (1)
751 3675 873 3727 Jom
899 3676 1009 3729 sine
1035 3675 1255 3729 tristitite
1281 3684 1414 3728 metu
1434 3684 1620 3739 essent,
1646 3677 1741 3729 ait.

632 3745 716 3819 (‘2‘)
752 3746 932 3802 Codex
993 3747 1187 3801 Veron.
1218 3747 1580 3816 confortiantis
1641 3761 1739 3817 pro
1795 3749 2148 3818 confortantis,

638 3863 717 3938 (ιι)
749 3863 936 3938 Plures
962 3877 1092 3916 mss.
1119 3863 1390 3938 exstitisse.

636 3933 713 4002 (ὁ)
753 3934 827 3989 lta
860 3935 1264 4001 prrstantiores
1305 3948 1434 3987 mss.
1462 3933 1632 3990 Vatic.
1673 3934 1814 3994 bas.,
1847 3936 2002 3991 Colb.
2045 3946 2153 3991 etc.

566 4007 720 4062 Alter
747 4005 902 4078 Chiis:
951 4021 1070 4078 cum
1103 4005 1357 4078 Sorbon.,
1406 4006 1678 4078 jam_sine
1724 4007 1932 4061 tristitia
1981 4019 2028 4061 et
2052 4009 2158 4060 sine

567 4088 703 4132 metu
731 4078 822 4131 ait.
863 4075 1026 4131 Corb.
1051 4091 1173 4130 cum
1204 4077 1324 4130 aliis
1353 4075 1646 4140 nonnullis,
1674 4080 1788 4147 jam
1811 4079 1920 4131 sine
1937 4081 2159 4132 tristitia:

571 4161 706 4202 metu
745 4159 929 4213 essent,
973 4148 1064 4202 ait.
1101 4147 1240 4220 Editi
1274 4163 1420 4209 vero,
1470 4152 1584 4220 jam
1637 4150 1747 4202 sine
1774 4151 1995 4202 tristitia
2021 4161 2156 4203 metu

568 4222 789 4276 existens
816 4221 908 4273 ait.
975 4220 1128 4286 Quod
1155 4218 1351 4293 deinde
1407 4218 1714 4288 subjicitur,
1764 4220 1994 4274 Dormite
2016 4225 2154 4293 jam,

570 4293 735 4347 modo
766 4308 870 4345 non
902 4301 1080 4345 exstat
1121 4292 1259 4360 apud
1301 4291 1497 4344 Lucam
1523 4333 1538 4355 ,
1563 4293 1669 4345 imo
1720 4307 1940 4360 prorsus
1987 4291 2156 4359 aliud,

570 4376 718 4436 puta,
748 4364 873 4436 quid
899 4363 1132 4436 dormitis
1153 4363 1179 4414 .9
1207 4363 1422 4432 surgite,
1450 4374 1591 4416 orate
1609 4372 1713 4416 etc.

644 4434 716 4559 (2
762 4434 874 4486 Vat.
902 4434 1018 4487 bas.
1050 4451 1149 4488 ms.
1181 4437 1425 4487 custodis.

645 4510 662 4559 t
708 4506 725 4559 l
754 4505 971 4559 Excusi.
1004 4522 1121 4559 natu
1146 4508 1232 4559 aui
1260 4508 1425 4558 nobis.

645 4505 725 4576 (d)
744 4505 971 4580 (Excusi,
1004 4508 1232 4580 numqui
1260 4508 1402 4558 nobis
1422 4522 1440 4558 :
1481 4515 1535 4562 et
1565 4521 1689 4580 mox
1715 4549 1727 4568 .
1775 4507 1898 4580 quia
1913 4523 2042 4580 ergo
2068 4507 2156 4580 qui

572 4580 637 4632 de
667 4577 832 4641 nobis,
864 4589 971 4631 etc.
1005 4578 1336 4644 castigantur
1374 4579 1688 4632 auctoritate
1728 4577 1856 4633 mss.
1908 4579 2021 4631 Duo
2072 4579 2158 4631 hic

2257 3346 2327 3420 (Il
2346 3345 2468 3403 Cor.
2501 3359 2559 3413 ν,
2592 3345 2707 3416 i7).
2736 3345 2844 3402 Sed
2872 3354 2926 3401 et
2951 3359 3077 3400 cum
3099 3345 3195 3411 ait,
3225 3345 3388 3419 351
3414 3341 3482 3398 Et
3501 3343 3669 3414 [igere
3685 3341 3845 3417 hujus

2256 3441 2439 3498 mundi
2487 3439 2724 3496 transibit
2751 3437 2797 3512 (l
2821 3435 2942 3494 Cor.
2974 3453 3072 3504 vn,
3102 3439 3217 3511 5t).
3259 3438 3414 3494 Calix
3440 3453 3572 3510 ergo
3592 3480 3609 3505 ,
3638 3437 3710 3493 de
3735 3449 3848 3508 quo

2260 3540 2475 3597 Patrem
2499 3543 2622 3592 orat
2648 3543 2708 3590 ut
2733 3541 2993 3600 transeat,
3039 3548 3147 3589 non
3176 3539 3357 3603 potest
3383 3533 3620 3591 transire
3633 3532 3740 3590 nisi
3766 3530 3848 3587 bi-

2253 3677 2394 3734 sicut
2421 3683 2608 3747 postea
2630 3672 2935 3747 confortiari
2960 3685 3066 3727 non
3089 3675 3458 3744 confortatum.

2329 3748 2410 3823 (5)
2426 3745 2436 3747 ἡ
2454 3746 2578 3802 Non
2607 3747 2670 3801 de
2695 3745 2827 3800 loco.

2263 3864 2523 3928 claratur,
2553 3860 2646 3915 lib.
2680 3875 2719 3922 ι,
2751 3875 2806 3912 ιι.
2837 3858 2930 3922 32,
2971 3872 3178 3913 necnon
3209 3857 3302 3914 lib.
3336 3874 3394 3926 ιι,
3420 3874 3476 3914 ιι.
3506 3858 3562 3914 6.

2337 3934 2415 4007 (g)
2442 3931 2711 4007 Valentini
2739 3929 2966 3994 scilicet,
2993 3929 3265 4007 gauieluei
3287 3945 3351 4007 ac
3378 3929 3659 4007 similium.
3690 3931 3842 3989 Eam-

2264 4000 2577 4073 det'u'hujus
2599 4005 2676 4058 rei
2697 4016 2914 4057 causam
2955 4000 3112 4056 amart
3137 4001 3511 4073 Theudor-etus
3542 4003 3843 4060 Demonstr.

2266 4078 2408 4147 quod
2435 4072 2564 4131 unio
2589 4076 2655 4130 sit
2680 4073 2957 4128 inconiusa
2981 4089 3035 4127 ιι.
3060 4075 3116 4136 8,
3141 4073 3230 4147 ubi
3260 4073 3362 4129 hoc
3382 4072 3584 4130 factum
3610 4089 3730 4131 esse
3746 4075 3846 4131 do-

2266 4146 2375 4216 cet,
2421 4159 2477 4203 ut
2507 4157 2823 4217 posterorum
2863 4147 2901 4198 ii
2925 4185 2939 4206 ,
2972 4147 3059 4215 qui
3089 4146 3272 4200 anima:
3295 4148 3621 4216 corporisque
3641 4163 3846 4201 assum-

2266 4225 2487 4294 ptionem
2511 4219 2774 4294 crederent
2792 4259 2807 4280 ,
2856 4217 3367 4294 demonstrationibus
3393 4219 3844 4294 conﬁrmarentur;

2266 4289 2352 4361 qui
2379 4308 2496 4346 vero
2524 4289 2952 4362 contradicerent,
2973 4289 3302 4362 euidentibus
3331 4291 3633 4362 testimoniis
3659 4293 3845 4362 coiifu-

2266 4359 2515 4426 toreritur,
2560 4359 2752 4432 quibus
2802 4359 3112 4432 przrmittit:
3177 4359 3290 4414 Etsi
3333 4362 3468 4416 enim
3507 4359 3771 4416 divinitas
3802 4373 3848 4417 et

2265 4437 2475 4506 spiritus
2493 4431 2707 4506 aderant
2731 4431 2863 4486 velut
2887 4431 3098 4495 unctio;
3144 4441 3312 4506 tamen
3367 4449 3455 4487 nec
3494 4437 3638 4488 unita
3658 4435 3846 4488 diuini-

2262 4505 2340 4560 tas
2363 4523 2453 4560 nec
2475 4505 2689 4576 spiritus
2715 4518 2902 4574 corpus
2932 4511 3052 4556 tunc
3098 4513 3188 4557 aut
3218 4505 3446 4576 animum
3470 4515 3845 4568 sustentant,

2265 4580 2352 4632 sed
2374 4580 2468 4631 hoc
2495 4574 2830 4630 ministerium
2849 4576 3032 4640 angelo
3059 4574 3500 4641 commendarunt,
3519 4587 3573 4631 ut
3593 4586 3640 4630 et
3660 4580 3850 4632 animo:

575 4651 752 4703 obiter
782 4647 1011 4701 notantia
1035 4668 1047 4699 :
1095 4650 1326 4718 primum
1353 4664 1459 4703 non
1489 4648 1758 4704 hominem
1787 4693 1802 4713 ,
1841 4651 1933 4704 sed
1965 4661 2154 4703 creato-
2186 4650 2231 4708 D
2257 4661 2304 4703 et
2332 4649 2561 4718 corporis
2585 4645 2935 4717 inﬁrmitatem
2952 4647 3293 4718 ostenderent,
3319 4657 3367 4702 et
3398 4649 3848 4718 perinfirmitatent

572 4737 676 4774 rem
709 4723 1008 4788 angelorum
1033 4721 1099 4772 ab
1122 4720 1434 4773 inﬁrmitate
1461 4719 1676 4774 defendi
1702 4738 1716 4783 ;
1748 4722 1997 4782 alterum,
2030 4722 2150 4774 nul-

574 4793 682 4845 lam
711 4791 776 4844 de
799 4791 1022 4844 veritate
1052 4790 1285 4844 tristitia:
1307 4789 1505 4845 Christi
1550 4791 1845 4846 secundum
1879 4793 2152 4846 hominem

572 4863 993 4916 controversiam
1021 4861 1264 4923 moveri,
1314 4864 1436 4932 quia
1484 4862 1552 4915 de
1599 4863 1686 4916 illa
1717 4864 1893 4917 nullus
1917 4865 2156 4929 ambige-

572 4934 693 4999 bat;
727 4933 823 4988 sed
863 4934 962 4986 hac
988 4933 1150 4987 veluti
1176 4935 1297 4986 data
1326 4975 1340 4996 ,
1368 4934 1547 4988 statim
1576 4933 1642 4988 de
1672 4950 1833 4990 causa
1865 4943 1918 4989 et
1964 4935 2149 4990 Condi-

573 5007 721 5059 tioue
753 5005 895 5058 illius
923 5004 1185 5073 disputaui
1213 5022 1223 5056 :
1282 5016 1337 5058 ut
1372 5020 1434 5059 ca
1479 5006 1728 5059 nimirum
1778 5006 1942 5061 fuisse
1970 5016 2156 5061 osten-

575 5077 750 5139 datur,
779 5092 898 5141 qme
930 5093 1032 5129 non
1060 5077 1345 5130 dedecoret
1375 5079 1646 5131 hominem
1681 5079 1792 5131 Deo
1817 5080 2043 5132 unitum.

651 5145 723 5219 (κ)
769 5147 1086 5216 Hippolytus
1116 5148 1254 5218 apud
1283 5147 1685 5202 'l'heoduretum
1718 5152 1783 5203 ad
1812 5150 2016 5204 calcem
2044 5151 2165 5204 Dia-

575 5219 684 5287 logi
711 5235 785 5283 nt,
815 5228 1183 5288 argumentum
1230 5219 1404 5272 simile
1449 5222 1666 5274 coelicit
1691 5237 1755 5274 es
1788 5238 1924 5287 aqua
1955 5231 2011 5275 et
2041 5237 2165 5275 san-

614 5291 736 5344 uine
765 5304 885 5360 quae
913 5300 1031 5359 post
1060 5300 1290 5345 mortem
1316 5290 1512 5344 Christi
1561 5306 1625 5345 ex
1668 5296 1831 5346 latere
1858 5292 2002 5346 illius
2031 5308 2160 5359 pro-

575 5307 882 5416 ιΐῖιιιιιειηιιιιί
929 5361 1152 5416 Cornus.
1205 5364 1432 5416 quamvis
1461 5364 1679 5416 humano
1710 5381 1850 5416 more
1878 5375 2158 5416 mortuum.

619 5370 882 5417 exerunt:
929 5361 1152 5428 Corpus,
1205 5364 1432 5430 quamvis
1461 5364 1679 5416 humano
1710 5381 1850 5417 more
1878 5375 2158 5432 mortuum,

575 5451 816 5506 magnmu
840 5434 893 5487 in
919 5450 973 5486 se
998 5437 1112 5487 vita:
1136 5435 1237 5486 vim
1261 5434 1427 5488 habet.
1464 5505 1467 5506 ν
1492 5435 1618 5499 θυαε
1656 5436 1789 5489 enim
1844 5453 1908 5490 ea:
1937 5438 2150 5490 mortuis

576 5505 871 5577 corporibus
900 5523 999 5558 non
1031 5506 1312 5574 pro/luunt,
1342 5520 1405 5556 ex
1431 5505 1522 5559 illo
1549 5515 1841 5568 manarunt,
1875 5507 2082 5577 sanguis
2103 5517 2153 5561 et

579 5593 752 5645 aqua:
805 5586 862 5630 ut
890 5579 1133 5649 sciremus
1162 5585 1406 5646 quantum
1436 5580 1504 5632 ad
1530 5577 1684 5631 vitam
1716 5579 1879 5632 ualeat
1907 5589 2153 5649 potestas,

576 5663 693 5717 quia
707 5649 1009 5719 incorpore
1034 5648 1293 5703 habitavit.

652 5718 721 5793 (ί)
752 5717 999 5793 {heresis
1034 5719 1359 5793 inﬁrmitatis
1399 5722 1702 5789 appellatur
1748 5721 1974 5776 Ariana:
2030 5722 2156 5793 quia

577 5789 777 5844 ChiiSti
803 5791 1096 5845 secundum
1130 5791 1414 5846 humanam
1447 5804 1689 5847 naturam
1736 5789 2067 5848 infirmitates
2091 5793 2159 5849 ad

583 5861 815 5918 divinam
849 5861 1137 5929 referebat,
1164 5873 1220 5919 ut
1241 5863 1292 5918 in
1324 5875 1644 5934 argumento
1667 5865 1892 5935 hujusce
1919 5866 2037 5922 libri
2066 5867 2157 5923 dco

2261 4722 2644 4774 ostenderentur
2702 4727 2902 4771 natura
2963 4718 3310 4787 inﬁrmorum.
3353 4720 3418 4775 Si
3441 4722 3613 4781 enirn,
3676 4721 3850 4787 inquit

2260 4793 2681 4862 Chrysostomus
2730 4788 2890 4862 Tom.
2925 4804 2966 4854 I,
2999 4788 3161 4844 Hom.
3193 4806 3370 4845 sun:
3423 4801 3535 4860 post
3561 4807 3714 4860 quam
3741 4793 3852 4862 ipse

2260 4875 2330 4916 tot
2353 4861 2590 4935 tantoque
2610 4861 2815 4924 dixerit,
2839 4875 3041 4935 carnem
3071 4863 3348 4935 iqttum‘non
3377 4866 3716 4935 assumpsisse
3737 4861 3850 4919 ausi

2262 4945 2379 4988 situt
2406 4933 2613 5002 quidam
2637 4947 2907 5007 asserere;
2951 4934 2998 4986 si
3040 4933 3171 4989 nihil
3218 4933 3405 4989 hornus
3432 4933 3626 4990 dictum
3649 4936 3848 5007 luisset,

2259 5007 2382 5079 quid
2406 5022 2508 5079 non
2536 5005 2820 5079 dixissent?

2343 5078 2424 5147 (Ιι)
2461 5077 2763 5151 Vetustiore
2805 5088 2937 5130 mss.
2975 5072 3132 5151 Colb.
3163 5091 3290 5151 cum
3331 5075 3520 5134 Germ.
3554 5087 3608 5134 et
3638 5079 3851 5151 Bemig.

2268 5145 2441 5203 decem
2468 5149 2632 5202 millia
2657 5147 2934 5220 legionum.
2981 5147 3129 5203 Alter
3151 5145 3307 5204 συιδ.
3339 5165 3404 5220 ac
3432 5151 3690 5219 Summi,
3720 5145 3852 5206 duo-

2269 5223 2432 5274 decint
2459 5219 2724 5290 legiones:
2781 5229 3066 5290 tumicum
3103 5222 3292 5276 codice
3322 5219 3442 5277 Vat.
3475 5224 3592 5279 bas.
3625 5224 3688 5279 de
3713 5224 3852 5280 caelis

2268 5289 2565 5360 angelorum
2589 5290 2876 5345 deduceret.
2906 5289 3114 5347 Videsis
3137 5301 3318 5347 notata
3345 5293 3400 5350 in
3424 5294 3567 5350 Psal.
3590 5312 3698 5361 ιιι,
3719 5298 3848 5354 uti.

2341 5365 2403 5435 (i)
2437 5365 2489 5419 In
2515 5364 2740 5432 vulgatis
2769 5404 2782 5426 ,
2820 5377 2911 5418 nec
2939 5375 3145 5433 propter
3174 5377 3386 5419 mortem
3413 5369 3692 5434 anaiotus,
3730 5381 3785 5424 ut
3819 5387 3854 5427 tt

2266 5453 2320 5489 se
2372 5440 2714 5512 transferatur
2759 5436 2901 5490 calix
2924 5447 3114 5507 rogat:
3163 5436 3313 5493 locus
3338 5439 3561 5496 mutilus
3583 5454 3685 5512 ope
3717 5456 3848 5498 mss.

2259 5522 2375 5562 resa
2383 5508 2567 5562 rcitus.

2333 5579 2399 5648 (i)
2430 5581 2519 5634 Sic
2541 5594 2672 5634 mss.
2709 5579 2772 5633 At
2803 5576 2933 5632 editi
2961 5620 2976 5643 ,
3009 5596 3116 5633 non
3148 5593 3337 5648 posset,
3363 5583 3466 5638 nisi
3489 5599 3608 5638 eunt
3638 5586 3847 5642 biberet.

2335 5651 2412 5721 (It)
2446 5650 2598 5721 Apud
2630 5650 2744 5710 Er..
2776 5649 2920 5719 Lips.
2961 5662 3014 5704 et
3055 5651 3207 5715 Pan,
3264 5657 3438 5708 omnia
3475 5672 3624 5710 nova.
3684 5656 3851 5716 Abest

2263 5728 2436 5777 onmin
2477 5723 2668 5797 aliud.
2703 5731 2756 5776 et
2781 5736 2908 5776 mss.
2965 5722 3099 5797 um
3139 5724 3288 5779 solus
3315 5726 3486 5783 codex
3516 5725 3704 5797 Carm,
3760 5731 3850 5784 sed

2267 5806 2311 5848 et
2337 5813 2452 5849 cum
2474 5796 2567 5869 ait,
2601 5792 2881 5848 Pratteririt
2908 5795 3038 5869 enim
3064 5796 3229 5865 figura
3252 5797 3404 5869 hujus.
3432 5802 3631 5856 mundi.
3665 5792 3720 5860 In
3753 5803 3850 5858 an.

2267 5879 2396 5937 quot
2427 5865 2546 5923 aliis
2573 5875 2751 5924 exstat
2776 5866 3030 5934 transicit,
3067 5882 3172 5924 non
3199 5865 3453 5926 transibit.
