4316 6448
468 308 574 368 371

1685 311 1774 367 illi
1808 309 2179 369 ΤΜΧΙΤΛΤΕ
2228 312 2426 371 LIBER
2472 316 2537 372 Χ.

3658 318 3762 370 579

469 433 658 489 hatur:
708 439 761 487 et
788 431 933 503 quod
967 440 1084 488 orat
1114 432 1414 497 Dominus;
1468 432 1648 503 utique
1680 447 1780 505 pro
1811 430 1894 485 his
1921 440 2061 497 orat,
2093 434 2138 492 Δ
2171 449 2293 488 nem
2323 442 2428 501 est,
2484 436 2735 490 humana:
2767 431 3150 506 trepidationis
3178 434 3418 491 anxietas
3448 457 3460 492 :
3512 444 3565 492 el
3606 447 3760 492 extra

467 539 605 598 quos
628 540 753 580 eum
786 525 869 581 his
917 540 1147 582 manens
1171 526 1287 596 ipse
1312 526 1585 589 salvavit.
1636 541 1771 595 quos
1818 534 1874 581 et
1918 524 2063 581 Patri

466 619 755 675 salvandos
781 620 1020 690 reliquit.
1098 620 1251 675 Nunc
1295 634 1425 676 vero
1446 630 1845 680 sacramentum
1875 620 2066 674 tnortis

467 721 807 786 peracturus,
839 710 1055 767 Patrem
1083 710 1165 767 his
1192 711 1472 768 eusmtletn
1507 719 1760 781 precatur
1786 728 1797 765 :
1824 719 1880 765 et
1909 711 2062 765 mis:i

471 806 525 864 in
559 821 629 862 eo
662 806 864 877 angeli,
896 805 941 861 si
971 816 1149 862 tamen
1179 806 1250 861 ita
1275 817 1381 871 est,
1410 820 1517 862 non
1540 806 1791 875 ambigua
1821 804 1901 878 (ιι)
1931 820 2066 872 pra:—

465 903 639 959 sentia
682 912 801 968 est;
847 912 901 959 et
948 903 1185 962 obtenta:
1232 904 1412 975 precis
1462 901 1748 959 manifesta
1792 901 2059 958 securitas

466 1008 584 1068 est,
639 1013 763 1055 cum
813 1013 909 1057 eos
951 1009 1324 1058 consummata
1375 1001 1624 1057 oratione
1652 996 1974 1055 adhortatur
2006 995 2061 1052 in

466 1108 743 1151 somnum.
844 1094 1111 1153 Eductam
1140 1105 1321 1150 autem
1353 1094 1655 1163 impetrata:
1682 1091 1973 1155 orationis,
2008 1099 2064 1146 et

468 1188 773 1249 adhortatte
820 1188 1167 1246 dormitionis
1218 1188 1611 1255 securitatem,
1671 1185 1784 1259 jam
1837 1190 1891 1242 in
1946 1187 2064 1256 ipso

466 1299 632 1358 opere
659 1282 932 1356 passionis
962 1281 1306 1353 Evangelista
1347 1281 1717 1349 demonstrat,
1757 1295 1881 1335 cum
1932 1294 2063 1349 apo-

466 1376 623 1436 stolis
653 1373 927 1439 omnibus,
975 1374 1046 1432 de
1075 1385 1480 1446 persecutorem
1513 1374 1762 1430 manibus
1791 1372 2061 1446 clapsuris

465 1467 577 1526 ait:
632 1466 702 1525 Ut
729 1467 1102 1541 adimplerctur
1123 1466 1328 1521 verbum
1356 1467 1497 1538 quod
1525 1467 1766 1534 dixerat,
1818 1467 2062 1537 quoniam

464 1578 592 1634 quos
622 1560 809 1617 dedisti
834 1560 982 1629 mihi,
1018 1560 1091 1631 (li)
1146 1577 1251 1616 non
1278 1561 1482 1631 perdidi
1509 1560 1591 1634 (l)
1623 1576 1686 1616 ex
1703 1562 1779 1616 eis
1808 1561 2061 1615 neminem

471 1653 653 1729 (Joan.
687 1668 845 1720 xvttt,
868 1650 948 1725 9).
971 1651 1229 1725 Impletur
1249 1653 1393 1709 enim
1427 1668 1523 1724 per
1547 1666 1608 1709 se
1635 1651 1898 1707 orationis
1941 1667 2061 1723 pre-

467 1756 631 1815 catio,
680 1757 735 1804 et
770 1746 923 1817 salvi
962 1760 1153 1803 omnes
1195 1757 1344 1802 sunt.
1383 1746 1495 1803 Sed
1545 1753 1734 1802 oratur
1760 1745 1945 1811 Pater,
2002 1756 2062 1800 ut

2165 529 2371 584 terreni
2400 537 2485 585 est
2520 530 2770 598 corporis
2800 528 2939 586 mala
2972 573 2990 597 ,
3043 545 3150 584 non
3179 530 3412 585 terrenis
3446 529 3757 586 inclmatnm

2163 636 2363 684 corpus
2388 624 2695 690 elementis,
2721 626 2825 679 etsi
2846 624 3113 695 originem
3141 622 3225 696 (ά)
3254 624 3351 680 lilii
3383 624 3620 681 hominis
3637 639 3763 680 sau-

2163 727 2283 774 ctus
2305 718 2545 791 Spiritus
2570 735 2672 792 per
2703 730 3101 777 sacramentum
3127 720 3501 789 conceptionis
3526 719 3753 776 invexit.

2164 809 2365 884 Nempe
2389 822 2445 869 et
2468 813 2736 870 Altissitni
2767 813 2954 877 virtus.
2981 814 3063 887 (5)
3093 814 3343 870 virtutem
3374 812 3451 885 (ε)
3491 816 3758 885 corporis,

2162 906 2307 975 quod
2331 922 2399 963 ex
2425 908 2784 981 conceptione
2801 908 3036 978 Spiritus
3057 908 3210 980 virgo
3232 906 3489 979 gignebat
3509 950 3522 972 .
3581 908 3760 964 admi-

2163 1000 2325 1056 scuit.
2376 999 2510 1055 Nam
2559 1016 2686 1057 cum
2728 1017 2826 1071 per
2869 999 3156 1058 translusa:
3205 1000 3260 1056 in
3307 1013 3506 1072 corpus
3561 1000 3758 1057 animm

2161 1094 2516 1160 consortium,
2538 1107 2733 1153 sensus
2761 1096 2981 1151 animati
3012 1094 3257 1165 corporis
3284 1094 3453 1162 vivat,
3485 1104 3540 1151 et
3572 1096 3748 1167 ipsum

2161 1185 2230 1241 ad
2272 1184 2543 1248 illatorum
2583 1186 2832 1243 dolorem
2881 1202 3084 1260 corpus
3130 1187 3314 1243 anima
3363 1188 3580 1259 corpori
3634 1204 3760 1260 μετα

2164 1279 2329 1335 mixta
2358 1279 2639 1346 viviﬁeet;
2690 1296 2810 1351 qua:
2852 1280 2944 1337 ubi
2986 1281 3228 1339 celestis
3258 1281 3374 1354 spei
3401 1297 3466 1338 ac
3495 1280 3619 1339 ﬁdei
3645 1296 3759 1338 sua:

2164 1370 2327 1427 beato
2354 1374 2558 1440 calore,
2609 1382 2842 1429 terrente
2862 1375 2914 1428 in
2939 1389 3169 1445 corpore
3193 1390 3292 1429 suo
3311 1374 3537 1446 originis
3564 1373 3761 1444 despe-

2162 1466 2240 1521 xit
2268 1466 2575 1534 exordium,
2622 1469 2705 1524 sui
2740 1482 2959 1541 quoque
2986 1482 3178 1523 sensus
3204 1483 3271 1524 ac
3309 1468 3535 1540 spiritus
3560 1483 3757 1540 corpus

2165 1555 2399 1613 efﬁcitur
2427 1559 2479 1612 in
2505 1557 2718 1628 dolore,
2751 1568 2810 1614 ut
2861 1539 2975 1630 pati
3013 1572 3074 1615 se
3123 1539 3352 1615 desinat,
3382 1561 3588 1616 sentire
3613 1539 3758 1631 quod

2164 1654 2408 1722 patitur:
2455 1661 2510 1706 et
2531 1651 2658 1722 quid
2690 1651 2849 1707 nobis
2873 1637 2945 1707 de
2965 1662 3155 1708 natura
3182 1651 3441 1710 dominici
3487 1655 3758 1725 corporis,

2162 1754 2218 1802 et
2245 1744 2630 1802 descendentis
2675 1743 2745 1799 de
2790 1746 2932 1802 ccelo
2978 1743 3076 1802 lilii
3106 1745 3345 1801 hominis
3376 1744 3557 1802 adhuc
3578 1761 3760 1803 sermo

464 1843 704 1900 salvatos
732 1856 833 1914 per
857 1856 940 1909 se,
984 1842 1208 1897 nuncin
1236 1842 1455 1898 nomine
1481 1856 1584 1897 suo
1608 1841 1779 1897 salvet
1806 1841 1942 1912 ipse.
1995 1841 2062 1897 Et
2091 1827 2137 1889 Β
2164 1842 2235 1902 sit
2248 1842 2278 1917 ξι
2332 1841 2450 1912 Ipsa
2479 1852 2695 1899 terrena
2739 1855 2968 1913 corpora
3009 1841 3201 1898 timere
3243 1854 3310 1897 ac
3348 1839 3541 1899 dolere
3588 1842 3756 1899 inter.

466 1938 606 1996 adeo
632 1937 850 2007 salvat,
892 1948 950 1992 ut
977 1936 1121 1992 Petri
1157 1936 1294 1993 lich
1333 1937 1652 2010 ptnnitentia
1682 1936 2060 2008 subsequente

468 2047 578 2091 non
597 2032 836 2101 deﬁciat,
882 2031 1011 2088 licet
1034 2030 1240 2089 territa.

537 2125 626 2183 ιδ.
658 2122 932 2199 Epilogus.
959 2153 1034 2167 --
1063 2126 1437 2180 ltemonstrata
1478 2125 1661 2196 itaque
1691 2132 1749 2181 et
1778 2138 1810 2180 a
1853 2123 2062 2181 Joanne

464 2218 679 2275 Domini
702 2219 880 2275 oratio
907 2260 923 2284 ,
980 2226 1038 2274 et
1088 2236 1120 2271 ει
1151 2216 1297 2274 Luca
1323 2217 1525 2274 diaboli
1549 2217 1868 2290 postulatio,
1912 2224 1969 2272 et
1996 2230 2061 2272 ea

465 2328 589 2386 qua
640 2314 693 2368 in
722 2312 978 2369 Mattbro
1014 2320 1176 2382 atque
1202 2311 1403 2379 Marco,
1434 2320 1489 2368 et
1514 2312 1732 2367 tristitia
1774 2326 1944 2382 usque
1993 2310 2063 2367 ad

466 2412 696 2462 mortem
720 2416 827 2467 est.
857 2413 915 2461 et
936 2405 1114 2461 somni
1157 2404 1486 2476 ohjttrgatio,
1518 2414 1576 2461 ct
1615 2420 1829 2461 rursum
1859 2404 2058 2459 adhor-

466 2498 625 2566 tatio,
652 2496 788 2554 nihil
812 2497 1179 2569 ambiguitatis
1204 2497 1537 2569 relinquunt:
1568 2511 1690 2553 cum
1716 2496 1934 2566 quando
1980 2495 2060 2570 (2)

468 2605 569 2664 per
596 2605 812 2661 precem
839 2588 916 2667 (c)
946 2590 1001 2646 in
1028 2589 1261 2657 Joanne.
1290 2605 1395 2661 qua
1424 2590 1573 2649 Patri
1603 2592 1880 2663 apostolos
1910 2606 2063 2647 com-

468 2681 707 2748 mendat,
742 2691 800 2739 et
841 2681 1075 2740 tristitia:
1112 2697 1277 2739 causa
1327 2690 1383 2738 et
1409 2684 1725 2739 transeundi
1751 2684 1935 2740 calicis
1961 2684 2061 2739 de-

467 2778 713 2850 precatio
739 2777 987 2835 ahsoluta
1017 2776 1131 2843 sit;
1166 2792 1273 2833 non
1302 2792 1334 2833 a
1361 2792 1422 2833 se
1467 2779 1776 2849 passionem
1816 2780 2060 2837 amoveri

468 2871 699 2931 Domino
726 2871 1078 2942 deprecante,
1101 2870 1197 2927 sed
1222 2870 1437 2927 Patrem
1465 2880 1523 2927 ut
1549 2872 1831 2944 apostolos
1855 2887 1916 2928 se
1946 2888 2063 2943 pas-

467 2980 598 3025 suro
629 2975 842 3023 tueatur
867 2972 1089 3023 orante:
1134 2975 1188 3021 et
1212 2980 1313 3037 per
1335 2964 1536 3021 Lucam
1560 2975 1777 3022 ostensa
1800 2966 2064 3022 adversus

468 3059 747 3118 diabolum
777 3075 964 3133 prece,
1006 3060 1121 3134 jam
1161 3059 1230 3116 de
1258 3058 1451 3116 ﬁducia
1502 3060 1652 3117 vetiti
1682 3069 1841 3119 antea
1885 3062 2063 3119 somni

468 3167 661 3210 secura
690 3154 979 3225 permissio
1007 3152 1101 3209 sit.

2165 1935 2293 1991 dum
2323 1935 2593 2001 nesciunt,
2638 1934 2779 2007 quod
2806 1944 2860 1989 et
2885 1933 3055 1991 doleri
3086 1948 3308 1991 necesse
3334 1944 3501 1992 estet
3532 1934 3731 1991 timeri.

2237 2029 2327 2085 65.
2370 2026 2498 2084 Tres
2548 2029 2695 2100 pueri
2722 2028 2966 2101 flammas
2999 2046 3099 2086 non
3141 2032 3342 2086 timent.
3384 2027 3556 2085 Multo
3596 2031 3761 2102 magis

2166 2119 2421 2177 Christus.
2456 2151 2526 2165 —-
2550 2123 2747 2194 Quaero
2767 2124 2914 2179 enim
2945 2138 3013 2178 an
3042 2131 3226 2196 pastas
3250 2123 3318 2179 ad
3348 2122 3591 2179 fomenta
3617 2139 3764 2179 enc-

2165 2217 2377 2273 stuandi
2410 2216 2717 2292 Babylonia:
2761 2218 3003 2274 fornacis
3034 2218 3284 2274 flammas
3305 2218 3563 2276 Israelita:
3606 2219 3757 2291 pueri

2168 2311 2468 2379 timuerint,
2498 2322 2553 2367 et
2576 2323 2753 2368 utrum
2785 2312 2839 2369 in
2871 2311 3000 2368 illud
3032 2311 3102 2387 (ί)
3147 2320 3348 2370 nostra:
3385 2314 3760 2385 conceptionis

2167 2419 2367 2475 corpus
2407 2416 2583 2463 metus
2625 2408 2759 2463 tanti
2807 2408 2946 2480 ignis
3000 2408 3286 2465 incesserit
3341 2407 3504 2482 (Dan.
3532 2409 3755 2479 ttt.23).

2165 2496 2363 2567 Quaero
2389 2503 2573 2567 etiam,
2620 2516 2689 2556 an
2728 2500 2811 2575 (4)
2857 2504 3261 2560 circumatnhiri
3307 2503 3388 2579 (g)
3424 2516 3485 2559 se
3520 2502 3756 2561 ﬂammis

2166 2596 2456 2653 doluerint.
2488 2596 2597 2653 Sed
2620 2594 2758 2651 forte
2785 2595 3004 2663 idcirco,
3035 2596 3157 2668 quia
3182 2613 3291 2653 non
3320 2599 3426 2654 usti
3454 2608 3602 2665 sunt,
3626 2598 3760 2656 nihil

2164 2689 2383 2747 doleant
2409 2709 2426 2757 ;
2491 2701 2545 2745 et
2572 2698 2685 2745 tum
2713 2688 2915 2747 afuisse
2944 2691 3156 2761 ignibus
3184 2701 3375 2749 natura
3402 2693 3595 2751 urendi
3639 2695 3756 2750 exi-

2166 2785 2493 2843 stimabitur.
2532 2786 2693 2843 Certe
2716 2786 2832 2842 haec
2856 2795 3048 2842 natura
3074 2789 3322 2859 corporis
3350 2798 3490 2861 erat,
3515 2800 3575 2845 ut
3597 2799 3653 2845 et
3676 2791 3760 2847 ttri

2166 2894 2229 2935 se
2258 2879 2501 2944 timeret,
2531 2888 2588 2937 et
2612 2889 2797 2949 posset
2821 2880 2927 2937 uri.
2964 2879 3121 2951 Quod
3157 2882 3203 2935 si
3232 2896 3329 2952 per
3355 2881 3604 2952 spiritum
3636 2881 3761 2939 lldei

2169 2983 2384 3032 terrena
2414 2989 2665 3047 corpora,
2694 2974 2745 3031 id
2769 2985 2853 3029 est
2877 3017 2894 3041 ,
2938 2976 3235 3033 secttndunt
3265 2976 3539 3033 elementa
3569 2992 3760 3032 causa-

2168 3083 2287 3123 rum
2314 3071 2687 3126 communium
2716 3069 2951 3134 initiata,
2997 3085 3173 3141 neque
3199 3072 3281 3127 uri
3310 3079 3620 3140 tmtuerunt,
3659 3086 3762 3127 nec

2167 3161 2393 3217 timere:
2437 3176 2559 3233 quae
2598 3175 2730 3233 ergo
2777 3177 2874 3230 per
2903 3160 3062 3228 ﬁdem
3098 3162 3189 3216 Dei
3236 3164 3290 3217 in
3314 3149 3532 3218 homine
3573 3172 3759 3217 contra

542 3246 631 3303 M.
661 3245 898 3302 Christus
922 3246 985 3302 ab
1010 3247 1247 3302 hantanis
1269 3247 1406 3302 vitiis
1427 3247 1574 3303 liber.
1605 3246 1802 3304 Sensus
1827 3249 2061 3304 unde.-—
2088 3231 2134 3295 (ἶ
2170 3262 2416 3310 naturam
2447 3231 2592 3320 sunt,
2618 3231 2682 3309 ea
2702 3253 2783 3327 (It)
2806 3256 2858 3310 in
2882 3253 2993 3309 Deo
3018 3253 3313 3310 secundum
3345 3254 3593 3311 virtutem
3630 3252 3760 3324 Spi-

469 3340 587 3402 Non
606 3350 691 3401 est
729 3342 910 3415 itaque
946 3343 1000 3400 in
1025 3356 1091 3399 ea
1113 3351 1325 3411 natura,
1353 3357 1472 3415 qum
1500 3358 1583 3416 sui
1603 3358 1660 3400 ra
1690 3343 1854 3419 352
1893 3344 2065 3402 homi-

570 3479 623 3551 i)
660 3478 746 3535 Ea:
773 3480 853 3536 Itis
877 3479 1119 3551 aliqua».

570 3481 590 3536 ί
660 3479 746 3535 Ea:
773 3480 853 3536 Itis
877 3479 1119 3551 aliquem.

540 3479 623 3627 i2;
664 3552 769 3607 Per
789 3568 991 3624 precem
1021 3549 1293 3608 Iohannis.

540 3667 621 3744 (α)
649 3669 709 3726 1η
753 3665 1076 3741 quibusdam
1126 3667 1525 3725 recentioribus
1566 3682 1696 3724 mss.
1728 3670 2062 3744 prtescientia

541 3814 621 3883 (ὁ)
652 3813 750 3869 Hie
792 3810 1006 3883 phrasis
1048 3824 1127 3867 est
1160 3826 1335 3879 arma
1387 3811 1454 3867 ad
1505 3810 1732 3868 verbum
1759 3826 2056 3882 expressa;

471 3882 562 3943 ode
580 3882 823 3944 ᾰπὼλισά
847 3885 898 3951 ἕξ
922 3885 1088 3941 αὐτῶν
1113 3882 1392 3951 οὐδέναῌη
1412 3883 1640 3954 vulgatis
1657 3896 1921 3953 expuncto
1943 3894 2062 3942 erat

472 3958 736 4026 particula
766 3972 869 4011 non
892 3968 1081 4011 contra
1114 3957 1275 4010 tidem
1297 3970 1425 4009 mss.
1475 3970 1703 4025 quorum
1730 3959 1790 4027 in
1823 3957 2058 4012 nonnul-

472 4028 564 4096 lis,
592 4043 693 4096 pro
725 4027 1325 4095 ηεηιὶηειιι,.τεροείιιιιιι
1353 4034 1436 4081 est
1462 4028 1703 4096 aliquem.

539 4097 619 4175 (c)
686 4099 811 4157 Par.
869 4115 961 4175 p_er
1006 4115 1201 4175 precem
1265 4097 1504 4175 Joannis.
1578 4098 1868 4175 _Etl_itiones
1941 4101 2062 4175 alia:

470 4167 563 4246 per
593 4167 789 4242 precem
815 4189 849 4226 a
871 4167 1110 4246 Joanne.
1148 4170 1365 4246 Rectius
1411 4184 1541 4246 mss.
1571 4170 1627 4246 in
1653 4167 1869 4246 Joanne
1881 4211 1901 4246 _.
1957 4171 2061 4226 hoc

470 4234 746 4314 est,'qu:e
783 4252 962 4314 exstat
988 4244 1041 4314 in
1072 4242 1367 4313 Evangelia
1405 4242 1646 4314 Joannis.
1716 4234 1925 4298 Similis
1976 4255 2059 4300 est

473 4312 728 4385 loquendi
756 4313 950 4370 modus
978 4312 1194 4385 Fragm.
1218 4312 1260 4377 t,
1290 4329 1437 4368 num.
1460 4312 1517 4367 2.

565 4386 624 4457 d)
658 4386 801 4442 Editi
827 4400 949 4441 cum
972 4383 1210 4457 uno'nts.
1248 4385 1481 4456 Retnig.,
1510 4385 1719 4457 tluohus
1737 4383 1917 4457 Collo,
1951 4402 2057 4441 uno

470 4455 705 4516 Sat-bon.
738 4458 849 4522 ﬁlio
878 4458 1117 4512 hominis.
1156 4456 1349 4511 Verius
1370 4459 1634 4512 vetustior
1656 4456 1837 4519 Cotb..
1860 4455 2023 4512 Corb.
2040 4501 2053 4520 .

473 4530 660 4597 Vind.,
684 4530 821 4586 alter
847 4529 1080 4599 Remig.,
1110 4528 1321 4594 Germ,
1356 4528 1497 4582 Prat.
1525 4534 1634 4583 etc.
1663 4528 1758 4596 ﬁlii
1799 4529 2051 4583 hominis:

473 4601 576 4658 hoc
602 4613 686 4663 est
710 4643 724 4662 .
778 4601 906 4658 licet
924 4600 1173 4655 Christus
1201 4615 1396 4668 corpus
1426 4600 1624 4655 haheat
1669 4614 1779 4654 non
1827 4604 2054 4655 terrenis

2169 3348 2305 3404 ritus
2330 3346 2399 3402 ad
2423 3355 2633 3404 natura:
2659 3348 2925 3421 originem
2959 3347 3208 3404 inchoata
3234 3390 3250 3417 ,
3298 3363 3405 3405 non
3432 3356 3560 3405 sunt
3605 3358 3761 3406 natu—

2249 3482 2330 3631 (δὲ
2377 3482 2630 3542 Virtutem
2651 3486 2876 3558 corpori.

2249 3555 2299 3628 μ
2364 3556 2812 3626 Circumamburi;
2866 3559 2876 3611 1

2239 3555 2325 3628 (ὁ)
2364 3555 2812 3626 Circumamburi;
2866 3559 2919 3613 in
2947 3568 3138 3615 nostro
3166 3558 3376 3617 codice.

2166 3672 2331 3750 uirtus
2355 3673 2605 3750 ditissimi
2635 3673 2880 3750 virginem
2905 3673 3243 3750 obumbravit,
3264 3677 3628 3750 inﬁrmitate»:
3649 3685 3760 3750 ejus

2171 3743 2320 3833 (puta
2350 3744 2620 3833 corporis)
2664 3743 2824 3833 ueluti
2854 3743 3755 3833 per.mbrantncircitmfnsa‘coniir-

2168 3832 2335 3891 mons,
2380 3827 2438 3891 ut
2488 3818 2558 3870 ad
2585 3819 2908 3891 sementium
2939 3818 3162 3873 ineuntis
3182 3818 3435 3891 Spiritui
3471 3818 3756 3891 efﬁcaciam

2166 3888 2503 3942 substantiam
2533 3888 2851 3958 corporalem
2883 3895 2984 3953 (ex
3011 3904 3072 3944 se
3113 3888 3405 3958 inﬁrmam)
3438 3888 3626 3947 diuina:
3649 3894 3753 3947 uir-

2166 3960 2290 4013 tutis
2319 3961 2623 4013 inumbratio
2648 3970 2973 4029 temperaret.
3025 3960 3272 4016 Pressius
3296 3978 3445 4016 nunt.
3477 3962 3583 4018 27:
3638 3963 3757 4019 lni-

2169 4031 2242 4104 tia
2270 4031 2511 4104 nascendi
2535 4031 2763 4100 Spiritus
2789 4041 2993 4086 smtctns
3014 4035 3370 4104 superveniens
3392 4044 3438 4088 et
3458 4035 3757 4092 inumbrans

2170 4102 2329 4174 uirtus
2357 4103 2604 4174 ditissimi
2623 4103 2924 4157 moliuntur.
2964 4104 3018 4158 Ιιι
3040 4102 3236 4172 quibus
3252 4104 3483 4174 Spiritus
3510 4116 3726 4161 sanctus

2168 4151 2229 4226 at
2248 4151 2331 4227 ea
2357 4151 2725 4245 v'.i.’t;.'.'.f..'."'.;t
2734 4151 3799 4245 ἶίἷζιὶ.’ριὲῥιὲἱὲἷ‹ἷᾶιῖιῖἰέζ’ῖιἿιῖἶέὲξὲδ

2164 4247 2306 4314 copti
2329 4260 2490 4299 causa
2515 4244 2756 4299 effectrix
2781 4244 3173 4301 cottsidrratur.
3201 4246 3437 4315 Utroque
3459 4247 3620 4302 modo
3642 4250 3751 4303 vir-

2167 4326 2252 4392 tus
2272 4327 2351 4392 est
2375 4319 2638 4392 corporis,
2669 4320 2785 4374 sive
2812 4319 2943 4373 illud
2968 4319 3273 4385 condendo,
3303 4318 3418 4375 sive
3440 4319 3618 4375 divina
3652 4336 3748 4392 per

2166 4388 2292 4441 illtttl
2323 4388 2618 4450 operando.
3184 4395 3200 4408 ‘

2236 4458 2308 4531 (ί)
2360 4459 2415 4513 lu
2456 4459 2645 4515 Codice
2678 4459 2796 4514 Vat.
2849 4461 2963 4515 bas.
3000 4472 3189 4515 nostra:
3224 4464 3414 4516 carnis.
3445 4463 3669 4521 Rectius
3697 4466 3748 4521 in

2157 4528 2525 4605 aliispnostra:
2546 4534 2916 4599 conreptionis.
2974 4534 3120 4588 Alias
3169 4550 3274 4588 non
3312 4547 3535 4605 apparet
3555 4536 3741 4592 discri-

2158 4618 2280 4657 men
2314 4602 2843 4675 intcr_lsraclitarnm
2875 4614 2928 4659 et
2961 4605 3154 4659 t.hristi
3187 4602 3413 4675 corpus:
3465 4605 3605 4672 quod
3637 4624 3744 4665 non

471 4673 783 4731 inchoatum
813 4673 1118 4741 elementis,
1147 4682 1333 4742 utpore
1360 4673 1514 4739 cujus
1536 4672 1785 4742 princeps
1811 4680 1895 4725 est
1927 4688 2053 4743 san-
2080 4720 2132 4743 η
2156 4689 2341 4737 carne.
2374 4672 2469 4729 sed
2498 4676 2861 4743 conceptione
2896 4694 2925 4730 a
2956 4677 3114 4732 nobis
3140 4672 3340 4731 distare
3369 4678 3601 4734 llilarius
3646 4680 3743 4735 doc

620 4720 1068 4814 Spirittt's'rvvere
1102 4720 1287 4799 lam'im
1317 4720 1472 4798 nanis
1515 4720 1598 4797 e'st
1626 4720 1767 4797 lilitis
1795 4742 2048 4809 hominis,
2080 4720 2134 4782 Ῑ)
2500 4720 2750 4801 ᾖπᾶἲίίἐ

471 4833 631 4873 verus
663 4814 894 4888 Virginis
919 4814 1083 4872 illius.
1116 4818 1248 4872 Cum
1274 4815 1359 4870 his
1393 4816 1582 4871 confer
1608 4825 1880 4885 postrema
1902 4831 2049 4870 num.

473 4889 544 4947 £5
573 4889 758 4943 verba.

542 4961 613 5033 (e)
644 4959 1029 5017 Praulictorum
1045 4973 1175 5014 mss.
1203 4958 1525 5033 auctoritate
1542 4959 1873 5033 restituimus
1894 4960 2053 5013 uirtu-

473 5044 571 5106 tem
591 5034 840 5106 corporis,
863 5032 1162 5106 prcsertim
1184 5045 1305 5085 cum
1328 5045 1478 5087 num.
1504 5032 1598 5097 25,
1617 5033 1724 5101 jam
1742 5033 2050 5106 legerimus,

483 5105 659 5160 Virtus
682 5104 929 5173 corporis
959 5104 1072 5159 sine
1113 5119 1266 5159 sensu
1296 5118 1457 5171 paretat
1478 5106 1579 5157 rint
1605 5119 1765 5172 perna:
1787 5104 1837 5156 in
1863 5119 1916 5158 se
1958 5104 2049 5156 de-

472 5179 723 5232 streicntis
747 5174 964 5242 excepit,
1005 5188 1068 5229 ac
1096 5189 1309 5231 rursum
1334 5190 1483 5230 num.
1510 5173 1603 5240 d6,
1624 5173 1857 5229 audituri
1884 5174 2053 5230 simus

472 5251 714 5321 corporis
759 5248 931 5321 nostri
969 5246 1247 5321 passiones
1275 5262 1306 5301 a
1336 5246 1553 5301 Christo
1578 5248 1781 5321 ivirtute
1817 5249 2051 5317 corporis

472 5324 552 5379 sui
570 5317 874 5389 susceptas.
913 5317 969 5374 In
996 5319 1226 5389 vulgatis
1250 5328 1431 5373 autem
1459 5335 1523 5372 ac
1541 5320 1782 5384 plurihus
1804 5333 1937 5373 mss.
1958 5333 2052 5373 ex-

473 5404 580 5450 etat
607 5395 839 5449 virtutem
860 5391 1083 5459 corpori,
1115 5391 1257 5462 quod
1284 5401 1504 5460 propter
1534 5390 1755 5445 verbum
1779 5391 2053 5462 admiscuit

474 5479 583 5522 non
604 5465 745 5521 male
774 5472 949 5519 sonat.
1002 5462 1114 5516 Hoc
1137 5460 1338 5533 ttuippe
1369 5462 1571 5516 dictant
1600 5477 1722 5518 esse
1746 5460 1959 5517 videtur
1986 5465 2053 5518 de

476 5536 637 5593 Vcrhi
663 5550 785 5589 eum
810 5545 1000 5589 natura
1046 5544 1225 5590 nostra
1254 5535 1637 5599 conjunctione
1656 5574 1672 5597 ,
1720 5548 1844 5603 quae
1874 5534 1964 5587 lib.
1992 5551 2049 5599 tt,

476 5626 532 5665 ιι.
562 5609 654 5674 Sb,
683 5607 856 5663 fusius
884 5609 961 5662 sic
989 5612 1301 5661 enarratur:
1324 5604 1556 5674 Spiritus
1582 5617 1789 5661 sanctus
1810 5604 1875 5659 de
1895 5621 2051 5674 super

473 5686 677 5737 sarrieris
702 5680 912 5751 uirginis
932 5680 1174 5733 interiora
1192 5676 1532 5748 mortiﬁcavit
1556 5720 1571 5743 ,
1606 5687 1654 5732 et
1674 5677 1732 5751 in
1749 5676 1830 5732 his
1847 5678 2052 5743 spirans

476 5764 675 5808 natura
702 5769 756 5806 se
781 5749 1018 5806 humana!
1043 5751 1214 5804 carnis
1239 5750 1513 5805 immiscuit
1538 5791 1555 5816 ,
1602 5758 1651 5804 et
1677 5749 1733 5803 id
1757 5751 1893 5818 quod
1918 5752 2047 5804 alie-

476 5842 598 5879 num
616 5843 650 5878 ιι
664 5842 717 5879 se
742 5834 873 5890 erat,
902 5824 945 5894 ui
966 5839 1067 5894 sua
1093 5839 1151 5875 ac
1173 5830 1416 5894 potestate
1438 5821 1764 5894 prqsnnspsit
1780 5837 1804 5894 ς
1818 5832 1968 5894 atque
1993 5831 2048 5875 ut

480 5912 541 5952 uc
569 5897 692 5961 quid
718 5910 808 5968 per
832 5889 1229 5950 imbecillitatem
1260 5889 1473 5949 humani
1497 5889 1730 5967 corporis
1754 5889 2042 5963 dissideret,

2161 4818 2304 4886 ﬁlius
2330 4827 2449 4871 ante
2475 4819 2666 4872 sarcula
2695 4836 2925 4885 manem,
2956 4824 3194 4875 humana!
3218 4832 3419 4876 natura:
3446 4821 3621 4877 habitu
3644 4867 3657 4885 ,
3691 4826 3745 4879 id

2160 4899 2271 4971 cst,
2301 4889 2463 4971 nostri
2499 4906 2730 4960 corporis
2769 4903 2924 4963 atque
2946 4894 3136 4947 animm
3159 4891 3315 4947 homo
3342 4911 3404 4949 ea:
3432 4907 3583 4965 partu
3620 4894 3739 4950 Vir-

2157 4962 2290 5031 ginis
2314 4969 2481 5016 natus.

2229 5032 2309 5105 (g)
2341 5031 2470 5087 Bad.
2519 5042 2573 5087 ct
2604 5034 2689 5087 Er.
2745 5036 3107 5090 drcnmaduri.
3139 5034 3266 5091 Mss.
3310 5036 3500 5105 (ἕω-Ιι.ν
3525 5038 3744 5095 Pratcll.

2160 5112 2266 5183 etc.
2302 5144 2343 5183 ,_
2373 5105 2788 5183 circttmamtmri.
2818 5107 2987 5183 __'l‘res
3034 5106 3207 5183 vatio.
3261 5124 3381 5183 cum
3429 5110 3637 5183 Remig.
3688 5126 3744 5171 et

2159 5174 2366 5231 Thecd.
2388 5216 2403 5237 .
2460 5177 2783 5232 circumbtm'.
2818 5180 2975 5234 Vind.
3008 5178 3073 5233 ad
3103 5181 3264 5243 Silv..
3293 5174 3738 5242 circumconiimri.

2158 5247 2315 5301 Coll).
2347 5262 2410 5300 ac
2456 5248 2636 5305 Germ.
2668 5291 2683 5313 ,
2731 5266 2845 5305 cum
2869 5251 3087 5306 amburi.
3137 5252 3299 5307 Caro.
3331 5256 3551 5307 antbnri.
3586 5256 3739 5313 Parvi

2162 5318 2391 5393 interest
2411 5335 2533 5393 qua:
2562 5336 2628 5375 ex
2658 5321 2743 5377 Itis
2772 5324 3088 5378 lectionibus
3114 5326 3449 5393 pratis-ratur.
3477 5326 3530 5380 ld
3561 5329 3737 5392 ipsum

2162 5389 2233 5445 ita
2261 5391 2313 5445 in
2348 5390 2491 5445 Psal.
2513 5406 2700 5460 cxuv,
2734 5411 2787 5446 ιι.
2820 5396 2887 5449 15
2912 5436 2924 5453 .
2979 5389 3322 5450 enuntiatur:
3366 5394 3484 5451 Illis
3528 5389 3740 5457 inroris

2159 5463 2372 5537 humore
2400 5463 2535 5534 ignis
2550 5474 2883 5533 temperatur,
2907 5467 3001 5522 hos
3025 5480 3315 5524 sxa-statam
3334 5469 3466 5537 ignis
3493 5472 3732 5527 amburit.

2155 5531 2296 5615 Ipsa:
2329 5531 2467 5591 intus
2494 5531 2738 5615 atraque
2756 5540 2981 5615 ﬂamma
3000 5553 3117 5595 sunt
3139 5583 3154 5603 ,
3202 5531 3422 5611 quorum
3453 5560 3545 5615 pro
3572 5545 3737 5615 dioer-

2151 5610 2304 5683 sitate
2321 5616 2615 5663 mentorum
2631 5619 2684 5663 et
2702 5610 2872 5681 deﬁcit
2895 5630 2928 5668 a
2949 5629 3003 5667 se
3024 5610 3228 5679 natura,
3259 5629 3349 5668 nec
3376 5614 3567 5683 deﬁcit.
3598 5614 3734 5669 Nam

2153 5679 2292 5746 quod
2316 5690 2411 5761 est.
2438 5692 2611 5734 manet
2641 5679 2873 5761 erga—cos
2898 5686 3032 5756 ignis
3056 5702 3164 5761 esse
3191 5702 3318 5755 quos
3347 5679 3482 5751 urit;
3523 5698 3568 5741 et
3596 5691 3735 5761 quod

2151 5765 2254 5823 non
2275 5760 2369 5814 est,
2405 5768 2606 5807 necesse
2630 5764 2705 5807 est
2727 5755 2782 5809 in
2806 5756 2885 5809 his
2915 5755 3023 5812 esse
3047 5757 3227 5823 quibus
3255 5774 3338 5811 ros
3367 5767 3458 5811 (sl.

2222 5822 2300 5897 (tr)
2330 5825 2484 5897 Αριιύ
2515 5824 2627 5897 ξιτ..
2659 5824 2806 5895 Lips.
2828 5838 2885 5885 et
2915 5822 3067 5897 νει-,ί
3092 5831 3145 5884 in
3170 5827 3276 5885 Deo
3297 5829 3516 5887 homine.
3567 5830 3732 5889 Abest

2149 5886 2400 5951 hominen
2424 5893 2553 5952 Both
2576 5886 2633 5952 et
2661 5886 2791 5954 mss.
