4316 6454
538 310 632 367 531

1746 311 1829 367 ΜΞ
1872 311 2237 369 ΤιίΙΝΠΛΤΕ
2277 311 2483 369 LIBER
2527 314 2590 367 Χ.

3722 313 3831 369 582

538 435 737 482 nostra!
766 426 928 482 etiam
960 442 1143 483 sermo
1174 427 1524 500 propheticus
1555 427 1703 484 testis
1731 438 1833 490 est.
1864 444 1986 485 cum
2010 430 2125 487 ait:
2155 430 2203 491 Α
2235 444 2347 500 tus,
2378 442 2434 491 et
2461 434 2650 489 salutis
2673 446 2870 489 ιιιιειιιε
2901 449 2996 503 ρει·
3029 432 3314 487 Dominum
3335 443 3468 502 Opus
3489 444 3817 494 memorans.

543 520 641 575 llic
680 531 888 593 peccan
913 530 1089 575 nostra
1125 532 1315 589 portat,
1340 530 1386 576 et
1426 538 1520 594 pro
1570 522 1715 578 nobis
1744 522 1880 577 dolet
1911 538 1929 577 :
1958 532 2007 577 et
2036 537 2128 577 nos

532 615 935 671 existimavimus
962 632 1078 670 eum
1107 618 1160 670 in
1188 616 1454 673 doloribus
1481 634 1611 685 esse,
1639 629 1685 673 et
1714 619 1769 673 in
1797 619 1973 692 plaga,
2004 622 2127 675 etin

533 709 816 768 vexatione.
850 709 972 783 Ipse
993 721 1164 766 autem
1187 711 1484 767 uulneratus
1510 721 1586 767 est
1607 721 1815 783 propter
1834 712 2131 785 iniquitates

533 813 753 873 nostras,
777 812 826 862 st
847 804 1179 874 inﬁrmitates
1202 814 1276 861 est
1292 817 1501 878 propter
1524 818 1729 877 peccata
1753 819 1929 864 nostra
1954 807 2124 882 (Emi.

534 911 655 968 Lm,
685 895 721 955 ι
745 907 799 956 et
825 894 901 973 5).
935 896 1162 955 Fallitur
1188 913 1318 968 ergo
1347 898 1600 956 humanas
1615 898 1988 956 aestimationis
2010 900 2130 970 opi-

534 989 645 1057 ttio,
680 998 874 1064 putans
895 990 1035 1047 hunc
1056 989 1153 1060 (al.
1187 989 1333 1061 hinc)
1354 990 1541 1047 dolere
1568 992 1713 1063 quod
1746 992 1965 1060 patitur.
1996 991 2128 1049 Poro

539 1090 658 1140 laus
682 1080 827 1141 enim
855 1092 1075 1156 peccma
1097 1091 1304 1148 nostra,
1332 1083 1539 1156 peccati
1575 1084 1747 1141 nostri
1776 1085 1980 1141 scilicet
2002 1101 2124 1141 cor-

534 1188 634 1249 pus
659 1187 965 1236 assumens.
997 1183 1175 1231 tamen
1207 1174 1324 1245 ipse
1349 1191 1458 1231 non
1488 1190 1695 1245 peccat.
1744 1177 1936 1234 Missus
1975 1193 2128 1235 nam-

531 1283 640 1340 que
662 1269 813 1324 estin
834 1267 1039 1339 peccati
1058 1268 1239 1325 carnis
1263 1268 1647 1336 similitudine;
1668 1282 1889 1340 portans
1906 1270 2123 1344 quidem

438 1428 445 1431 η
534 1360 587 1418 in
614 1376 779 1418 carne
807 1372 1045 1431 peccata,
1068 1362 1165 1418 sed
1196 1372 1400 1419 nostra.
1424 1362 1491 1419 Et
1514 1378 1616 1435 pro
1645 1364 1801 1423 nobis
1822 1364 1993 1427 dolrt.
2018 1379 2125 1421 non

532 1464 589 1512 et
616 1454 818 1511 doloris
838 1454 1009 1511 nostri
1032 1455 1179 1513 dolet
1196 1470 1362 1512 sensu
1388 1476 1403 1513 :
1427 1458 1550 1528 quia
1578 1467 1633 1513 et
1662 1458 1845 1514 habitu
1872 1468 1931 1513 ut
1961 1459 2127 1513 homo

536 1559 785 1618 repertus
809 1588 824 1614 ,
865 1546 1073 1607 habens
1110 1551 1163 1606 in
1190 1563 1252 1606 se
1278 1548 1482 1606 doloris
1516 1558 1734 1623 corpus,
1776 1551 1871 1607 sed
1897 1566 2003 1608 non
2030 1551 2129 1607 ha-

533 1642 665 1698 bens
687 1652 933 1699 naturam
964 1643 1202 1711 dolendi,
1225 1644 1352 1700 dum
1382 1652 1437 1699 et
1468 1642 1544 1718 (a)
1568 1655 1626 1701 ttt
1655 1644 1889 1700 hominis
1915 1644 2127 1702 habitus

534 1746 636 1802 cst,
664 1746 720 1791 et
743 1738 896 1809 origo
923 1751 1030 1793 non
1061 1737 1295 1792 hominis
1323 1747 1428 1803 est,
1450 1747 1577 1794 nato
1606 1754 1673 1795 eo
1686 1735 1756 1795 de
1768 1738 2125 1809 conceptione

2231 535 2460 584 mortem
2487 525 2688 582 Citriin
2719 530 2787 580 ita
2834 525 3119 595 significat,
3154 534 3210 579 ιιι
3238 538 3402 581 carne
3430 539 3489 579 se
3518 523 3734 595 Spoliet,
3767 532 3823 580 et

2230 630 2523 693 potestates
2551 637 2671 677 cum
2701 621 2894 677 liducia
2933 620 3276 690 dehonestat,
3319 631 3377 677 et
3402 620 3468 675 de
3503 616 3584 677 his
3632 618 3684 675 in
3730 637 3821 677 se.

2230 717 2462 787 metipso
2501 716 2798 786 triumphet
2822 714 2889 787 (ll
2921 714 3046 771 Cor.
3076 731 3172 773 xm
3196 758 3212 783 ,
3243 713 3323 788 5).
3372 711 3429 773 Si
3475 713 3528 772 itt
3572 714 3822 795 passione

2228 823 2325 866 sua
2358 809 2652 865 necessitas
2675 821 2778 872 est,
2811 818 2865 864 et
2895 825 3001 866 non
3030 808 3219 865 salutis
3260 817 3365 866 tua:
3386 805 3589 865 donuni
3614 818 3733 875 est;
3773 807 3817 863 si

2228 902 2282 959 in
2312 918 2475 960 cruce
2502 903 2660 960 dolor
2686 900 3082 974 compungendi
3110 911 3224 965 est,
3251 907 3305 956 et
3345 916 3449 956 non
3478 896 3718 968 decreti,
3749 898 3820 971 (c)

2227 995 2368 1069 quod
2391 998 2443 1051 in
2473 1007 2525 1051 te
2556 1010 2704 1051 mors
2724 1003 2809 1050 est
2831 995 3051 1066 scripta,
3080 992 3316 1049 conlisio
3353 1003 3434 1049 est
3454 1010 3471 1060 ;
3494 992 3537 1047 sl
3568 991 3622 1047 in
3647 1002 3823 1049 morte

2226 1093 2311 1146 vis
2333 1088 2521 1146 mortis
2546 1098 2653 1151 est,
2683 1096 2738 1143 et
2759 1104 2864 1144 non
2897 1103 2990 1158 per
3016 1096 3335 1157 potestatem
3360 1080 3451 1141 Dei
3481 1086 3660 1142 carnis
3684 1100 3819 1142 exn-

2226 1181 2330 1238 viae
2348 1191 2506 1249 sunt;
2535 1182 2581 1236 si
2610 1181 2842 1247 denique
2888 1195 3038 1235 mors
3070 1182 3181 1248 ipso
3210 1174 3353 1236 aliud
3386 1189 3491 1245 est,
3529 1195 3691 1249 quam
3725 1196 3819 1248 po-

2229 1287 2434 1334 tentum
2458 1276 2853 1342 dehonestatio,
2877 1290 3037 1347 quam
3058 1273 3273 1339 ﬁducia,
3298 1290 3456 1344 quam
3480 1273 3784 1343 triumphus
3810 1290 3824 1327 :

2227 1372 2474 1428 adscribe
2503 1366 2892 1434 inﬁrmitatem,
2925 1369 2971 1423 si
2998 1367 3070 1426 ibi
3102 1367 3398 1423 necessitas
3422 1377 3507 1423 est
3534 1375 3587 1423 et
3612 1377 3825 1433 natura,

2227 1466 2273 1521 si
2304 1466 2372 1520 ibi
2399 1464 2477 1521 vis
2504 1474 2588 1520 est
2614 1475 2669 1520 et
2695 1461 2994 1519 difﬁdentia
3018 1472 3072 1518 et
3094 1459 3353 1518 dedecus.
3381 1460 3473 1517 Sin
3494 1470 3671 1516 autent
3697 1459 3819 1515 haec

2229 1579 2260 1616 ε
2313 1558 2586 1614 contrario
2636 1559 2690 1613 in
2738 1563 3077 1613 sacramento
3124 1553 3389 1625 passionis
3436 1552 3826 1623 praedicantur;

2227 1654 2371 1725 quis,
2418 1665 2571 1721 rogo,
2606 1650 2753 1706 luror
2772 1659 2876 1713 est,
2901 1644 3179 1719 repudiata
3221 1646 3478 1702 doctrinas
3522 1645 3831 1717 apostolica:

2230 1746 2335 1801 iide
2357 1745 2522 1819 356
2550 1753 2757 1799 mutare
2781 1757 3000 1798 sensum
3032 1734 3330 1812 religionis,
3357 1748 3411 1795 et
3438 1749 3606 1795 totum
3633 1737 3739 1797 hoc
3758 1736 3831 1810 (Γ)

536 1832 773 1903 Spiritus
803 1832 998 1888 sancti.
1040 1831 1204 1905 355
1238 1830 1377 1888 iiine
1405 1831 1587 1903 itaque
1629 1831 1926 1889 :cstimutus
1952 1842 2035 1888 est
2078 1841 2134 1889 et
2160 1828 2210 1888 B
2237 1839 2303 1895 ad
2333 1835 2715 1893 contumeliam
2764 1828 3047 1891 imbecillis
3078 1847 3270 1904 rapere
3301 1839 3540 1893 naturae.
3590 1831 3733 1902 quod
3780 1840 3835 1885 ct

537 1928 591 1984 in
612 1925 889 1984 doloribus
915 1935 969 1983 et
999 1926 1052 1984 in
1078 1927 1227 1997 plaga
1255 1928 1383 1983 etin
1403 1928 1686 1984 vexatione
1706 1938 1847 1984 esse.
1880 1927 2131 1985 Formam

541 2019 685 2075 enim
716 2020 862 2076 servi
907 2020 1118 2091 accepit
1143 2037 1156 2073 :
1186 2028 1243 2076 et
1279 2031 1437 2077 natus
1464 2035 1528 2077 es
1559 2021 1768 2091 virgine
1798 2021 1962 2078 homo
2012 2022 2132 2091 opi-

544 2116 762 2171 nionem
794 2114 950 2171 nobis
986 2116 1245 2172 naturalis
1281 2116 1385 2175 sibi
1434 2119 1486 2173 in
1530 2117 1782 2189 passione
1811 2118 2017 2176 doloris
2056 2122 2135 2175 in-

544 2208 715 2266 vexit.
749 2207 875 2282 Ipse
918 2220 1091 2265 autem
1139 2212 1432 2265 uulneratus
1464 2221 1576 2277 est;
1628 2211 1726 2268 sed
1781 2225 1989 2283 propter
2030 2214 2137 2268 ini-

546 2306 767 2377 quitates
823 2312 1046 2361 nostras.
1112 2303 1244 2362 Nam
1317 2306 1565 2379 quamvis
1633 2307 1707 2362 sit
1775 2306 2089 2363 vulneratus
2119 2350 2136 2375 ,

552 2413 659 2452 non
705 2402 884 2453 tamen
933 2397 1229 2469 iniquitatis
1254 2411 1366 2455 sine
1398 2399 1590 2455 vulnus
1619 2405 1707 2455 est
1736 2417 1749 2454 :
1777 2407 1832 2455 et
1875 2399 2139 2473 quidquid

553 2494 776 2565 patitur,
807 2508 913 2548 non
952 2492 1059 2547 sibi
1087 2492 1307 2563 patitur.
1346 2493 1462 2552 Non
1491 2494 1634 2550 enim
1664 2492 1765 2550 sibi
1798 2494 1960 2551 homo
1986 2506 2143 2551 natus

553 2597 658 2651 est,
690 2600 790 2641 nec
827 2599 894 2641 es
926 2600 985 2642 se
1014 2585 1230 2657 iniquus
1256 2596 1360 2642 est.
1402 2586 1657 2645 Testatur
1694 2592 1984 2663 Apostolus
2010 2605 2142 2647 cau-

552 2692 671 2734 sam
715 2678 1134 2750 dispensationis
1182 2681 1335 2738 istius
1381 2680 1612 2738 dicens:
1669 2683 1888 2740 Orontes
1936 2686 2011 2757 (ὁ)
2055 2702 2146 2755 per

555 2769 816 2827 Christum
842 2774 1161 2829 reconciliari
1186 2772 1296 2830 Deo
1316 2793 1329 2828 :
1353 2791 1488 2844 cum,
1522 2777 1611 2847 qui
1639 2794 1741 2833 non
1768 2779 1999 2851 cognovit
2023 2795 2146 2852 pec-

555 2874 744 2927 catum,
795 2883 894 2937 pro
934 2867 1080 2922 nobis
1108 2877 1367 2935 peccaturo
1393 2870 1511 2942 fecit
1536 2869 1605 2941 (ιι
1630 2868 1751 2926 Cor.
1784 2888 1837 2939 ν,
1869 2872 1989 2944 ‘20).
2017 2871 2150 2929 Pec-

556 2965 733 3013 catum
762 2957 906 3014 euim
933 2958 987 3012 in
1024 2973 1185 3015 carne
1216 2971 1312 3029 per
1340 2972 1619 3030 peccatum
1650 2962 2108 3020 condemnaturus
2131 3006 2146 3031 ,

557 3052 760 3121 peccati
790 3050 916 3106 licet
940 3066 1160 3122 expers,
1194 3051 1363 3108 iactus
1390 3062 1472 3109 est
1493 3054 1607 3124 ipse
1636 3064 1932 3125 peccatum,
1964 3055 2016 3111 id
2044 3065 2148 3125 est,

560 3156 655 3213 per
680 3157 899 3199 carnem
925 3154 1205 3213 peccatum
1232 3144 1286 3199 in
1315 3158 1480 3201 carne
1500 3145 1894 3214 condemnatis,
1925 3147 1999 3221 (c)
2027 3164 2148 3205 car-

560 3235 645 3292 nis
671 3238 889 3308 quidem
928 3237 1164 3305 nescius.
1194 3238 1289 3295 sed
1322 3250 1419 3311 pro
1448 3238 1603 3296 nobis
1631 3254 1759 3297 caro
1789 3241 1962 3297 factus
2007 3251 2091 3298 est
2131 3258 2146 3296 :
2172 3226 2219 3290 C

558 3342 613 3388 et
667 3332 868 3391 idcirco
921 3340 1143 3405 prepter
1208 3334 1519 3407 iniquitates
1571 3347 1783 3392 nostras
1830 3346 1915 3395 est
1961 3337 2153 3395 vulne-

558 3433 731 3483 ratus.

629 3520 718 3576 48.
751 3519 945 3578 Christi
972 3520 1133 3578 uirtus
1161 3523 1216 3577 in
1238 3524 1477 3593 passione
1499 3523 1703 3579 emicat.
1758 3523 1943 3581 Passio
1962 3521 2155 3581 Christi

564 3616 872 3689 triuottpluts.
921 3645 990 3659 -—
1028 3616 1295 3673 Caeterum
1327 3619 1498 3673 nescit
1528 3617 1580 3672 in
1612 3615 1833 3672 Christo
1861 3619 2153 3688 Apostolus

561 3712 971 3780 trepidationem
1001 3710 1226 3767 doloris.
1258 3709 1391 3765 Nam
1430 3710 1884 3779 dispensationem
1912 3710 1992 3784 (Δ)
2029 3725 2153 3782 pas-

563 3808 732 3862 sionis
757 3809 1055 3872 locuturus,
1100 3808 1153 3861 in
1180 3814 1517 3863 sacramento
1544 3821 1665 3862 eam
1696 3806 1987 3863 divinitatis
2020 3824 2158 3879 pnu-

561 3897 778 3966 dicarit,
817 3898 1006 3955 dicens
1040 3915 1055 3952 :
1090 3898 1300 3954 Danaus
1326 3898 1469 3954 vobis
1504 3898 1677 3953 omnia
1705 3911 1941 3969 peccata,
1982 3899 2159 3956 deleas

562 3992 698 4061 quod
738 3992 1010 4048 edomant
1049 4007 1143 4047 nos
1188 3992 1288 4064 [ait
1336 3993 1735 4065 chirographum
1760 3992 1817 4048 in
1860 3996 2155 4061 sententiis,

561 4086 696 4156 quod
727 4094 837 4139 crat
878 4084 1196 4140 contrarium
1220 4083 1389 4151 nobis,
1422 4083 1605 4140 tollens
1630 4082 1762 4138 illud
1796 4083 1861 4138 dc
1894 4084 2079 4153 medio,
2107 4093 2159 4141 et

560 4180 770 4256 «ﬁgens
796 4178 928 4237 illud
957 4180 1119 4244 cruci,
1144 4179 1378 4250 spolians
1416 4195 1469 4234 se
1497 4194 1673 4247 cum,
1691 4188 1739 4233 ct
1774 4179 2093 4252 principatus
2112 4190 2162 4234 et

563 4285 837 4345 potestates
874 4274 1103 4330 traduxit
1130 4287 1244 4329 cum
1269 4274 1480 4344 ﬁducia.
1521 4274 1843 4343 triumphans
1872 4289 1957 4329 eos
1995 4273 2049 4327 in
2076 4289 2161 4329 se-

563 4366 999 4443 tnstipso(Coloss.
1031 4382 1071 4426 tt
1088 4410 1104 4433 .
1130 4368 1198 4425 13
1218 4378 1266 4423 et
1291 4366 1481 4438 καφ).
1510 4366 1878 4424 Suocumbere
1902 4382 2038 4439 ergo
2066 4368 2160 4424 tibi

2236 1934 2488 1989 voluntas
2515 1938 2677 1987 estet
2700 1940 3119 1992 sacramentum,
3147 1925 3289 1999 quod
3318 1935 3373 1984 et
3399 1927 3638 1998 potestas
3667 1935 3751 1980 est
3780 1932 3836 1980 et

2237 2028 2427 2083 ﬁducia
2457 2035 2512 2080 et
2539 2022 2874 2095 triumphus?
2903 2019 3231 2093 Triumphus
3249 2016 3405 2091 plane
3434 2023 3534 2084 est,
3570 2015 3737 2089 quteri
3767 2019 3834 2071 ad

2236 2135 2475 2185 crucem,
2520 2130 2574 2175 et
2611 2118 2925 2173 oilerentem
2974 2130 3034 2170 se
3082 2129 3190 2171 non
3238 2112 3527 2178 sustineri;
3579 2121 3725 2166 stare
3767 2112 3833 2165 ad

2237 2206 2564 2272 sententiam
2590 2211 2800 2275 mortis,
2832 2208 2925 2264 sed
2968 2200 3093 2264 inde
3135 2218 3513 2263 consessorum
3556 2217 3584 2257 ιι
3629 2199 3836 2256 dextris

2240 2308 2485 2373 virtutis;
2533 2304 2727 2374 conligi
2771 2298 2960 2370 clavis,
2993 2298 3090 2357 sed
3120 2315 3216 2370 pro
3246 2294 3684 2370 persecutoribus
3713 2306 3835 2347 ora-

2241 2417 2339 2467 re;
2369 2406 2580 2455 acetum
2613 2406 2830 2468 potare,
2871 2389 2964 2450 sed
2994 2400 3389 2449 sacramentum
3418 2400 3833 2453 consummare;

2242 2493 2488 2566 deputari
2534 2492 2675 2547 inter
2705 2491 2938 2559 iniquos,
2971 2480 3063 2544 sed
3095 2483 3403 2558 paradisum
3433 2482 3671 2540 donare:
3717 2476 3828 2535 eie-

2244 2590 2361 2646 vari
2393 2590 2445 2643 in
2474 2588 2638 2658 ligno,
2670 2586 2766 2641 Sed
2788 2594 2983 2639 terram
3012 2587 3283 2648 tremere;
3309 2578 3541 2649 pendere
3570 2576 3621 2631 in
3653 2588 3834 2644 cruce,

2246 2684 2345 2742 sed
2374 2684 2542 2740 solem
2573 2697 2636 2735 ac
2666 2680 2808 2736 diem
2850 2680 2927 2751 (g)
2959 2676 3180 2748 iugere;
3212 2676 3361 2731 exire
3399 2690 3429 2727 e
3461 2685 3711 2742 corpore,
3742 2670 3836 2724 5rd

2248 2794 2504 2838 revocare
2544 2776 2753 2832 animas
2792 2775 2847 2829 in
2882 2786 3110 2844 corpora
3133 2787 3147 2836 ;
3174 2769 3390 2839 sepeliri
3417 2775 3714 2830 mortuum,
3742 2763 3838 2819 sed

2251 2887 2531 2941 resurgere
2573 2869 2774 2934 Deum;
2802 2865 3095 2923 secundum
3122 2862 3393 2919 hominem
3423 2877 3521 2932 pro
3564 2859 3720 2914 nobis
3761 2859 3842 2914 itt-

2253 2968 2404 3024 ilrtna
2434 2964 2613 3021 omnia
2640 2962 2773 3034 pati,
2803 2959 2898 3018 sed
2926 2958 3221 3017 secundum
3253 2958 3420 3014 Deum
3446 2955 3503 3012 in
3546 2955 3630 3011 his
3662 2954 3842 3011 omni-

2252 3061 2351 3117 bus
2383 3057 2735 3128 triumphare.

2323 3151 2417 3210 49.
2454 3150 2765 3207 Derelictum
2811 3146 3077 3220 objiciunt.
3134 3145 3300 3213 Quam
3342 3142 3473 3197 nihil
3520 3140 3640 3196 inde
3687 3137 3847 3203 conﬂ-

2253 3247 2412 3302 ciant.
2442 3276 2515 3289 --
2556 3244 2745 3298 Restat
2789 3240 2947 3297 nobis
2977 3238 3186 3305 adhuc,
3218 3246 3276 3295 ut
3302 3230 3572 3293 hatretieis
3602 3233 3810 3289 videtur
3830 3272 3845 3295 ,

2252 3355 2445 3411 magna
2481 3346 2538 3395 et
2580 3337 2761 3410 gravis
2788 3333 3057 3393 confessa!
3098 3330 3424 3389 inﬁrmitatis
3468 3328 3763 3401 professio,
3792 3335 3849 3381 et

2255 3435 2486 3491 maxime
2508 3432 2675 3501 ipsius
2705 3428 2914 3484 Domini
2938 3426 3160 3483 vocibus
3190 3425 3354 3491 edita,
3384 3436 3504 3478 cum
3535 3422 3611 3476 alt
3641 3438 3655 3475 :
3690 3418 3845 3481 Dens.

2256 3526 2396 3583 Deus
2422 3541 2592 3589 meus,
2618 3538 2775 3593 quare
2814 3537 2893 3576 nte
2919 3517 3232 3589 tit-reliquisti
3264 3514 3477 3590 (Matth.
3514 3529 3689 3577 xsvtt,
3717 3509 3850 3585 ili)?

2254 3624 2386 3689 Quae
2413 3618 2659 3675 maximae
2696 3616 2932 3685 querelzc
2975 3628 3100 3669 esse
3141 3611 3454 3680 intelligitur
3500 3605 3849 3677 protestatin,

2256 3713 2576 3770 derelictum
2606 3725 2663 3765 se
2690 3724 2817 3765 esse
2854 3705 3111 3775 conqueri
3132 3748 3146 3772 ,
3187 3700 3595 3771 inilrmitatique
3621 3696 3850 3769 permis-

2257 3806 2413 3864 sum?
2447 3804 2643 3859 Verum
2693 3800 2810 3855 haec
2840 3800 3019 3871 impia:
3050 3795 3421 3867 inteiltgentite
3451 3794 3685 3847 violenta
3719 3803 3855 3860 prm-

2256 3898 2528 3969 sumptio.
2565 3910 2725 3965 quam
2764 3893 2865 3949 sibi
2899 3893 2951 3945 in
2976 3891 3124 3947 omni
3164 3888 3434 3945 dictorum
3460 3883 3852 3939 tlotniuicorntn

2261 4008 2463 4066 genere
2494 3995 2861 4060 cntnpugnat:
2906 3996 2963 4041 ut
2999 3984 3091 4057 qui
3120 3983 3185 4039 ad
3226 3991 3455 4040 mortem
3511 3976 3748 4042 festinat,
3797 3983 3856 4029 ttt

2258 4088 2350 4159 qui
2383 4100 2479 4154 per
2505 4097 2625 4138 eam
2667 4077 3107 4135 houoriileaudus
3152 4085 3255 4138 est,
3286 4084 3345 4129 ut
3390 4072 3481 4144 qui
3524 4079 3646 4142 post
3672 4084 3791 4124 eam
3825 4084 3855 4121 ιι

2260 4178 2465 4235 destris
2493 4174 2708 4233 virtutis
2743 4187 2992 4228 sessurus
3020 4178 3127 4235 est,
3157 4169 3212 4225 in
3243 4168 3325 4223 his
3355 4176 3433 4223 tot
3463 4160 3853 4223 beatitudinum

2262 4274 2440 4330 causis
2465 4271 2599 4335 utori
2633 4268 2891 4334 timuerit,
2943 4274 2996 4321 et
3036 4266 3105 4321 ob
3138 4262 3188 4319 id
3218 4262 3283 4316 ad
3327 4260 3700 4317 necessitatem
3735 4270 3854 4309 tuo-

2262 4370 2437 4426 ricndi
2460 4368 2736 4423 desertum
2757 4377 2816 4419 se
2836 4378 2868 4419 a
2912 4362 3029 4418 Deo
3066 4374 3165 4415 suo
3187 4368 3468 4431 queratur,
3497 4370 3617 4411 cunt
3646 4358 3698 4407 in
3730 4353 3855 4407 hea-

565 4464 776 4520 videtur
802 4462 985 4519 Virtus
1022 4462 1121 4519 ista
1148 4461 1389 4518 vulneris
1414 4461 1599 4528 clavo;
1643 4470 1698 4515 ct
1724 4460 1791 4516 sd
1822 4464 1984 4516 ictum
2011 4476 2164 4517 com-
2264 4468 2333 4519 tis
2366 4462 2473 4517 illis
2494 4468 2637 4517 esset
2666 4468 2895 4516 mortem
2922 4451 3172 4511 obeundo
3200 4450 3516 4507 mansurus!

564 4558 849 4630 pungentis
896 4556 1151 4614 exterrita
1178 4597 1196 4623 ,
1227 4556 1537 4613 dominassc
1575 4570 1634 4613 se
1675 4558 1731 4613 in
1776 4567 2021 4614 naturam
2066 4556 2163 4614 do-

2337 4562 2425 4616 50.
2468 4557 2765 4614 Commenta
2786 4569 2957 4608 eorum
2984 4553 3127 4606 varia
3156 4550 3219 4605 de
3255 4546 3405 4603 Verbi
3425 4555 3470 4602 et
3491 4542 3710 4599 hominis
3735 4558 3861 4597 con-

565 4654 744 4713 tendi?
777 4652 972 4729 Atquin
999 4652 1291 4723 Apostolus
1319 4648 1577 4724 loquente
1605 4652 1659 4709 in
1688 4668 1748 4708 se
1768 4649 1986 4709 Christo
2010 4652 2159 4711 laeuo
2186 4634 2234 4694 υ
2251 4654 2546 4729 junclione.
2570 4682 2641 4692 σο-
2664 4648 2806 4717 Quin
2833 4646 2994 4702 etiam
3016 4644 3085 4700 ad
3107 4639 3520 4715 irreligiositatis
3539 4636 3699 4709 hujus
3721 4644 3859 4690 tant-

635 4862 809 4938 (o)pin
865 4861 1012 4938 prius
1057 4856 1285 4938 abigatis
1330 4857 1746 4938 desiderabatur
1775 4858 2032 4931 particula
2062 4871 2157 4918 ut:

564 4929 817 5007 de'c'ujus
840 4929 1111 5007 viridi-sis
1130 4948 1298 5007 supra
1319 4929 1429 4989 col.
1462 4930 1591 5007 365,
1624 4944 1736 4987 not.
1770 4929 1821 5003 ξι.

663 5008 716 5079 ὁ)
732 5004 931 5079 'Editl,
958 5020 1051 5079 pro
1072 5004 1277 5079 Christo
1302 5023 1314 5059 :
1347 5004 1706 5079 emendantur
1725 5020 1795 5079 es
1821 5018 1954 5079 mss.

662 5075 710 5151 r)
778 5077 934 5150 Apud
962 5075 1097 5151 Et,
1120 5078 1287 5132 carnis
1344 5075 1547 5151 quidem
1604 5076 1797 5151 peccati
1826 5076 2047 5151 nescius,
2070 5077 2159 5132 scd

570 5148 661 5225 pro
694 5148 855 5225 nobis
896 5168 1018 5205 raro
1070 5150 1233 5219 factus
1261 5151 1443 5225 carnis
1484 5148 1769 5225 similitudo
1798 5150 1993 5220 peccati
2037 5160 2109 5203 est
2142 5167 2155 5204 :

569 5221 777 5282 inerunt
808 5222 1097 5294 glossema,
1129 5221 1273 5291 quod
1317 5230 1493 5275 tamen
1544 5222 1820 5291 arripucrc
1868 5231 2154 5294 sequentes

568 5291 851 5352 editiones.
884 5295 1095 5351 Peccat't
1132 5308 1333 5362 espers
1364 5302 1417 5347 et
1457 5294 1636 5347 carnis
1666 5294 1881 5348 nescius
1907 5291 2154 5348 Christus

572 5368 891 5438 pnudicatur
920 5382 982 5421 ex
1008 5381 1104 5421 sua
1127 5376 1315 5420 natura
1342 5374 1396 5419 et
1439 5376 1564 5419 ante
1607 5373 1939 5435 assumptum
1970 5364 2156 5438 homi-

568 5432 713 5507 itent,
737 5455 801 5497 ex
837 5437 1205 5510 assumptione
1228 5448 1409 5494 autem
1437 5445 1491 5493 et
1520 5432 1805 5506 peccatum
1819 5445 1873 5492 et
1896 5450 2023 5492 caro
2046 5432 2158 5493 fac-

566 5522 671 5568 tus.

640 5582 724 5656 td)
774 5583 926 5656 Apud
967 5579 1089 5656 En,
1113 5579 1260 5656 Lips.
1294 5579 1517 5656 etPar.,
1547 5578 1985 5656 dispensationem
1999 5579 2154 5656 latine.

571 5650 755 5711 Melius
784 5650 937 5709 abest
976 5654 1109 5708 hanc
1135 5672 1164 5706 ει
1186 5650 1335 5708 ίΒειὶ.
1379 5661 1432 5709 et
1464 5652 1757 5722 potioribus
1788 5668 1916 5708 mss.
1948 5650 2161 5707 Clarius

574 5728 660 5784 hic
682 5727 915 5783 iiiiarins
938 5741 1161 5795 scopum
1190 5741 1347 5780 eoum
1370 5722 1624 5789 osiettdil,
1649 5740 1708 5778 se
1731 5725 1937 5779 scilicet
1958 5724 2163 5795 passin-

578 5816 698 5857 ιιιοιιι
747 5796 949 5855 Christi
978 5798 1277 5869 ptatdtcare
1304 5807 1579 5869 perat-tant
1609 5796 1659 5849 in
1689 5809 2008 5852 sacramento
2033 5797 2161 5869 diui:

577 5872 780 5929 uitatis:
806 5870 875 5929 de
902 5867 1004 5942 qua
1048 5880 1233 5943 postea
1255 5868 1509 5942 subjicit:
1545 5868 1884 5927 Succutnbcrc
1922 5885 2041 5941 ergo
2070 5867 2162 5926 tibi

2264 4863 2464 4917 videtur
2504 4858 2679 4914 Virtus
2724 4856 2824 4911 isto
2862 4855 3083 4909 uulneris
3111 4854 3272 4906 clavo.
3307 4849 3386 4905 Ah
3415 4849 3643 4906 humana
3675 4857 3855 4904 autem

2266 4945 2456 4989 natura
2496 4942 2700 4987 tantum
2730 4938 2876 4984 arcet
2906 4928 3237 4981 necessitatis
3268 4925 3644 4977 contumeliam
3672 4938 3684 4974 :
3716 4920 3776 4975 Si
3804 4922 3856 4975 in

2267 5008 2503 5076 passione
2526 5002 2902 5057 suam-reasons
2922 5008 3017 5076 est,
3037 5012 3142 5052 etc.
3176 5000 3347 5076 Qttattt
3367 5001 3737 5076 ueeessmttcnt
3766 5010 3858 5045 na-

2267 5068 2399 5133 tura:
2428 5080 2645 5131 nomine
2675 5076 2939 5127 interdum
2980 5074 3145 5127 donat
3178 5089 3188 5122 :
3224 5069 3284 5124 Si
3312 5068 3379 5122 ibi
3402 5068 3671 5124 tteccssitas
3710 5076 3781 5123 est
3807 5074 3857 5119 et

2264 5160 2470 5209 natura.
2499 5151 2540 5201 si
2574 5148 2637 5201 ibi
2663 5146 2735 5200 ris
2762 5154 2854 5205 cst,
2882 5153 2988 5199 etc.

2338 5244 2408 5315 (c)
2453 5244 2507 5295 in
2539 5241 2723 5297 codice
2751 5240 2866 5291 \‘nt.
2902 5239 3015 5291 bas.
3035 5279 3051 5303 ,
3080 5254 3181 5301 quo
3204 5238 3257 5291 ιιι
3285 5246 3350 5288 lc.

2335 5340 2411 5410 (f)
2458 5336 2623 5396 Editi,
2657 5340 2883 5399 excepto
2908 5330 3027 5386 Par.
3048 5372 3062 5397 ,
3093 5330 3159 5383 ad
3188 5328 3581 5385 imbecillitatem
3607 5337 3649 5380 ct
3673 5338 3851 5382 contu.

2262 5413 2466 5464 mcltam
2495 5422 2668 5476 rapere
2705 5415 2922 5458 natura'.
2948 5442 2965 5459 .

2338 5504 2414 5578 (υ)
2462 5505 2548 5557 Er.
2590 5510 2650 5578 Act
2678 5498 2849 5578 ‘Lips.
2906 5501 3087 5567 fauore.
3113 5514 3132 5552 :
3161 5507 3215 5552 et
3253 5511 3373 5578 mox
3404 5536 3420 5562 ,
3453 5510 3549 5562 pro
3592 5508 3856 5578 resurgere

2269 5565 2467 5642 Deum,
2520 5565 2915 5626 sultstitnerant
2951 5565 3233 5641 resurgere.
3297 5568 3545 5633 (ternum,
3594 5565 3769 5642 ttttntl“
3801 5574 3856 5620 et

2268 5637 2538 5722 postrema
2581 5644 2816 5722 editioni:
2850 5643 2967 5722 ῑδέιτ.
3014 5637 3402 5722 ιιι-ςιιιςιιιιιιιῇιικι
3442 5658 3451 5692 :
3506 5637 3856 5722 renitentibus

2268 5710 2387 5775 itiiis
2419 5719 2587 5775 libris.
2623 5722 2702 5770 Λιι
2737 5712 2965 5769 iiilatins
2994 5710 3251 5787 resurgere
3272 5710 3434 5766 Deum
3463 5715 3525 5764 nti
3571 5728 3690 5764 eum
3744 5725 3852 5762 tuo-

2267 5795 2417 5858 dnttt,
2440 5808 2543 5863 quo
2562 5806 2710 5858 snpet
2729 5789 2805 5844 ius
2825 5786 3259 5863 docetilitx-is’tnm
3286 5797 3471 5843 totum,
3490 5793 3646 5863 ιιιιτιιιι
3667 5795 3857 5836 Socun-

2266 5866 2394 5925 dum
2423 5857 2717 5931 hominem,
2748 5868 2867 5933 post
2895 5859 3343 5917 resurrectionem
3374 5872 3493 5915 esse
3521 5857 3708 5912 Deum.
