4316 6524
509 341 617 400 385
1696 331 1941 390 SANCTI
2002 331 2259 388 IIILARII
2300 328 2606 388 EPISCOPI
3695 329 3800 388 384

507 473 670 532 quam
697 456 766 515 ad
795 464 1155 532 prreparatam
1184 457 1287 513 sibi
1328 455 1489 525 viam,
1538 470 1637 528 per
1665 455 1720 510 id
1750 455 1962 527 ingenia
1994 453 2102 509 hce-
2132 454 2186 518 Α
2210 453 2397 519 homo,
2425 453 2529 508 hoc
2548 451 2744 508 habeat
2769 452 2886 521 sui,
2907 450 2974 526 (i)
3002 467 3106 522 quo
3127 467 3247 509 esse
3273 452 3437 510 homo
3463 455 3623 526 empit
3647 471 3802 512 exor-

507 553 677 609 retica
709 548 1062 615 contendunt,
1092 549 1236 620 quod
1262 557 1354 604 aut
1390 547 1657 604 defecisse
1685 548 1910 604 omnino
1937 547 2105 602 Deum
2209 547 2358 602 dium
2381 587 2396 613 ,
2425 561 2584 618 quem
2613 545 2954 603 extrinsecus
3000 547 3238 617 pretensi
3266 551 3536 606 sermonis
3563 559 3806 623 potestas

507 641 749 699 Verbum
766 641 1067 697 inanimam
1085 641 1330 712 corporis
1349 640 1556 706 volunt,
1584 646 1644 695 ut
1667 655 1772 694 non
1793 638 1933 693 idem
1952 637 2110 694 fuerit
2213 639 2282 694 ad
2306 639 2558 694 virtutem
2587 640 2964 707 Operationum
2989 642 3392 704 confirmaverit
3416 659 3432 706 ;
3480 643 3570 713 qui
3601 659 3746 699 nunc
3772 658 3805 699 a

510 737 667 795 Iesus
695 735 942 792 Christus
964 733 1196 790 hominis
1221 734 1380 800 filius,
1409 734 1498 804 qui
1525 742 1581 789 et
1618 732 1712 789 Dei
1739 732 1907 800 filius;
1937 741 1992 787 et
2017 739 2110 786 aut
2215 731 2307 788 Dei
2348 730 2526 788 Verbo
2551 738 2829 788 contracta
2877 747 3093 788 rursum
3147 734 3488 804 protentione
3512 735 3763 792 desertus
3784 775 3803 802 ,

507 829 579 888 de
600 843 660 884 se
681 827 757 900 (ο)
787 823 1045 883 defecerit
1071 827 1212 883 Deus
1241 824 1501 892 Verbum,
1530 823 1661 878 dum
1706 836 1906 893 corpus
1932 818 2111 876 ofﬁcio
2212 826 2416 884 clamet
2444 841 2458 878 :
2491 823 2658 892 Deus,
2685 824 2824 880 Deus
2854 842 2994 879 metis
3013 866 3030 891 ,
3056 842 3214 895 quare
3241 843 3320 883 me
3348 827 3703 898 dereliquisti?
3720 829 3802 886 vel

511 923 712 979 anima:
739 920 1009 985 viviticat;
1035 931 1130 975 aut
1168 920 1390 973 omnino
1415 915 1492 991 (ὁ)
1519 933 1621 973 nec
1663 915 1828 972 fuerit
1863 914 2111 970 Christus

515 1017 683 1072 homo
724 1021 906 1075 natus.
937 1010 1061 1083 quia
1092 1013 1146 1066 ιιι
1175 1025 1244 1066 eo
1274 1010 1369 1067 Dei
1399 1009 1638 1068 Verbum
1683 1008 1846 1064 modo
1889 1007 2114 1078 spiritus

511 1103 843 1180 prophetalis
867 1103 1211 1160 habitaverit.
1238 1101 1344 1159 Sed
1378 1101 1624 1158 ridicula
1649 1100 1817 1172 hujus
1843 1099 2108 1169 perversi-

514 1199 640 1256 tatis
669 1213 826 1255 error
862 1198 914 1252 in
959 1196 1222 1266 majorem
1265 1209 1328 1251 se
1356 1194 1649 1269 impietatis
1675 1193 1921 1250 extendit
1947 1191 2115 1248 auda-

509 1293 672 1359 ciam,
703 1307 772 1345 ne
799 1291 956 1346 Iesus
981 1288 1233 1345 Christus
1253 1329 1268 1354 ,
1313 1295 1440 1343 ante
1467 1301 1629 1360 quam
1657 1301 1723 1342 ex
1763 1285 1929 1341 Maria
1956 1294 2114 1339 natus

510 1395 618 1452 est,
660 1382 908 1439 Christus
937 1381 1008 1437 sit
1037 1400 1050 1434 :
1082 1381 1210 1436 dum
1241 1397 1347 1436 non
1378 1382 1470 1449 qui
1508 1389 1624 1435 erat
1667 1385 1828 1434 natus
1879 1387 1986 1443 est,
2016 1376 2113 1436 sed

513 1478 583 1534 ad
612 1478 662 1535 id
693 1486 805 1533 tum
826 1476 1060 1549 primum
1091 1475 1234 1547 quod
1263 1474 1425 1549 357
1464 1483 1620 1529 natus
1644 1485 1727 1528 εει
1761 1471 1834 1544 (c)
1860 1473 2108 1544 eruperit.

513 1572 621 1630 Per
665 1571 809 1642 quod
857 1571 1022 1627 etiam
1063 1569 1197 1626 illud
1245 1570 1362 1624 vitii
1403 1567 1730 1640 adjungitur,
1771 1575 1833 1622 ut
1860 1565 1943 1639 td)
1973 1565 2116 1622 Deus

517 1664 758 1722 Verbum
787 1673 1058 1734 tamquam
1096 1677 1222 1735 pars
1260 1662 1442 1732 aliqua
1470 1663 1731 1717 virtutqu
1761 1661 1854 1715 Dei
1878 1659 2114 1731 quodam

519 1773 581 1816 se
619 1766 794 1815 tractu
834 1756 1259 1814 continuationis
1300 1753 1619 1820 extendens,
1650 1751 1923 1809 hominem
1963 1753 2113 1809 illutn

2211 927 2362 976 certe
2384 927 2522 984 tum.
2547 935 2670 976 cum
2700 919 2753 976 in
2797 921 3034 975 animam
3058 921 3303 990 corporis
3322 935 3352 975 a
3381 920 3481 977 Dei
3523 919 3686 978 Verbi
3708 936 3805 977 na-

2216 1021 2332 1070 tura
2356 1013 2663 1070 demutatus
2683 1023 2787 1079 est,
2819 1023 3045 1085 paterno
3067 1014 3119 1069 in
3152 1013 3405 1072 omnibus
3427 1030 3559 1071 usus
3581 1015 3802 1084 auxilio,

2214 1121 2356 1163 nunc
2384 1107 2540 1176 inops
2587 1106 2703 1177 ejus
2755 1106 3026 1179 mortique
3079 1107 3409 1177 permissus,
3458 1105 3804 1164 solitudinem

2215 1184 2365 1256 suam
2393 1209 2780 1270 conqueratur,
2805 1201 3311 1272 relinquentemque
3345 1216 3405 1255 se
3429 1210 3650 1272 arguat:
3680 1216 3804 1256 om-

2217 1294 2376 1364 nique
2404 1291 2564 1348 modo
2588 1293 2860 1349 exitiabile
2882 1292 3124 1362 decepta:
3170 1293 3294 1347 lidei
3326 1293 3622 1364 periculum
3656 1309 3807 1349 como

2217 1395 2434 1457 paretur
2457 1427 2474 1453 ,
2504 1386 2548 1440 si
2578 1395 2671 1440 aut
2701 1386 2753 1441 in
2784 1386 2898 1441 Deo
2931 1385 3108 1442 Verbo
3139 1384 3427 1456 significari
3468 1387 3806 1443 existimetur

2216 1486 2421 1534 natura:
2469 1477 2755 1539 inﬁrmitas
2805 1495 2900 1550 per
2950 1478 3260 1550 querelam;
3309 1486 3402 1532 aut
3444 1479 3666 1534 omnino
3706 1493 3809 1535 nec

2216 1573 2379 1630 fuerit
2402 1575 2546 1631 Deus
2573 1573 2835 1642 Verbum,
2877 1574 3004 1629 dum
3029 1572 3245 1629 Christo
3277 1573 3404 1630 Iesu
3431 1572 3609 1631 Maria:
3629 1574 3805 1631 solum

2217 1680 2405 1744 partus
2427 1671 2710 1727 exordium
2737 1679 2840 1727 est.

2289 1765 2454 1840 358
2483 1767 2573 1823 5‘2.
2605 1764 2764 1821 Fides
2783 1783 2899 1822 vero
2919 1765 3174 1823 haeretica
3201 1764 3520 1822 adversa.-
3536 1763 3642 1822 Sed
3669 1765 3811 1823 inter

515 1855 610 1926 qui
645 1868 676 1908 ³
705 1851 864 1908 uaria
895 1867 1017 1908 esse
1045 1852 1211 1920 εωβίῑ
1237 1848 1560 1905 habitam?“
1579 1891 1594 1914 ι
1631 1858 1685 1904 ει
1714 1847 2005 1904 “unum”
2029 1848 2113 1904 δίο
2147 1853 2198 1916 Β
2225 1860 2884 1932 hasimpiasinllrmasque
2900 1862 3221 1927 sententias,
3241 1860 3494 1916 Ecclesia
3525 1859 3657 1917 fides
3679 1875 3810 1932 spo-

521 1947 659 2004 vina:
681 1948 1013 2018 Operationis
1041 1945 1388 2011 instruxerit;
1417 1941 1612 1999 anima
1644 1951 1822 1998 tamen
1851 1956 1965 1997 sua:
1996 1957 2114 1997 mo-

517 2049 575 2099 tu
603 2049 903 2113 naturaque
931 2041 1225 2095 viventem.

589 2137 683 2194 5L
712 2133 929 2191 Errores
956 2135 1075 2189 inde
1101 2131 1422 2189 consectarii.
1454 2159 1525 2172 -—-
1569 2128 1672 2185 Per
1717 2128 1854 2185 hanc
1882 2125 1957 2202 (ε)
1984 2141 2115 2199 ergo

523 2233 776 2290 subtilem
808 2230 1228 2303 pestiferamque
1252 2225 1556 2284 doctrinam
1585 2223 1926 2281 deducuntur
1951 2223 2006 2278 in
2037 2225 2115 2277 vi-

518 2329 675 2395 tium,
706 2335 766 2384 ut
805 2334 899 2382 aut
929 2326 1072 2382 Deus
1100 2324 1339 2380 Verbum
1384 2322 1564 2377 anima
1593 2319 1838 2392 corporis
1884 2333 1980 2387 per
2019 2317 2117 2374 de-

520 2421 873 2480 niutationem
927 2420 997 2494 (ί)
1041 2429 1249 2476 natura:
1286 2434 1345 2473 se
1386 2415 1713 2474 intirmantis
1742 2412 2040 2478 exstiterit,
2062 2419 2118 2466 et

520 2515 757 2572 Verbum
781 2514 860 2588 (g)
889 2514 1031 2570 Deus
1058 2527 1183 2570 esse
1211 2509 1478 2569 defecerit
1505 2527 1517 2564 :
1541 2517 1637 2563 aut
1662 2520 1874 2562 rursum
1905 2518 2001 2574 per
2021 2519 2114 2562 ex-

519 2612 774 2668 teriorem
825 2610 1131 2680 nudamque
1170 2617 1416 2664 naturam
1467 2604 1740 2660 hominem
1790 2601 1945 2656 illum
1999 2602 2116 2656 sola

519 2702 626 2758 vita
652 2703 850 2759 anima:
890 2702 1164 2758 moventis
1192 2701 1511 2763 animatum,
1553 2695 1633 2769 (It)
1664 2697 1716 2750 in
1747 2708 1856 2765 quo
1881 2693 2117 2750 Verbum

524 2795 645 2863 Dei,
695 2795 746 2851 id
777 2804 884 2864 cst,
916 2793 1164 2866 quaedam
1211 2793 1363 2862 quasi
1411 2799 1651 2863 potestas
1677 2798 1923 2844 extensa:
1971 2789 2119 2843 vocis

531 2889 874 2958 habitaverit,
907 2897 1070 2960 atque
1094 2889 1168 2944 ita
1190 2887 1337 2942 omni
1361 2884 1523 2942 modo
1554 2883 1892 2955 impiissimae
1923 2882 2118 2938 intelli-

524 2987 724 3057 gentia:
749 2985 930 3041 aditus
955 2983 1241 3056 pandatur,
1271 2991 1328 3037 ut
1366 2991 1456 3037 aut
1487 2981 1629 3035 Deus
1657 2979 1893 3033 Verbum
1920 2979 1973 3032 in
2003 2979 2116 3034 ani-

529 3093 672 3134 mam
695 3075 959 3133 defecerit
981 3119 995 3143 ,
1026 3091 1126 3133 nec
1156 3074 1514 3145 permanserit
1545 3073 1686 3128 Deus
1730 3071 1998 3135 Verbum;
2027 3081 2120 3126 aut

524 3169 748 3224 omnino
774 3169 1024 3227 Christus
1049 3178 1177 3225 ante
1208 3175 1417 3240 partum
1444 3165 1624 3221 Maria:
1647 3180 1752 3220 non
1784 3165 1975 3230 fuerit;
1995 3167 2118 3235 quia

2215 1953 2440 2010 stolocis
2468 1952 2667 2008 imbuta
2687 1953 2948 2010 doctrinis
2969 1955 3117 2010 novit
3137 1953 3192 2009 in
3212 1953 3429 2009 Christo
3451 1955 3808 2023 nativitatem,

2218 2045 2312 2102 sed
2344 2047 2555 2117 ignorat
2580 2045 2880 2103 exordium.
2915 2046 3030 2104 Scit
3052 2045 3538 2118 dispensationem,
3581 2045 3676 2103 sed
3717 2061 3814 2104 ne-

2217 2141 2320 2196 scit
2344 2140 2690 2197 divisionem.
2721 2138 2838 2195 Non
2865 2138 2945 2214 (j)
2979 2141 3180 2211 patitur
3215 2136 3492 2195 Christum
3519 2138 3729 2204 Iesum,
3754 2147 3812 2196 ut

2215 2234 2375 2290 Iesus
2401 2249 2508 2290 non
2541 2233 2656 2304 ipse
2695 2232 2765 2288 sit
2791 2230 3082 2288 Christus:
3115 2247 3213 2288 nec
3251 2231 3420 2289 tilium
3461 2232 3696 2290 hominis
3726 2232 3810 2306 (ὼ)

2216 2328 2475 2384 discernit
2496 2342 2527 2382 a
2553 2326 2650 2384 Dei
2675 2325 2805 2391 lilio,
2836 2342 2904 2381 ne
2951 2326 3104 2381 tilius
3135 2326 3199 2396 (ι)
3232 2325 3328 2382 Dei
3361 2327 3496 2382 forte
3523 2340 3630 2382 non
3655 2335 3711 2382 et
3743 2327 3809 2381 ti-

2217 2423 2322 2479 lius
2348 2420 2585 2478 hominis
2621 2419 2974 2492 intelligatur.
3007 2419 3124 2475 Non
3151 2419 3386 2475 absumit
3428 2419 3596 2475 ﬁlium
3626 2418 3719 2476 Dei
3757 2420 3810 2475 in

2217 2517 2386 2574 tilium
2456 2515 2704 2572 hominis.
2780 2513 2967 2586 Neque
3031 2514 3296 2583 tripartita
3357 2510 3632 2570 Christum
3706 2513 3812 2571 [ide

2218 2612 2440 2678 scindit,
2461 2612 2614 2684 cujus
2637 2610 2705 2666 de
2725 2626 2889 2682 super
2906 2619 3050 2665 texta
3070 2611 3238 2664 vestis
3254 2608 3482 2664 inscissa
3503 2618 3588 2664 est
3603 2606 3809 2681 (Jortin,

2219 2723 2333 2772 xtx,
2356 2707 2454 2775 εδ)
2503 2722 2518 2760 τ
2568 2714 2624 2760 ιιι
2663 2703 2852 2760 Icsunt
2877 2701 3150 2760 Christum
3201 2711 3257 2758 et
3295 2702 3350 2758 in
3399 2701 3636 2759 Verbum
3674 2711 3728 2758 et
3758 2704 3811 2759 in

2219 2799 2453 2855 animam
2481 2806 2536 2854 et
2567 2799 2619 2852 in
2659 2810 2858 2864 corpus
2890 2795 3114 2860 incidat,
3168 2809 3342 2867 neque
3384 2809 3597 2850 rursum
3641 2794 3811 2852 Deum

2221 2890 2457 2946 Verbum
2472 2901 2524 2946 et
2543 2891 2594 2945 in
2611 2888 2844 2944 animam
2867 2896 2921 2945 et
2943 2888 2996 2942 in
3008 2901 3208 2960 corpus
3229 2886 3696 2943 absumat.Totum
3713 2888 3808 2959 (tu)

2220 2986 2270 3041 ei
2300 2985 2443 3040 Deus
2473 2984 2710 3042 Verbum
2740 2993 2824 3040 est
2846 3026 2861 3049 ,
2891 2991 3062 3039 totum
3105 2982 3157 3039 ei
3203 2980 3368 3040 homo
3394 2981 3644 3039 Christus
3687 2991 3771 3039 est
3795 2999 3811 3051 ;

2222 3077 2467 3134 retinens
2493 3077 2597 3131 hoc
2625 3077 2679 3130 in
2710 3083 3054 3132 sacramento
3081 3075 3441 3130 confessionis
3467 3089 3578 3130 sum
3605 3090 3770 3131 unum
3795 3117 3811 3144 ,

2223 3184 2324 3225 nec
2349 3168 2623 3224 Christum
2653 3166 2796 3222 aliud
2828 3165 3054 3224 credere
3082 3181 3242 3237 quam
3269 3164 3479 3237 Iesum,
3506 3181 3608 3223 nec
3630 3165 3814 3225 Iesum

521 3258 682 3318 Iesus
707 3261 977 3327 Christus,
1008 3260 1208 3317 animm
1241 3259 1419 3314 solum
1440 3258 1744 3314 communis
1774 3267 1829 3312 et
1867 3255 2115 3328 corporis
2141 3252 2188 3315 C
2218 3261 2366 3318 aliud
2407 3262 2700 3332 praedicare
2724 3277 2886 3333 quam
2909 3260 3178 3317 Christum
3217 3259 3316 3333 (ιι).

597 3385 678 3460 (tt)
745 3386 928 3443 Pravm
977 3387 1141 3456 hujus
1171 3383 1443 3454 opinionis
1481 3390 1780 3462 auctorem,
1816 3394 1920 3462 non
1948 3379 2117 3464 Emi-

523 3457 686 3519 chen.
718 3473 826 3514 non
869 3456 1283 3519 Apollinarium.
1327 3454 1422 3512 sed
1448 3451 1635 3506 Arium
1681 3465 1804 3505 esse
1840 3464 1952 3519 iam
1983 3453 2117 3506 dixi-

524 3475 686 3524 cuen,
718 3475 826 3514 non
869 3475 1283 3530 Apoutnartum,
1327 3475 1422 3512 seu
1448 3475 1635 3506 fartum
1681 3475 1804 3505 cast:
1840 3475 1952 3519 ιειιιι
1983 3475 2114 3506 utal-

524 3544 666 3593 mus,
695 3545 757 3586 ac
785 3538 942 3586 testis
967 3542 1050 3586 est
1074 3529 1403 3588 Theodoret.
1448 3524 1541 3577 lib.
1567 3537 1599 3575 ν
1629 3522 1772 3577 liter.
1807 3523 1910 3576 fab.
1941 3539 1990 3576 c.
2029 3524 2114 3578 ll.

529 3601 763 3671 Explosa
784 3611 868 3657 est
892 3618 920 3656 a
944 3601 1176 3658 concilio
1196 3599 1354 3654 Rom.
1378 3603 1700 3671 procurante
1733 3593 2118 3671 Damasolfapa

526 3663 787 3746 adversus
815 3674 1207 3746 Apollinarium
1231 3663 1419 3727 coacto
1436 3664 1587 3737 apud.
1604 3663 1942 3746 Theodorei.
1964 3663 2068 3720 libi
2086 3684 2117 3720 ν

528 3743 666 3800 Hist.
700 3735 941 3800 Ecclfe.
978 3745 1047 3801 ω
1074 3755 1129 3799 et
1161 3746 1247 3805 lt.
1287 3755 1342 3796 et
1370 3735 1529 3796 antea
1556 3753 1587 3790 a
1622 3735 1855 3792 concilio
1880 3736 2114 3792 Alexan-

529 3817 718 3880 drino,
755 3833 844 3871 att.
878 3817 1015 3883 362,
1047 3816 1189 3884 apud
1223 3813 1482 3869 Albanas.
1509 3810 1670 3884 epist.
1693 3806 1762 3862 ad
1793 3808 2042 3864 Antioch.

605 3889 682 3960 (ὁ)
705 3879 849 3942 Haec
879 3879 1142 3943 sententia
1174 3888 1295 3942 licet
1328 3899 1450 3961 cum
1481 3879 1760 3961 superiore
1787 3891 2006 3961 pugnet,
2052 3881 2119 3961 ab

532 3951 724 4032 iisdem
755 3969 929 4015 tamen
963 3954 1538 4032 propugnaturai‘ltde
1566 3951 1962 4032 Apollinaristis
2000 3954 2118 4022 qui-

531 4031 654 4086 dem
699 4024 1284 4100 observat'Gr'egorius
1337 4024 1731 4100 Nasianz._Ur._
1772 4037 1877 4100 ut,
1934 4039 2117 4100 secum

532 4117 628 4156 eos
658 4118 915 4173 pugnare,
948 4119 1048 4160 nec
1088 4093 1288 4157 audere
1327 4101 1428 4156 nisi
1473 4095 1614 4168 apud
1661 4093 1802 4150 ﬁdos
1827 4095 2119 4166 discipulos

532 4175 600 4230 de
624 4175 899 4230 divinitate
924 4176 1218 4230 disnutare.

571 4189 600 4230 c
624 4187 899 4230 dtvmttate
924 4187 1218 4235 oisnutare.

624 4194 899 4230 υινιιιιιιιιρ
924 4194 1218 4246 disputare.

606 4245 682 4318 (ε)
714 4248 769 4302 In
799 4250 1053 4320 vulgatis,
1085 4264 1193 4320 esse
1222 4241 1641 4320 cmperit._Abest
1658 4252 1766 4292 esse
1791 4253 1827 4320 tt
1852 4252 1982 4320 mss:
2010 4237 2123 4320 μορ

537 4309 816 4391 ῌιιίιῖοιιίε.
846 4309 921 4374 at?
942 4309 1284 4391 postmodum
1314 4315 1926 4391 Phatinicomtnesttum
1954 4309 2123 4367 fuisse

534 4389 693 4448 docet
722 4391 861 4447 liber
890 4384 981 4458 ιιι,
1015 4409 1069 4447 ιι.
1104 4393 1159 4456 7,
1187 4405 1242 4444 et
1271 4403 1433 4444 nemo
1460 4384 1688 4458 dubitat.

606 4463 687 4535 (d)
717 4453 1003 4519 Pliotinum
1028 4466 1102 4519 ita
1130 4453 1366 4535 sensisse
1388 4459 1653 4535 liquet.“
1673 4455 1772 4535 ιιι».
1803 4453 1873 4509 de
1917 4453 2120 4527 Synod.

537 4551 592 4590 ιι.
614 4526 862 4595 ἶι3.εἰοιιι
885 4551 954 4592 ex
975 4535 1069 4592 lih.
1102 4535 1204 4590 Ide
1230 4531 1411 4595 Trin.,
1441 4526 1496 4584 it.
1524 4527 1610 4591 16.
1636 4526 1856 4598 planum
1869 4526 1972 4599 est.
2000 4541 2122 4580 enm

537 4622 570 4692 τι
599 4608 832 4692 Saltem"
858 4597 2115 4692 ha"95"“'inaf‘LE?$¢.{‘l'flff?1“'lh_93"-“1‘2'
2152 4633 2206 4692 ι)

537 4679 952 4752 demDamas-us
980 4678 1276 4752 Papaapnd
1301 4674 1729 4752 Theodoretum,
1762 4669 1855 4723 lib.
1880 4685 1932 4733 v,
1966 4671 2122 4752 αυτ

537 4751 822 4805 anathema
852 4751 984 4806 dicit
1006 4744 1088 4806 his
1109 4744 1290 4805 verbis
1322 4767 1334 4798 :
1369 4744 1868 4800 Anuthematiznmus
1890 4757 1978 4794 eos
2003 4784 2016 4805 ,
2039 4744 2126 4805 qui

550 4821 766 4876 Verbum
796 4823 892 4876 Dei
913 4824 1202 4877 extensione
1227 4831 1274 4875 et
1304 4818 1646 4872 contractione
1665 4830 1698 4866 ιι
1729 4815 1884 4865 Patre
1910 4829 2123 4882 separa-

537 4906 644 4949 tum
673 4904 718 4948 et
743 4894 1171 4950 insubstantioum
1197 4903 1246 4948 et
1273 4895 1426 4962 ﬁnem
1457 4887 1752 4941 habiturum
1780 4899 1890 4938 esse
1917 4896 2127 4940 conten-

539 4966 685 5022 dunt.

608 5041 677 5112 (e)
719 5040 886 5095 Abest
912 5057 1030 5112 ergo
1055 5056 1082 5091 a
1111 5038 1266 5112 Bad.,
1292 5036 1386 5093 Er.
1419 5050 1484 5090 ac
1509 5046 1639 5112 mss.
1681 5028 1835 5085 Colb.
1861 5037 1916 5082 et
1936 5027 2121 5085 Germ.

539 5105 750 5167 Habent
779 5105 1020 5167 nonnulli
1052 5111 1168 5170 alii.
1201 5112 1309 5164 [nec
1337 5125 1454 5184 ergo
1484 5121 1571 5184 per
1595 5105 1775 5184 hunc."
1898 5181 1906 5184 _
1954 5171 1972 5184 _
1997 5172 2010 5184 .

609 5185 674 5256 (0
711 5184 862 5247 liad.,
894 5184 946 5238 in
971 5191 1204 5235 naturam
1228 5197 1334 5235 suo?
1362 5171 1695 5248 inﬁrmitatis.
1737 5172 1829 5256 Er.
1857 5181 1913 5256 et
1954 5171 2127 5256 Ιέιιιξη

539 5244 642 5329 τιεῖ
655 5244 1064 5329 deutittrttimtcnt
1079 5266 1404 5329 naturteano'
1419 5244 1484 5329 lin
1511 5260 1750 5304 naturam
1768 5244 2125 5329 inﬁrmitatis.

612 5330 692 5402 (g)
738 5328 790 5382 In
821 5329 953 5402 solis
985 5327 1233 5402 vulgatis,
1276 5326 1385 5402 ρει.
1414 5324 1534 5402 Iani
1575 5334 1721 5402 nunt.
1757 5315 1825 5371 49
1867 5317 2126 5402 legimus,

538 5387 718 5456 autwd'e
742 5418 795 5454 se
821 5387 1239 5470 defecerit-Deus
1271 5397 1398 5468 (non
1428 5394 1542 5468 Dei)
1582 5391 1806 5446 Verbum
1833 5404 1846 5451 ;
1879 5387 2130 5458 idemque

539 5474 678 5531 infra
701 5474 946 5526 habetur.

612 5547 694 5615 th)
719 5544 941 5615 Supple,
968 5541 1286 5615 habitaverit.
1317 5532 2120 5615 Verbumhabitavit‘hominem

541 5634 642 5691 per
667 5607 862 5691 nudam
892 5607 1303 5691 natitmnt._hoc
1324 5621 1408 5691 est
1426 5654 1440 5671 .
1495 5610 1598 5665 sibi
1629 5626 1733 5664 non
1757 5607 2121 5691 cohaerentem

542 5677 641 5747 itee
659 5686 1082 5744 substantialiter
1098 5685 1321 5748 uiritim,
1345 5685 1588 5749 adeoque
1607 5697 1756 5737 mere
1777 5677 2121 5743 exteriorem,

541 5763 586 5817 si
617 5771 822 5815 tantum
855 5760 907 5813 in
934 5760 1169 5821 Christo,
1200 5766 1257 5811 ut
1284 5757 1336 5810 itt
1370 5754 1646 5825 prophetis
1677 5753 1855 5825 fuerit.

615 5833 677 5902 (i)
705 5831 861 5902 Bad.,
887 5829 1024 5902 quod
1069 5845 1175 5883 esse
1213 5822 1383 5882 homo;
1420 5822 1702 5882 Editioucs
1727 5822 1880 5892 aliae,
1910 5822 2048 5892 quod
2067 5829 2124 5875 ιιι

542 5899 670 5962 mn
693 5899 867 5957 homo.
899 5899 1240 5971 Castigantur
1269 5912 1334 5956 ex
1368 5909 1494 5953 mss.

2303 3384 2380 3459 (ί)
2419 3384 2700 3459 hlallemus
2744 3385 2986 3459 partitur.
3019 3384 3172 3440 Hunc
3204 3384 3381 3459 locum
3411 3384 3694 3442 attendant
3720 3401 3816 3444 ve-

2228 3457 2342 3522 lint;
2373 3457 2464 3527 qui
2496 3457 2755 3511 lltlarium
2799 3457 3091 3525 opinantur
3124 3457 3383 3522 sensisse,
3419 3472 3448 3510 ιι
3475 3459 3688 3527 Christo
3732 3474 3820 3514 se-

2225 3525 2457 3585 cessisse
2488 3527 2644 3583 Verbi
2671 3527 3168 3592 divinitatem,cum
3194 3529 3472 3596 clamavit,
3501 3525 3658 3594 Deus,
3679 3529 3817 3585 Deus

2227 3617 2393 3665 meus,
2420 3609 2524 3655 etc.
2547 3598 2680 3656 Cum
2695 3600 2837 3655 enim
2861 3599 2976 3654 hac
2994 3617 3060 3656 ex
3079 3601 3392 3655 eorumdem
3417 3599 3704 3656 verborum
3726 3618 3818 3656 oe-

2225 3672 2448 3728 casione
2473 3670 2615 3726 dicat
2644 3671 2903 3727 adversus
2929 3686 3046 3737 eos,
3075 3672 3165 3742 qui
3201 3671 3335 3726 duas
3357 3671 3558 3727 Christi
3598 3683 3818 3728 naturas

2227 3752 2319 3797 aut
2355 3742 2712 3808 confundunt,
2744 3752 2837 3798 aut
2856 3751 3136 3810 separant;
3162 3742 3377 3810 iniquus
3400 3745 3623 3798 omnino
3649 3756 3812 3811 esset,

2225 3815 2270 3870 si
2302 3830 2393 3870 eas
2417 3816 2530 3885 ipse
2566 3823 2844 3886 separatas
2871 3830 2937 3870 ex
2964 3814 3156 3871 iisdem
3196 3816 3376 3870 verbis
3399 3815 3777 3871 intellexisset.

2297 3907 2374 3982 (Ir)
2409 3907 2645 3964 Verbum
2675 3907 2911 3963 discerno
2947 3906 3036 3982 hic
3075 3910 3470 3982 separationeut
3502 3918 3678 3982 sonat
3715 3925 3728 3963 :
3761 3916 3818 3964 at

2224 3980 2316 4038 lib.
2354 3979 2428 4040 ix.
2461 3997 2515 4036 ιι.
2547 3983 2598 4034 6.
2634 3987 2949 4035 naturarum
2980 3980 3260 4036 dumtaxat
3279 3979 3698 4037 distinctionem.

2298 4051 2360 4125 (1)
2391 4051 2450 4107 ιιι
2474 4061 2658 4107 vetere
2686 4067 2788 4107 ms.
2819 4051 2969 4108 Colb.
2999 4049 3162 4106 Deus.

2295 4143 2396 4216 (m)
2424 4143 2481 4200 Id
2511 4155 2622 4209 est,
2656 4143 2897 4201 Ecclesia
2928 4144 2982 4198 in
3008 4142 3223 4216 Christo
3243 4143 3338 4199 Dei
3361 4141 3524 4216 νειῲὶ
3555 4142 3818 4216 hominis-

2224 4213 2330 4284 que
2359 4225 2580 4271 naturas
2607 4220 2677 4270 ita
2701 4219 2876 4271 unitas
2896 4215 3103 4281 credit,
3132 4224 3194 4272 ot
3211 4216 3261 4271 ei
3294 4225 3439 4270 totus
3461 4213 3695 4272 Verbum
3721 4218 3815 4280 sit,

2225 4297 2373 4344 totus
2402 4288 2584 4343 homo.
2614 4287 2770 4354 Quod
2800 4288 2880 4342 sic
2906 4287 3154 4343 declarat
3176 4287 3285 4344 Leo
3305 4286 3472 4356 Papa,
3499 4289 3659 4356 epist.
3678 4302 3820 4343 nunc

2225 4374 2390 4423 xerit,
2416 4360 2483 4414 ad
2527 4358 2821 4415 monachos
2853 4356 3155 4414 Palaestina
3183 4376 3197 4415 :
3241 4356 3352 4414 Nec
3391 4362 3598 4416 iuerat
3621 4375 3690 4415 ea:
3716 4375 3819 4429 qua

2228 4429 2464 4486 Clu-istos
2501 4432 2784 4486 substantia
2835 4432 3164 4498 nominetur;
3219 4447 3338 4485 eam
3361 4431 3770 4498 inseparabiliter
3796 4473 3813 4497 ,

2228 4513 2463 4558 manente
2485 4505 2677 4557 unitate
2721 4518 2971 4572 persentit,
2998 4502 3132 4555 idem
3162 4504 3227 4557 sit
3271 4514 3321 4557 et
3349 4513 3482 4558 totus
3509 4500 3727 4558 hominis
3755 4502 3818 4573 ﬁ-

2231 4574 2331 4629 lius
2355 4584 2561 4647 prapter
2597 4591 2820 4636 carnem.
2869 4585 2916 4629 et
2962 4583 3099 4628 tottta
3130 4574 3224 4638 Dei
3246 4572 3385 4643 ﬁlius
3406 4584 3633 4647 propter
3659 4572 3816 4629 unum

2231 4591 2331 4629 tms
2355 4591 2561 4647 prapter
2597 4591 2820 4636 carnem.
2869 4591 2916 4629 et
2962 4591 3099 4628 totus
3130 4591 3221 4638 uel
3246 4591 3385 4643 prius
3461 4591 3633 4646 νομιεῖ·
3659 4591 3816 4629 unum

2231 4664 2345 4699 cum
2388 4645 2550 4701 Patre
2604 4647 2865 4700 deitatem.
2915 4647 3174 4714 Quamvis
3211 4649 3354 4701 enim
3404 4591 3728 4715 fimologis,
3759 4656 3818 4700 ιιι

2233 4719 2575 4773 observatum
2606 4727 2710 4778 est.
2745 4733 2864 4788 pag.
2913 4719 3006 4782 at,
3057 4717 3398 4786 postmodum
3448 4717 3731 4785 placuerit,
3759 4728 3820 4773 ut

2232 4805 2332 4844 vos
2358 4803 2516 4844 totum
2549 4791 2598 4844 in
2632 4797 2849 4844 naturas
2877 4789 3129 4850 caderet.
3177 4799 3230 4845 et
3271 4798 3407 4843 totus
3434 4788 3500 4843 ad
3532 4804 3815 4859 personant

2233 4860 2529 4917 referretur
2553 4902 2567 4927 ,
2598 4865 2871 4927 quomodo
2896 4861 2966 4915 ab
3002 4860 3120 4928 ipso
3149 4860 3351 4916 Hilario
3390 4862 3622 4915 refertur
3651 4862 3705 4915 in
3735 4860 3818 4914 his

2232 4949 2377 4989 num.
2423 4932 2516 4999 22,
2549 4933 2668 5003 quia
2692 4944 2825 4989 totus
2852 4932 3073 4986 hominis
3097 4931 3238 5003 ﬁlius
3268 4942 3402 4988 totus
3428 4929 3526 4986 Dei
3550 4931 3689 5002 ﬁlius
3707 4934 3772 4986 sit
3800 4951 3812 4987 ;

2233 5004 2372 5060 hanc
2421 5014 2598 5059 tamen
2636 5005 2873 5076 regulam
2919 5004 3085 5073 ipsius
3135 5019 3254 5076 mro
3293 5004 3532 5059 nondum
3588 5003 3816 5075 pOsitam

2231 5076 2402 5132 fuisse
2424 5077 2590 5144 liquet
2633 5079 2717 5130 vel
2762 5093 2827 5132 ex
2856 5075 3126 5147 hocloeo.
3171 5075 3274 5141 Qui
3323 5090 3454 5131 sane
3483 5091 3590 5129 non
3617 5085 3818 5147 pugnat

2232 5165 2353 5204 cum
2378 5150 2552 5203 altero
2592 5148 2711 5204 libri
2739 5164 2820 5214 ix,
2851 5163 2907 5202 ιι.
2942 5146 2996 5218 fi,
3032 5146 3121 5201 ubi
3147 5161 3252 5201 non
3277 5147 3389 5218 jam
3429 5146 3672 5217 persona:
3699 5148 3820 5202 uni-

2233 5231 2420 5284 tatem,
2450 5219 2546 5274 sed
2586 5231 2895 5275 naturarum
2924 5217 3326 5275 distinctionem
3357 5227 3631 5291 spectans.
3671 5228 3817 5291 recte

2231 5292 2387 5347 docet
2419 5293 2688 5347 hominem
2719 5309 2748 5346 a
2781 5293 2890 5347 Deo
2911 5291 3329 5347 discernendum
3363 5289 3542 5346 {sicut
3567 5305 3688 5345 eum
3715 5289 3814 5346 bu-

2236 5365 2416 5418 niilem
2451 5365 2591 5418 illius
2635 5377 2829 5419 statum
2858 5406 2873 5429 ,
2926 5363 3324 5433 gloriosuntque
3369 5362 3661 5428 discernit;
3709 5377 3816 5418 non

2234 5437 2374 5491 male
2403 5436 2654 5505 praedicat
2703 5435 2754 5490 id
2785 5453 2908 5490 eum
2939 5444 3143 5506 tantum
3175 5449 3267 5504 per
3297 5445 3627 5506 postremum
3679 5434 3817 5491 obtio

2232 5524 2385 5573 uere,
2421 5519 2476 5561 ut
2498 5510 2564 5562 sit
2594 5517 2728 5563 totus
2748 5506 2900 5562 homo
2921 5518 3052 5561 totus
3074 5505 3234 5562 Deus.

2304 5605 2378 5672 (η)
2403 5600 2549 5658 Editi
2592 5610 2711 5669 post
2737 5601 3019 5656 Erasmnm
3043 5601 3128 5656 hie
3157 5599 3462 5671 subjiciunt,
3493 5609 3541 5655 et
3567 5597 3820 5672 Βρίγα-

2231 5669 2345 5730 bunt
2366 5690 2385 5729 :
2407 5674 2670 5744 glossema
2685 5674 2826 5744 quod
2842 5674 2992 5727 abest
3016 5690 3046 5728 a
3075 5672 3203 5728 Bad.
3229 5669 3283 5728 et
3308 5687 3439 5744 mss.
3459 5669 3818 5727 PorroClu‘iso

2234 5756 2336 5800 tum
2361 5745 2616 5807 Verbum.
2635 5742 2812 5799 haunt
2832 5754 3012 5800 autem
3039 5745 3312 5799 hotttinem
3328 5758 3358 5798 a
3376 5743 3555 5800 Verbo
3571 5758 3814 5814 assump-

2233 5828 2342 5872 tum
2369 5816 2602 5874 tlilarius
2632 5816 2877 5886 intelligit
2901 5833 2914 5864 :
2940 5816 3032 5929 qui
3061 5828 3120 5873 ut
3149 5829 3311 5890 supra
3339 5823 3502 5871 totum
3521 5853 3537 5885 ,
3571 5816 3643 5873 ita
3671 5827 3814 5871 nunc

2233 5888 2374 5929 ult-ul
2403 5885 2465 5929 ml
2495 5899 2780 5929 nnrcnmtm
2812 5882 2949 5929 μετιεῖ
2984 5911 2993 5929 .

2231 5888 2374 5943 υιίιοιιι
2403 5885 2465 5945 ad
2495 5899 2780 5958 personam.
2805 5882 2993 5944 inferi.
