4316 6480
410 347 521 406 385

1638 347 1725 407 DE
1763 341 2134 406 TlllNl'l'A'l'E
2173 348 2378 407 LIBER
2418 348 2485 408 Χ.

3595 353 3708 413 ⁸586

483 465 570 521 35.
608 464 672 519 lit
720 464 819 520 Dei
839 463 988 521 rebus
1031 482 1172 523 mens
1217 467 1444 521 humana
1465 465 1654 536 deﬁcit.
1688 467 2004 523 Obtmtditttr
2028 463 2078 527 Α
2109 466 2376 535 mittitur;
2410 483 2477 523 ne
2504 467 2549 523 si
2585 466 2703 538 plus
2736 467 2961 523 velimus
2990 475 3327 538 expectare,
3365 466 3542 524 minus
3566 485 3701 541 quo-«

411 559 529 625 pius
558 558 728 613 volt-ns
754 557 922 614 videre
944 574 1101 630 quam
1126 559 1279 613 datur
1348 588 1420 601 —-
1443 558 1561 614 Non
1609 562 1800 631 ignoro
1824 570 2002 614 autem

409 651 465 708 in
490 663 750 722 quantum
781 652 1031 709 humana:
1073 652 1448 724 intelligentia:
1488 653 1856 710 inﬁrmitatem
1887 668 2005 708 ma-

417 744 731 818 gniﬁcentia
756 748 999 820 mysterii
1030 747 1270 805 caelestis
1315 746 1611 819 impediat,
1656 755 1715 802 ut
1757 748 1872 803 lucc
1898 762 2004 801 non

409 837 567 897 facile
593 848 688 897 aut
736 840 918 897 verbis
964 842 1273 912 enuntiare,
1330 852 1425 898 aut
1464 840 1758 913 diiudicare
1802 858 2004 911 sensu,

409 933 700 989 autetiam
744 932 1031 1005 complecti
1075 945 1256 993 mente
1314 936 1603 1007 possimus.
1659 934 1851 992 Sciens
1904 950 1999 991 au-

411 1033 520 1079 tem
557 1023 850 1097 Apostolus
895 1027 1122 1084 arduum
1184 1027 1288 1083 ltuc
1341 1038 1571 1084 terrente
1614 1037 1822 1084 natura:
1864 1026 2006 1083 difﬁ-

408 1123 776 1194 cillimumque
834 1141 996 1192 esse,
1061 1142 1242 1185 rerum
1299 1126 1598 1184 divinarum
1664 1126 2005 1183 cﬁicicntiam

402 1216 610 1289 judicio
635 1217 713 1291 (ι)
751 1232 852 1276 nos
889 1228 1117 1288 nostro,
1168 1231 1438 1292 tamquam
1484 1221 1552 1277 ad
1598 1220 2006 1293 intelligendum

407 1311 655 1381 acriore,
694 1327 858 1384 quam
905 1312 973 1369 ad
1017 1312 1359 1371 efﬁciendum
1411 1315 1524 1370 Deo
1578 1314 1822 1384 potiore,
1876 1329 2009 1373 eum

406 1402 591 1475 cipere
615 1446 633 1468 .
680 1402 757 1460 illi
823 1405 1063 1478 legitimo
1132 1406 1234 1463 sibi
1284 1405 1578 1463 secundum
1638 1406 1797 1463 ﬁdem
1851 1406 2004 1475 ﬁlio,

407 1511 697 1568 sacrasque
719 1498 927 1555 litteras
973 1501 1044 1556 ab
1071 1499 1293 1555 infantia
1335 1500 1605 1569 sunteuti,
1658 1499 1730 1557 ita
1772 1500 2004 1557 scribit:

413 1588 563 1647 Sicut
606 1589 840 1646 hortatus
881 1607 993 1646 sunt
1054 1601 1103 1648 te
1143 1592 1390 1648 sustinere
1440 1590 1658 1664 Ephesi,
1708 1609 1825 1647 cum
1877 1593 2007 1647 irem

409 1682 491 1757 (b)
536 1683 591 1740 in
639 1683 1024 1753 Macedoniam,
1051 1694 1107 1740 ut
1154 1691 1462 1758 praeiperes
1488 1684 1792 1757 quibusdam
1819 1701 1885 1741 ne
1909 1686 2009 1741 ali-

408 1785 488 1833 ter
508 1778 750 1851 docerem
769 1817 786 1846 ,
839 1785 1002 1850 sime
1044 1776 1363 1833 attenderem
1389 1777 1584 1849 fabulis
1622 1787 1671 1833 et
1696 1777 2008 1850 genealogiis

2108 577 2213 632 que
2255 578 2416 630 quam
2462 578 2751 634 possumus
2779 576 3208 633 consequamur;
3245 563 3315 617 ita
3348 570 3403 617 et
3435 567 3573 620 ratio
3597 580 3707 622 etc--

2108 655 2259 710 lcstls
2287 656 2339 709 in
2373 664 2578 710 tantum
2606 655 2948 727 intelligenda
2972 664 3075 722 est,
3107 656 3158 711 in
3183 664 3443 727 quantum
3469 671 3530 712 sc
3576 672 3705 728 per-

2108 749 2271 803 mittit
2319 748 2583 820 intelligi;
2618 749 2671 803 in
2722 756 2926 804 tantum
2961 747 3041 821 (9.)
3088 749 3449 820 exspectanda
3496 759 3616 818 est,
3655 750 3709 805 in

2107 848 2368 911 quantum
2404 840 2918 911 appreltendcudam
2963 854 3023 897 se
3064 840 3247 907 dedit;
3284 858 3351 896 ne.
3391 843 3437 897 si
3464 843 3709 899 contenti

2108 933 2457 1005 indulgentiae
2486 933 2858 990 moderatione
2886 948 2993 990 non
3039 934 3210 990 simus
3235 978 3252 1003 ,
3284 936 3594 993 amittamus
3624 936 3708 992 in-

2106 1025 2277 1082 dulta.
2324 1025 2419 1083 Est
2462 1041 2594 1099 ergo
2623 1025 2679 1082 in
2720 1026 2831 1083 Deo
2860 1026 3002 1099 quod
3034 1029 3115 1099 (9)
3143 1028 3345 1099 percipi
3379 1037 3592 1099 potest:
3624 1039 3708 1087 est

2108 1118 2290 1190 plane,
2318 1118 2364 1176 si
2409 1119 2574 1176 modo
2600 1119 2744 1191 quod
2788 1130 2965 1188 potest
2990 1121 3142 1177 velis.
3193 1121 3342 1179 Sicut
3370 1122 3514 1177 enim
3546 1134 3629 1181 est
3655 1124 3707 1179 in

2108 1212 2397 1286 sole'quod
2425 1213 2613 1270 videas
2634 1256 2650 1284 ,
2690 1215 2737 1271 si
2769 1213 2875 1271 ltoc
2905 1214 3038 1271 velis
3068 1215 3252 1272 videre
3294 1216 3439 1288 quod
3484 1219 3702 1288 possis;

2108 1309 2328 1365 amittas
2354 1317 2533 1364 autem
2563 1308 2707 1377 quod
2760 1318 2915 1381 potes
2956 1307 3147 1366 videre
3172 1350 3189 1375 ,
3239 1309 3368 1365 dum
3414 1310 3559 1384 quod
3599 1328 3708 1368 non

2109 1411 2264 1473 potes
2291 1403 2481 1458 niteris
2507 1420 2522 1458 :
2546 1399 2617 1456 ita
2649 1412 2707 1458 et
2746 1402 2801 1457 in
2828 1400 2993 1458 rebus
3017 1401 3113 1458 Dci
3145 1401 3312 1459 habes
3336 1404 3479 1474 quod
3513 1402 3712 1460 intelli-

2109 1510 2225 1568 gas,
2254 1495 2302 1553 si
2330 1494 2637 1569 intelligere
2663 1495 2806 1568 quod
2838 1504 2992 1567 potes
3017 1495 3171 1552 velis.
3197 1496 3470 1553 Caeterum
3497 1500 3543 1553 si
3568 1498 3708 1553 ultra

2107 1605 2269 1663 quam
2307 1598 2464 1663 potes
2490 1603 2718 1663 speres;
2748 1588 2800 1646 id
2822 1604 3056 1663 quoque,
3083 1589 3230 1664 quod
3257 1589 3503 1663 potuisti,
3544 1606 3706 1663 posse

2110 1700 2218 1741 non
2247 1684 2473 1756 poteris.

2181 1776 2272 1833 54.
2319 1774 2387 1831 In
2415 1778 2530 1850 ipso
2550 1775 2746 1834 Christi
2770 1787 2891 1834 ortu
2911 1779 3186 1851 lentparali
3208 1779 3409 1834 cacutit
3430 1778 3606 1834 homo.
3637 1808 3710 1822 -

408 1864 784 1937 intaminatis,
809 1885 927 1941 quc
971 1870 1280 1943 pastiones
1309 1872 1475 1943 magis
1519 1882 1765 1945 primaut
1786 1911 1802 1937 ,
1846 1886 2003 1942 quam
2033 1862 2083 1928 Β
2110 1871 2356 1928 Nondum
2387 1872 2761 1945 intemporalis
2801 1873 3097 1930 nativitatis
3128 1871 3272 1929 illlus
3306 1882 3708 1930 sacramentum

409 1964 806 2027 a’dilicationettt
836 1962 932 2020 Dei
958 1964 1083 2036 qua:
1106 1974 1184 2021 est
1232 1965 1286 2020 in
1314 1964 1419 2036 ﬁde
1458 1964 1502 2038 (l
1532 1963 1667 2021 Tim.
1699 1982 1739 2033 t,
1769 1966 1807 2021 3
1830 1977 1879 2021 et
1922 1962 2000 2038 ὁ).

413 2054 568 2112 Vetat
596 2056 932 2128 genealogis
977 2058 1192 2127 eloquia
1236 2057 1481 2125 tractari,
1509 2068 1564 2114 et
1603 2058 1813 2113 fabulas
1841 2057 2009 2114 inter-

411 2148 629 2206 minata:
655 2149 973 2221 qnmstionis
999 2138 1211 2222 attingi.
1260 2148 1703 2207 Ediﬁcationem
1750 2165 1881 2206 vero
1910 2149 2008 2206 Dei

411 2243 467 2299 in
497 2240 605 2298 ﬁde
628 2226 750 2299 esse
775 2240 1005 2315 (supple,
1033 2240 1217 2313 docet)
1247 2258 1263 2297 :
1296 2252 1353 2298 ut
1373 2241 1542 2317 359
1566 2243 1819 2299 humanm
1847 2258 2003 2299 vere-

414 2332 628 2390 cundia:
676 2332 900 2391 modum
948 2332 1093 2391 ﬁdeli
1137 2334 1549 2406 omnipotentiae
1606 2330 1703 2392 Dei
1749 2335 2011 2408 religione

417 2426 729 2495 concludat,
751 2442 929 2500 neque
941 2442 1004 2485 se
1025 2425 1314 2484 inﬁrmitas
1334 2439 1520 2484 nostra
1545 2428 1613 2485 ad
1639 2428 2009 2500 perspicienda

416 2538 504 2593 ea,
547 2537 670 2594 qua:
719 2521 1082 2596 perspiciendi
1130 2520 1201 2596 (ε)
1227 2532 1475 2579 naturam
1507 2522 1787 2590 ltebetent,
1822 2534 2015 2580 esten-

417 2618 531 2674 dat.
559 2616 713 2685 Quod
740 2617 786 2673 si
809 2614 1194 2674 contuentibus
1221 2617 1357 2674 solis
1390 2616 1695 2674 claritatem
1734 2616 1904 2673 virtus
1931 2615 2016 2673 in-

419 2709 551 2768 tenti
578 2709 796 2766 luminis
833 2707 1188 2779 obstupescit,
1220 2718 1274 2765 ut
1322 2707 1372 2764 si
1422 2710 1640 2782 quando
1680 2724 1899 2766 causam
1929 2725 2016 2765 ra-

416 2800 619 2860 diantis
646 2800 787 2859 lucis
811 2801 1070 2859 solertius
1093 2800 1242 2858 scies
1271 2803 1503 2858 curiosae
1541 2802 2017 2873 contemplationis

419 2893 677 2968 inquirant.
704 2909 873 2968 usque
896 2892 973 2950 ad
1006 2903 1313 2950 emortuum
1359 2894 1583 2951 videndi
1612 2910 1835 2952 sensum
1886 2911 2015 2952 ocu-

416 2991 595 3047 lorum
633 2999 825 3047 natura
874 2992 1179 3059 revocetur,
1229 2990 1547 3063 accidatque
1594 2992 1816 3048 nitendo
1845 2993 2017 3063 magis

419 3085 608 3145 videre
635 3103 706 3143 ne
730 3085 960 3155 videas;
988 3084 1117 3157 quid
1141 3086 1301 3143 nobis
1322 3086 1374 3141 in
1418 3084 1516 3144 Dei
1543 3087 1707 3144 rebus
1733 3095 1786 3144 et
1818 3087 1875 3143 in
1898 3087 2018 3143 sole

417 3181 640 3253 iustitiae
657 3178 1084 3251 exspectandum
1112 3180 1234 3238 est?
1260 3180 1448 3237 Nonne
1474 3182 1751 3238 incumbet
1781 3181 2014 3238 volenti-

2108 1965 2339 2021 movebo
2367 1966 2761 2036 :competentis
2789 1966 2895 2023 loci
2920 1977 3005 2022 est
3040 1966 3131 2024 ille
3177 1976 3459 2023 tractatus.
3493 1968 3712 2025 Interim

2109 2059 2241 2114 milii
2284 2068 2577 2132 assumpta:
2604 2061 2783 2115 carnis
2804 2059 3123 2133 mysterium
3161 2062 3215 2117 in
3242 2061 3428 2119 verbis
3452 2071 3556 2119 est.
3582 2060 3714 2119 illos

2110 2169 2251 2210 nunc
2270 2169 2591 2210 arcanorum
2606 2154 2771 2228 360
2784 2154 3086 2212 caelestium
3107 2166 3437 2214 scrutatores
3458 2157 3706 2224 consulo,

2110 2255 2170 2301 ut
2196 2246 2494 2303 secundum
2539 2257 2785 2303 naturam
2830 2263 2981 2305 suam
3025 2249 3134 2305 uati
3163 2264 3231 2305 ex
3277 2250 3487 2319 virgine
3510 2249 3714 2307 Christi

2110 2349 2509 2395 sacramentum
2536 2341 2840 2411 loquantur.
2862 2338 3017 2398 Unde
3038 2342 3222 2399 dicent
3246 2342 3441 2414 virgini
3463 2359 3703 2415 concep-

2115 2434 2276 2488 tum?
2314 2432 2459 2490 unde
2487 2435 2678 2506 virgini
2702 2435 2958 2506 partum?
2987 2435 3158 2505 Quam
3186 2436 3326 2491 lianc
3352 2450 3475 2494 esse
3500 2435 3713 2508 genita-

2113 2524 2244 2582 lium
2274 2526 2539 2597 originum
2568 2542 2783 2584 causam
2809 2527 3202 2600 disputabunt!
3228 2540 3282 2585 et
3308 2529 3437 2599 quid
3461 2530 3598 2586 intra
3621 2544 3717 2586 sc-

2114 2631 2304 2674 cessus
2331 2627 2697 2675 maternorum
2729 2620 2942 2676 sinuum
2960 2622 3268 2678 coaluisse?
3293 2620 3504 2694 Corpus
3527 2621 3717 2680 unde?

2117 2722 2168 2768 et
2193 2711 2356 2768 homo
2388 2711 2570 2768 unde?
2598 2710 2714 2767 .latn
2762 2728 2891 2768 vero
2920 2722 3045 2786 post
3071 2711 3209 2781 lucc,
3239 2715 3366 2786 quid
3398 2715 3468 2769 sit
3495 2715 3720 2773 descen-

2117 2805 2264 2863 disse
2292 2805 2361 2862 de
2388 2808 2542 2863 caelis
2583 2806 2750 2862 ﬁlium
2794 2808 3029 2865 hominis
3070 2807 3124 2864 in
3168 2808 3325 2866 caelis
3360 2822 3668 2870 manentem
3692 2812 3719 2866 γ

2118 2897 2234 2955 Non
2267 2899 2410 2954 enim
2438 2898 2684 2970 ejusdem
2706 2910 2812 2969 est,
2839 2900 3138 2957 secundum
3163 2902 3476 2973 corporales
3503 2919 3718 2973 causas,

2119 2990 2452 3048 descendere
2489 3003 2544 3048 et
2583 3007 2845 3049 manere:
2882 3009 3112 3065 quorum
3164 2994 3395 3051 alterum
3426 2994 3503 3069 (lt)
3533 2996 3725 3054 deces-

2120 3085 2289 3140 sionis
2318 3084 2696 3140 transmutatio
2725 3095 2831 3154 est,
2854 3085 3085 3142 alterum
3128 3088 3382 3145 manendi
3426 3090 3722 3160 impertur-

2121 3175 2268 3232 batio
2294 3187 2394 3231 cst.
2431 3175 2589 3248 Vagit
2618 3176 2816 3245 infans,
2843 3175 2937 3233 sed
2971 3178 3023 3233 in
3071 3178 3212 3236 caelo
3236 3189 3322 3236 est
3361 3196 3377 3233 :
3422 3194 3558 3251 puer
3575 3195 3725 3238 cres-

419 3273 523 3330 bus
542 3272 624 3347 (d)
648 3286 1010 3345 supersapere
1034 3272 1508 3329 stultitiatNonne
1536 3273 1710 3344 ipsum
1738 3271 1869 3329 illud
1889 3288 2017 3331 acre
2045 3259 2094 3324 C
2122 3271 2241 3339 cit,
2289 3270 2385 3326 sed
2439 3269 2786 3341 plenitudinis
2844 3269 2988 3327 Deus
3051 3281 3347 3342 permanet.
3421 3273 3540 3329 iam
3589 3287 3724 3331 vero

421 3365 792 3438 intelligentize
838 3367 1020 3423 lumen
1070 3364 1151 3440 (l)
1194 3377 1386 3438 stupor
1428 3366 1640 3423 hebetis
1681 3365 2019 3439 desipientia:

420 3458 743 3531 occupabit?
771 3457 886 3514 Non
922 3457 1071 3516 enim
1119 3465 1307 3515 natura
1340 3458 1568 3515 inferior
1616 3473 1833 3515 causam
1863 3472 2018 3515 natu-

424 3567 503 3608 rae
530 3549 603 3623 (e)
633 3550 859 3620 potioris
887 3550 1151 3622 intelliget
1176 3569 1190 3604 :
1226 3566 1327 3607 nec
1352 3551 1595 3621 subjacet
1620 3551 1872 3608 humana:
1887 3567 2020 3610 con-

424 3645 658 3715 ceptioni
705 3644 847 3701 ratio
878 3645 1119 3703 ualeatis
1180 3644 1259 3717 (id
1295 3656 1393 3714 est,
1424 3645 1654 3719 divina).
1709 3646 1842 3703 Nam
1880 3648 2023 3703 intra

425 3738 794 3794 conditionem
824 3737 1152 3794 inﬁrmitatis
1198 3739 1323 3805 erit,
1373 3738 1633 3811 quidquid
1661 3737 1860 3797 inﬁrmi
1884 3756 2021 3797 cou-

427 3832 668 3889 scientia:
689 3830 763 3906 (in
792 3833 858 3885 3ο
885 3834 1034 3902 rasit)
1057 3831 1326 3890 subditur.
1359 3833 1589 3891 Excedit
1618 3834 1802 3907 itaque
1834 3834 2026 3892 ltuma-

428 3942 553 3982 nam
579 3935 814 3983 mentem
844 3925 940 3983 Dei
965 3935 1208 3998 potestas
1233 3944 1247 3983 :
1275 3926 1343 3984 ad
1368 3943 1529 3999 quam
1557 3930 1603 3986 si
1630 3944 1690 3986 se
1739 3931 2027 3988 inﬁrmitas

428 4020 730 4091 protendet,
764 4019 938 4092 magis
975 4019 1186 4077 inﬁrma
1217 4022 1478 4080 reddetur
1498 4065 1513 4090 ,
1542 4023 1673 4079 dum
1715 4024 1819 4082 ltoc
1848 4027 2023 4099 ipsum

427 4113 571 4185 quod
597 4113 806 4169 obtinet
839 4112 1066 4181 amittit,
1114 4114 1324 4185 potiore
1349 4116 1419 4172 ad
1458 4111 1861 4174 obtundendam
1904 4134 2025 4175 eam

431 4221 613 4262 rerum
638 4206 940 4262 ccelestium
974 4214 1199 4273 natura;
1234 4206 1360 4278 quia
1389 4222 1607 4265 omnem
1647 4209 1767 4280 ejus
1796 4227 2024 4270 consec-

433 4299 595 4354 tantis
641 4313 701 4354 se
745 4299 1099 4369 pervicaciam
1132 4300 1245 4371 ipsa
1277 4302 1563 4371 complexu
1589 4301 1708 4373 ejus
1737 4304 1911 4375 major
1945 4305 2028 4361 in-

432 4393 625 4449 ﬁrmat.
645 4391 716 4450 Ut
744 4394 903 4466 igitur
927 4393 1106 4450 solita
1128 4392 1389 4451 videndus
1410 4406 1516 4463 est,
1541 4405 1600 4451 ut
1630 4399 1803 4467 possit
1830 4397 2023 4467 videri,

434 4494 721 4559 tantusque
761 4485 1113 4560 excipiundos
1161 4486 1364 4544 lumine
1384 4497 1503 4557 est,
1529 4495 1765 4561 quantus
1806 4489 1877 4561 (ι’)
1927 4491 2024 4547 ad-

506 4628 589 4770 it;

2126 3380 2249 3422 cum
2292 3362 2576 3420 adscendit
2624 3362 2715 3419 ubi
2773 3371 2934 3421 antea
2987 3363 3089 3422 l‘uit
3119 3407 3133 3433 ,
3188 3375 3245 3422 et
3301 3367 3587 3425 descendit
3630 3370 3723 3439 qui

2127 3466 2351 3522 manet,
2401 3472 2512 3527 quo
2587 3454 2959 3528 intelligentiae
3025 3456 3278 3515 humanae
3336 3476 3499 3516 sensu
3552 3460 3729 3515 conti»

2128 3550 2345 3606 nebitur
2396 3549 2499 3623 (i)?
2541 3548 2802 3606 Dominus
2854 3553 3000 3607 enim
3050 3553 3127 3607 ait
3174 3553 3361 3620 :Quid
3404 3554 3450 3610 si
3501 3553 3729 3609 uideritis

2128 3644 2300 3713 ﬁlium
2331 3643 2554 3699 hominis
2582 3642 2973 3699 adtendentem
3000 3644 3089 3699 ubi
3112 3656 3266 3701 antea
3294 3648 3392 3717 fuit
3416 3646 3624 3717 (leam,
3649 3662 3724 3712 vt,

2131 3736 2254 3808 63)?
2277 3735 2575 3794 Adscendit
2603 3736 2745 3791 ﬁlius
2774 3736 3012 3793 hominis
3038 3737 3127 3794 ubi
3153 3750 3311 3793 antra
3346 3739 3443 3794 fuit
3467 3755 3482 3806 ;
3513 3747 3569 3795 et
3605 3737 3731 3811 quls

2130 3831 2235 3886 ltoc
2260 3845 2457 3886 sensus
2478 3830 2754 3900 concipiet
2777 3831 2801 3885 ἲ
2850 3831 3145 3889 Descendit
3164 3832 3233 3888 de
3258 3834 3400 3888 ca-lo
3437 3832 3581 3889 ﬁlius
3622 3832 3729 3888 lto-

2130 3923 2293 3979 minis
2319 3923 2410 3993 qui
2443 3922 2499 3978 in
2522 3922 2680 3978 cuilis
2710 3930 2827 3989 est;
2861 3934 2917 3979 et
2944 3939 3065 3994 quae
3098 3926 3202 3980 hoc
3238 3926 3380 3980 ratio
3407 3926 3731 3996 praestabit?

2141 4012 2359 4070 Verbum
2381 4031 2500 4069 caro
2534 4014 2729 4084 factum
2757 4024 2865 4082 est;
2903 4031 3020 4087 qua:
3052 4014 3157 4072 hoc
3186 4017 3345 4074 verba
3394 4016 3729 4090 loquentur?

2132 4108 2219 4164 Fit
2246 4123 2375 4163 caro
2406 4106 2666 4173 Verbum,
2699 4107 2750 4164 id
2791 4117 2874 4165 est
2901 4150 2914 4172 .
2949 4110 3114 4166 homo
3144 4110 3284 4166 Deus
3315 4130 3329 4166 :
3360 4120 3417 4167 et
3442 4113 3533 4181 qui
3565 4112 3731 4167 homo

2133 4211 2236 4268 est,
2285 4205 2337 4258 in
2366 4203 2517 4258 caelis
2534 4210 2646 4260 est:
2680 4214 2736 4258 et
2761 4203 2850 4272 qui
2878 4203 3017 4258 Deus
3037 4214 3143 4269 est,
3171 4204 3239 4260 de
3259 4205 3416 4261 ccelis
3463 4212 3568 4262 est.
3622 4205 3733 4261 Ad-

2134 4295 2346 4351 scendit
2373 4294 2749 4350 descendens:
2782 4293 2876 4351 sed
2913 4294 3196 4351 descendit
3223 4297 3295 4370 (ᾗ
3334 4311 3441 4352 non
3494 4297 3726 4353 dcscen«

2134 4392 2291 4448 deus.
2329 4389 2426 4445 Est
2457 4389 2546 4461 qui
2577 4398 2727 4454 erat,
2756 4398 2811 4443 et
2840 4390 2981 4460 quod
3010 4399 3094 4446 est
3124 4404 3232 4445 non
3280 4398 3420 4446 erat.
3451 4388 3732 4446 Currimus

2136 4502 2233 4558 per
2262 4500 2484 4552 causas,
2528 4488 2586 4539 et
2611 4481 2820 4537 ratione
2848 4481 2931 4553 (ὅ)
2958 4481 3283 4539 deﬁcimur:
3316 4482 3581 4539 rationem
3611 4495 3733 4538 cer-

2210 4630 2291 4703 (3)
2320 4626 2621 4699 Deficiat».

506 4820 601 4893 (τι)
634 4817 965 4874 Vocabulum
1006 4833 1102 4872 nos
1146 4831 1466 4893 revocamus
1508 4783 1578 4873 es
1605 4813 1757 4893 Bad._
1781 4825 1838 4873 et
1863 4830 2025 4893 _tuss.
2058 4815 2110 4875 1)
2134 4805 2557 4893 ve_£_imus_.u'l'um
2585 4804 2711 4893 Par.
2754 4817 2877 4893 cu'm
2909 4800 3223 4893 metatio:
3237 4801 3365 4893 bas.
3392 4802 3735 4893 expetere;‘1n

438 4874 642 4948 Dein'de
670 4906 769 4961 pro
795 4899 1059 4961 tamquam
1080 4928 1098 4949 .
1142 4887 1283 4961 male
1328 4887 1530 4961 habent
1558 4904 1688 4944 mss.
1721 4887 2032 4961 Remig.‘ac
2066 4874 2087 4875 ί
2135 4885 2267 4961 edit.
2316 4879 2436 4936 aliis
2460 4926 2480 4961 ,_
2518 4888 2768 4961 spretam
2812 4874 2872 4931 1η
2917 4876 3118 4961 πιίιιυφῑ
3147 4874 3589 4961 τινεςτωνεεῖςινε·
3619 4874 3735 4959 Νυὲι

438 4961 648 5020 Tlteod.
671 4958 823 5030 tam;
854 4960 959 5015 boc
980 4961 1124 5016 enim
1149 4958 1254 5015 sibi
1275 4960 1422 5014 vult:
1456 4972 1709 5030 tanquam
1732 4960 1799 5013 ad
1830 4958 2034 5015 intelli-

2135 4956 2245 5011 alio
2271 4968 2433 5009 sensu
2468 4952 2519 5007 in
2545 4948 2836 5020 plerisque,
2880 4956 3212 5020 exspectare:
3243 4956 3296 5001 et
3324 4963 3453 5020 mox
3480 4948 3536 5002 in
3563 4948 3734 5003 omni,

438 5017 671 5105 gendum
696 5017 847 5088 tanto
871 5041 1018 5105 esset
1046 5031 1226 5105 acrius
1245 5031 1505 5105 judicium
1534 5017 1803 5105 nostrum.
1829 5040 2033 5105 quanto
2137 5029 2239 5083 bus
2266 5017 2609 5093 exspectanda
2630 5064 2644 5085 ,
2677 5017 2766 5074 ubi
2800 5023 2851 5073 in
2884 5018 3110 5087 vulgatis
3145 5017 3449 5089 expetenda.

441 5100 619 5185 potior
652 5109 792 5185 Deus
830 5100 1287 5185 adclﬁciendum.
1448 5102 1787 5185 et_deinceps
1812 5100 2031 5185 reprimi

440 5173 653 5255 videtur
671 5176 917 5255 _Ennom_ii
932 5173 1180 5255 jactatio,
1202 5190 1305 5255 qua
1326 5174 1677 5255 'l'lteodoreto
1690 5184 1829 5230 teste
1844 5174 1936 5228 lib.
1958 5190 2032 5255 tv,

443 5250 584 5306 ll;er.
616 5249 749 5315 fab.,
776 5262 829 5304 c.
860 5247 894 5304 5
924 5265 935 5300 :
963 5247 1164 5318 senihii
1192 5247 1255 5301 eis
1278 5247 1427 5301 rebus
1456 5247 1642 5301 diuinis
1661 5252 1900 5317 ignorare
1923 5248 2038 5317 glo-

444 5322 892 5467 rmilili‘riitiﬁuus
921 5390 1101 5447 Codex
1124 5389 1279 5447 Culb.
1311 5392 1412 5447 ires
1442 5387 1819 5445 Macedoniam-

520 5488 594 5556 (c)
622 5485 852 5541 Carnut.
883 5485 1083 5554 aliique
1109 5485 1353 5541 nonnulli
1385 5500 1519 5540 mss.
1552 5498 1674 5539 cum
1714 5480 1841 5537 Dad.
1870 5492 1924 5537 et
1947 5480 2041 5536 Er.

449 5570 687 5616 naturam
712 5575 815 5613 non
845 5556 1050 5611 habent.

520 5649 604 5723 (d)
630 5651 837 5707 Martia.
870 5665 971 5705 ms.
1002 5665 1353 5722 supercapere.
1386 5648 1572 5707 Gratce
1600 5650 1948 5775 ὖπιρὸρονρῖν.

520 5724 594 5775 lcl
625 5722 680 5775 In
711 5739 818 5775 uno
846 5738 947 5775 ms.
975 5723 1155 5775 (2011)..
1179 5724 1353 5775 altero
1373 5721 1606 5775 Sorbun.
1633 5733 1689 5775 et
1768 5730 1929 5775 arttn.

519 5721 594 5793 (c)
625 5722 680 5778 In
711 5739 818 5779 uno
846 5721 1155 5793 ms.rilullt..
1179 5724 1353 5777 altero
1373 5721 1606 5776 Sorbon.
1633 5733 1689 5777 et

451 5792 684 5866 perieris.
715 5796 772 5850 ln
804 5794 910 5850 alio
939 5792 1092 5849 Cullt.
1120 5803 1173 5849 et
1203 5793 1383 5851 Germ.
1412 5793 1733 5866 posterioris.

1768 5722 1929 5775 artin.
1960 5733 2044 5774 su-

2212 5114 2289 5191 (9)
2324 5113 2594 5191 Vin-D35-
2641 5126 2747 5191 ms;
2772 5123 2928 5191 ,(ξιιιι
3178 5108 3447 5191 ειῃδοψ.
3490 5113 3733 5191 perspici.

2140 5179 2296 5246 Mart.
2325 5186 2513 5253 respici
2537 5202 2551 5238 :
2582 5198 2646 5238 ac
2668 5181 2896 5237 subinde
2917 5195 3037 5236 cum
3059 5181 3206 5238 dicto
3230 5179 3354 5236 Vat.
3389 5179 3504 5236 bas.
3534 5194 3592 5238 et
3613 5179 3739 5239 ’Κατ

2143 5263 2250 5325 mig
2306 5259 2350 5313 si
2374 5257 2526 5313 modo
2550 5256 2688 5322 quod
2714 5264 2877 5325 potes.

2306 5278 2349 5313 ει
2374 5278 2526 5313 moao
2550 5278 2687 5322 quoa
2714 5278 2877 5325 potu.

2217 5278 2297 5401 ᾗ)
2326 5329 2383 5383 ln
2406 5328 2657 5401 vulgatis.
2684 5324 3049 5401 descensiom's.
3093 5322 3263 5395 Magis
3282 5323 3603 5394 placetcum
3651 5342 3744 5397 po-

2146 5397 2375 5460 tioribus
2403 5402 2532 5456 m'ss.
2566 5397 2897 5451 decessionis.

2220 5475 2287 5557 (ἡ)
2332 5472 2478 5557 Idem
2508 5478 2903 5557 argumentum“
2928 5466 3103 5557 iusius
3122 5467 3493 5557 prosequitur
3516 5467 3745 5541 Gregor.

2150 5539 2403 5603 Nazians.
2431 5544 2505 5598 0r
2557 5557 2720 5606 xxxv,
2753 5556 2807 5595 ιι.
2833 5539 2905 5594 88
2936 5550 2991 5594 et
3014 5556 3168 5610 seqq.

2225 5640 2296 5711 (j)
2335 5635 2394 5693 1n
2440 5644 2654 5711 vetusto
2683 5632 2872 5711 codice
2917 5632 3068 5711 Colb:
3104 5633 3588 5711 nomadscettdetts.
3635 5634 3751 5711 Hoc

2152 5704 2468 5782 argumenti
2499 5720 2669 5782 genus
2709 5705 2947 5759 maxime
2978 5704 3123 5782 valet
3170 5704 3430 5782 adversus
3478 5721 3601 5767 eos.
3656 5710 3749 5776 qui

2156 5776 2390 5839 vcrbum
2438 5778 2533 5836 Dei
2573 5792 2695 5833 cum
2741 5791 2905 5832 carne
2942 5776 3365 5833 substantialitcr
3402 5782 3754 5848 conjunctutn

525 5848 603 5939 (f
634 5848 919 5939 Eveinpla‘r
951 5848 1168 5922 .‘llurziu.
1189 5848 1440 5935 quantum
1461 5865 1685 5921 admittit
1708 5880 1725 5917 :
1749 5866 1837 5935 qui
1865 5863 1907 5917 si
1931 5861 2047 5934 plus
2157 5863 2375 5927 negant,
2400 5859 2491 5907 aut
2518 5864 2639 5907 cum
2669 5864 2734 5908 ea
2757 5848 3111 5921 cunl'uudunt.
