4316 6464
544 314 647 369 591

1740 309 1986 369 SANCTI
2027 308 2280 370 lllLAllll
2322 312 2627 373 EPISCOPI

3730 311 3836 372 39?.

547 431 873 484 contra/mni.
904 429 1218 497 Qutvstioncs
1238 429 1395 483 uaria:
1421 430 1489 483 tte
1512 427 1702 485 Christi
1736 440 1914 485 morte.
1938 459 2007 469 ——
2028 428 2138 485 Vos
2165 436 2211 493 Α
2241 446 2421 486 sermo
2449 441 2551 495 est,
2583 443 2645 485 se
2662 427 2984 486 derelictum
3011 430 3420 504 conquerentis,
3444 440 3501 489 et
3519 447 3580 489 se
3609 447 3837 504 regnare

547 540 688 579 nunc
731 523 813 578 vel
858 524 1220 594 tripet'tientes
1247 520 1519 577 Christum
1573 523 1625 577 in
1666 523 1900 577 Verbum
1929 532 1984 578 et
2023 521 2141 577 atti-

548 632 687 671 mam
728 627 784 672 et
827 631 1045 686 corpus,
1094 618 1177 672 vel
1210 622 1377 672 totum
1404 616 1677 672 Christum
1710 618 1874 672 Dcttnt
1900 617 2139 672 Verbum

546 709 599 763 in
626 708 799 765 solum
831 710 1134 765 Communis
1181 708 1395 780 generis
1423 710 1696 765 hominem
1735 710 2139 778 contrahentes,

546 804 652 858 huc
695 802 852 857 nobis
903 817 1110 873 magna:
1152 801 1365 872 pietatis
1414 811 1808 858 sacramentum
1835 846 1850 868 ,
1896 801 2038 873 quod
2086 803 2140 857 in

545 911 709 951 carne
738 895 818 965 (α)
844 895 1242 951 manifestatum
1271 903 1377 962 est,
1401 896 1636 951 revelate
1663 895 1705 969 (Ι
1733 886 1868 950 Tini.
1902 911 1983 961 ιιι,
2014 894 2137 965 16)τ

545 1005 703 1058 quem
726 985 1013 1044 tradiderit
1040 989 1289 1058 spiritum
1318 989 1591 1056 Christus,
1620 998 1677 1045 et
1704 990 1825 1059 quis
1865 988 1919 1044 in
1952 1002 2146 1044 manus

546 1082 721 1138 Patris
744 1080 1211 1136 commendaverit
1241 1096 1398 1136 suum
1426 1083 1699 1150 spiritum,
1730 1090 1787 1137 et
1813 1082 1935 1152 quis
1956 1082 2010 1136 in
2044 1095 2141 1149 pa-

544 1172 725 1229 radiso
751 1171 842 1229 die
867 1171 1060 1228 eadem
1091 1172 1271 1239 fuerit,
1299 1182 1356 1229 et
1379 1175 1501 1244 quis
1525 1171 1826 1243 derelinqui
1867 1188 1928 1228 se
1973 1187 2003 1226 a
2032 1171 2145 1227 Deo

546 1277 768 1340 questus
780 1267 871 1322 sit.
894 1265 1027 1322 Nam
1056 1266 1277 1338 querela
1302 1265 1548 1321 derelieti
1600 1265 1884 1321 morientis
1914 1264 2114 1320 inlirmi
2133 1293 2148 1307 -

548 1372 629 1416 tas
657 1372 777 1417 est:
816 1360 1103 1433 promissio
1126 1370 1306 1414 autem
1337 1358 1594 1428 paradisi,
1624 1359 1860 1415 viventis
1885 1356 1982 1414 Dei
2024 1373 2147 1429 reg-

549 1474 682 1512 num
705 1467 808 1512 est.
830 1453 1247 1511 Commendatio
1274 1455 1496 1524 spiritus
1512 1495 1527 1520 ,
1550 1453 1981 1511 commendantis
2015 1468 2150 1510 con-

549 1551 770 1606 ﬁdentia
790 1559 877 1606 est
902 1570 915 1605 :
946 1549 1164 1605 traditio
1188 1548 1434 1617 spiritus,
1461 1548 1745 1605 morientis
1770 1548 2016 1605 excessio
2040 1556 2146 1603 est.

550 1644 748 1712 Qutero
778 1643 977 1713 itaque,
1006 1644 1129 1712 quis
1150 1641 1412 1697 moritur?
1448 1641 1652 1712 Nempe
1678 1643 1768 1711 qui
1796 1641 1958 1697 tradit
1981 1640 2148 1711 spiri—

551 1744 688 1792 tum.
722 1733 927 1791 Deinde
966 1734 1089 1807 quis
1117 1733 1282 1789 tradit
1312 1718 1601 1803 spiritum?
1631 1732 1830 1804 Utique
1875 1734 1966 1804 qui
2002 1731 2147 1788 Patri

549 1827 951 1886 commendavit
971 1827 1221 1897 spiritum
1244 1842 1420 1882 suum.
1438 1827 1499 1882 Et
1530 1828 1574 1882 si
1593 1825 1731 1882 idem
1761 1826 1855 1896 qui
1875 1840 2151 1881 commen-

552 1924 721 1991 davit,
752 1924 892 1979 idem
930 1922 1150 1978 tradens
1177 1920 1426 1993 spiritum
1454 1933 1700 1977 mortuus
1721 1929 1805 1977 est
1829 1939 1840 1973 :
1875 1922 2149 1989 interrogo

554 2032 735 2077 utrum
766 2033 961 2087 corpus
993 2018 1228 2074 animam
1255 2015 1622 2079 commendet,
1655 2012 1731 2086 (ὁ)
1760 2029 1827 2069 an
1857 2014 1998 2069 Deus
2023 2027 2148 2069 cor-

553 2115 705 2189 poris
751 2110 1021 2169 animam?
1066 2109 1199 2166 Nam
1247 2110 1439 2181 spiritu
1492 2107 1803 2180 frequenter
1856 2106 2149 2179 signiﬁcari

555 2208 789 2262 animam
821 2192 927 2262 non
954 2202 1262 2275 ambiguum
1276 2212 1363 2258 est
1392 2219 1406 2255 :
1437 2200 1590 2257 etvel
1614 2216 1676 2256 ex
1711 2201 1812 2257 hoc
1842 2201 1981 2270 ipso,
2005 2198 2150 2271 quod

554 2301 712 2359 Jesus
734 2300 1026 2358 moriturus
1049 2296 1269 2353 tradidit
1291 2296 1561 2367 spiritum.
1590 2294 1645 2351 Si
1675 2295 1834 2366 igitur
1857 2295 2144 2366 quisquam

554 2394 970 2454 existimandum
988 2391 1213 2464 putabit,
1229 2389 1593 2445 commendari
1609 2391 1844 2443 animam
1857 2402 1885 2440 a
1898 2401 2149 2458 corpore,

554 2507 587 2548 ει
603 2486 948 2547 dissolvendo
963 2487 1230 2541 viventem
1241 2526 1257 2547 ,
1274 2481 1437 2555 305
1451 2482 1523 2553 (c)
1538 2498 1567 2536 a
1584 2480 1980 2551 corrumpendo
1992 2489 2152 2537 teter-

556 2598 760 2650 nam,a
811 2576 1186 2638 resuscitando
1236 2583 1577 2640 manentem;
1620 2586 1677 2631 et
1726 2590 1833 2630 non
1861 2572 2152 2642 ambigitur

484 2668 487 2669 ⁷
553 2678 685 2749 quin
710 2674 855 2731 idem
878 2670 1344 2729 commendaverit
1370 2667 1616 2739 spiritum
1657 2668 1835 2733 Patri,
1866 2667 1957 2739 qui
1983 2676 2039 2722 et
2064 2666 2152 2722 die

555 2769 753 2824 eadem
790 2766 847 2821 in
874 2761 1126 2835 paradiso
1154 2760 1319 2818 fuerit
1340 2775 1462 2815 cum
1508 2758 1719 2814 latrone
1750 2777 1762 2812 :
1791 2770 1847 2815 et
1872 2774 2058 2829 quaero
2081 2774 2151 2813 an

559 2861 813 2932 sepulcro
836 2870 1109 2929 receptus,
1141 2854 1195 2909 in
1224 2852 1477 2924 paradiso
1504 2851 1797 2916 manserit;
1843 2867 1911 2905 an
1943 2865 2071 2908 vero
2098 2851 2152 2905 in

561 2952 813 3026 paradiso
835 2964 1085 3016 manens,
1106 2946 1422 3003 derelictum
1451 2960 1510 3000 se
1541 2960 1570 2999 a
1598 2945 1709 3000 Deo
1734 2952 1959 3013 questus
1985 2944 2077 2999 sit.

628 3047 718 3103 62.
761 3045 990 3102 Salutio.
1012 3071 1083 3084 -
1113 3041 1264 3098 Unus
1283 3038 1364 3111 (ιι)
1393 3042 1536 3093 enim
1567 3046 1727 3109 atque
1755 3038 1898 3093 idem
1931 3045 2015 3092 est
2049 3037 2154 3092 Do-

558 3139 740 3197 minus
765 3137 925 3195 Jesus
953 3136 1232 3199 Christus,
1259 3131 1500 3189 Verbum
1538 3146 1667 3188 caro
1709 3132 1929 3200 factum,
1974 3146 2035 3187 se
2074 3130 2154 3202 ip-

2244 524 2543 592 prolitentis
2573 538 2587 577 :
2620 537 2724 594 qua
2770 519 2932 578 [idem
2962 533 3201 579 nostram
3247 522 3583 580 inﬁdelitatis
3623 526 3835 582 ratione

2240 613 2550 681 dividimus,
2583 621 2643 669 ut
2679 628 2787 671 non
2818 613 2961 670 idem
2993 613 3045 670 in
3089 624 3337 687 tempore
3362 614 3556 673 eodem
3581 616 3652 671 sit
3679 630 3830 673 mor-

2244 716 2387 774 tuus,
2418 708 2508 778 qui
2528 714 2586 762 et
2606 715 2825 777 regnet;
2881 721 3005 764 cum
3043 706 3187 763 idem
3227 709 3345 777 ipse
3368 707 3438 764 de
3464 722 3525 767 se
3552 719 3841 779 utrumque

2243 810 2471 858 testatus
2494 803 2587 869 sit,
2617 811 2673 859 et
2708 800 3099 859 commendans
3122 802 3391 875 spiritum,
3418 812 3470 859 et
3513 802 3841 875 exspirans?

2242 895 2399 962 Quod
2428 896 2473 951 si
2502 896 2643 952 idem
2672 895 3058 953 commendans
3096 898 3345 967 Spiritum
3392 905 3555 969 atque
3601 895 3839 961 tradens,

2241 999 2298 1045 et
2363 1003 2593 1061 regnans
2663 989 2889 1046 moritur
2964 1000 3020 1047 et
3092 1001 3336 1047 mortuus
3416 1002 3653 1062 regnat;
3744 989 3844 1045 ha-

2244 1085 2437 1141 bemus
2484 1084 2537 1140 in
2587 1094 2932 1142 sacramento
2982 1083 3076 1140 lilii
3127 1085 3359 1142 hominis
3396 1093 3453 1141 et
3493 1084 3590 1139 ﬁlii
3622 1083 3758 1152 Dei,
3789 1093 3847 1141 et

2244 1178 2384 1233 mori
2412 1185 2747 1249 regnantem,
2775 1186 2830 1233 et
2853 1191 3082 1249 regnare
3110 1178 3456 1234 morientem.

2317 1269 2405 1324 6'5.
2454 1269 2725 1342 Epilogus.
2756 1298 2827 1309 -—
2850 1268 3092 1325 Absistat
3132 1269 3315 1339 itaque
3345 1269 3524 1324 omnis
3545 1267 3847 1340 irreligiosa

2245 1370 2303 1418 et
2329 1362 2494 1417 divini
2523 1363 2848 1418 sacramenti
2878 1362 3106 1433 incaan
3139 1362 3430 1419 infidelitas
3455 1360 3693 1435 (Confer.
3723 1362 3846 1417 Antc

2244 1454 2410 1522 bras.,
2436 1454 2531 1509 tib.
2564 1470 2623 1519 ι,
2667 1455 2721 1509 in
2764 1452 2923 1521 Luc.,
2953 1471 3009 1509 rt.
3042 1451 3137 1525 56)
3172 1473 3187 1510 :
3219 1470 3341 1526 qua:
3369 1454 3545 1511 nescit
3570 1452 3847 1511 Christum

2249 1563 2360 1603 non
2387 1547 2490 1603 sibi
2518 1548 2673 1615 ﬂere,
2700 1548 2799 1603 sed
2830 1547 3008 1616 nobis,
3052 1555 3114 1603 ut
3146 1548 3410 1620 assumpti
3439 1547 3672 1604 hominis
3703 1545 3851 1605 veri-

2248 1649 2416 1697 tatem
2448 1640 2564 1711 ipse
2600 1656 2818 1712 quoque
2863 1640 3093 1699 allectus
3142 1641 3393 1698 humanm
3440 1641 3852 1700 consuetudinis

2249 1741 2533 1805 susceptus
2576 1743 2968 1804 protestaretur
2989 1751 3003 1789 :
3027 1750 3149 1807 qua:
3182 1735 3398 1807 ignorat
3438 1734 3715 1793 Christum
3742 1750 3852 1793 non

2178 1824 2225 1886 Β
2253 1828 2354 1885 sibi
2388 1830 2549 1894 mori,
2587 1828 2681 1885 sed
2728 1830 2852 1886 vita:
2894 1837 3118 1895 nostras,
3160 1839 3221 1886 ut
3265 1846 3362 1902 per
3402 1829 3723 1888 immortalis
3758 1830 3855 1887 Dei

2251 1929 2505 1987 mortem,
2538 1920 2849 1976 mormlium
2887 1921 2993 1976 vita
3041 1932 3333 1979 renovetur
3362 1941 3377 1979 :
3405 1940 3524 1995 qu'e
3554 1939 3666 1981 non
3696 1921 3855 1979 intel-

2253 2014 2369 2086 ligit
2394 2017 2672 2086 querelam
2698 2014 2964 2083 derelicti,
3008 2026 3065 2072 et
3106 2017 3383 2088 regnantis
3428 2014 3853 2085 conﬁdentiam;

2252 2117 2309 2163 ut
2355 2108 2498 2178 quod
2557 2109 2697 2165 Deus
2736 2119 2943 2180 regnat,
2992 2120 3049 2167 et
3099 2111 3248 2182 quod
3300 2127 3362 2167 se
3405 2112 3542 2167 mori
3586 2111 3852 2183 queritur,

2252 2199 2324 2255 sit
2350 2198 2427 2267 tl)
2460 2201 2514 2254 in
2537 2199 2615 2273 (f)
2649 2199 3001 2271 intelligentia
3033 2209 3216 2257 nostra
3243 2245 3256 2269 ,
3288 2211 3345 2258 et
3381 2202 3544 2259 homo
3587 2210 3854 2270 mortuus,

2251 2302 2307 2349 et
2329 2294 2470 2349 Deus
2498 2309 2750 2365 regnans.
2796 2292 2913 2350 Non
2960 2294 3107 2351 enim
3146 2294 3288 2353 alius
3312 2302 3399 2354 est
3427 2294 3667 2353 moriens
3690 2307 3745 2353 et
3766 2312 3855 2355 re-

2251 2402 2462 2457 gnans.
2510 2403 2689 2458 neque
2741 2388 2881 2443 alius
2927 2398 3010 2445 est
3058 2390 3446 2447 commendans
3501 2388 3750 2462 spiritum
3799 2400 3857 2448 et

2255 2483 2561 2551 exspirans,
2590 2497 2767 2554 neque
2790 2482 2931 2538 alius
2956 2493 3041 2540 est
3066 2484 3308 2556 sepultus
3334 2493 3390 2541 et
3416 2500 3727 2558 resurgens,
3759 2500 3855 2542 ne~

2253 2591 2358 2645 que
2389 2591 2496 2631 non
2523 2592 2661 2631 unus
2689 2583 2773 2631 est
2798 2575 3138 2634 descendens
3162 2586 3218 2633 et
3242 2576 3601 2635 adscendens.

2325 2667 2817 2741 36664.0Itristus
2830 2672 3096 2726 indiuisus.
3106 2669 3219 2727 Hoc
3230 2672 3364 2746 fugit
3376 2674 3857 2747 scculipmdrnm.

2254 2763 2465 2818 -—Audi
2488 2764 2540 2818 in
2558 2763 2661 2820 bac
2680 2764 2988 2835 apostolica:
3004 2762 3264 2824 doctrina:
3280 2769 3546 2826 eruditam
3560 2783 3665 2827 non
3678 2769 3857 2829 carnis

2254 2872 2439 2922 sensu,
2456 2856 2553 2913 sed
2566 2856 2713 2915 dono
2726 2856 2960 2928 Spiritus
2979 2856 3163 2927 ﬁdem,
3179 2876 3301 2918 cunt
3314 2862 3518 2919 Cmcts
3533 2864 3852 2935 sapientiam

2255 2960 2309 3005 et
2322 2948 2524 3005 .Iudazis
2536 2950 2686 3020 signa
2701 2950 3047 3021 poscentibus
3059 2951 3325 3023 loquitur:
3350 2951 3461 3009 Nos
3478 2961 3649 3010 autem
3665 2954 3859 3026 prcdi~

2255 3058 2430 3096 cantus
2444 3040 2703 3097 Christum
2720 3041 2900 3097 Iesum
2920 3044 3246 3113 cruciﬁxum,
3257 3044 3458 3100 Judaris
3474 3046 3681 3118 quidem
3702 3063 3855 3101 scatt-

2257 3138 2452 3198 dalunt,
2471 3136 2702 3207 gentibus
2722 3146 2892 3191 autem
2904 3138 3172 3193 stultitiam
3187 3156 3208 3206 ;
3226 3139 3352 3210 ipsis
3361 3150 3531 3194 autem
3548 3140 3739 3195 vocatis
3758 3138 3861 3194 Ju-

560 3249 679 3289 sum
708 3247 806 3305 per
836 3230 955 3286 hate
977 3232 1227 3285 universa
1254 3224 1564 3295 signiﬁcans
1588 3242 1601 3278 ε
1632 3225 1723 3295 qui
1746 3222 1873 3279 dum
1903 3224 1971 3279 ad
2000 3240 2150 3279 mor-
2178 3225 2226 3290 C
2258 3230 2383 3285 atris
2408 3240 2559 3299 atque
2585 3228 2779 3285 Grtzcis
2815 3230 3073 3286 Christum
3097 3228 3280 3286 lerunt
3305 3231 3400 3287 Dei
3424 3234 3659 3288 uirtutem
3682 3241 3729 3287 et
3759 3230 3859 3289 Dei

560 3332 669 3381 tem
711 3324 1007 3395 derelinqui
1057 3337 1117 3378 se
1164 3320 1449 3392 signiﬁcat,
1482 3318 1645 3373 homo
1689 3328 1812 3385 est;
1852 3317 1980 3374 dum
2023 3334 2155 3375 vero

560 3418 724 3473 homo
751 3426 857 3482 est,
889 3416 942 3470 in
972 3413 1221 3485 paradiso
1249 3414 1389 3467 Deus
1414 3421 1623 3482 regnet,
1657 3426 1891 3482 regnans
1922 3427 2082 3481 porro
2104 3414 2156 3467 in

563 3512 833 3581 paradiso,
867 3508 1013 3565 Patri
1038 3505 1384 3565 commendet
1412 3507 1659 3576 spiritum
1691 3505 1785 3560 Dei
1814 3504 1986 3571 (ilius;
2012 3521 2159 3560 com-

564 3607 875 3663 mendatum
903 3618 1035 3660 vero
1060 3603 1204 3657 Patri
1237 3602 1507 3673 spiritum,
1537 3602 1775 3656 hominis
1815 3601 1959 3657 illius
1988 3602 2164 3657 tradat

561 3702 629 3756 ad
651 3712 899 3756 mortem.
927 3697 1067 3767 Quid
1099 3710 1240 3751 nunc
1266 3694 1335 3750 de
1359 3706 1701 3750 sacramento
1726 3694 1949 3749 facimus
1970 3703 2160 3749 contu-

566 3792 825 3852 meliam?
852 3792 926 3865 (ε)
955 3789 1131 3845 Habes
1154 3790 1207 3844 in
1235 3797 1607 3858 conquerente
1643 3784 1710 3841 ad
1743 3797 1973 3842 monent
2004 3787 2161 3843 relic.

567 3899 679 3946 tum
700 3903 759 3944 se
788 3901 930 3953 esse,
953 3885 1078 3957 quia
1093 3883 1256 3941 homo
1271 3891 1357 3938 est
1383 3900 1395 3936 :
1422 3880 1590 3937 habes
1615 3896 1762 3947 eum,
1793 3881 1883 3952 qui
1908 3882 2158 3949 moritur,

566 3984 909 4057 proﬁtentem
938 3994 998 4036 se
1024 3979 1076 4034 in
1119 3976 1365 4048 paradiso
1405 3990 1656 4045 regnare,
1704 3975 1829 4047 quia
1874 3974 2016 4031 Deus
2049 3983 2157 4030 est.

565 4076 677 4133 Cur
698 4077 799 4132 hoc
826 4073 973 4146 quod
1002 4071 1158 4127 nobis
1185 4070 1251 4125 ad
1280 4069 1692 4140 intelligentiam
1726 4070 1915 4124 mortis
1941 4083 2053 4123 sua:
2080 4066 2162 4123 lo-

566 4177 726 4226 cutus
754 4173 857 4234 est,
888 4165 1063 4222 solum
1110 4162 1180 4218 ad
1226 4160 1556 4231 impietatem
1604 4160 1942 4227 retinemus,
1983 4168 2040 4215 et
2083 4160 2155 4227 id,

568 4262 712 4333 quod
745 4261 885 4317 idem
914 4257 980 4313 ad
1006 4256 1526 4313 demonstrationem
1574 4253 1995 4309 immortalitatis
2050 4268 2163 4309 sua:

567 4368 650 4414 est
679 4355 977 4430 professus,
1015 4351 1291 4407 tacemus?
1342 4349 1401 4406 Si
1441 4347 1683 4420 ejusdem
1716 4364 1819 4405 vox
1847 4348 1961 4404 inec
2003 4358 2165 4421 atque

644 4497 723 4570 (l)
754 4497 916 4554 Abest
942 4494 994 4549 in
1024 4508 1056 4549 a
1080 4506 1183 4549 ms.
1218 4496 1424 4546 nostro.

2259 3324 2567 3395 sapientium
2590 3321 2634 3393 (l
2662 3322 2808 3391 Con,
2836 3338 2877 3389 t,
2914 3324 2988 3381 25
3025 3334 3073 3378 et
3104 3324 3222 3397 ει).
3253 3321 3522 3397 Numquid
3549 3325 3755 3382 divisus
3774 3332 3860 3383 cst

2262 3418 2529 3484 Christus,
2560 3429 2619 3475 ut
2638 3418 2778 3476 alius
2801 3421 2871 3475 sit
2897 3419 3055 3476 Jesus
3097 3419 3406 3488 cruciﬁxus,
3440 3419 3580 3478 alius
3607 3417 3860 3477 Christus

2262 3515 2434 3569 virtus
2459 3522 2514 3569 et
2540 3515 2805 3585 sapientia
2849 3512 2979 3569 Dei?
3019 3513 3126 3570 Sed
3172 3515 3274 3571 hoc
3313 3524 3368 3571 et
3412 3514 3726 3571 scandalum
3764 3514 3861 3571 Ju-

2263 3597 2420 3673 da-is,
2449 3617 2501 3662 et
2530 3607 2752 3664 stultitia
2792 3606 3041 3679 gentibus
3083 3617 3168 3663 est
3200 3626 3215 3663 :
3250 3607 3405 3664 nobis
3460 3623 3589 3665 vero
3610 3604 3861 3664 Christus

2257 3701 2418 3757 .lesus
2450 3700 2541 3756 Dei
2572 3700 2764 3766 virtus,
2792 3701 2993 3775 Deique
3019 3700 3312 3770 sapientia;
3338 3700 3435 3759 sed
3454 3700 3722 3771 sapientia
3751 3715 3860 3756 non

2263 3792 2465 3848 mundo
2496 3793 2729 3864 cognita,
2778 3808 2880 3850 nec
2926 3794 3196 3850 intellecta
3254 3793 3606 3864 prudentibus
3651 3792 3860 3850 smculi.

2264 3888 2327 3945 Et
2353 3904 2515 3960 quam
2556 3904 2662 3945 non
2709 3889 2979 3946 intellecta
3003 3889 3093 3959 sit,
3136 3888 3287 3945 disce
3314 3887 3505 3945 eodem
3535 3889 3694 3945 beato
3718 3890 3861 3959 Apo»

2261 3981 2406 4038 stolo
2434 3981 2651 4038 dicente
2682 3998 2695 4035 :
2729 3982 2835 4038 Sed
2861 3978 3119 4052 loquimur
3151 3979 3245 4036 Dei
3282 3982 3610 4061 sapientiam,
3656 3996 3771 4051 quin
3807 3980 3863 4036 itt

2262 4085 2582 4133 sacramento
2603 4077 2851 4133 absconsa
2872 4087 2968 4143 est,
2993 4092 3149 4148 quant
3167 4074 3437 4145 prazﬁniet't
3464 4072 3603 4129 Deus
3627 4083 3745 4128 ante
3768 4088 3867 4128 sat-

2262 4167 2383 4224 cula
2408 4170 2460 4222 in
2490 4156 2711 4241 gloriam
2735 4179 2963 4224 nostram
2988 4210 3005 4235 ,
3041 4184 3194 4239 quant
3220 4166 3302 4241 (g)
3331 4183 3477 4221 neruo
3511 4181 3577 4222 ea:
3604 4165 3863 4239 principio

2265 4262 2359 4315 bus
2390 4262 2543 4329 hujus
2573 4262 2745 4317 saeculi
2773 4261 3005 4332 cognouit
3035 4260 3120 4315 :st'
3150 4261 3287 4314 enim
3314 4260 3684 4334 cognovissent,
3718 4273 3867 4311 mune

2267 4372 2419 4424 quam
2448 4353 2728 4411 Dominum
2749 4355 2928 4428 glorite
2951 4354 3322 4425 crttciﬁzisscttt
3351 4352 3396 4425 (ι
3413 4351 3559 4421 Cor.,
3583 4368 3643 4421 Il,
3666 4353 3699 4409 7
3723 4349 3864 4424 etB).

641 4619 721 4687 (a)
748 4614 896 4687 Lips.
917 4623 975 4687 et
992 4609 1112 4687 l’ar.
1146 4624 1269 4662 cunt
1301 4612 1511 4661 vetusto
1537 4601 1723 4687 codice
1742 4601 1897 4659 Colb.
1928 4601 2169 4687 manium:
2196 4600 2247 4661 D
2275 4606 2456 4687 nasius
2487 4608 2580 4687 lib.
2609 4609 2679 4687 de
2705 4608 2916 4687 Incarn.
2946 4607 3166 4687 Christi,
3199 4610 3488 4687 pagatim,
3519 4610 3865 4687 traditionem

574 4676 679 4745 tuin
705 4676 799 4745 tu.
818 4676 921 4740 llic
947 4684 1107 4739 iidem
1131 4688 1456 4745 arguuntur,
1498 4676 1589 4746 qui
1636 4692 1797 4744 supra
1841 4690 1989 4746 num.
2016 4677 2085 4730 b9
2111 4685 2166 4731 et

571 4760 971 4818 convincuntur
1000 4771 1106 4809 non
1139 4766 1300 4819 posse
1332 4753 1383 4805 in
1413 4745 1814 4803 sua’settteutia
1846 4745 2121 4818 explicare
2148 4787 2162 4813 ,

574 4849 695 4904 qua-
723 4831 793 4886 de
817 4827 1035 4904 Christo
1062 4824 1260 4904 scripta
1285 4831 1431 4875 sunt.

648 4904 726 4975 (ὁ)
752 4899 903 4975 Apud
928 4897 1057 4975 Bad.
1087 4895 1251 4975 etEr.
1280 4910 1347 4946 an
1373 4907 1562 4975 corpus
1579 4892 1805 4973 animant
1834 4907 1852 4944 :
1881 4892 2055 4958 inepta
2083 4906 2163 4945 re-

576 4963 1041 5047 petitio.'l.ipsitts_
1068 4966 1263 5047 deinde
1289 4982 1356 5019 ex
1390 4963 1596 5045 lirasmi
1628 4965 1870 5047 margine
1899 4977 2168 5047 reponens

576 5034 643 5102 an
671 5045 812 5101 Deus
835 5042 1086 5114 corporis,
1108 5038 1290 5091 omisit
1315 5036 1564 5114 animum,
1591 5051 1691 5114 nec
1725 5036 1867 5114 apud
1899 5034 2020 5114 Par.
2055 5050 2170 5088 res-

577 5129 789 5174 titutum
816 5105 1039 5170 estfliie
1067 5105 1121 5165 et
1150 5125 1300 5165 nunt.
1334 5108 1404 5164 55
1438 5123 1544 5159 ttutt
1581 5106 1897 5173 simpliciter
1919 5105 2165 5169 animam,

575 5193 671 5246 sed
707 5204 827 5245 cum
859 5188 1112 5256 adjuncto
1137 5180 1367 5249 corporis
1388 5181 1540 5249 ponit
1565 5177 1956 5256 llilarius,_quu
1982 5176 2169 5256 absur-

577 5262 699 5315 dam
718 5268 904 5315 caveat
924 5248 1256 5328 npiuiunem,
1271 5248 1611 5328 quantumst
1629 5264 1780 5328 num.
1802 5249 1894 5313 57,
1913 5265 1979 5328 ne
2003 5248 2163 5328 videi.

577 5333 741 5389 Verbi
770 5320 1407 5409 anima'pnteturL'l‘um
1440 5322 1495 5409 in
1525 5320 1753 5409 vulgatis
1775 5334 1854 5409 lac
1883 5320 2169 5409 plerisque

578 5421 711 5460 mss.
764 5402 900 5455 Nam
925 5391 1187 5471 spiritum:
1216 5392 1585 5471 Magisplacet
1611 5406 1747 5471 cum
1772 5392 1936 5471 Corb.
1968 5399 2024 5471 et
2065 5391 2171 5446 lte-

576 5477 704 5546 mig.
741 5473 881 5549 Nam
916 5462 1121 5549 spiritu.
1150 5467 1285 5549 Ctnn
1310 5462 1801 5549 lspirittthltriisti
1831 5462 2168 5518 divinitatem

576 5535 719 5604 illius
741 5545 917 5603 soleat
941 5535 1177 5600 illlarius
1199 5535 1520 5618 intelligere,
1617 5535 1856 5616 _\'erbum
1876 5552 1907 5589 a
1937 5549 2167 5618 corpore

575 5628 790 5677 mortuo
813 5623 1120 5687 separatum
1146 5604 1425 5687 sensisset,
1447 5606 1793 5687 traditionem
1830 5604 2167 5687 spiritusﬂl‘a:

574 5695 676 5748 cile
704 5678 1090 5762 interpretatus
1113 5690 1260 5762 esset
1293 5678 1592 5762 divinitatis
1618 5678 2164 5762 discessionetnsused

573 5749 1035 5833 opinionis'bujus
1059 5753 1350 5833 suspicioni
1401 5751 1598 5833 locum.
1616 5752 1817 5833 nullum
1846 5749 2166 5833 permittunt

569 5821 678 5904 jw'nt
710 5835 872 5900 dicta,
904 5821 967 5889 ac
994 5821 1235 5900 proxime
1260 5821 1506 5884 dicenda.
1560 5821 1764 5880 Eodem
1803 5821 1965 5879 modo
1996 5821 2165 5877 Atha-

2269 4682 2488 4752 spiritus
2504 4681 2571 4736 de
2586 4684 2780 4736 animm
2801 4681 3132 4738 discessione
3151 4681 3371 4751 exponit
3399 4702 3413 4739 :
3439 4699 3501 4738 ac
3524 4683 3720 4738 deinde
3741 4698 3870 4737 sen-

2271 4753 2538 4819 tentiam,
2576 4768 2736 4823 quam
2769 4752 2972 4824 llilaiio
3012 4755 3231 4823 quidam
3265 4771 3371 4810 non
3416 4755 3550 4811 satis
3578 4758 3869 4824 prudenter

2270 4827 2555 4894 alliugunt,
2584 4823 2827 4893 explodit
2854 4842 2867 4877 :
2895 4826 3025 4879 adeo
3056 4836 3111 4879 ut
3135 4828 3538 4895 aspirationem
3553 4823 3699 4881 nemo
3725 4827 3872 4880 di.t:e«

2270 4899 2335 4950 rit
2354 4894 2554 4951 deitatis
2579 4897 2953 4967 traductionem
2974 4894 3557 4967 transmigrationemve,
3578 4901 3667 4952 sed
3684 4899 3872 4952 animi:

2271 4970 2547 5041 discessum
2574 4984 2700 5022 esse.
2738 4966 2875 5022 Nam
2899 4968 2944 5022 si
2968 4978 3082 5041 post
3101 4966 3485 5041 emigrationent
3506 4971 3709 5025 deitatt's
3735 4986 3872 5023 mors

2275 5040 2653 5111 superumit,...
2709 5042 2969 5107 propriam
3014 5040 3257 5096 nimirum
3285 5054 3501 5097 mortem
3536 5042 3723 5110 obivit,
3769 5056 3875 5097 non.

2274 5124 2449 5166 nostra
2476 5114 2774 5182 perfunctus
2796 5120 2890 5166 est.

2349 5203 2423 5275 (c)
2462 5204 2937 5277 Corrumpendum
2956 5214 3015 5260 ut
3040 5215 3095 5261 ct
3118 5202 3521 5262 dissolvendum
3547 5205 3715 5271 dicit,
3744 5207 3872 5277 quia

2278 5291 2400 5349 mox
2430 5277 2534 5330 vita
2565 5276 2883 5331 cariturum.
2914 5274 3083 5333 Porro
3125 5287 3370 5333 sanctum
3397 5278 3609 5335 Domini
3643 5274 3873 5349 corrup-

2276 5347 2476 5403 tionem
2504 5362 2611 5403 non
2639 5350 2876 5403 visurum
2918 5364 3039 5405 esse
3070 5349 3301 5404 adstruit
3328 5365 3491 5423 supra
3514 5367 3569 5406 n.
3605 5349 3693 5406 12.

2348 5440 2427 5584 ἓάέ
2454 5440 2579 5497 Par.
2608 5456 2731 5497 cum
2760 5444 2981 5511 antiquo
3002 5441 3189 5497 codice
3214 5441 3365 5497 Colb.
3392 5460 3552 5498 unum
3572 5443 3726 5499 enim.

2369 5530 2399 5567 e
2453 5512 2527 5567 ita
2561 5513 2741 5583 plures
2772 5529 2904 5571 mss.
2937 5512 3192 5569 Nonnulli
3219 5514 3543 5584 cumeditis,
3566 5514 3720 5569 [tabes

2369 5530 2399 5567 ϐ

2453 5512 2527 5567 ita
2561 5513 2741 5583 plures
2772 5529 2904 5571 mss.
2937 5512 3192 5569 Nonnulli
3219 5529 3342 5570 cum
3361 5514 3543 5585 editis,
3566 5514 3720 5569 [tabes
3751 5529 3861 5570 con-

2275 5594 2583 5655 querentem.

2345 5677 2427 5750 (Γ)
2465 5676 2733 5750 ίῖπιὶουια
2758 5677 2812 5750 in
2836 5691 2903 5734 ex
2929 5694 3063 5734 mss.
3094 5676 3199 5735 huc
3228 5690 3537 5736 revocatur.

2342 5747 2425 5819 (Vg)
2461 5747 2685 5803 Carnut.
2717 5749 2910 5815 codex,
2943 5766 3089 5804 nemo
3131 5751 3424 5821 principum
3457 5771 3470 5806 :
3503 5760 3558 5809 et
3596 5764 3721 5807 mox
3772 5747 3863 5805 Do-

2274 5821 2466 5875 minum
2496 5820 2797 5889 tnajcstatis,
2828 5838 2929 5877 non
2953 5825 3151 5894 glorite.
