4316 6448
479 290 587 352 393

1710 306 1797 363 DE
1841 305 2454 378 'l‘lllNlTATE‘LlBEll
2496 315 2564 371 Χ.

3672 329 3779 386 594

484 412 637 470 Anne
677 413 966 485 ApesIolus
1004 417 1229 488 ignorat,
1265 420 1402 477 hanc
1434 422 1526 479 llei
1567 425 1884 495 sapientiam
1909 429 1960 483 in
1990 443 2078 484 sa-
2102 431 2154 492 Α
2181 434 2518 503 gitur.‘.qnin
2556 434 2713 491 Jesus
2732 435 2977 490 Christus
3027 439 3189 493 homo
3231 453 3295 494 ex
3341 441 3566 497 mortuis
3599 457 3780 499 resuro

482 515 755 562 cratneuto
779 522 898 564 esse
926 512 1266 578 absconsum,
1289 525 1345 569 et
1370 532 1493 571 esse
1522 517 1857 587 principibus
1885 521 2069 576 steculi

482 596 871 669 ignorabileml
899 604 1053 659 Anne
1074 604 1263 660 dividit
1281 606 1575 672 Christum,
1608 619 1666 663 ut
1697 608 1836 665 alius
1867 612 1935 667 sit
1967 611 2072 668 Do—

482 684 660 744 minus
684 688 1005 761 majestatis.
1027 693 1167 749 alius
1193 693 1349 752 .lesus
1368 699 1711 755 crucitixtts?
1741 700 1846 757 Sed
1866 703 2071 759 stultis-

482 777 634 836 sima
671 776 796 838 huic
848 792 1010 855 atque
1053 786 1385 857 impiissima:
1434 790 1677 861 opinioni
1727 794 2071 863 contradicit,

482 869 669 929 dicens
710 889 725 929 :
780 870 903 930 Non
942 877 1074 932 enim
1118 878 1351 950 judicaci
1397 899 1475 937 me
1521 884 1801 956 quidquam
1846 887 1979 944 scire
2019 888 2074 944 in

484 961 621 1019 vobis
640 1007 653 1030 ,
671 964 772 1021 nisi
787 964 1049 1024 Christum
1064 968 1267 1037 Iesum,
1282 982 1327 1027 et
1352 974 1489 1030 hunc
1518 978 1821 1044 cruciﬁxum
1847 977 1958 1046 (ιι.
1991 979 2069 1053 2).

555 1058 641 1112 65.
662 1061 665 1065 ’
688 1056 876 1114 Contra
896 1060 1086 1117 Christi
1116 1066 1396 1133 divisores;
1424 1083 1540 1139 quis
1563 1068 1615 1122 in
1641 1084 1700 1124 eo
1723 1070 1958 1124 uidentur
1981 1089 2075 1141 op-

481 1156 649 1225 posita
677 1156 1034 1214 conciliantur.
1069 1190 1142 1200 -—-—
1171 1160 1329 1217 Aliud
1360 1165 1651 1233 Apostolus
1680 1166 1875 1232 nescit,
1902 1181 2076 1239 neque

483 1246 624 1302 aliud
671 1248 810 1304 scire
858 1266 917 1307 se
948 1252 1153 1325 jndicat
1189 1274 1201 1307 :
1237 1272 1336 1309 nos
1374 1269 1550 1313 autem
1583 1271 1636 1314 et
1669 1260 1898 1317 inlirmis
1928 1264 2078 1335 iugc-

485 1336 579 1403 nii,
612 1348 668 1396 et
695 1340 1006 1399 inﬁrmioris
1035 1344 1183 1410 ﬁdei,
1215 1344 1488 1401 Christum
1535 1348 1719 1405 Jesttm
1755 1352 2072 1419 scindimus,

484 1426 794 1496 dividimus,
823 1432 1181 1507 duplicamus.
1226 1440 1413 1496 arbitri
1456 1446 1837 1514 mysteriorum
1886 1455 1941 1501 et
1985 1463 2076 1504 oc-

483 1518 610 1579 eulti
640 1525 963 1581 sacramenti
994 1526 1433 1587 calumniatores.
1468 1531 1621 1587 Alius
1640 1534 1785 1589 enim
1811 1535 1965 1591 nobis
1996 1547 2080 1593 cst

481 1609 729 1673 Christus
754 1614 1064 1685 cruciﬁxus,
1097 1620 1237 1676 alius
1268 1621 1359 1679 Dei
1391 1623 1688 1693 sapientia;
1722 1627 1859 1683 alius
1897 1632 2077 1701 sepul-

483 1711 591 1774 tus,
641 1707 777 1767 alius
827 1708 1199 1779 descendens;
1253 1714 1328 1787 (α)
1360 1725 1415 1771 ct
1450 1716 1589 1773 alius
1633 1718 1775 1775 filius
1818 1720 2076 1789 hominis,

2172 540 2328 596 gens,
2362 541 2526 596 super
2544 536 2738 583 omnes
2767 530 2936 582 caelos
2958 529 3318 605 adscendens.
3359 548 3390 586 a
3437 532 3644 588 dextris
3686 536 3781 590 Dei

2174 619 2281 672 sit?
2309 619 2578 690 Numquid
2609 621 2959 677 descendisse
2985 622 3051 675 ad
3081 622 3284 678 inferos
3308 624 3526 693 corpus,
3553 628 3695 697 quod
3724 628 3777 682 in

2172 712 2424 780 sepulcro
2447 713 2615 781 jacnit
2638 755 2653 781 ,
2685 714 2761 783 (ε)
2792 712 3043 769 dicetur?
3088 713 3144 771 Si
3175 716 3371 787 itaque
3411 719 3502 788 qui
3552 718 3780 776 descen-

2176 802 2275 869 dit,
2305 804 2384 875 (ὅ)
2431 805 2547 875 ipse
2585 815 2667 861 est
2695 816 2750 862 et
2778 808 2866 876 qui
2908 806 3211 873 adscendit,
3255 821 3311 865 et
3360 827 3535 883 neque
3581 829 3781 884 corpus

2173 894 2521 952 descendisse
2535 898 2601 952 ad
2624 897 2825 954 inferos
2845 900 3104 966 creditur,
3144 910 3197 957 et
3223 917 3513 973 resurgens
3538 921 3603 961 ex
3636 920 3781 961 mor-

2177 987 2282 1045 tuis
2309 1005 2509 1060 corpus
2535 990 2853 1048 adcendisse
2882 993 2933 1047 iu
2964 994 3132 1050 oculos
3158 1008 3263 1049 non
3291 996 3582 1068 ambigitur
3613 1016 3625 1053 ε
3656 1014 3777 1068 qua:

2175 1080 2265 1137 hic
2293 1092 2491 1151 praeter
2518 1082 2744 1156 (supple,
2778 1085 2964 1155 quam)
3004 1087 3200 1142 occulti
3230 1091 3579 1156 sacramenti,
3614 1100 3665 1145 ct
3697 1090 3777 1145 ἰιια

2176 1176 2375 1246 cngniti
2432 1177 2633 1230 mundo
2682 1191 2745 1231 ac
2806 1178 3136 1249 principibus
3175 1181 3356 1235 sar-culi
3408 1180 3541 1235 lides
3586 1181 3777 1238 relicta

2178 1277 2300 1334 cst,
2352 1279 2407 1323 ut
2450 1283 2572 1323 cum
2616 1282 2756 1323 unus
2803 1278 2963 1339 atque
3008 1269 3149 1325 idem
3202 1273 3273 1323 sit
3323 1272 3665 1328 descendens
3723 1282 3781 1328 et

2177 1358 2508 1425 ascendens,
2538 1375 2679 1437 unus
2696 1374 2911 1431 quoque
2956 1361 3111 1418 nobis
3139 1361 3298 1418 Jesus
3331 1362 3578 1421 Christus
3606 1368 3698 1431 sit,
3726 1375 3783 1421 et

2184 1455 2274 1510 Dei
2303 1454 2464 1518 lilius,
2490 1464 2538 1510 ct
2565 1453 2803 1510 hominis
2825 1454 2987 1521 illius,
3014 1464 3071 1510 ct
3102 1454 3333 1513 Verbum
3354 1459 3514 1525 Deus,
3543 1469 3594 1515 et
3620 1459 3783 1516 homo

2180 1561 2330 1614 caro,
2361 1558 2415 1603 et
2439 1563 2651 1617 passus,
2682 1559 2737 1605 et
2776 1559 3045 1618 mortuus,
3094 1560 3150 1605 et
3194 1552 3462 1622 sepultus.
3496 1562 3552 1609 et
3603 1567 3779 1611 resuta

2178 1657 2332 1712 gens.
2360 1650 2415 1698 et
2440 1643 2491 1697 iu
2524 1644 2691 1698 caelos
2721 1654 2969 1714 receptus
2992 1686 3005 1708 ,
3032 1655 3085 1701 et
3117 1644 3313 1701 sedens
3364 1643 3447 1718 (4)
3482 1647 3547 1702 ad
3590 1647 3782 1705 dexte-

2181 1749 2295 1788 ram
2326 1733 2416 1789 Dei
2441 1752 2454 1788 :
2484 1733 2688 1790 habens
2717 1735 2768 1790 in
2793 1752 2854 1792 se
2877 1750 2982 1791 uno
3010 1738 3341 1807 eodemque.
3369 1752 3466 1807 per
3493 1738 3783 1806 dispansae

481 1800 618 1858 alius
665 1800 808 1860 illius
859 1801 972 1861 Dei.
1022 1803 1136 1860 Non
1187 1807 1549 1879 intelligeutcs
1587 1810 1866 1877 docemus,
1896 1823 2070 1869 ctne-
2102 1831 2185 1892 Bt

2102 1831 2150 1892 Β
2176 1827 2375 1882 tionem
2418 1836 2581 1895 atque
2625 1838 2894 1893 naturam,
2949 1831 3000 1884 in
3050 1830 3143 1884 Dei
3186 1832 3353 1885 lorma
3396 1840 3450 1885 et
3492 1831 3543 1885 iu
3610 1831 3782 1888 forma

480 1896 715 1954 scientes
730 1897 1023 1969 amisimus,
1045 1910 1099 1956 ct
1125 1901 1267 1957 tlicta
1294 1902 1384 1958 Dei
1410 1904 1657 1961 homines
1683 1907 2035 1965 emendamus
2060 1929 2073 1964 :

479 1997 535 2049 et
558 2006 665 2048 non
690 1991 975 2065 dignamur
1019 1994 1317 2051 secundum
1350 1998 1670 2069 Apostoltun
1703 1999 1775 2056 ita
1806 2002 2031 2058 credere
2061 2020 2076 2057 :

482 2081 563 2158 (⁵)
595 2081 722 2153 Quis
744 2082 1095 2142 criminabitur
1129 2088 1309 2143 electos
1341 2088 1476 2145 Dei?
1505 2088 1643 2148 Deus
1668 2103 1743 2148 est
1772 2096 1861 2164 qui
1886 2094 2077 2164 justi/i-

479 2186 561 2231 cat
584 2193 604 2231 :
626 2178 741 2248 quis
768 2185 842 2235 est
862 2178 951 2250 qui
977 2179 1323 2236 condemnat!
1343 2183 1577 2239 Christus
1605 2185 1697 2254 qui
1723 2196 1953 2241 mortuus
1983 2197 2079 2251 est,

482 2266 587 2325 into
637 2271 793 2326 etiam
836 2275 926 2344 qui
949 2276 1253 2336 resurrexit.
1296 2276 1386 2344 qui
1422 2284 1497 2333 est
1524 2278 1577 2332 in
1603 2277 1816 2334 dextera
1846 2275 1962 2342 Dei,
1995 2281 2083 2350 qui

481 2372 530 2418 et
558 2365 784 2435 postulat
836 2383 933 2439 pro
975 2370 1123 2424 nobis
1172 2366 1355 2442 (Reus.
1402 2383 1520 2437 vus,
1572 2368 1646 2426 33
1669 2380 1719 2426 et
1752 2369 1871 2440 δι).
1927 2370 2084 2427 Anne

482 2454 623 2512 alius
649 2470 746 2528 pro
777 2459 936 2515 nobis
963 2460 1240 2531 postulat,
1266 2475 1433 2532 quam
1476 2461 1570 2534 qui
1624 2461 1679 2519 in
1724 2461 1949 2520 dextera
1988 2464 2085 2521 Dei

482 2549 602 2604 est?
657 2547 735 2622 (l)
784 2550 868 2607 vel
923 2551 1120 2623 qui,in
1160 2552 1382 2610 dextera
1449 2554 1541 2612 Dei
1602 2565 1709 2624 est,
1785 2573 1893 2612 non
1968 2557 2085 2627 ipse

482 2647 568 2698 est
603 2637 696 2712 qui
743 2641 1079 2699 resurrexit?
1125 2642 1211 2701 vel
1262 2642 1357 2717 qui
1404 2649 1721 2713 resurrexit,
1777 2662 1886 2704 non
1942 2648 2086 2705 idem

484 2735 731 2805 mortuus
777 2729 899 2787 est?
964 2730 1045 2789 vel
1110 2729 1205 2805 qui
1276 2742 1522 2799 mortuus
1583 2742 1691 2803 est,
1761 2750 1873 2792 nou
1943 2736 2086 2796 idem

484 2796 846 2874 condemitatl
875 2817 959 2876 vel
983 2817 1073 2890 qui
1105 2796 1457 2889 condemnat,
1515 2837 1622 2879 non
1669 2796 1815 2881 idem
1862 2833 1949 2882 est
1995 2827 2087 2895 qui

480 2909 746 2986 justilicat
776 2909 957 2969 Deus?
982 2911 1311 2984 Separemus
1338 2930 1490 2988 ergo.
1521 2916 1567 2972 si
1608 2917 1759 2983 licet,
1810 2933 1841 2974 a
1886 2918 2082 2989 justiﬁ-

487 3005 646 3055 cante
695 2997 807 3057 Deo
849 2999 1310 3059 condemnautem
1354 3004 1517 3078 367
1554 3003 1852 3075 Christum,
1881 3025 1912 3064 ιι
1959 3025 2089 3065 con-

488 3089 783 3150 demuante
833 3089 1056 3149 Christo
1101 3101 1377 3150 mortuum
1428 3095 1744 3167 Christum,
1796 3113 1825 3151 a
1871 3107 2088 3157 mortuo

2181 1921 2359 1987 servi,
2393 1921 2513 1976 sine
2558 1923 2735 1994 aliqua
2767 1922 2847 1996 (rt)
2887 1924 2971 1978 sui
3016 1933 3071 1979 et
3107 1926 3394 1993 partitione
3436 1926 3579 1997 quod
3625 1929 3787 1986 homo

2182 2024 2286 2078 est,
2315 2027 2369 2072 et
2399 2016 2661 2072 divisione
2686 2017 2829 2088 quod
2859 2018 2998 2073 Deus
3024 2020 3150 2074 est?

2254 2108 2341 2166 66.
2385 2108 2453 2165 In
2492 2127 2592 2165 uno
2642 2110 2848 2167 Christo
2885 2122 2941 2166 ut
2986 2113 3193 2169 homine
3220 2115 3519 2185 inﬁrmitas,
3574 2129 3627 2172 ut
3677 2116 3790 2175 Deo

2182 2207 2366 2261 uirtus.
2406 2236 2479 2247 —
2517 2206 2750 2263 Incautte
2792 2209 2953 2279 igitur
2982 2219 3145 2281 atque
3180 2212 3473 2283 ignorantis
3506 2215 3782 2284 opinionis

2185 2311 2388 2357 nostra:
2436 2300 2596 2361 iidem
2652 2302 2949 2373 Apostolus
2992 2303 3257 2368 formans,
3317 2308 3386 2361 ita
3432 2307 3791 2367 confessionis

2185 2396 2346 2467 hujus
2364 2405 2766 2452 sacramentum
2796 2398 3007 2454 locutus
3035 2408 3155 2453 est:
3190 2400 3327 2454 Nam
3357 2404 3448 2456 etsi
3504 2405 3786 2471 crucifixus

2184 2499 2261 2545 est
2280 2488 2365 2564 (5)
2385 2486 2459 2560 (e)
2481 2490 2879 2553 “inﬁrmitate,
2897 2491 2988 2545 sed
3010 2493 3127 2547 vivit
3151 2510 3213 2547 ea:
3239 2496 3424 2549 virtute
3450 2494 3549 2550 Dei
3594 2495 3637 2567 (Ι
3662 2495 3783 2552 Cor.

2187 2592 2301 2647 snt,
2331 2576 2411 2649 ι).
2441 2578 2751 2635 Prasdicans
2777 2578 2920 2634 enim
2951 2580 3118 2636 lilium
3165 2580 3400 2638 hominis
3451 2583 3543 2639 Dei
3589 2584 3784 2653 lilium,

2185 2670 2277 2739 qui
2309 2682 2431 2724 cum
2460 2682 2524 2722 ex
2553 2663 2961 2737 dispensatione
3004 2666 3167 2722 homo
3219 2680 3365 2724 esset
3387 2712 3399 2731 ,
3433 2681 3677 2727 maneret
3707 2681 3790 2728 ta-

2188 2776 2312 2817 men
2340 2776 2405 2815 rx
2438 2769 2631 2816 natura
2664 2759 2839 2825 Deus;
2870 2760 3119 2815 eumdem
3162 2777 3226 2817 ex
3273 2762 3585 2819 iurmitate
3606 2765 3791 2821 cruci-

2189 2853 2356 2909 ﬁxum
2384 2853 2484 2915 ait,
2512 2850 2608 2921 qui
2627 2865 2691 2906 ex
2724 2851 2921 2907 virtute
2955 2853 3046 2908 Dei
3073 2852 3283 2908 viveret
3320 2874 3333 2911 :
3373 2866 3431 2911 ut
3470 2872 3594 2912 cum
3641 2859 3791 2913 iulir~

2188 2941 2351 2999 mitas
2373 2950 2520 2995 esset
2555 2955 2626 2996 ex
2669 2939 2838 2995 l'urrna
2871 2944 3056 3007 servi,
3097 2951 3155 2998 et
3199 2954 3389 2999 natura
3434 2954 3683 3002 maneret
3726 2962 3796 3003 ex

2192 3036 2288 3095 Dei
2309 3036 2575 3099 lorma,rt
2600 3035 2691 3104 qui
2715 3050 2837 3089 cum
2868 3045 3015 3092 cssct
3061 3035 3113 3089 in
3152 3037 3321 3091 forma
3361 3037 3529 3110 368
3571 3040 3665 3095 Dei
3702 3056 3795 3097 as-

2189 3130 2513 3199 sumpsisset
2542 3128 2769 3183 formam
2794 3128 2976 3194 servi;
3007 3142 3115 3183 non
3163 3130 3472 3201 ambiguum
3513 3144 3680 3199 esset,
3731 3133 3790 3189 in

488 3181 706 3291 Chris":
1045 3183 1101 3241 in
1138 3183 1350 3291 femi“
1377 3185 1681 3291 θῗδθξξξθξηθ
1727 3200 2086 3264 θηηίθωίυω
2111 3212 2159 3277 C
2683 3181 2742 3271 et
2768 3181 2975 3283 passus
2996 3227 3162 3279 esset,
3202 3227 3255 3272 et
3294 3181 3507 3275 voiveret
3535 3236 3551 3275 :
3582 3231 3638 3275 ιιι
3665 3181 3794 3279 cum

491 3285 591 3343 pro
618 3272 795 3363 nobis.
836 3270 895 3330 Si
932 3277 1114 3347 Itaque
1138 3270 1255 3331 lucc
1277 3275 1457 3333 omnia
1500 3274 1749 3335 Christus
1798 3295 1936 3338 unus
1962 3292 2041 3338 est
2067 3300 2083 3350 ;

491 3363 676 3437 neque
717 3364 859 3422 alios
900 3377 985 3423 est
1028 3365 1281 3425 Christus
1324 3378 1592 3437 mortuus,
1621 3369 1760 3428 alius
1805 3374 2084 3445 sepultus;

491 3465 587 3513 aut
608 3458 746 3516 alius
772 3458 1112 3517 descendens
1136 3459 1203 3515 ad
1230 3459 1461 3529 inferna,
1489 3471 1545 3518 et
1569 3462 1706 3519 alius
1752 3465 2088 3523 adscendens

396 3552 397 3555 “
494 3548 549 3608 in
574 3550 776 3620 caios,
804 3552 1098 3609 secundum
1139 3553 1270 3610 illud
1311 3555 1593 3625 Aposmli:
1616 3555 1896 3627 Adscendit
1923 3567 2091 3613 autem

494 3644 618 3718 quid
659 3654 755 3711 est,
811 3645 913 3702 nisi
950 3647 1039 3718 qui
1080 3648 1340 3703 descendit
1381 3649 1436 3704 in
1473 3650 1725 3722 inferiora
1770 3652 1957 3708 terrm?
1987 3654 2092 3721 Qui

492 3738 775 3808 descendit,
803 3738 885 3814 (‘2)
932 3743 1044 3811 ipse
1083 3751 1155 3797 est
1191 3752 1242 3798 et
1281 3743 1370 3811 qui
1410 3743 1674 3800 adscendit
1720 3763 1872 3821 super
1915 3763 2090 3802 omnes

495 3834 669 3903 calas,
700 3843 755 3889 stt
795 3832 1073 3905 adimpleat
1097 3835 1268 3889 omnia
1297 3832 1517 3907 (Ep/tes.
1554 3851 1627 3904 tv,
1660 3836 1693 3892 9
1732 3847 1781 3892 et
1812 3839 1902 3910 10)
1934 3858 1949 3895 :
1985 3855 2094 3911 quo

496 3942 668 3999 usque
730 3925 1022 3999 impietatis
1078 3935 1278 3984 nostra:
1328 3928 1670 3986 extendimus
1719 3931 2090 4004 stultiloquam

500 4018 915 4091 ignorationem,
938 4019 1160 4091 utquod
1190 4020 1243 4076 in
1272 4031 1615 4077 sacramento
1643 4023 1737 4078 Dei
1764 4022 2091 4081 absconsum

498 4119 605 4180 est,
650 4112 700 4168 id
747 4110 1003 4185 esplieari
1060 4128 1091 4169 a
1145 4114 1302 4171 nobis
1351 4130 1511 4187 posse
1550 4115 1937 4189 protiteamur?
1990 4118 2094 4187 Qui

500 4205 784 4274 descendit,
831 4207 943 4279 ipse
978 4216 1052 4264 est
1087 4216 1136 4264 et
1169 4209 1257 4281 qui
1301 4209 1586 4266 adscendit.
1627 4209 1896 4284 Numquid
1923 4214 2093 4271 ambi-

573 4323 654 4410 ς
682 4324 875 4410 Amica.
903 4324 981 4410 uel
1004 4324 1091 4410 qui
1120 4325 1302 4410 dextra
1407 4324 1524 4410 Dei.

578 4393 657 4469 ('3)
703 4393 729 4469 ξ
737 4412 823 4466 pse
840 4408 915 4452 est
934 4393 1028 4469 qui
1046 4405 1091 4451 el
1116 4397 1398 4466 adscendit,
1429 4410 1482 4456 et
1510 4399 1579 4455 ita
1601 4397 1844 4459 inferius.

576 4467 659 4541 (5)
698 4467 821 4541 Ipse
840 4478 887 4524 et
909 4468 1194 4524 adscendit.

578 4584 656 4657 (η)
694 4585 842 4644 Unus
885 4601 987 4642 ms.
1017 4582 1171 4642 Colb.
1220 4594 1299 4657 et,
1322 4585 1461 4642 alter
1488 4586 1720 4646 Sorban.
1767 4574 1853 4645 hic
1872 4589 2093 4656 addunt,
2123 4592 2179 4655 D

507 4670 555 4717 ct
581 4656 713 4715 alius
738 4658 1067 4713 adscendens.
1103 4657 1236 4713 Tres
1260 4656 1431 4713 Vatic.
1464 4674 1528 4717 ac
1556 4662 1796 4728 plerique
1829 4665 2092 4717 recentiu-

509 4750 594 4789 res
618 4748 725 4801 prae
746 4748 802 4786 se
832 4729 1032 4789 ierunt.
1069 4731 1203 4782 ulins
1232 4728 1300 4782 nd
1328 4730 1531 4799 inferna
1577 4732 1902 4787 descendens.
1937 4735 2099 4789 Abest

508 4805 578 4858 ad
605 4802 803 4872 inferna
847 4819 876 4856 a
927 4802 1330 4865 vetustioribus,
1380 4802 1626 4870 quamvis
1666 4805 1751 4858 hic
1789 4806 1858 4858 de
1902 4805 2099 4859 t.‘lu-i~ti

511 4876 577 4930 ml
608 4876 811 4931 iul‘cros
837 4875 1098 4929 descensu
1126 4888 1308 4945 sermo
1334 4874 1422 4945 sit.
1456 4874 1777 4939 Haereticos,
1813 4881 1880 4930 tle
1906 4878 2103 4945 quibus

514 4948 602 5004 hic
626 4946 929 5019 disseritur,
962 4944 1300 5019 tripertientes
1331 4944 1592 5000 Christum
1628 4962 1788 5019 supra
1827 4944 2102 5019 cognomi-

512 5035 643 5077 nare
671 5018 817 5073 licuit
841 5016 1073 5072 maxime
1123 5028 1373 5083 respectu
1413 5019 1603 5072 mortis
1626 5016 1858 5085 Christi;
1889 5016 2103 5085 quando

516 5091 767 5146 nimirum
818 5103 1034 5144 carnem
1086 5088 1139 5141 in
1186 5089 1436 5157 sepulcro
1464 5128 1479 5152 ,
1521 5088 1573 5143 in
1606 5090 1815 5145 inferno
1845 5092 2103 5159 animum,

517 5162 751 5220 Verbum
784 5161 836 5215 in
871 5159 1119 5232 paradiso
1144 5159 1500 5215 collocabant.

591 5255 667 5327 (li)
710 5254 763 5309 In
796 5251 1152 5327 manarnut.
1192 5253 1342 5320 Quis,
1390 5252 1581 5327 inquit,
1624 5254 1882 5309 accusabit
1924 5255 2105 5327 adrer-

519 5322 611 5383 sus‘
626 5322 809 5381 electos
835 5322 929 5378 Dei
954 5339 972 5377 :
994 5335 1047 5379 et
1068 5338 1213 5388 mox,
1231 5322 1538 5393 interpellat,
1559 5322 1678 5381 loco
1697 5327 1841 5382 verbi
1866 5325 2109 5397 postulat.

592 5418 665 5494 (c)
701 5418 846 5502 idem
876 5416 1053 5502 codex
1074 5419 1260 5502 potuit,
1286 5433 1396 5502 non
1421 5418 1641 5502 dicetur.
1673 5418 1875 5502 [gallum
1905 5419 2113 5502 ratiOue

521 5489 612 5547 ab'
642 5489 933 5547 Athanasio
975 5492 1131 5560 epist.
1176 5489 1248 5562 ad
1286 5489 1583 5559 Epictetum
1633 5490 1974 5556 refelluntur,
2022 5489 2114 5562 qui

520 5562 758 5619 Verbum
784 5578 907 5617 cum
930 5559 1093 5618 carne
1121 5559 1545 5618 conluudebant.

594 5655 673 5729 (ἀ)
700 5656 823 5729 Vat.
854 5656 969 5729 bas.
1002 5671 1105 5711 ms.
1129 5661 1184 5712 et
1216 5655 1358 5729 alius
1390 5655 1558 5729 Vatic.
1608 5672 1731 5729 cum
1775 5654 2007 5729 Martitu
2033 5658 2112 5710 sui

561 5726 773 5785 ortione.
800 5728 1007 5799 Remig.
1031 5729 1110 5783 sui
1130 5738 1178 5782 et
1204 5728 1456 5799 partione.
1486 5726 1635 5785 Unus
1659 5727 1810 5783 Colb.
1842 5743 1962 5783 cunt
1981 5728 2114 5799 Sor-

561 5748 773 5785 οτιιοηι.
801 5748 1007 5799 ttemtg.
1031 5748 1110 5783 OM
1130 5748 1177 5782 ιι
1204 5748 1456 5799 partione.
1487 5748 1635 5785 unus
1659 5748 1810 5783 b0”).
1842 5748 1962 5783 Clllll
1986 5748 2110 5782 δοτ-

522 5748 652 5857 iiou.
685 5804 766 5857 sui
805 5801 1145 5872 excerptione.
1185 5800 1547 5872 Opportunus
1567 5800 1829 5872 lticqlocus
1856 5809 1939 5855 est
1969 5797 2110 5872 fragf

526 5873 715 5944 tuenti,
736 5872 880 5946 quod
906 5870 1077 5930 sancti
1105 5870 1325 5927 nomine
1348 5873 1401 5926 in
1427 5870 1767 5944 explicatione
1786 5872 2017 5944 epistola:
2043 5870 2111 5925 ed

1054 5966 1330 6030 Ps'rnoc.
1390 5964 1469 6029 X.

2190 3310 2244 3365 itt
2275 3308 2468 3363 eodem
2498 3312 2667 3370 esset,
2695 3314 2750 3360 ct
2768 3303 3053 3359 inﬁrmitas
3080 3303 3147 3359 ad
3176 3304 3516 3373 passionem,
3539 3316 3595 3363 et
3621 3306 3686 3361 ad
3714 3308 3795 3363 vi-

2191 3404 2300 3453 tam
2335 3396 2427 3451 Dei
2450 3396 2656 3460 virtus;
2684 3408 2792 3448 non
2832 3392 2972 3447 alius
2998 3406 3061 3446 ac
3087 3391 3294 3447 divisus
3327 3391 3399 3464 (n
3439 3408 3469 3448 a
3516 3408 3578 3452 se
3616 3406 3787 3465 esset,

2191 3486 2358 3559 quiet
2379 3491 2678 3555 pateretur,
2698 3490 2755 3538 ct
2786 3479 3007 3535 viveret.

2266 3580 2357 3638 67.
2419 3578 2782 3649 Hgsteriorunt
2820 3572 3011 3630 Christi
3063 3574 3429 3642 capiendorum
3482 3578 3679 3645 regula,
3720 3607 3791 3617 ...

2194 3670 2393 3728 Passus
2413 3665 2633 3736 quidem
2646 3673 2732 3720 est
2753 3659 3061 3732 uuigenitns
3091 3660 3368 3731 Deusqua:
3399 3660 3645 3717 homines
3686 3664 3795 3731 pati

2198 3770 2421 3833 possunt
2442 3757 2560 3812 :sctl
2584 3766 2797 3809 utamur
2822 3757 2856 3805 Λ
2869 3750 3064 3821 pos-tuli
3088 3749 3191 3805 lidc
3203 3761 3363 3821 atque
3375 3753 3521 3807 dicto
3546 3769 3560 3806 :
3579 3751 3798 3808 Tradidi

2198 3850 2334 3905 enim
2369 3848 2507 3903 vobis
2551 3846 2603 3898 in
2648 3843 2847 3913 primis,
2893 3840 3013 3911 quia
3043 3838 3280 3894 Christus
3308 3852 3539 3896 mortuus
3578 3854 3653 3898 est
3704 3862 3799 3915 pro

2198 3940 2419 4012 peccatis
2442 3936 2633 3991 nostris
2659 3933 2936 3989 secundum
2972 3931 3272 4001 Scriptores
3295 3973 3310 3997 ,
3342 3943 3389 3987 et
3416 3934 3540 4003 quia
3568 3938 3800 4005 sepultus

2197 4042 2290 4093 est,
2315 4041 2361 4086 et
2380 4031 2500 4102 quia
2525 4027 2800 4083 resurrexit
2849 4024 2933 4077 die
2974 4023 3124 4077 tertio
3170 4024 3452 4078 secundum
3497 4026 3799 4096 Scriptores

2200 4125 2242 4195 (1
2268 4123 2387 4180 Cor.
2413 4136 2509 4187 xv,
2542 4120 2578 4175 '5
2602 4128 2649 4175 et
2677 4114 2755 4184 4).
2790 4115 2904 4170 Non
2932 4116 3088 4170 nudis
3116 4131 3244 4169 usus
3268 4124 3350 4171 est
3384 4116 3450 4170 ad
3476 4120 3679 4174 erroris
3706 4135 3795 4175 oc-

2195 4214 2469 4271 casiont-m
2486 4209 2752 4265 dictorum
2772 4204 3193 4271 delinitiOuibus,
3218 4205 3311 4260 sed
3329 4206 3519 4262 mortis
3537 4215 3590 4261 ct
3612 4222 3797 4265 resur-

2273 4331 2355 4407 (ἐ)
2394 4326 2441 4407 4
2466 4325 2655 4407 dra!“
2672 4321 2793 4407 9‘?-

2273 4398 2354 4474 (5)
2396 4399 2476 4454 Ec
2497 4398 2792 4466 inﬁrmitate
2817 4402 3012 4450 nostra.

2203 4580 2525 4638 Timotheum
2590 4571 2771 4630 laudat
2829 4570 3114 4627 concilium
3168 4571 3430 4644 Spalcnse
3476 4586 3646 4644 tl._c.
3698 4574 3793 4644 li,

2207 4656 2323 4710 Era:
2348 4650 2483 4707 657:
2522 4645 2660 4701 Nam
2682 4657 2725 4698 rt
2759 4662 2870 4698 cum
2897 4645 3024 4700 dicit
3047 4644 3337 4711 Scriptura,
3360 4641 3524 4696 Homo
3541 4641 3796 4713 Christus,

2204 4740 2250 4780 et
2273 4742 2387 4779 cum
2415 4721 2557 4782 dicit,
2598 4718 2830 4773 Christus
2871 4728 3102 4771 mortuus
3132 4723 3222 4777 cst,
3256 4725 3301 4767 et
3338 4730 3452 4766 cum
3482 4716 3635 4773 dicit.
3677 4714 3803 4769 νρτ-

2206 4800 2323 4852 hum
2356 4811 2475 4849 caro
2506 4794 2692 4858 factum
2715 4799 2788 4841 est
2817 4805 2835 4842 :
2867 4805 2966 4841 non
3019 4798 3089 4841 est
3130 4786 3431 4853 spoliandus
3466 4789 3796 4858 perfraudu-

2206 4868 2416 4923 lcntiam
2445 4855 2655 4930 (ruentis
2702 4858 3249 4930 CIﬂOSlllmtle‘USllil
3292 4872 3479 4930 sermo.
3530 4855 3666 4911 Nam
3716 4860 3804 4915 ubi

2207 4944 2358 4993 homo
2388 4924 2643 4998 Christus,
2674 4940 2749 4985 est
2768 4924 3039 4996 'prrecetltt,
3074 4926 3327 4982 Mediator
3376 4926 3472 4980 Dei
3507 4937 3660 4998 atque
3704 4931 3800 4985 lto-

2209 5013 2525 5065 minum:ut
2555 5019 2616 5058 cx
2668 5013 2912 5069 atroque,
2968 4999 3075 5055 Dco
3120 5009 3166 5053 ct
3229 5001 3460 5056 homine.
3516 5016 3648 5053 unus
3686 5004 3806 5056 sult-

2208 5079 2574 5149 sistat;sitque
2618 5076 2747 5149 inter
2770 5076 3021 5127 hominem
3059 5070 3308 5149 et_.D_eum
3353 5070 3801 5149 ιιιςιιζίιιεηροιιίεκο

2210 5155 2352 5209 sione
2373 5141 2427 5204 in
2456 5141 2508 5204 sc
2537 5147 2801 5216 utriusque
2846 5157 3059 5198 naturre.
3100 5141 3200 5197 Ubi
3237 5157 3351 5216 utro
3391 5141 3518 5216 (ait)
3571 5141 3805 5200 Christus

2215 5236 2446 5280 mortuus
2460 5230 2551 5280 est.
2571 5214 2859 5285 subjicitur:
2878 5217 2975 5280 Qui
3004 5214 3401 5281 resurrexit,qui
3420 5226 3492 5265 est
3520 5216 3571 5266 in
3597 5216 3809 5270 dextera

2221 5297 2332 5351 Dei.
2366 5293 2388 5347 1
2398 5312 2429 5347 ιι
2455 5301 2614 5346 morte
2639 5291 2749 5357 ejus
2775 5289 2944 5363 carnis
2978 5296 3163 5363 nostra:
3190 5285 3462 5363 rit/inuitus
3500 5293 3591 5363 est,
3630 5287 3807 5363 iti__re-

2218 5367 2527 5425 sstrrectione
2547 5354 2706 5415 uirtus
2736 5361 2868 5430 ejus,
2896 5360 2947 5411 in
2972 5362 3206 5439 confessa
3253 5354 3348 5439 Dei
3387 5356 3627 5439 dignitas;
3675 5357 3809 5439 ilinc

2221 5456 2382 5512 porro
2408 5452 2514 5491 non
2546 5426 2775 5512 obscure
2813 5439 3035 5499 apparet
3064 5426 3262 5482 veritas
3283 5426 3573 5512 ingruenti
3606 5427 3762 5496 hujus
3792 5446 3806 5482 :

2218 5500 2284 5568 ξι
2313 5524 2420 5581 quo
2443 5506 2674 5561 vicistim
2703 5505 3001 5581 illustratur
3027 5511 3187 5570 atque
3219 5500 3503 5553 roboratur
3527 5513 3809 5568 argumen-

2221 5571 2356 5645 tum',
2387 5581 2454 5635 de
2479 5593 2583 5649 quo
2607 5574 2771 5653 tuotlu
2797 5571 3102 5653 dis-seritur.
3169 5643 3179 5653 ι

2290 5641 2359 5725 (ρ)
2393 5650 2453 5706 In
2483 5641 2873 5725 plttrih_tts_tnss_.
2899 5659 2963 5698 ex
2982 5643 3283 5725 inﬁrmitate
3306 5654 3501 5706 nostra,
3539 5641 3811 5725 gltoll‘lntlt)

2218 5728 2269 5781 in
2299 5713 2447 5795 prius
2474 5713 2698 5789 rulgatis
2728 5718 3003 5795 legebatur
3022 5730 3190 5795 supra
3223 5713 3315 5767 lib.
3349 5728 3422 5770 ιι.
3449 5732 3501 5767 ιι.
3536 5715 3621 5769 13.
3652 5713 3809 5768 Utro-

2216 5788 2377 5856 qu'ue
2401 5795 2553 5848 abest
2579 5788 2753 5845 nostra
2780 5808 2807 5841 a
2840 5788 3140 5855 potioribus
3170 5802 3299 5856 nisi.
3330 5795 3436 5856 uta
3463 5800 3658 5856 μενοι).

2310 5814 2377 5851 ue
2401 5814 2553 5848 211051.
2579 5814 2753 5845 nostra
2780 5814 2807 5841 il
2840 5814 3140 5855 puuunuua
3170 5814 3299 5839 ιιιδ-ι.
3330 5814 3387 5839 ιιι

2286 5814 2354 5941 in
2396 5865 2559 5923 Deest
2578 5879 2609 5917 a
2637 5876 2690 5917 se
2714 5859 2767 5915 in
2796 5860 3089 5916 vcsttttiorc
3115 5872 3217 5913 ms.
3246 5853 3402 5912 Colb.

3328 5950 3405 6013 l3
