4266 6458
599 355 704 410 399

1797 347 2041 408 SANCTl
2069 344 2324 405 BILARH
2367 343 2669 405 El’ISCOPl

3776 348 3886 405 400

679 469 837 522 ιρι-1ης
865 511 878 529 ,
909 484 1021 536 quo:
1044 486 1095 522 in
1121 467 1377 523 Clu-istum
1395 474 1506 541 post
1541 468 1933 523 resurrectionis
1974 464 2193 537 gloriam
2219 465 2265 523 Α
2299 462 2616 533 prmdicans,
2649 477 2809 519 unam
2832 452 2990 518 ﬁdem
3019 470 3318 530 memorat;
3372 461 3570 520 deinde
3596 461 3754 518 unius
3779 463 3888 518 Do-

677 562 1162 629 conecniunl.Quorl
1180 565 1316 617 enim
1340 572 1446 616 tum
1471 564 1543 615 ait
1566 578 1577 615 :
1597 560 1879 617 Adsct-ntlo
1899 560 1963 617 ad
1990 568 2192 631 [mtrem

2309 554 2425 608 nini
2452 570 2613 609 uuam
2645 553 2803 609 ﬁdem
2837 570 3162 622 memorans,
3192 571 3356 611 unum
3384 556 3544 612 etiam
3578 554 3661 626 (2)
3688 555 3890 625 baptis—

681 671 858 709 mcum
890 665 944 709 et
969 652 1035 709 ad
1062 662 1267 723 patrem
1287 665 1547 721 vestrum,
1578 654 1644 723 ad
1661 654 1831 709 Deum
1857 669 2058 719 meum,
2089 668 2188 707 etc.

684 749 853 819 ipsum
891 746 1117 801 ostendet
1138 746 1329 801 dixisse
1355 746 1418 803 de
1442 762 1501 801 ea
1528 756 1711 803 natura
1728 789 1743 814 ,
1765 763 1867 819 qua
1889 750 2075 819 fratres
2103 747 2197 800 lto-

676 839 785 905 bet;
810 839 942 893 sicut
967 842 1032 892 de
1058 854 1136 901 ea,
1166 853 1267 903 qua
1290 837 1565 911 participes
1605 837 1684 895 illi
1722 848 1871 903 sunt,
1902 838 2033 893 dixit
2062 837 2197 892 Pro-

2298 662 2380 699 ma
2411 648 2779 702 demonstrat;
2827 658 2885 701 ιιι
2908 662 3030 704 cum
3064 648 3223 705 unius
3252 646 3465 704 Domini
3498 663 3603 703 una
3645 647 3779 704 ﬁdes
3805 661 3894 704 es-

2296 747 2414 805 set,
2468 739 2624 793 unius
2672 755 2769 811 per
2818 738 2921 795 boc
2965 739 3088 797 ﬁdei
3142 738 3213 813 (ε)
3262 740 3314 796 in
3362 739 3649 797 Dominum
3697 755 3887 809 unum,

2299 848 2462 888 unum
2483 843 2696 889 essetet
2721 832 3004 904 baptisma.
3048 834 3114 891 Et
3150 833 3277 905 quia
3296 844 3695 893 sacramentum
3729 850 3894 891 omne

678 934 865 1003 pheta:
896 931 1060 989 Unxit
1087 942 1160 999 te,
1188 931 1351 1000 Deus,
1388 933 1531 989 Deus
1561 943 1683 989 tuus
1708 948 1817 1004 pra:
1849 932 2198 1004 participibus

2309 935 2354 980 ιιι
2381 925 2629 993 baptismi
2666 933 2717 980 et
2748 924 2893 1007 fidei,
2922 935 2978 984 ut
3005 925 3062 983 in
3087 942 3191 982 uno
3213 926 3445 985 Domino
3468 968 3488 996 ,
3518 927 3591 983 ita
3620 933 3677 983 et
3700 927 3753 982 in
3782 927 3895 983 Deo

678 1028 805 1080 tuis.
859 1024 1114 1094 Deinceps
1152 1024 1382 1096 Apostoli
1420 1024 1570 1079 verba
1610 1027 1877 1097 explicat,
1917 1042 1979 1082 ex
2018 1026 2200 1098 quibus

681 1118 898 1188 probare
939 1134 993 1172 se
1017 1126 1229 1189 putant,
1257 1115 1518 1173 Christum
1544 1126 1601 1172 ut
1626 1132 1825 1174 seruum
1852 1115 2002 1173 Patri
2038 1118 2201 1192 subji-

684 1210 945 1277 ciendum,
975 1227 1189 1279 eumque
1214 1212 1361 1281 regni
1391 1203 1755 1267 sni'cessurnm
1782 1229 1890 1268 esse
1915 1223 2161 1284 potestate
2182 1254 2200 1281 ,

681 1319 742 1355 ac
771 1313 967 1357 natura
1000 1302 1326 1357 abolitionem
1364 1319 1633 1373 passurum
1672 1320 1691 1357 :
1730 1321 1847 1359 cum
1887 1305 2030 1376 apud
2056 1306 2201 1374 Apo-

683 1394 869 1449 stolnm
923 1394 1041 1463 Ιὶιιὶς
1086 1396 1448 1465 perfectionem
1484 1405 1530 1450 et
1570 1395 1987 1453 indemntabilem
2014 1409 2203 1453 statum

683 1500 847 1553 sonet,
877 1506 979 1544 non
1019 1490 1378 1565 abolitionem;
1418 1509 1507 1546 nec
1526 1492 1670 1563 regni
1703 1492 1907 1547 traditio
1931 1489 2070 1547 Filio
2091 1508 2203 1547 nta-

684 1588 759 1654 gis
782 1583 978 1638 adimat
1000 1584 1249 1654 regnandi
1277 1593 1573 1655 potestatem
1591 1626 1607 1653 ,
1634 1602 1787 1660 quam
1818 1585 1965 1642 Patri
1994 1588 2206 1657 eripitur

683 1676 972 1745 proprietas
999 1690 1176 1731 eorum
1202 1670 1321 1746 ipsa
1351 1674 1490 1730 Filio
1515 1677 1759 1743 tradidit;
1778 1693 1839 1733 ae
1861 1678 2065 1734 demunt
2085 1678 2207 1733 sub-

672 1769 830 1839 jectio
856 1768 1250 1836 dispensationis
1278 1769 1365 1835 sit,
1388 1785 1491 1824 non
1517 1770 1800 1827 scrritutis.
1846 1770 1978 1827 Tum
2006 1773 2207 1847 subjec-

2302 1033 2408 1075 uuo
2451 1029 2570 1086 est;
2620 1021 3145 1077 consummationem
3190 1019 3305 1091 spei
3354 1029 3557 1077 nostra:
3602 1021 3761 1077 unius
3795 1019 3895 1077 Dei

2304 1110 2642 1183 professione
2664 1111 2927 1167 conclusit
2950 1128 2965 1165 :
2998 1123 3055 1168 ut
3080 1127 3245 1168 unum
3274 1110 3538 1185 baptisma
3560 1122 3615 1168 et
3635 1111 3770 1168 tidcs
3790 1127 3897 1169 una

2302 1203 2441 1260 sicut
2464 1204 2623 1260 unius
2652 1204 2887 1271 Domini,
2914 1204 2989 1262 ita
3019 1214 3072 1260 et
3094 1203 3189 1260 Dei
3210 1215 3356 1262 esset
3376 1206 3556 1262 unius.
3581 1203 3733 1277 Unus
3751 1204 3897 1260 enim

2304 1304 2531 1368 uterque
2556 1305 2678 1363 est,
2721 1312 2827 1352 non
2862 1297 3062 1354 unione
3088 1338 3103 1364 ,
3150 1296 3245 1354 sed
3283 1290 3650 1370 propiietate;
3692 1296 3820 1353 dum
3844 1306 3901 1354 et

2306 1389 2593 1465 unicuique
2624 1389 2899 1463 proprium
2930 1398 3015 1445 est
3060 1398 3119 1444 ut
3158 1405 3298 1445 unus
3336 1391 3411 1445 sit
3433 1432 3449 1457 ,
3498 1387 3582 1446 vel
3612 1387 3756 1445 Patri
3778 1404 3904 1455 esse

2305 1481 2450 1555 quod
2479 1492 2628 1555 pater
2654 1494 2738 1540 est
2764 1526 2779 1551 ,
2808 1484 2894 1540 vel
2919 1482 3055 1541 Filio
3082 1498 3206 1540 esse
3234 1482 3380 1556 quod
3406 1482 3552 1540 Illius
3574 1494 3695 1549 est;
3739 1492 3797 1539 et
3826 1482 3902 1551 id,

2304 1579 2448 1652 quod
2475 1591 2701 1653 uterque
2731 1580 2784 1635 in
2810 1577 3141 1651 proprietate
3168 1594 3262 1634 sua
3290 1593 3431 1634 unus
3456 1585 3566 1647 est,
3592 1591 3900 1634 sacramestv

2308 1682 2422 1728 tum
2448 1672 2670 1729 unitatis
2697 1670 2767 1728 ad
2796 1681 3088 1743 utrumque
3113 1680 3225 1727 est:
3251 1669 3375 1743 quia
3397 1679 3454 1729 et
3476 1686 3615 1728 unus
3646 1670 3907 1728 Dominus

2307 1766 2559 1823 Christus
2589 1765 2701 1822 Deo
2730 1766 2871 1837 patri
2893 1778 3003 1822 non
3032 1773 3208 1838 potest
3232 1763 3445 1822 auferre
3471 1763 3614 1835 quod
3647 1764 3909 1823 Dominus

686 1862 838 1915 tionis
878 1861 1020 1915 illius
1044 1863 1258 1917 modum
1282 1878 1344 1915 ac
1363 1878 1551 1918 causas
1571 1865 1781 1937 exponit
1798 1906 1812 1931 ,
1856 1882 2071 1938 eantque
2104 1883 2207 1921 non
2238 1852 2287 1913 Β
2314 1868 2419 1925 est,
2445 1868 2501 1916 et
2526 1872 2664 1914 unus
2693 1856 2834 1915 Deus
2865 1869 3019 1930 pater
3046 1856 3137 1914 uni
3167 1857 3395 1915 Domino
3420 1854 3640 1915 Christo
3669 1874 3776 1914 non
3818 1858 3910 1915 itt-

687 1951 815 2018 Deo,
844 1952 928 2006 cui
950 1953 1081 2006 nihil
1103 1950 1260 2019 deest,
1292 1954 1424 2010 nihil
1446 1956 1666 2024 accedit,
1689 1974 1790 2012 non
1818 1956 1955 2015 Filio
1975 1958 2207 2031 unigeni-

685 2057 758 2101 to.
800 2063 888 2117 qui
912 2062 1055 2116 mque
1076 2047 1453 2106 indemutabilis
1473 2059 1565 2115 est,
1603 2052 1694 2106 sed
1732 2051 1877 2106 nobis
1906 2054 2019 2109 nuis
2047 2054 2206 2125 profi-

688 2155 800 2194 cere
839 2140 1085 2196 declarat.
1146 2141 1270 2197 Non
1296 2152 1369 2199 est
1398 2144 1652 2200 silendum
1675 2146 1813 2217 quod
1840 2146 2204 2220 Hieronymus,

682 2236 747 2286 ub
790 2232 1024 2289 Amando
1079 2235 1366 2309 presbytero
1414 2248 1621 2309 rogatus
1650 2240 1776 2310 quid
1802 2247 1947 2311 apud
1983 2241 2208 2298 Paulmtt

684 2324 781 2378 sibi
817 2326 936 2378 velit
963 2325 1097 2379 illud
1118 2341 1137 2380 :
1176 2324 1404 2397 Oportet
1425 2329 1571 2385 enim
1601 2345 1725 2387 eum
1765 2348 1991 2403 regnare
2034 2334 2209 2393 donec

689 2424 853 2485 ponat
868 2432 1056 2472 omnes
1078 2418 1322 2474 inimicos
1344 2436 1492 2489 suos,
1512 2432 1603 2476 etc.
1616 2463 1632 2490 ,
1655 2425 1883 2481 rescribit
1904 2427 2054 2498 epist.
2082 2427 2205 2485 N7:

686 2508 849 2563 Miror
878 2518 932 2564 te
954 2509 1056 2565 hoc
1076 2525 1105 2563 a
1137 2526 1221 2566 me
1248 2528 1492 2583 qurerere
1516 2513 1750 2573 voluisse
1775 2556 1789 2580 .
1823 2532 1945 2573 cum
1989 2530 2209 2576 sanctus

685 2599 920 2656 llilarius
949 2600 1279 2658 Pictaveusis
1308 2604 1601 2676 Episcopus
1623 2607 1966 2665 undecimum
2008 2610 2206 2668 librum

684 2703 871 2747 contra
899 2692 1129 2751 Ariauos
1156 2695 1257 2751 hac
1283 2700 1579 2767 qumstione
1599 2710 1654 2757 et
1678 2701 1946 2760 solutione
1971 2707 2211 2777 comple-

687 2784 848 2839 verit.

689 2965 741 3018 l.
779 2960 897 3019 Una
925 2974 979 3019 ut
1014 2964 1241 3035 Domini,
1273 2969 1346 3023 ita
1365 2978 1415 3025 et
1441 2967 1536 3026 Dei
1562 2970 1717 3027 unius
1743 2985 1819 3029 est
1859 2972 2008 3043 ﬁdes.
2050 2970 2210 3028 Pater

626 3065 676 3110 et
707 3054 877 3112 Filius
915 3074 1048 3113 unus
1083 3057 1239 3114 Deus.
1267 3091 1337 3101 --
1364 3061 1558 3117 Totum
1583 3070 1743 3134 atque
1763 3064 2065 3121 absolutum
2089 3064 2210 3122 lidei

622 3148 948 3220 evangelica:
972 3161 1368 3208 sacramentum
1418 3153 1706 3210 ntultil‘aric
1732 3154 2023 3225 Apostolus
2064 3165 2206 3213 tracv

2309 1952 2569 2025 telligitur
2598 1969 2798 2028 negare
2820 1954 2964 2030 quod
2995 1954 3142 2013 Deus
3164 1965 3248 2014 est
3274 1972 3288 2010 :
3314 1971 3437 2014 cum
3460 1957 3505 2012 si
3535 1972 3631 2028 per
3654 1954 3730 2025 id,
3760 1955 3909 2029 quod

2309 2044 2448 2102 Deus
2476 2061 2613 2104 unus
2636 2058 2740 2121 est,
2767 2063 2875 2107 non
2903 2058 2959 2106 et
2983 2048 3200 2106 Christo
3229 2048 3507 2123 proprium
3547 2065 3670 2107 esse
3696 2051 3914 2107 videtur

2309 2152 2367 2198 ut
2396 2143 2536 2199 Deus
2572 2144 2680 2210 sit;
2714 2158 2935 2203 necesse
2954 2154 3039 2202 est
3063 2159 3160 2216 per
3188 2144 3240 2201 id
3268 2188 3283 2212 ,
3308 2144 3454 2218 quod
3482 2161 3620 2201 unus
3644 2143 3907 2203 Dominus

2308 2231 2553 2291 Christus
2571 2244 2677 2304 est,
2706 2251 2813 2294 non
2844 2245 2901 2293 et
2924 2236 3037 2295 Deo
3059 2235 3143 2309 (ά)
3168 2237 3407 2294 debitum
3428 2253 3553 2294 esse
3578 2236 3907 2310 intelligatur

2310 2336 2367 2382 ut
2399 2325 2661 2385 Dominus
2685 2327 2788 2398 sit;
2815 2329 2861 2384 si
2889 2328 2942 2385 id
2971 2372 2987 2396 ,
3014 2328 3157 2399 quod
3186 2344 3325 2385 unus
3350 2338 3466 2398 est,
3493 2329 3566 2403 (e)
3598 2345 3703 2387 non
3730 2343 3912 2387 sacra-

2310 2418 2477 2475 menti
2506 2420 2575 2476 sit
2600 2420 2964 2492 signiﬁcatio,
3015 2421 3112 2477 sed
3160 2423 3380 2478 uniouis
3421 2423 3691 2493 exceptio.
3739 2420 3912 2479 Unius

2310 2512 2490 2584 itaque
2512 2512 2677 2589 375
2708 2515 2941 2581 Domini,
2969 2514 3117 2582 sicut,
3133 2514 3290 2573 unius
3315 2515 3411 2572 Dci
3439 2516 3630 2591 patris,
3668 2526 3726 2574 et
3743 2530 3908 2573 unum

2310 2604 2573 2676 baptisma
2603 2616 2659 2662 et
2687 2606 2821 2663 lides
2846 2622 2950 2662 una
2981 2618 3083 2664 est.

2380 2698 2433 2753 2.
2488 2698 2642 2754 Fides
2678 2715 2782 2754 una
2829 2715 2931 2754 non
2971 2709 3045 2756 est
3089 2698 3154 2755 de
3181 2696 3385 2757 Christo
3410 2698 3798 2758 dissidentibus.
3836 2729 3911 2746 --

2310 2790 2471 2849 Fides
2498 2802 2675 2848 autem
2700 2806 2805 2848 una
2830 2791 2941 2862 jam
2975 2804 3087 2849 non
3112 2803 3195 2849 est
3220 2833 3239 2861 ,
3280 2795 3327 2849 si
3360 2808 3467 2850 non
3513 2809 3679 2851 unum
3728 2794 3913 2851 Domi-

2313 2901 2439 2941 unm
2466 2893 2522 2942 ct
2548 2899 2719 2941 unum
2749 2884 2919 2943 Deum
2944 2895 3151 2957 patrem
3174 2887 3228 2943 in
3249 2887 3598 2945 conscientiae
3616 2887 3912 2960 professio-

2312 2994 2379 3037 nc
2410 2979 2676 3037 retinebit.
2727 2976 2906 3037 Unum
2939 2996 3069 3037 vero
3100 2981 3389 3038 Dominum
3438 2990 3496 3038 et
3542 2997 3708 3039 unum
3738 2981 3911 3040 Deum

2313 3082 2517 3145 patrem
2548 3073 2817 3147 quomodo
2847 3074 2982 3132 lides
3017 3091 3139 3147 qua:
3170 3090 3278 3131 non
3308 3091 3411 3131 una
3456 3085 3541 3133 est
3579 3075 3914 3132 conﬁtetur?

2314 3166 2431 3226 Una
2457 3175 2635 3225 autem
2682 3170 2735 3225 in
2784 3178 2933 3224 tanta
2979 3169 3416 3239 praedicationum
3461 3169 3777 3226 diversitate
3796 3167 3911 3241 jam

618 3252 739 3296 tatts
763 3282 777 3307 ,
827 3242 941 3299 bare
965 3258 1182 3314 quoque
1229 3246 1370 3303 inter
1405 3256 1601 3304 caetera
1644 3247 1841 3304 divina:
1882 3247 2210 3322 cognitionis
2238 3236 2286 3301 C
2322 3276 2430 3318 non
2455 3264 2562 3317 οτίι
2583 3301 2600 3328 θ
2644 3260 2690 3316 εί
2717 3260 2857 3316 nti...
2885 3236 3168 3316 numnum
3194 3258 3379 3317 legum
3400 3258 3672 3327 Christum
3699 3301 3715 3328 ,
3747 3236 3913 3332 pene.

614 3344 882 3405 prmccpta
911 3335 977 3390 ad
1010 3336 1274 3405 Ephesios
1294 3348 1378 3395 est
1406 3340 1616 3397 locutus
1640 3356 1654 3393 :
1685 3339 1833 3398 Sient
1858 3350 1909 3398 et
1932 3358 2018 3398 ros
2042 3344 2206 3399 uocati

615 3430 736 3481 estis
755 3414 808 3482 iit
835 3446 937 3483 una
962 3446 1053 3499 spe
1081 3432 1363 3488 uocationis
1390 3444 1584 3487 vestrm.
1633 3431 1781 3489 Unus
1806 3432 2076 3503 Dominus,
2101 3455 2207 3492 una

618 3524 768 3590 ﬁdes,
804 3522 883 3595 (Ι)
910 3539 1067 3578 unum
1090 3523 1363 3595 baptisma,
1387 3539 1519 3580 unus
1543 3523 1682 3584 Deus
1700 3538 1750 3583 et
1778 3540 1926 3600 pater
1952 3532 2206 3599 omnium,

618 3615 696 3685 (α)
717 3626 764 3669 et
785 3631 876 3687 per
891 3632 1063 3671 omnes
1083 3627 1130 3670 et
1152 3616 1208 3671 in
1227 3618 1459 3673 omnibus
1480 3618 1625 3674 nobis
1648 3618 1866 3693 (Epltes.
1888 3636 1959 3690 tv,
1980 3622 2038 3690 ι,
2057 3624 2201 3697 etc.).

621 3708 735 3763 Non
765 3710 908 3763 enim
937 3708 1202 3780 ambiguis
1251 3727 1349 3767 nos
1393 3721 1449 3768 et
1472 3715 1719 3770 erraticis
1747 3715 2038 3773 indeﬁnitrc
2077 3715 2205 3775 doc-

621 3800 775 3856 trina:
805 3801 998 3858 studiis
1022 3803 1309 3874 dereliquit
1337 3848 1351 3870 ,
1382 3807 1462 3862 vel
1509 3806 1727 3864 incertis
1754 3809 2095 3881 opinionibus
2124 3810 2211 3868 iu-

494 3892 513 3913 '
619 3896 776 3968 genia
805 3897 1039 3953 humana
1068 3896 1143 3970 (ιι)
1177 3899 1422 3969 permisit
1448 3942 1463 3965 ,
1510 3903 1722 3959 statutis
1749 3918 1848 3977 per
1872 3919 1933 3961 se
1958 3915 2013 3962 et
2036 3920 2208 3979 oppo-

623 3990 741 4043 sitis
771 3989 1012 4045 obicibus
1061 3989 1363 4046 libet-tatem
1415 3992 1780 4065 intelligentiae
1814 3997 2209 4071 voluntatisque

621 4083 988 4140 concludens:
1022 4093 1081 4139 ut
1121 4100 1311 4159 sapere
1341 4101 1441 4142 nos
1462 4130 1476 4153 ,
1509 4088 1611 4143 nisi
1655 4088 1720 4144 ad
1754 4088 1807 4146 id
1835 4099 2035 4148 tantum
2067 4092 2208 4165 quod

621 4178 969 4247 praedicatum
996 4194 1025 4231 a
1051 4194 1111 4233 se
1136 4179 1333 4247 fuerat,
1360 4194 1465 4236 non
1488 4181 1711 4249 sineret,
1742 4197 1863 4239 cum
1896 4200 1990 4255 per
2013 4183 2207 4243 delini-

621 4280 728 4322 tam
776 4269 896 4325 ﬁdei
952 4268 1350 4325 indcmutabilis
1392 4270 1833 4330 constitutionem
1879 4276 2025 4333 credi
2052 4277 2211 4337 aliter

619 4370 782 4448 atque
805 4361 962 4418 aliter
985 4378 1088 4417 non
1113 4362 1316 4418 liceret.
1345 4360 1520 4420 Unum
1544 4363 1723 4438 itaque
1741 4366 1895 4424 nobis
1920 4369 2209 4430 Dominum

694 4500 714 4569 (
727 4500 778 4567 l)
812 4498 983 4571 Quum
1005 4498 1329 4571 baptismum.

693 4568 776 4639 (‘2)
821 4568 1140 4641 Baptismtim
1201 4570 1286 4626 ltic
1345 4580 1398 4627 ct
1444 4571 1579 4629 infra
1628 4584 1940 4635 constanter
1966 4579 2018 4637 in
2067 4581 2208 4643 libro

617 4655 825 4698 1105(Γο-

690 4736 767 4819 (rt)
802 4737 1143 4793 llemovimus
1167 4737 1291 4793 hinc
1313 4782 1326 4803 ,
1358 4742 1626 4819 quomodo
1654 4751 1711 4799 et
1738 4744 1831 4800 lib.
1856 4759 1948 4801 vm
1978 4788 1993 4814 ,
2023 4762 2077 4804 ιι.
2112 4748 2204 4819 54,

619 4810 705 4878 qni
734 4820 805 4863 est
826 4826 979 4879 super
998 4827 1193 4877 omnes,
1223 4827 1342 4864 cum
1374 4826 1435 4866 ea
1463 4814 1618 4869 verba
1652 4830 1759 4872 non
1779 4810 1990 4875 exstent
2019 4820 2121 4878 nisi
2155 4810 2207 4879 in

623 4898 729 4932 uno
756 4883 1054 4936 recentiore
1086 4898 1188 4934 tus.
1216 4883 1371 4937 Coll).

692 4950 995 5037 (blla-nis.
1024 4951 1141 5037 \lat.
1173 4954 1286 5006 lius.
1318 4956 1613 5037 conmisit.“
1641 4957 1759 5037 Mox
1789 4961 1928 5032 apud
1956 4961 2103 5037 Lips.
2154 4976 2209 5022 et

620 5023 743 5077 Par.
773 5024 826 5076 in
854 5025 1153 5089 libertatem,
1185 5040 1463 5093 perperam
1493 5026 1675 5084 addito
1702 5028 1775 5087 in.

692 5094 764 5165 (ις)
794 5097 882 5149 Sic
912 5111 1045 5173 mss.
1069 5097 1365 5173 elegantius
1405 5113 1561 5169 quam
1609 5102 1842 5173 vulgati,
1892 5107 1944 5159 in
1986 5104 2207 5163 Domino

620 5183 774 5218 tomm
804 5176 929 5221 esset
956 5177 999 5219 ct
1028 5168 1294 5230 baptisma.

694 5235 773 5321 (ά.)
797 5236 1133 5321 ApudﬂBad,
1174 5238 1261 5321 Er.
1306 5249 1359 5321 et
1391 5240 1441 5294 in
1476 5256 1578 5297 ms.
1610 5242 1728 5299 Vat.
1761 5246 1874 5321 bas.
1907 5249 2162 5321 demptum
2189 5270 2203 5306 :

617 5306 773 5392 timui
827 5306 1042 5392 prtetisa
1087 5310 1383 5392 .particttla
1438 5323 1666 5392 negante
1720 5319 1925 5392 admitti
1997 5306 2201 5392 riequit.

620 5378 867 5434 l’rmime
913 5389 1038 5435 ante
1087 5380 1137 5434 in
1189 5382 1413 5450 vulgatis
1442 5424 1457 5442 ε
1509 5378 1619 5440 Deo
1670 5390 1821 5457 patri.
1853 5391 2018 5447 Abest
2066 5378 2204 5465 patri

615 5464 642 5500 il
675 5466 801 5503 lllSS.

692 5523 759 5607 te)
806 5522 866 5607 Id
908 5531 1021 5604 est,
1070 5536 1174 5576 non
1228 5524 1297 5606 sit
1348 5523 1671 5607 signiﬁcatio
1710 5534 2053 5607 proprietatis
2081 5551 2204 5607 qua:

617 5595 746 5671 nulit
777 5595 952 5678 “alteri
1002 5595 1634 5678 communicaripinsit,
1694 5595 2033 5661 sed'uninnis
2083 5595 2204 5678 tina:

615 5665 1037 5735 singularitatem
1067 5668 1298 5722 inducat.
1330 5668 1481 5733 Quod
1514 5682 1689 5727 autem
1715 5681 2015 5731 sacramenti
2037 5665 2203 5735 vo'ca-

616 5733 739 5820 ιηιιε)
771 5752 1116 5820 personarum
1144 5740 1439 5820 proprietas
1487 5742 1856 5820 signiﬁcetur,
1905 5733 2201 5820 liquetrel

614 5823 675 5862 cx
709 5805 810 5859 hoc
838 5808 926 5864 lib.
964 5823 1046 5869 nt,
1077 5826 1127 5863 ιι.
1148 5805 1257 5865 3ίέ
1284 5805 1560 5869 Αυειονιίιῖ
1585 5805 1860 5876 notwimtii
1884 5805 1993 5876 esse
2024 5805 2205 5877 sacra;

615 5885 841 5933 mentum
853 5892 1118 5949 paternum
1147 5889 1219 5936 est

2318 3362 2492 3410 lraute
2514 3353 2720 3424 palmas
2739 3356 2913 3419 clavo,
2942 3351 3270 3410 inﬁrmitatis
3290 3364 3490 3411 mstrte
3511 3352 3701 3411 credet
3718 3353 3912 3411 dolore

2313 3446 2581 3517 gemuisse
2605 3488 2620 3510 .
2689 3457 2743 3502 ct
2789 3455 3037 3518 egentem
3083 3454 3289 3502 naturae
3328 3463 3443 3503 sua:
3516 3448 3909 3520 potestatisquo

2315 3538 2511 3593 virtute
2533 3578 2549 3603 ,
2581 3536 2905 3595 imminentis
2926 3536 3037 3608 jam
3074 3537 3176 3596 sibi
3206 3538 3397 3595 mortis
3426 3539 3671 3595 timuisse
3693 3538 3775 3613 (ὅ)
3797 3550 3907 3596 ter-

2320 3645 2444 3687 rore
2469 3629 2585 3704 (f):
2626 3629 2672 3687 si
2693 3630 2853 3689 etiam
2878 3630 2952 3698 id,
2982 3630 3124 3703 quod
3150 3632 3443 3704 principale
3469 3642 3574 3699 est,
3597 3642 3781 3687 natum
3810 3648 3912 3689 ne-

2320 3722 2503 3793 gabit,
2537 3729 2593 3778 et
2623 3732 2862 3780 creatum
2888 3724 3069 3795 potius
3098 3723 3448 3795 praedicabit:
3485 3724 3531 3777 si
3560 3723 3730 3780 Deum
3768 3722 3913 3781 dicet

2315 3815 2505 3889 magis,
2534 3829 2695 3888 quam
2725 3814 3020 3889 intelliget;
3061 3818 3185 3891 quia
3210 3826 3265 3873 et
3289 3818 3369 3891 (g)
3396 3818 3528 3875 deos
3554 3819 3660 3875 dici
3691 3819 3910 3887 religio-

2314 3924 2433 3966 sum
2460 3919 2563 3979 est,
2603 3922 2656 3967 et
2684 3909 2852 3970 Deum
2876 3908 3095 3984 intelligi
3117 3909 3310 3969 divina
3336 3920 3540 3969 natura:
3565 3910 3900 3971 conscientia

2313 4012 2418 4061 est.
2454 4002 2573 4062 lam
2599 4018 2729 4079 ergo
2758 4020 2864 4063 non
2904 4021 3041 4066 unus
3069 4016 3151 4064 est
3179 4006 3439 4065 Dominus
3457 4007 3708 4065 Christus
3737 4007 3818 4079 (4)
3861 4007 3909 4065 sl

2313 4093 2394 4171 (Ii)
2418 4096 2505 4155 alii
2539 4106 2596 4155 ut
2620 4099 2762 4157 Deus
2792 4115 2899 4156 non
2927 4099 3094 4167 dolet,
3126 4099 3214 4156 alii
3242 4110 3297 4157 ut
3321 4100 3564 4157 iullrmus
3591 4100 3779 4167 timet,
3815 4099 3907 4157 alii

2311 4191 2381 4248 sit
2404 4206 2472 4249 es
2507 4200 2716 4263 natura,
2749 4194 2838 4250 alii
2866 4209 2930 4251 ex
2956 4192 3277 4266 cognomine
3303 4195 3475 4252 Deus:
3519 4204 3572 4251 et
3602 4194 3694 4252 alii
3717 4211 3782 4252 es
3808 4210 3906 4266 ge-

2314 4286 2627 4356 neratione,
2642 4286 2730 4343 alii
2756 4302 2825 4345 ex
2851 4287 3208 4360 appellatione
3238 4289 3308 4346 sit
3337 4287 3495 4345 illius.
3518 4287 3586 4345 Et
3608 4304 3705 4360 per
3730 4289 3779 4345 id
3812 4302 3901 4345 nco

2312 4397 2419 4454 que
2442 4382 2585 4439 Deus
2610 4391 2763 4455 pater
2788 4398 2926 4440 unus
2971 4381 3024 4440 in
3058 4380 3164 4439 ﬁde
3187 4391 3272 4439 est
3293 4421 3309 4452 ,
3349 4382 3395 4439 si
3439 4382 3560 4440 aliis
3589 4388 3889 4455 potestatef

2409 4516 2465 4589 3)
2498 4517 2787 4577 Terrorem.

2384 4518 2465 4665 £3)
2498 4518 2787 4577 Terrorem.

2233 4624 2289 4690 Ι)
2410 4588 2462 4661 ι)
2492 4591 2555 4648 Si
2579 4590 2725 4649 aliud
2746 4591 2904 4651 Dens.

2386 4748 2456 4825 (ί)
2486 4750 2574 4813 Sic
2607 4770 2737 4812 mss.
2768 4754 2833 4812 At
2859 4754 3011 4821 editi,
3043 4767 3311 4814 terrorem.

2386 4825 2463 4898 (g)
2497 4825 2625 4881 Dad.
2656 4838 2711 4883 et
2740 4829 2827 4884 Er.
2856 4831 2987 4884 duos
3024 4831 3146 4884 dici.
3199 4830 3335 4887 Tum
3373 4844 3496 4886 cum
3524 4829 3744 4898 reliquis
3770 4830 3881 4887 edit

2313 4910 2374 4952 ac
2396 4899 2646 4973 pluribus
2661 4916 2804 4973 iuss.
2852 4901 3193 4973 irreligiosum
3223 4913 3319 4958 est.
3372 4902 3581 4958 Esitttle
3612 4899 3727 4970 Et,
3756 4902 3904 4973 Lips.

2313 4912 2374 4952 ac
2395 4912 2646 5022 Ιςιιιιοιιιιιε
2674 4916 2804 4955 mss.
2852 4912 3193 4973 trretrgiosnm
3223 4913 3319 4958 est.
3374 4912 3581 4958 Exinde
3612 4912 3727 4970 Et,
3756 4912 3893 4973 Lips.

2313 4976 2367 5022 ct
2432 4982 2539 5034 ar.,
2572 4982 2617 5024 et
2650 4969 2814 5026 Deum
2836 4989 2937 5026 non
2957 4974 3207 5044 intelligi:
3249 4988 3371 5029 cum
3410 4974 3551 5027 absit
3583 4990 3683 5028 non
3713 4988 3742 5027 a
3771 4971 3893 5028 Bad,

2311 5047 2367 5094 et
2396 5056 2496 5115 ms.
2535 5047 2703 5097 Antea
2732 5059 2953 5115 imoque
2982 5048 3319 5114 prtctttlimus
3347 5046 3649 5115 religiosum
3676 5055 3751 5100 est
3775 5057 3903 5100 auc-

2315 5112 2533 5187 toritate
2550 5129 2684 5187 mss.
2715 5112 2895 5178 (τοιδέ.
2924 5112 3084 5171 ϐιιηι.
3117 5126 3171 5171 et
3196 5116 3378 5173 Germ.
3411 5112 3522 5172 ll'uc
3568 5118 3766 5187 quippe
3805 5115 3908 5170 sibi

2316 5184 2459 5258 yult:
2494 5184 2560 5258 _Si
2590 5186 2859 5258 Christum
2892 5189 3108 5243 nomine
3134 5201 3291 5245 tenus
3315 5188 3460 5243 dicet
3491 5184 3676 5258 potius
3697 5231 3711 5251 ,
3742 5202 3905 5258 quam

2315 5253 2369 5331 in
2397 5252 2619 5331 veritate
2647 5257 2909 5331 intelliget
2932 5260 3141 5331 Deum;
3192 5263 3265 5314 nil
3313 5252 3563 5331 magnum
3605 5259 3656 5315 ei
3687 5252 3901 5331 praesta.

2316 5328 2386 5399 bit
2415 5367 2429 5390 ,
2475 5330 2549 5379 uti
2578 5324 2884 5386 declaratur
2930 5324 3023 5385 lib.
3065 5324 3253 5386 contra
3287 5324 3522 5386 Auxeut.
3557 5348 3612 5387 ιι.
3657 5324 3748 5395 10,
3778 5329 3903 5399 quia

2316 5397 2449 5471 ﬁdes
2472 5414 2534 5451 ac
2563 5400 2752 5471 religio
2780 5403 2981 5471 patitur
3008 5400 3189 5470 plures
3218 5401 3320 5457 dici
3353 5402 3521 5467 deos;
3554 5412 3612 5457 ut
3631 5403 3777 5457 enim
3797 5397 3909 5453 Da-

2315 5468 2446 5523 masi
2492 5468 2719 5539 epistula
2771 5468 2909 5541 apud
2960 5468 3290 5530 Theodoret.
3341 5474 3432 5528 lib.
3490 5490 3520 5524 ι’
3571 5472 3705 5528 Hist.
3742 5471 3904 5538 eccl.,

2313 5554 2361 5593 c.
2395 5541 2494 5617 H_,
2543 5541 2761 5617 ἰιιιριθι,⁸
2788 5560 2973 5599 nomen
3013 5545 3235 5617 deorum
3268 5556 3316 5599 et
3343 5544 3561 5617 Angelis
3596 5555 3644 5599 et
3670 5542 3906 5617 omnibus

2313 5612 2500 5665 sanctis
2526 5630 2557 5664 a
2589 5612 2697 5686 Deo
2725 5614 2973 5670 donatum
2994 5626 3087 5671 est.
3138 5616 3242 5673 Sed
3273 5612 3600 5672 causcientia
3632 5624 3795 5686 atque
3821 5616 3905 5669 iu-

2311 5687 2412 5738 sita
2443 5687 2600 5738 nobis
2625 5682 2823 5742 divina:
2850 5697 3055 5743 natura:
3080 5689 3269 5743 notitia
3306 5702 3412 5742 non
3457 5687 3591 5743 sinit
3615 5729 3632 5756 ,
3680 5682 3737 5743 ut
3766 5685 3910 5742 Deus

2312 5756 2622 5830 essentiam
2644 5759 2869 5830 veritate
2902 5760 3226 5830 intelligatur
3253 5760 3355 5815 nisi
3387 5774 3545 5815 unus.

2384 5824 2465 5897 (It)
2492 5827 2666 5893 Editi,
2691 5829 2741 5902 si
2778 5830 2921 5886 aliud
2942 5824 3096 5899 Deus
3113 5848 3215 5885 non
3245 5832 3413 5894 dolet,
3445 5829 3593 5886 aliud
3635 5829 3874 5900 inﬁrmus
3894 5879 3909 5902 ,

2314 5907 2417 5955 ctc.
2452 5914 2464 5953 :
2504 5900 2862 5959 emendantur
2893 5917 2957 5961 es
2988 5918 3121 5960 mss.
