4266 6460
435 317 540 374 400

1654 315 1741 372 DE
1783 310 2152 373 TBINITATE
2197 315 2400 376 LIBER
2441 319 2529 375 XI.

3623 316 3731 372 “0

433 434 559 508 quin
589 439 739 507 pater
755 431 858 488 sibi
874 439 931 487 ut
949 429 1159 488 exteris
1183 431 1254 487 sit
1278 445 1347 488 ex
1365 444 1429 488 ea
1451 437 1602 501 parte
1622 444 1725 501 qua
1743 430 1905 486 homo
1929 438 2032 498 est,
2061 430 2116 493 Α
2139 439 2259 487 est:
2288 441 2440 502 pater
2479 430 2624 487 enim
2653 439 2737 487 est
2781 429 2850 488 ad
2896 431 2973 500 id,
3002 431 3146 504 quod
3191 433 3244 488 in
3293 431 3559 504 principio
3587 433 3727 503 apud

432 537 486 586 ct
505 527 650 585 Deus
668 526 770 582 sibi
792 533 851 580 ut
870 525 1076 581 cunctis
1094 525 1167 581 sit
1182 538 1248 581 ex
1265 538 1326 580 ea
1341 532 1524 579 natura
1552 539 1655 596 qua
1685 539 1875 580 servus
1923 533 2026 578 est.

506 621 597 679 15.
640 618 705 676 In
735 635 794 675 ea
815 620 951 674 dixit
979 621 1146 688 [arma
1171 633 1272 688 quo
1299 634 1391 673 nos
1423 626 1566 673 uocat
1611 617 1818 687 fratres.
1877 617 2029 672 Chri-

435 724 540 771 stus
563 730 723 786 quare
759 715 1043 768 vermis.“
1074 710 1318 780 Denique
1349 712 1493 766 hunc
1515 710 1768 766 eumdem
1815 725 2025 765 sermo-

431 822 554 866 ttem
601 804 907 877 huiusmodi
935 803 1289 876 professionis
1320 803 1486 874 erepit
1513 801 1763 868 exordio,
1819 803 1892 860 ita
1935 801 2022 856 di-

431 913 609 957 cens:
653 895 796 954 Vade
839 907 1006 953 autem
1053 897 1123 951 ad
1175 895 1364 966 fratres
1411 911 1570 962 meos,
1617 908 1668 950 et
1711 896 1850 951 dices
1895 894 2024 963 itfis,

433 990 704 1049 Adsentio
727 991 796 1046 ad
818 999 1014 1064 patroni
1039 1005 1206 1046 meum
1230 999 1279 1045 et
1301 990 1372 1045 ad
1399 999 1596 1062 patrem
1623 1001 1870 1058 oestrum,
1894 990 1942 1045 et
1959 988 2029 1042 ad

433 1082 599 1141 Deum
637 1098 802 1140 meum
826 1092 874 1139 et
896 1083 964 1138 ad
991 1079 1158 1139 Deum
1196 1090 1420 1138 vestrum
1472 1078 1651 1154 (Joan.
1727 1098 1818 1144 xx.
1901 1082 2012 1154 l7).

431 1178 500 1236 Et
548 1192 736 1251 qurcro
781 1192 943 1247 nunc,
1017 1177 1216 1235 fratres
1305 1177 1354 1233 ei
1419 1177 1713 1233 secundum
1794 1174 2024 1232 formam

441 1272 559 1340 Dei,
589 1288 728 1330 anne
779 1271 1076 1330 secundum
1121 1270 1348 1329 formam
1375 1270 1517 1326 servi
1539 1285 1662 1327 esse
1691 1267 2026 1340 intelligendi

430 1365 539 1422 sint
581 1382 593 1421 :
641 1363 941 1438 habeatque
1005 1362 1224 1438 aliquod
1284 1363 1351 1420 ad
1403 1377 1524 1419 eum
1575 1362 1868 1416 secundum
1913 1362 2025 1431 ple-

431 1457 728 1515 nitudinem
779 1457 1067 1513 habitantis
1131 1458 1182 1511 in
1233 1470 1298 1512 eo
1350 1456 1644 1511 divinitatis
1693 1456 1770 1528 (1)
1801 1453 1877 1526 (ιι)
1907 1469 2028 1510 cor-

435 1552 646 1626 poratio
701 1562 887 1609 nostra
927 1552 1282 1613 consortium,
1325 1559 1383 1606 ιιι
1444 1551 1496 1605 in
1541 1551 1733 1606 fratres
1763 1549 1812 1604 ei
1855 1548 1920 1603 ad
1973 1549 2025 1604 id

428 1647 570 1716 quod
605 1646 747 1704 Deus
769 1655 851 1701 est
890 1644 1252 1718 deputamur?
1282 1643 1392 1700 Sed
1441 1659 1548 1700 noii
1584 1645 1794 1713 ignorat
1815 1654 1870 1698 ει
1901 1659 2026 1712 pro-

429 1740 676 1812 pheticus
702 1740 924 1812 spiritus
947 1783 962 1807 ,
993 1739 1270 1810 unigenito
1317 1737 1428 1794 Deo
1473 1753 1574 1808 qua
1621 1752 1686 1791 ex
1737 1747 1889 1805 parte
1918 1736 2027 1792 sint

2133 524 2303 580 Deum
2332 533 2454 581 erat
2473 526 2615 582 Deus
2645 525 2900 581 Verbum.
2927 525 3035 582 Sed
3055 541 3178 583 eum
3207 526 3438 583 Verbum
3460 541 3591 583 caro
3612 525 3727 583 fac-

2133 627 2244 675 tunt
2266 630 2376 685 est;
2409 631 2588 675 manet
2613 633 2667 674 et
2694 621 2748 676 in
2780 620 2939 676 Verbi
2982 620 3078 677 Dei
3105 621 3408 688 nativitate,
3431 630 3488 677 et
3515 621 3567 676 in
3599 636 3724 677 car-

2132 712 2215 766 nis
2241 713 2624 767 constitutione
2645 713 2787 783 quod
2820 721 2972 782 pater
3012 724 3114 770 est.
3167 713 3327 769 Pater
3367 713 3511 770 enim
3541 713 3723 770 omnis

2130 807 2312 862 carnis
2339 817 2420 862 est
2447 807 2622 873 Deus;
2649 806 2744 862 sed
2775 821 2881 861 non
2909 807 3204 862 secundum
3233 806 3376 878 quod
3409 807 3586 862 Verbo
3611 808 3720 862 Deo

2131 911 2284 971 pater
2309 909 2409 956 est.
2444 899 2680 957 Verbum
2706 909 2887 957 autem
2935 901 3098 965 Deus,
3127 914 3301 972 neque
3341 897 3580 956 Verbum
3607 913 3730 956 esse

2129 994 2310 1060 desiit,
2343 1009 2519 1066 neque
2539 1008 2666 1050 caro
2694 1009 2800 1048 non
2829 993 2948 1048 fuit.
2981 993 3115 1049 Nam
3149 990 3410 1058 Verbum,
3433 991 3576 1064 quod
3597 1005 3727 1048 caro

2132 1086 2328 1143 factum
2370 1099 2450 1145 εει
2474 1096 2530 1144 et
2569 1087 2823 1143 habitavit
2848 1087 2900 1141 in
2932 1087 3109 1154 nobis,
3154 1101 3327 1157 neque
3354 1084 3485 1141 dum
3510 1084 3722 1142 habitat

2131 1197 2239 1238 non
2261 1197 2385 1239 vere
2419 1181 2651 1238 Verbum
2696 1190 2802 1247 est,
2848 1195 3021 1251 neque
3047 1182 3175 1236 dum
3223 1179 3458 1236 Verbum
3486 1195 3615 1236 caro
3641 1188 3724 1235 est

2130 1293 2237 1333 non
2265 1291 2394 1334 vere
2423 1277 2564 1331 Deus
2593 1277 2758 1333 homo
2778 1285 2862 1331 est
2887 1294 2900 1331 :
2930 1276 3052 1346 quia
3081 1284 3133 1331 et
3163 1268 3428 1337 habitare.
3467 1275 3586 1343 ejus
3628 1287 3724 1328 ne-

2129 1384 2282 1426 cesse
2309 1369 2378 1424 sit
2402 1384 2526 1425 esse
2552 1370 2642 1440 qui
2693 1377 2945 1431 maneat;
2995 1375 3050 1422 et
3073 1381 3292 1421 carnem
3326 1366 3464 1431 lieri,
3497 1365 3616 1436 ejus
3642 1363 3722 1418 in-

2132 1463 2479 1534 telligendum
2505 1465 2574 1518 sit
2597 1478 2719 1519 esse
2748 1461 2838 1533 qui
2879 1463 3137 1516 nascitur.
3174 1462 3237 1516 fit
3263 1461 3407 1532 quod
3459 1461 3513 1516 in
3562 1459 3720 1515 nobis

2132 1557 2355 1622 habitat,
2385 1568 2584 1613 nostra:
2610 1556 2788 1612 carnis
2817 1556 3115 1628 assumptio
3132 1565 3213 1610 est
3239 1573 3251 1608 :
3274 1553 3396 1626 quia
3424 1554 3511 1624 (ιι)
3543 1569 3640 1624 per
3669 1553 3721 1607 id

2130 1651 2270 1721 quod
2294 1651 2346 1704 itt
2375 1652 2532 1706 nobis
2561 1651 2765 1705 habitat
2787 1647 3028 1706 Verbum
3051 1664 3181 1704 caro
3223 1648 3444 1714 factum,
3479 1647 3618 1703 Deus
3640 1656 3726 1703 e~t

2131 1745 2182 1799 in
2211 1744 2379 1799 nostri
2409 1745 2656 1814 corporis
2698 1741 2862 1816 385
2889 1743 3134 1798 veritate.
3186 1740 3243 1796 Si
3289 1741 3452 1810 igitur
3479 1748 3724 1795 naturam

429 1831 624 1890 fratres
651 1851 664 1888 :
698 1832 811 1889 haec
841 1835 983 1889 enim
1015 1846 1120 1886 non
1164 1842 1272 1886 tam
1295 1830 1458 1888 homo
1502 1846 1662 1902 quam
1708 1833 1904 1886 vermis
1936 1833 2015 1884 to-
2052 1840 2096 1901 Β
2121 1838 2356 1893 detrahit
2387 1836 2499 1891 Deo
2523 1835 2698 1890 Verbo
2729 1836 2892 1889 homo
2913 1834 3209 1891 secundum
3236 1846 3454 1888 carnem
3476 1831 3724 1887 Christus

430 1935 586 1981 cutus
611 1934 716 1991 est,
771 1924 1014 1980 Narrabo
1036 1941 1219 1979 nomen
1248 1937 1390 1980 tuum
1414 1924 1659 1996 fratribus
1682 1927 1805 1979 meis
1847 1925 2019 1995 (l’saf.

431 2033 542 2081 xxi,
571 2017 691 2089 23).
718 2003 785 2073 Et
809 2019 925 2072 lucc
953 2019 1174 2083 vermis,
1209 2017 1294 2072 vel
1329 2032 1434 2071 non
1462 2031 1530 2072 ex
1575 2027 1838 2086 conceptu
1864 2033 2021 2070 com-

431 2115 672 2170 munium
700 2113 872 2186 385
897 2108 1163 2185 originum
1210 2111 1415 2180 vivens,
1444 2114 1526 2167 vel
1553 2129 1586 2166 e
1618 2111 1897 2182 profundis
1921 2122 2028 2166 ter-

432 2223 508 2265 ra:
537 2209 686 2264 vivus
715 2222 1021 2279 emergens.
1053 2208 1121 2263 ad
1161 2207 1619 2277 significationem
1653 2217 1942 2276 assumptio
1972 2215 2028 2260 et

434 2301 722 2356 viviticata:
751 2315 848 2371 per
893 2315 953 2356 se
982 2303 1146 2356 etiam
1179 2300 1254 2374 (ὁ)
1283 2315 1350 2355 ex
1401 2299 1616 2356 inferno
1660 2301 1867 2365 carnis,
1905 2316 2029 2370 pro-

434 2396 608 2452 fessus
635 2404 756 2450 est:
788 2403 1009 2466 totoque
1059 2397 1110 2449 iit
1141 2395 1349 2465 psalmo
1389 2393 1655 2464 passionis
1701 2409 1811 2448 sua:
1851 2407 2030 2448 sacra-

435 2497 614 2544 tneuta
647 2488 957 2560 prophetico
987 2489 1177 2559 spiritu
1221 2488 1572 2558 praelocutus.
1600 2502 1666 2542 ex
1711 2502 1774 2542 ca
1809 2501 2031 2542 necesse

433 2595 517 2639 est
547 2584 739 2640 fratres
771 2583 968 2638 haheat
984 2581 1410 2652 dispensatione.
1443 2597 1545 2652 qua
1575 2595 1768 2650 passus
1796 2589 1899 2635 est.
1929 2578 2030 2635 No-

436 2681 513 2736 vit
560 2690 958 2736 sacramentum
1005 2678 1057 2733 itt
1115 2692 1182 2734 co
1233 2675 1458 2732 fratrum
1511 2677 1673 2732 etiam
1745 2675 2032 2744 Apostolus

440 2772 616 2844 (Rom.
648 2787 763 2838 vui,
793 2771 912 2839 29).
955 2781 1014 2826 ut
1057 2767 1474 2841 primogenitum
1519 2784 1641 2823 eum
1683 2785 1748 2822 ex
1780 2767 2032 2830 mortuis,

438 2866 508 2921 ita
539 2865 952 2936 primogenitum
981 2865 1034 2918 in
1077 2862 1260 2917 multis
1293 2861 1552 2916 fratribus
1581 2861 1908 2932 pradicaus.
1933 2858 2034 2914 Se-

437 2958 672 3017 cundum
701 2958 754 3013 id
783 2973 914 3028 ergo
942 2967 1025 3013 est
1053 2957 1106 3011 in
1133 2956 1316 3011 inuitis
1345 2956 1600 3009 fratribus
1622 2956 2033 3026 pritnogenitus,

435 3051 731 3110 secundum
761 3051 903 3122 quod
931 3062 1011 3104 est
1036 3050 1424 3118 primogenitus
1447 3065 1512 3103 et
1540 3047 1802 3112 mortuis;
1835 3057 1890 3102 et
1910 3063 2035 3102 cum

437 3155 832 3200 sacramentum
886 3142 1072 3197 mortis
1099 3143 1150 3196 in
1201 3156 1430 3210 corpore
1478 3141 1585 3203 sit,
1638 3152 2036 3196 sacramentum

2130 1930 2314 1996 .lnsus,
2343 1929 2424 1985 vel
2453 1944 2558 1984 non
2590 1927 2887 1984 secundum
2911 1937 3310 1986 sacramentum
3341 1926 3557 1996 pietatis
3585 1923 3731 1980 Deus

2133 2022 2369 2078 Verbum
2401 2021 2563 2076 homo
2584 2021 2828 2076 Christus
2857 2020 3012 2077 Jesus
3037 2031 3158 2084 est;
3193 2021 3264 2073 sit
3284 2021 3334 2074 in
3365 2026 3570 2072 natura:
3598 2033 3729 2073 con-

2137 2117 2429 2183 tumeliam,
2464 2116 2602 2186 quod
2632 2115 2684 2172 ei
2714 2117 3009 2171 secundum
3059 2129 3158 2170 nos
3200 2126 3253 2169 et
3282 2115 3440 2168 Pater
3469 2124 3640 2184 pater,
3674 2120 3728 2167 et

2135 2212 2276 2267 Deus
2308 2212 2449 2285 Deus
2473 2221 2577 2266 est.
2609 2209 2762 2278 Quod
2790 2211 2831 2264 si
2861 2211 3002 2264 Deus
3029 2209 3266 2264 Verbum
3295 2209 3458 2263 homo
3481 2207 3730 2262 Christus

2135 2307 2288 2362 Jesns
2321 2307 2462 2361 Deus
2513 2303 2748 2360 Verbum
2789 2319 3070 2363 cssemon
3119 2302 3360 2367 destitit;
3414 2302 3727 2358 communio

2137 2400 2295 2454 nobis
2320 2411 2372 2455 et
2398 2400 2470 2455 illi
2499 2401 2562 2453 ad
2592 2412 2795 2469 patrem
2821 2408 2875 2454 et
2904 2399 3070 2453 Deum
3104 2414 3166 2453 ex
3195 2414 3256 2453 ea
3281 2406 3488 2453 tantum
3519 2403 3602 2451 est
3631 2411 3728 2450 na—

2139 2505 2280 2558 tura,
2331 2497 2403 2568 (ε)
2429 2511 2530 2564 qua
2582 2495 2746 2550 frater
2781 2503 2907 2549 est:
2936 2494 3059 2565 quia
3109 2495 3365 2546 adscendo
3409 2492 3478 2544 ad
3524 2499 3718 2560 patrem

2137 2605 2306 2642 meum
2332 2598 2377 2641 et
2422 2588 2490 2641 ad
2529 2598 2722 2658 patient
2753 2599 2994 2651 vestrum,
3021 2598 3067 2638 et
3095 2584 3164 2638 ad
3193 2584 3354 2637 Deum
3398 2599 3568 2637 meum
3590 2591 3637 2635 et
3662 2582 3729 2635 at!

2143 2679 2304 2736 Deum
2353 2691 2591 2749 vestrum,
2641 2697 2745 2736 non
2781 2696 2875 2750 per
2906 2679 2979 2748 id,
3029 2677 3172 2750 quod
3221 2677 3532 2746 unigenitus
3586 2674 3729 2730 Deus

2143 2776 2376 2832 Verbum
2417 2783 2520 2840 est,
2569 2774 2666 2830 sed
2699 2790 2790 2843 per
2819 2773 2894 2839 id,
2917 2770 3061 2842 quod
3097 2769 3328 2825 Verbum
3376 2783 3504 2824 caro
3531 2766 3729 2824 factum

2139 2881 2240 2938 est,
2275 2872 2344 2926 sit
2384 2869 2640 2925 fratribus
2670 2870 2991 2924 nuntiatum.

2213 2965 2298 3020 17.
2325 2963 2529 3019 Christo
2554 2972 2607 3016 ιιι
2644 2961 2808 3017 νει·δο
2832 2962 2920 3032 qui
2947 2971 3090 3030 pater
3107 2969 3204 3024 est,
3226 2968 3273 3013 et
3296 2967 3352 3010 ut
3372 2956 3497 3011 Iesu
3523 2964 3570 3011 et
3594 2971 3738 3012 terra

2143 3062 2285 3117 Deus
2315 3071 2483 3115 est.--
2505 3057 2620 3114 Non
2644 3057 2870 3112 incautis
2898 3067 3076 3110 autem
3107 3070 3280 3123 neque
3305 3053 3369 3107 ad
3393 3053 3733 3120 occasionem

2142 3154 2434 3224 impietatis
2457 3151 2679 3208 incertis
2697 3149 3175 3220 significationibus
3203 3162 3383 3202 sermo
3406 3143 3736 3213 apostolicus

437 3253 651 3310 quoque
675 3237 1021 3291 fraternitatis
1065 3235 1114 3288 ill
1146 3249 1308 3289 Cill'lll.’
1360 3245 1461 3287 est.
1513 3232 1726 3287 FElil’Ci
1760 3235 1938 3303 itaque
1970 3249 2034 3288 ex
2066 3245 2111 3309 ρ
2143 3246 2396 3318 [manat
2430 3245 2498 3303 Ut
2528 3260 2669 3298 nunc
2699 3242 3039 3312 Evangelia“
3067 3240 3268 3294 (Ιίιξιαηι
3300 3237 3511 3293 υυηιίιιί
3541 3253 3568 3288 τι
3603 3252 3730 3305 pr“-

439 3349 601 3389 carne
626 3343 748 3385 sunt
781 3331 924 3394 Deo;
953 3330 1076 3398 quia
1108 3339 1161 3383 ct
1193 3327 1428 3382 Verbum
1459 3342 1587 3382 caro
1621 3328 1814 3382 factum
1844 3338 1948 3390 est,
1979 3337 2035 3382 et

439 3424 700 3481 habitavit
721 3425 772 3479 in
803 3422 959 3478 nobis
985 3441 997 3478 :
1027 3432 1285 3478 CiBicl‘tlllt
1313 3421 1620 3489 unigenitus
1644 3421 1805 3487 Deus,
1837 3422 1890 3476 in
1915 3421 2036 3477 uni-

437 3520 603 3592 geniti
625 3519 964 3589 exceptione,
993 3516 1111 3572 sine
1141 3515 1394 3570 fratribus
1417 3523 1518 3570 est.

517 3613 600 3671 18.
645 3613 780 3668 Deus
807 3623 855 3667 ιι
897 3612 1112 3682 propria
1144 3621 1190 3665 et
1221 3612 1480 3665 communi
1520 3612 1719 3666 ratione
1743 3611 1935 3666 Christi
1962 3621 2036 3668 est

440 3716 605 3782 pater.
637 3734 709 3748 -ο
739 3705 858 3778 Ipse
883 3715 1083 3770 autem,
1121 3704 1484 3759 univcrsitatis
1513 3714 1712 3760 nostra:
1743 3707 1795 3761 in
1819 3721 1880 3761 se
1906 3722 2036 3760 con-

441 3806 617 3862 tinens
642 3820 705 3860 ex
737 3803 915 3859 carnis
936 3801 1310 3871 assumptione
1334 3811 1600 3865 naturam,
1625 3810 1742 3856 erat
1765 3800 1909 3872 quod
1937 3816 2036 3858 nos

440 3911 647 3963 sumus,
677 3911 852 3967 neque
877 3895 1132 3951 amiserat
1155 3909 1278 3950 esse
1306 3894 1448 3964 quod
1491 3903 1799 3959 manserat;
1835 3895 2037 3950 habens

441 4009 507 4049 ex
559 3991 833 4046 nativitate
882 3988 959 4062 (c)
1009 3999 1157 4056 tunc,
1212 3997 1269 4044 et
1319 4005 1386 4042 ex
1438 3988 1824 4044 constitutione
1873 4006 2032 4058 nunc,

443 4085 609 4143 Deum
639 4094 864 4156 patrem.
899 4081 1205 4140 Secundum
1236 4075 1680 4138 eonstitu'tioncm
1713 4098 1876 4148 nunc,
1910 4085 2033 4155 quia

441 4197 506 4236 ex
535 4188 686 4248 patre
717 4178 828 4234 Deo
849 4180 1050 4234 omnia.
1084 4177 1346 4232 Omnibus
1391 4176 1536 4231 enim
1566 4176 1708 4230 Deus
1747 4187 1901 4247 pater
1926 4189 2035 4243 est,

441 4272 569 4327 dum
596 4287 666 4327 ει
691 4285 759 4327 eo
783 4281 837 4326 et
878 4270 930 4325 in
955 4284 1023 4325 eo
1047 4268 1226 4326 omnia
1258 4279 1401 4323 sunt.
1437 4269 1544 4324 Sed
1597 4270 1874 4340 unigenito
1905 4271 2031 4337 Deo,

441 4366 565 4440 quia
594 4363 834 4419 Verbum
865 4378 991 4421 caro
1015 4363 1212 4419 factum
1239 4372 1342 4432 est,
1375 4377 1480 4416 non
1508 4360 1632 4420 hinc
1652 4371 1858 4418 tantum
1889 4373 2040 4433 pater

502 4481 581 4554 (1)
608 4480 903 4552 Correptio.

2142 3337 2377 3394 fessione
2405 3335 2630 3394 fratrum
2662 3335 2954 3405 incipiens,
2984 3335 3149 3387 totius
3183 3332 3309 3386 dicti
3344 3328 3734 3398 professionem

2141 3430 2207 3486 ad
2242 3430 2355 3501 ejus
2381 3439 2585 3485 natura:
2610 3428 2938 3483 consortium
2965 3425 3145 3482 docuit
3167 3467 3181 3487 ,
3220 3423 3296 3495 (ί)
3329 3438 3396 3477 ex
3435 3437 3537 3493 qua
3569 3421 3735 3477 frater

2141 3535 2223 3580 est
2245 3567 2260 3589 ,
2291 3526 2581 3595 pertinere,
2617 3524 2737 3593 quia
2769 3531 2948 3577 sermo
2977 3529 3057 3575 est
3085 3518 3388 3572 destinatus
3412 3520 3477 3570 ad
3502 3515 3732 3570 fratres:

2143 3634 2210 3675 ne
2247 3617 2314 3674 ad
2349 3616 2645 3672 divinitatis
2683 3614 3064 3670 contumeliam
3105 3622 3466 3680 reputari-tur,
3496 3607 3638 3678 quod
3665 3606 3734 3660 ad

2144 3720 2540 3766 sacramentum
2574 3709 2787 3781 pietatis
2825 3706 3247 3777 praedicabatur;
3277 3719 3397 3757 cum
3428 3700 3736 3756 communio

2141 3803 2208 3859 ad
2235 3819 2357 3860 cum
2390 3811 2572 3858 nostra
2593 3844 2607 3866 ,
2639 3818 2740 3872 qua
2770 3811 2919 3870 pater
2948 3801 3102 3854 nobis
3143 3811 3197 3852 et
3227 3798 3328 3852 sibi
3363 3803 3513 3867 pater
3541 3803 3620 3850 est
3639 3835 3657 3860 ,
3681 3803 3738 3850 et

2141 3898 2285 3954 Dens
2314 3896 2470 3952 nobis
2495 3905 2548 3951 et
2579 3896 2680 3951 sibi
2721 3895 2862 3948 Deus
2889 3904 3004 3958 est,
3041 3891 3336 3947 secundum
3377 3888 3736 3960 dispensatio-

2141 4007 2262 4046 nem
2282 3991 2462 4046 carnis
2503 3990 2818 4050 exsisteret.
2854 3987 3104 4043 fratribus
3148 3986 3302 4041 nobis
3343 3984 3408 4038 ad
3444 3999 3567 4039 eum
3599 3983 3736 4039 nati-

2139 4084 2304 4138 vitate
2320 4083 2563 4153 corporis
2575 4081 2914 4154 deputandis.
2939 4080 3108 4136 Nemo
3125 4081 3282 4150 igitur
3302 4078 3542 4148 ambigit,
3563 4077 3730 4132 Deum

2143 4190 2348 4248 patrem
2379 4191 2501 4233 esse
2525 4177 2687 4231 etiam
2721 4177 2888 4231 Deum
2914 4173 3124 4230 Domini
3147 4174 3314 4228 nostri
3339 4171 3468 4226 .Iestt
3496 4170 3731 4226 Christi:

2140 4271 2236 4326 sed
2263 4269 2381 4326 haec
2406 4269 2494 4339 pia
2523 4279 2702 4325 nostra
2746 4266 3008 4335 profusio
3038 4281 3142 4320 non
3176 4275 3322 4336 patet
3348 4265 3415 4317 ad
3443 4261 3736 4333 impietatis

2141 4366 2504 4424 occasionem.
2537 4365 2676 4419 Deus
2705 4363 2822 4436 ejus
2863 4372 2944 4418 ετι
2977 4380 2988 4415 ;
3025 4376 3129 4415 non
3178 4359 3410 4425 ideirco,
3440 4364 3499 4412 ut
3535 4353 3734 4410 diversi

513 4575 592 4645 (a)
625 4573 760 4628 Editi
783 4588 902 4629 cum
938 4571 1177 4641 pluribus
1203 4571 1437 4645 scriptis,
1471 4571 1754 4645 corruptio.
1789 4567 2034 4645 Athltil'i-
2063 4575 2116 4636 Ι)
2140 4571 2362 4645 cundum
2407 4571 2844 4645 constitutionem,
2891 4573 3014 4645 quia
3054 4568 3318 4645 ex__f’atre
3368 4565 3476 4623 Deo
3517 4566 3689 4621 omnia
3719 4584 3732 4621 :

441 4639 550 4703 tate
567 4639 695 4702 mss.
714 4639 1086 4715 eptitnaanota:
1101 4645 1334 4709 Marine,
1349 4643 1525 4708 Coll»,
1551 4643 1757 4712 lictnig.
1782 4639 2030 4695 ethrm.

443 4722 776 4792 pratferitnus
795 4718 1086 4792 corporalia
1107 4732 1124 4770 :
1149 4730 1270 4771 uua)
1292 4715 1727 4792 vox_t_-.x_adverso
1745 4715 2036 4792 opponitur

442 4784 654 4861 ipirittts
680 4784 959 4855 vocabulo,
985 4801 1093 4860 quo
1115 4795 1360 4843 naturam
1385 4787 1622 4841 divinam
1643 4789 1781 4841 solet
1804 4784 2034 4840 litiarius

443 4862 768 4932 significare.

515 4925 594 5006 (lt)
623 4931 754 4988 Illud
782 4931 1092 5006 “inferno,
1125 4945 1230 4984 non
1260 4928 1326 4983 ad
1359 4927 1677 4983 vocabulum
1708 4928 1907 5006 carnis,
1938 4925 2030 5006 sed

440 4999 531 5062 ad'
566 4999 655 5074 per
685 5021 740 5058 se
786 4999 1128 5060 referendum
1161 5009 1294 5074 est;
1331 5010 1514 5074 utnon
1537 5014 1687 5065 caro,
1719 5000 1813 5074 sed
1840 4999 2028 5074 ipsein

445 5068 656 5134 inferno
685 5077 862 5131 fuerit.
893 5074 962 5131 Ut
987 5075 1127 5128 enim
1159 5073 1385 5138 legimus
1412 5072 1503 5127 lib.
1541 5087 1591 5128 ι.
1629 5089 1684 5124 n.
1713 5070 1784 5124 65
1813 5089 1826 5124 :
1864 5068 2032 5122 Num-

441 5149 565 5220 quid
594 5145 913 5220 descendisse
933 5145 1009 5220 ad
1049 5147 1240 5214 inferos
1277 5160 1492 5209 corpus,
1540 5143 1687 5220 quod
1712 5144 1766 5195 in
1800 5141 2031 5220 sepulcro

435 5212 620 5294 jacuit,
655 5220 850 5273 dicetur
871 5217 897 5271 ξ’
917 5217 1084 5272 Antea
1105 5212 1273 5270 truces
1305 5233 1393 5281 per
1418 5231 1469 5269 se
1490 5230 1597 5294 non
1621 5216 1792 5294 minus
1816 5212 1882 5266 ad
1909 5227 2029 5294 ver-

442 5282 568 5349 bum
601 5282 877 5355 assumptio
923 5293 1227 5360 pertinent,
1272 5303 1430 5355 quam
1465 5285 1543 5360 ad
1595 5283 1878 5360 viui/imum
1909 5282 2031 5336 Ideo

443 5364 588 5422 enim
621 5361 865 5415 Christus
896 5357 1091 5414 vermis
1129 5359 1343 5418 dicitur,
1383 5358 1506 5428 quia
1553 5372 1681 5428 caro
1712 5357 1878 5428 ipsius
1908 5370 2030 5422 pro-

447 5437 558 5508 pria
583 5435 779 5490 virtute
799 5432 866 5508 de
884 5433 1086 5508 virgine
1104 5425 1533 5508 concepta—ipso
1554 5444 1620 5482 ex
1645 5425 1831 5483 inferis
1857 5441 2032 5480 cmer—

445 5504 851 5593 gente'propria
879 5504 1039 5558 etiam
1070 5504 1264 5593 virtute
1291 5504 1553 5556 nvibeata
1581 5512 1682 5593 est.

517 5581 588 5652 (ε)
620 5575 788 5644 ΕιΙίιῙ,
817 5588 1044 5652 excepto
1071 5575 1224 5641 Bad.,
1254 5588 1374 5652 tunc
1397 5583 1593 5644 patrem
1610 5581 1809 5628 tantum
1822 5588 1886 5627 ea:
1905 5589 2029 5625 cou-

444 5647 708 5708 stit‘u’tione
738 5664 754 5700 :
801 5659 910 5702 tum
949 5647 1041 5704 Er.
1075 5665 1210 5702 nunc
1251 5648 1412 5700 "eum
1441 5658 1489 5700 et
1521 5657 1716 5710 patrem
1746 5657 1944 5698 tmtttmt
1972 5660 2035 5698 ra:

446 5723 824 5780 constitutione,
859 5737 992 5773 nunc
1023 5718 1205 5782 Deum,
1248 5722 1369 5790 quia
1413 5735 1475 5772 ea:
1505 5715 1609 5790 Deo
1638 5729 1783 5787 patre
1823 5718 1991 5769 omnia
2015 5732 2035 5771 .'

451 5796 594 5866 inps.
625 5791 849 5866 sublatis
878 5794 1145 5866 prioribus
1186 5787 1362 5866 verbis
1406 5787 1627 5866 retinuit
1666 5794 1873 5866 tantum
1903 5797 2034 5841 nunc

460 5860 615 5923 "funt
643 5862 766 5928 ftttitt
797 5878 858 5918 er
887 5861 995 5920 Deo
1027 5873 1165 5923 νέαις
1195 5865 1362 5919 cam-Ii
1397 5880 1412 5913 :
1451 5863 1460 5904 ι
1489 5878 1566 5914 tu.
1601 5878 1734 5914 nunc
1773 5860 1929 5914 (leum
1957 5873 2032 5913 se-

2141 4643 2292 4695 vahle
2341 4642 2684 4712 perturbate,
2730 4653 2785 4696 et
2831 4643 3075 4696 confuse.
3112 4640 3444 4696 Etnenilatur
3487 4655 3554 4693 cx
3602 4653 3732 4712 mss.

2141 4712 2264 4768 Vult
2307 4710 2469 4782 porro
2524 4713 2775 4771 lliiarins.
2810 4713 3080 4767 Chrisnm
3126 4713 3376 4766 habuisse
3422 4721 3568 4770 tunc.
3612 4710 3731 4769 scil.

2138 4798 2261 4840 ante
2286 4801 2444 4856 quam
2465 4800 2594 4839 caro
2617 4788 2791 4856 fieret,
2819 4801 2884 4839 cx
2915 4785 3218 4844 nativitatc,
3247 4800 3406 4854 quem
3441 4797 3581 4835 nunc
3605 4795 3736 4856 Caro

2139 4852 2394 4912 factus-cx
2423 4855 2807 4909 constitutione
2835 4857 3011 4909 carnis
3032 4856 3188 4908 habet
3217 4852 3351 4908 nova
3382 4864 3435 4907 et
3457 4852 3730 4906 communi

2138 4930 2420 4982 nobiscum
2452 4929 2658 4982 ratione
2701 4928 2866 4981 Deum
2912 4939 3137 4996 patrem.
3170 4926 3334 4981 Pauiu
3363 4925 3520 4979 aliter
3547 4925 3598 4977 in
3627 4939 3730 4978 ius.

2143 5003 2254 5053 Vat.
2290 5001 2404 5054 has.
2439 4999 2516 5052 sic
2549 5001 2724 5062 legere.
2756 5011 2859 5062 est,
2890 4999 3077 5052 habens
3106 5015 3169 5052 τις
3204 4998 3466 5052 ιιηιὲνὶιαιιι
3490 5008 3611 5048 tunc
3639 5011 3733 5063 pa-

2137 5080 2262 5125 trem
2299 5079 2527 5132 lantum,
2560 5087 2623 5124 ex
2649 5070 3009 5125 constitutione
3039 5086 3172 5140 timur
3203 5067 3368 5122 Deum
3408 5077 3456 5123 et
3492 5077 3688 5140 putrem
3714 5081 3733 5140 ς

2137 5152 2336 5196 tantum
2382 5160 2445 5197 ex
2488 5141 2848 5196 constitutione
2878 5157 3011 5194 nunc
3041 5139 3237 5203 Deum,
3281 5140 3424 5210 quia,
3475 5137 3605 5197 etc..
3640 5137 3732 5190 ubi

2137 5226 2467 5283 postremum
2500 5215 2796 5267 tttt-tttbruttt
2843 5213 3085 5267 nonnihil
3137 5221 3331 5280 pugnat
3361 5227 3480 5265 cunt
3531 5223 3728 5283 pr;i_-ce-

2134 5278 2298 5341 dente
2325 5305 2336 5340 :
2369 5287 2507 5341 sicut
2530 5297 2578 5340 ct
2606 5289 2833 5352 primum
2859 5299 2980 5336 (‘tllll
3003 5278 3181 5341 verbis
3207 5278 3354 5336 om...
3392 5283 3477 5341 13.
3509 5281 3596 5332 tibi
3618 5278 3728 5349 jam

2134 5359 2440 5413 audivimus
2469 5357 2744 5426 unigenito
2776 5355 2884 5412 Deo
2923 5352 3290 5409 antc‘carncnt
3318 5368 3440 5410 esse
3482 5353 3652 5406 Deum
3677 5362 3732 5405 et

2137 5440 2345 5504 patrem
2374 5428 2666 5485 nativitatis
2693 5444 2827 5481 suae.

2206 5526 2292 5598 (ιι)
2338 5527 2414 5582 Ita
2452 5539 2561 5598 ius.
2607 5525 2677 5580 At
2704 5522 2857 5598 editi,
2885 5538 2974 5594 per
3003 5518 3057 5572 id
3083 5519 3133 5573 in
3165 5518 3332 5584 nobis,
3358 5531 3478 5571 mox
3512 5515 3727 5585 pradiva

2138 5593 2398 5673 particula
2425 5597 2547 5651 dum
2570 5607 2693 5651 ante
2724 5593 2860 5648 Deus
2887 5593 2987 5646 est.

2209 5698 2284 5768 (ε)
2311 5695 2432 5750 Vat.
2465 5693 2577 5748 bas.
2607 5703 2664 5748 et
2692 5689 2888 5760 aliquot
2917 5688 3005 5743 alii
3035 5703 3160 5740 mss.
3206 5700 3303 5754 qua
3327 5684 3474 5736 homo
3498 5691 3593 5735 est.

2211 5789 2276 5861 (f)
2309 5788 2362 5844 ln
2393 5787 2639 5858 vulgatis,
2664 5801 2724 5842 ex
2744 5799 2864 5856 quo.
2897 5782 3114 5840 Rectius
3137 5783 3190 5837 in
3215 5793 3344 5836 mss.
3373 5794 3434 5834 ex
3464 5794 3583 5847 qua.
3609 5774 3728 5833 scil.

2141 5870 2348 5916 natura.
