4266 6458
479 390 583 446 H7

1693 390 1780 446 DE
1817 388 2189 449 TRINITATE
2228 390 2438 451 LIBER
2478 391 2573 451 XI.

3674 397 3781 455 HS

480 506 768 578 proposita)
811 504 1170 563 festinationis
1209 506 1535 577 ingressum,
1568 506 1645 578 (tt)
1686 507 2071 565 revelationem
2096 514 2149 573 Α
2245 511 2338 568 28.
2370 508 2608 582 Eripitur
2645 511 2717 567 eis
2743 511 2895 580 linem
2934 528 3043 567 esse
3072 512 3418 569 abolitionem.
3469 509 3619 568 Finis
3655 513 3781 584 quid

481 600 735 670 perfecta:
804 599 1176 672 intelligentia:
1228 607 1653 671 consequantur.
1710 597 2075 671 Ingrediatnur

479 694 661 767 itaque
686 695 743 750 in
768 709 881 766 quo
907 694 1303 750 festinavimus.
1332 692 1396 748 Et
1424 692 1470 748 si
1511 691 1650 749 forte
1676 689 2075 750 festinationem

480 781 720 845 nostram
749 788 890 845 devii
918 787 1130 844 itineris
1165 802 1320 844 error
1346 794 1620 855 moratur;
1659 803 1756 859 per
1785 788 2078 844 revelatio-

480 897 604 939 nem
645 890 824 938 tamen
854 868 945 939 Dei
992 882 1124 938 inid
1155 881 1297 953 quod
1337 878 1711 939 festinavimus
1749 897 1962 939 rursum
1991 883 2077 939 itt-

479 975 687 1050 gressi,
724 975 1087 1034 festinationis
1114 985 1315 1033 nostra:
1361 991 1469 1031 non
1501 975 1843 1032 demutamus
1870 975 2080 1047 ingres-

480 1083 624 1126 sum.
654 1068 1051 1127 Festinavimus
1076 1068 1221 1126 enim
1255 1067 1323 1125 ad
1367 1066 1643 1125 Christum
1672 1065 1858 1125 Jesum
1894 1067 2078 1125 Domi-

484 1178 611 1218 num
640 1161 829 1234 gloria:
853 1170 913 1217 et
933 1176 1115 1232 regem
1144 1169 1471 1218 aeternorum
1505 1159 1828 1232 steeulprum
1845 1201 1863 1228 ,
1893 1161 1948 1217 in
1970 1177 2082 1233 quo

482 1264 787 1312 restaurata
828 1264 955 1311 sunt
977 1254 1157 1310 omnia
1184 1252 1241 1310 in
1278 1253 1433 1311 (telis
1458 1264 1513 1310 et
1543 1253 1598 1308 in
1625 1261 1803 1321 terra,
1834 1252 1923 1309 cui
1948 1269 2082 1311 cono

480 1355 630 1403 stant
651 1345 856 1410 omnia.
888 1345 946 1402 in
978 1360 1089 1419 quo
1110 1354 1313 1402 etcum
1342 1360 1451 1417 quo
1475 1359 1692 1416 semper
1716 1343 2074 1402 manebimus.

482 1440 540 1495 lu
568 1438 655 1496 bis
686 1454 819 1511 ergo
846 1438 1074 1512 ingressi
1098 1439 1339 1510 sapimus
1365 1438 1599 1510 perfecte
1624 1455 1645 1500 ε.
1670 1447 1727 1494 et
1754 1437 1798 1494 si
1822 1436 1950 1511 quid
1982 1438 2081 1493 ali-

482 1544 565 1592 ter
589 1537 831 1606 sapimus
849 1575 868 1603 ,
899 1534 1043 1592 Deus
1069 1534 1227 1589 nobis
1254 1533 1305 1589 id
1334 1535 1477 1605 quod
1506 1531 1742 1605 perfecte
1763 1531 1973 1604 sapitur
1994 1546 2081 1589 re-

481 1631 700 1689 uelabit.
748 1628 934 1697 itaque
972 1628 1269 1688 secundum
1310 1627 1665 1700 apostolicam
1701 1627 1864 1685 ﬁdem
1892 1633 2080 1684 sacra-

482 1736 722 1782 utentum
766 1721 1036 1780 dictorum
1084 1719 1435 1793 prmsentinm
1477 1728 1866 1785 retractemus;
1912 1728 1968 1775 et
2012 1733 2082 1777 eo

481 1816 681 1887 modo,
710 1833 822 1891 quo
856 1818 1107 1892 superius
1130 1830 1163 1872 a
1188 1814 1343 1872 nobis
1368 1823 1594 1872 tractata
1627 1825 1753 1871 sunt
1785 1811 1990 1883 omnia,
2021 1823 2078 1870 ut

2179 605 2266 659 sit.
2299 634 2367 646 —
2398 604 2546 661 Finis
2596 604 2778 675 itaque
2826 604 2960 677 legis
3009 604 3259 662 Christus
3304 615 3438 662 cst:
3486 614 3543 661 et
3592 621 3782 676 qna-ro

2182 709 2358 754 utrum
2387 696 2611 753 abolitio
2638 696 2774 769 legis
2790 694 3044 755 Christus
3065 696 3156 766 sit,
3182 713 3326 755 anne
3350 697 3649 770 perfectio?
3672 694 3782 754 Sed

2180 789 2226 845 si
2258 790 2432 861 legem
2458 787 2707 846 Christus
2727 829 2745 857 ,
2784 789 2877 863 qui
2907 792 3029 847 ﬁnis
3056 791 3174 861 ejus
3202 800 3320 860 est,
3350 805 3457 847 non
3496 789 3780 856 dissolvit,

2180 882 2276 939 sed
2305 882 2603 954 adimplet,
2643 883 2942 941 secundum
2981 874 3128 958 quod
3163 885 3237 941 ait
3270 902 3285 940 :
3322 883 3445 941 Non
3471 888 3585 941 veni
3622 885 3782 958 legem

2179 975 2410 1045 solvere,
2439 975 2531 1032 sed
2566 973 2853 1049 adimplere
2885 975 3103 1050 (lauti.
3137 993 3190 1044 ν,
3226 976 3352 1049 li);
3385 976 3510 1034 ﬁnis
3554 992 3660 1034 non
3690 977 3785 1035 de-

2182 1069 2343 1125 fectio
2362 1076 2471 1139 est,
2510 1067 2608 1127 sed
2636 1079 3013 1129 consummata
3044 1071 3325 1142 perfectio.
3355 1070 3611 1130 Tendunt
3636 1073 3781 1128 enim

2180 1161 2247 1217 ad
2279 1163 2439 1218 ﬁnem
2478 1162 2662 1220 omnia
2682 1204 2699 1231 ,
2732 1176 2839 1219 non
2868 1171 2928 1217 ut
2955 1176 3062 1220 non
3091 1164 3224 1230 sint,
3257 1163 3354 1221 sed
3387 1163 3462 1220 uti
3491 1160 3545 1219 in
3588 1179 3684 1232 co,
3715 1164 3784 1220 ad

2182 1256 2324 1328 quod
2352 1256 2704 1325 tetenderint,
2737 1268 3015 1313 maneant.
3043 1256 3106 1313 Et
3131 1268 3358 1330 propter
3379 1256 3542 1313 finem
3569 1256 3784 1322 omnia;

2180 1356 2438 1404 eteterum
2462 1346 2587 1405 ﬁnis
2614 1347 2683 1404 ad
2713 1347 2860 1405 aliud
2881 1347 3086 1421 aliquid
3117 1365 3223 1406 non
3248 1350 3501 1406 refertur.
3528 1348 3635 1406 Sed
3661 1364 3787 1405 cum
3844 1406 3855 1413 ,

2182 1440 2306 1497 ﬁnis
2348 1438 2435 1515 (ά)
2475 1440 2659 1499 omnia
2704 1441 2810 1510 sit,
2843 1458 3066 1501 manens
3097 1443 3215 1515 ipse
3240 1443 3347 1500 sibi
3386 1454 3531 1500 totus
3575 1454 3676 1499 est.
3720 1442 3791 1500 Et

2181 1534 2305 1607 quia
2334 1551 2440 1593 non
2469 1538 2740 1600 excedens
2762 1552 2832 1595 ex
2872 1552 2995 1596 sese
3034 1537 3132 1595 ulli
3174 1538 3268 1596 alii
3312 1540 3544 1612 tempori
3590 1548 3683 1595 aut
3705 1538 3785 1596 rei

2182 1629 2363 1699 potius
2388 1644 2547 1701 quam
2574 1630 2677 1688 sibi
2704 1630 2948 1702 prolicit;
2973 1632 3041 1690 ad
3066 1631 3229 1690 ﬁnem
3260 1635 3436 1697 ipsum
3462 1648 3679 1704 semper
3699 1634 3787 1692 in-

2184 1723 2355 1779 tentio
2371 1723 2491 1795 spei
2517 1722 2696 1781 omnis
2720 1725 3057 1784 extenditur.
3086 1725 3151 1803 Et
3182 1726 3386 1784 idcirco
3413 1727 3674 1785 Dominus
3701 1740 3791 1783 re-

2184 1814 2389 1888 ligiosa:
2416 1815 2542 1873 ﬁdei
2572 1817 2885 1888 patientiam
2910 1818 3003 1874 ﬁni
3032 1835 3095 1878 se
3133 1830 3505 1878 reservantem
3525 1862 3540 1887 ,
3574 1821 3651 1878 ita
3691 1819 3789 1891 ad-

483 1926 703 1969 omncm
729 1910 910 1983 impia
940 1907 1234 1965 voluntatis
1262 1922 1485 1964 sensum
1515 1904 1618 1964 sub
1651 1904 1820 1965 dictis
1854 1916 2078 1978 apostoc
2107 1912 2159 1976 Β
2182 1908 2432 1967 hortatur
2469 1927 2483 1965 :
2530 1909 2723 1985 Beatus
2774 1913 2866 1983 qui
2914 1915 3252 1984 permanserit
3314 1931 3470 1987 usque
3522 1918 3578 1969 in
3628 1914 3786 1987 ﬁnem

483 2001 610 2060 lieis
637 2002 719 2077 (ι)
748 2010 1080 2076 ιιινςυιεεριιιιιι
1112 2016 1180 2059 ex
1208 1999 1326 2072 ipsa
1358 1997 1483 2056 fidei
1511 1994 1824 2071 apostolica:
1845 1998 2075 2055 veritate

483 2097 795 2171 prodamus.

551 2190 645 2247 25.
689 2188 813 2246 Trin
838 2188 908 2257 ιιι
932 2181 1265 2263 qutestt'onent
1306 2194 1505 2243 mla.
1538 2212 1613 2228 --
1631 2182 1758 2242 Tria
1796 2181 1959 2256 igitur
1985 2194 2077 2241 se-

483 2285 716 2343 cundum
750 2282 1020 2342 dictorum
1045 2282 1294 2341 ordinem
1322 2277 1376 2336 in
1402 2278 1758 2352 qua-stionem
1788 2284 2077 2344 vocantur,

483 2382 717 2453 primum
748 2379 897 2447 ﬁnis,
933 2376 1132 2438 deinde
1159 2373 1402 2442 traditio,
1444 2370 1939 2444 deinde'subjectio
1968 2390 1981 2427 :
2015 2379 2075 2427 ttt

483 2495 582 2551 per
614 2478 732 2535 haec
753 2484 850 2533 aut
873 2474 1086 2533 desinat
1109 2469 1359 2529 Christus
1415 2468 1470 2526 in
1526 2469 1657 2537 ﬁne,
1704 2477 1798 2524 aut
1850 2482 2078 2539 regnum

484 2569 748 2627 tradendo
774 2583 881 2625 non
909 2573 1116 2631 teneat,
1132 2571 1225 2620 aut
1249 2570 1401 2621 extra
1427 2561 1522 2620 Dei
1547 2570 1795 2619 naturam
1817 2559 1930 2639 Deo
1950 2559 2079 2617 sub-

479 2664 657 2736 jectus
675 2664 921 2722 exsistat.
1538 2710 1541 2714 ,

553 2757 644 2814 26.
691 2757 1020 2830 Objeetorttut
1066 2752 1227 2809 Pauli
1282 2751 1547 2811 uerborum
1598 2749 1871 2806 conexio.
1901 2776 1977 2790 --
1999 2746 2080 2804 Ac

488 2851 723 2923 primum
752 2849 1082 2908 noscendum
1110 2858 1195 2905 est
1214 2889 1230 2915 ,
1269 2860 1378 2903 non
1404 2842 1550 2902 hunc
1577 2843 1825 2909 ordinem
1854 2850 2078 2914 aposto-

485 2945 603 3003 lica:
626 2958 749 3000 esse
775 2943 1057 3002 doctrinae.
1084 2940 1325 2998 Primum
1351 2936 1496 2995 enim
1525 2936 1676 3011 regni
1707 2934 1926 2992 traditio
1956 2944 2075 3004 est,

484 3038 679 3098 deinde
720 3034 1020 3109 subiectio,
1063 3043 1340 3105 postremo
1379 3029 1522 3087 linis.
1562 3025 1670 3086 Sed
1699 3025 2077 3106 singulis'qtti-

483 3130 691 3204 hosque
730 3127 912 3185 causis
944 3125 1160 3199 propria
1189 3118 1524 3197 quarumque
1562 3136 1845 3179 causarum
1875 3134 2074 3193 genera

482 3224 722 3296 subis-cla
749 3234 877 3280 sunt
903 3240 920 3278 :
949 3230 1011 3279 ut
1033 3220 1163 3277 dum
1189 3235 1277 3275 res
1316 3217 1543 3289 singula
1572 3216 1623 3271 in
1657 3230 1744 3270 res
1767 3213 1903 3269 alias
1929 3211 2077 3268 desi-

2178 2001 2393 2073 (lfettlt.
2429 2001 2628 2074 κάξ).
2674 2018 2781 2060 non
2806 2004 2990 2077 utique
3018 2014 3078 2063 ut
3122 2007 3194 2064 sit
3224 2008 3380 2064 beata
3422 2008 3687 2077 defectio,
3735 2019 3793 2067 ct

2179 2109 2285 2153 non
2312 2110 2434 2154 esse
2456 2096 2526 2152 sit
2551 2097 2757 2154 fructus
2777 2138 2793 2165 ,
2823 2108 2878 2156 et
2906 2114 3117 2156 merces
3139 2100 3265 2157 fidei
3307 2100 3382 2173 (e)
3413 2099 3496 2157 sui
3523 2102 3785 2173 cujusque

2177 2188 2540 2245 constituatur
2564 2188 2787 2246 abolitio
2815 2208 2831 2245 :
2860 2191 2956 2249 sed
2985 2192 3111 2265 quia
3140 2193 3265 2272 linis
3293 2195 3592 2266 propositas
3615 2195 3788 2252 beati-

2177 2283 2381 2340 tudinis
2407 2284 2726 2342 inexcessus
2752 2284 2946 2344 modus
2982 2296 3097 2353 est,
3144 2287 3287 2343 beati
3318 2296 3444 2345 sunt
3472 2288 3565 2361 qui
3614 2304 3788 2360 usque

2179 2378 2246 2434 ad
2276 2377 2438 2435 ﬁnem
2465 2378 2908 2437 consummandte
2938 2380 3288 2436 beatitudinis
3321 2384 3641 2451 manserint,
3678 2398 3788 2440 non

2180 2472 2319 2527 ultra
2342 2486 2404 2528 se
2428 2470 2603 2529 ﬁdelis
2625 2474 2740 2542 spei
2769 2474 3173 2546 exspectatione
3203 2475 3473 2533 tendente.
3500 2473 3650 2531 Finis
3677 2477 3777 2531 ita-

2179 2582 2285 2639 que
2309 2576 2389 2624 est
2418 2566 2670 2624 manendi
2699 2568 2994 2626 immobilis
3018 2569 3286 2650 adhquem
3320 2571 3558 2626 tenditur
3582 2578 3777 2645 status.

2181 2660 2423 2731 Denique
2450 2659 2743 2734 Apostolus
2765 2661 3057 2735 impietatis
3080 2659 3249 2720 ﬁnem
3271 2663 3337 2719 ad
3366 2663 3649 2720 desinendi
3672 2680 3785 2721 me-

2180 2766 2293 2812 tum
2334 2771 2711 2830 przemonens,
2761 2758 2837 2814 ait
2877 2777 2892 2813 ι
2941 2757 3169 2826 Quorum
3218 2759 3337 2827 ﬁnis
3384 2768 3462 2814 est
3514 2758 3782 2825 interitus,

2180 2858 2357 2905 nostra
2382 2861 2550 2907 autem
2578 2850 2655 2923 (ί)
2683 2851 2995 2923 exspectatio
3041 2853 3097 2906 in
3139 2852 3278 2907 aulis
3320 2861 3396 2907 est
3425 2850 3656 2923 (Philip.
3691 2868 3786 2919 ιιι,

2183 2943 2250 3001 l9
2276 2955 2324 3000 et
2350 2943 2471 3013 20).
2516 2944 2573 3002 Si
2614 2945 2795 3018 itaque
2830 2955 2889 3003 et
2926 2943 3103 3002 beatis
3135 2957 3190 3003 et
3222 2945 3403 3018 impiis
3436 2946 3559 3004 linis
3583 2957 3666 3004 est
3687 2987 3703 3013 ,
3734 2954 3791 3003 et

2182 3040 2304 3096 linis
2332 3040 2650 3113 intelligitur
2676 3055 2800 3098 esse
2828 3039 3098 3097 defectio:
3136 3041 3450 3112 religionem
3493 3049 3654 3112 atque
3685 3041 3787 3096 im-

2182 3136 2436 3206 pietatem
2471 3135 2591 3191 linis
2618 3144 2888 3206 exaequat,
2917 3134 3079 3208 393
3104 3136 3228 3207 quia
3253 3134 3329 3208 (g)
3361 3144 3649 3207 utrumque
3694 3149 3789 3205 per

2181 3229 2530 3285 constitutum
2563 3227 2723 3284 ﬁnem
2767 3229 2838 3284 sit
2875 3229 2926 3282 in
2966 3243 3254 3285 commune
3287 3244 3392 3286 non
3421 3242 3560 3284 esse.
3600 3227 3661 3282 Et
3694 3226 3786 3282 ubi

485 3325 646 3383 nant,
674 3317 869 3372 habeat
905 3329 1121 3385 semper
1146 3312 1512 3383 subiacentem
1542 3308 1645 3364 sibi
1670 3321 1893 3363 causam
1914 3320 2076 3363 causa

2181 3321 2516 3391 exspectatio
2541 3332 2726 3377 nostra
2758 3319 2810 3375 itt
2844 3319 2996 3377 caelis
3023 3329 3130 3386 est,
3162 3320 3206 3376 si
3234 3334 3330 3391 per
3359 3320 3522 3376 ﬁnem
3550 3334 3671 3377 esse
3700 3334 3787 3375 se-

486 3409 817 3482 prtcccdens.
848 3408 998 3464 Finis
1023 3405 1169 3462 enim
1199 3404 1338 3469 erit;
1366 3400 1530 3475 392
1554 3399 1648 3457 sed
1673 3415 1796 3455 cum
1837 3397 2077 3484 tradide-

485 3505 554 3560 rit
598 3517 823 3574 regnum
856 3501 987 3558 Deo.
1019 3499 1221 3556 Tradet
1267 3507 1445 3553 autem
1495 3509 1756 3566 regnum;
1807 3490 1903 3548 scd
1951 3507 2077 3547 eum

483 3594 825 3652 evacuarerit
860 3608 1082 3648 omnem
1115 3590 1491 3662 magistratum
1517 3596 1573 3643 et
1597 3601 1813 3643 omnem
1842 3594 2080 3657 potesta-

486 3697 616 3745 tem.
650 3685 943 3743 Evacuabit
969 3694 1152 3740 autem
1174 3699 1390 3740 omnem
1413 3680 1787 3751 magistratum
1813 3688 1870 3735 et
1897 3686 2078 3750 potes-

483 3792 678 3849 tatem,
712 3782 835 3854 quia
878 3788 1096 3851 oportet
1134 3795 1257 3835 eum
1289 3790 1541 3849 regnare.
1572 3773 1839 3846 Regnabit
1866 3781 2073 3840 autem,

482 3878 658 3934 donec
685 3885 848 3948 ponat
872 3890 1063 3931 omnes
1091 3872 1338 3929 inimicos
1365 3870 1467 3927 sub
1492 3869 1718 3940 pedibus
1742 3865 1876 3923 suis.
1907 3866 2078 3922 Ponet

481 3985 613 4029 vero
648 3970 895 4026 inimicos
922 3969 1027 4024 sub
1066 3967 1291 4039 pedibus
1317 3964 1464 4032 suis;
1495 3965 1621 4034 quia
1654 3962 1795 4019 Deus
1820 3962 1870 4017 ei
1900 3960 2078 4032 subje—

482 4066 558 4121 cit
584 4062 764 4120 omnia
789 4061 893 4120 sub
919 4060 1148 4132 pedibus
1175 4058 1316 4130 ejus.
1342 4056 1585 4129 Subiecit
1612 4065 1789 4112 autem
1815 4055 1957 4111 Deus
1978 4055 2076 4119 ita,

483 4168 543 4214 ut
583 4156 875 4214 novissima
904 4155 975 4209 ab
1017 4168 1085 4209 eo
1125 4168 1271 4209 mors
1315 4150 1531 4207 inimica
1561 4150 1824 4206 tinentur.
1874 4146 2078 4205 Dehinc

483 4252 742 4323 subjectis
771 4250 1021 4306 omnibus
1069 4249 1149 4314 ei,
1198 4256 1395 4319 prrctcr
1438 4260 1563 4300 eum
1606 4244 1695 4315 qui
1748 4242 1980 4313 subjecit
2025 4242 2075 4297 ei

481 4346 697 4409 omnia;
731 4353 859 4400 tunc
886 4340 1200 4412 subjicietur
1241 4340 1355 4409 ipse
1396 4336 1702 4408 subjicienti
1735 4333 1840 4391 sibi
1868 4334 2072 4391 omnia.

482 4438 845 4510 Subjectiouis
884 4451 1015 4493 vero
1053 4448 1215 4492 causa
1258 4446 1365 4489 non
1405 4432 1511 4488 alia
1539 4437 1659 4495 est.
1700 4443 1861 4503 quam
1907 4440 1966 4485 ut
2007 4428 2079 4484 sit

483 4533 626 4589 Deus
652 4533 831 4588 omnia
862 4534 914 4587 in
942 4528 1214 4586 omnibus.
1243 4526 1393 4585 Finis
1423 4524 1605 4597 itaque
1624 4531 1728 4592 est,
1758 4536 1882 4581 esse
1905 4522 2073 4580 Deum

481 4629 657 4685 omnia
681 4628 734 4682 in
759 4626 1032 4682 omnibus.

2180 3417 2413 3469 eundum
2474 3412 2669 3484 impios
2721 3413 2810 3484 (ad
2843 3414 3015 3469 instar
3058 3412 3387 3485 impiorum)
3441 3412 3789 3470 desinamus?

2180 3505 2331 3575 Quod
2360 3506 2407 3562 si
2430 3505 2633 3562 sanctis
2658 3507 3014 3578 exspectatio,
3050 3505 3232 3577 impiis
3254 3520 3386 3563 vero
3416 3506 3540 3563 linis
3565 3505 3781 3562 debitus

2179 3613 2300 3654 esse
2324 3598 2557 3655 dicitur:
2589 3611 2764 3657 tamen
2790 3617 2858 3654 ne
2884 3600 2963 3655 sic
2989 3597 3206 3671 quidem
3235 3599 3357 3656 linis
3384 3600 3627 3656 creditur
3656 3613 3780 3658 esse

2180 3691 2444 3759 defectio;
2474 3694 2598 3765 quia
2620 3710 2740 3765 quzc
2768 3709 2925 3766 pmua
2959 3694 3252 3766 impietatis
3276 3703 3380 3763 est,
3411 3695 3633 3751 omnino
3666 3710 3775 3754 non

2179 3801 2300 3842 esse
2320 3786 2386 3841 ad
2418 3802 2699 3857 prunarum
2732 3786 3007 3843 ultricium
3032 3802 3274 3852 sensum,
3307 3801 3468 3843 causa
3494 3788 3546 3843 in
3573 3788 3658 3843 bis
3680 3804 3777 3860 per
3812 3812 3815 3813 ν

2180 3877 2536 3934 defectionem
2570 3879 2651 3935 sui
2682 3895 2788 3935 non
2817 3888 3069 3936 exstante
3109 3879 3388 3949 patiendi?
3417 3878 3566 3936 Finis
3606 3882 3786 3953 itaque

2179 3982 2263 4028 est
2299 3971 2695 4029 indetntttanda:
2725 3972 3129 4029 Constittttionis
3172 3988 3421 4029 mansura
3470 3973 3733 4044 perfectio
3770 4027 3780 4033 .

2178 4079 2298 4136 qua:
2326 4075 2380 4121 et
2420 4063 2738 4122 beatitudini
2784 4069 3091 4136 reservata,
3122 4075 3177 4122 et
3217 4066 3481 4139 impietati
3512 4077 3598 4125 est
3637 4082 3775 4139 pros:

2180 4167 2383 4227 parata.

2248 4246 2340 4303 29.
2369 4245 2531 4320 Regni
2553 4247 2879 4305 traditionem
2899 4265 3003 4304 non
3020 4265 3127 4306 esse
3148 4253 3399 4323 regnandi
3422 4252 3755 4325 defectionem
3772 4294 3775 4299 ›

2176 4372 2251 4385 —
2274 4341 2426 4399 Nunc
2458 4342 2621 4414 igitur
2648 4342 2773 4416 quia
2816 4342 2928 4415 jam
2957 4343 3153 4417 ambigi
3184 4362 3288 4401 non
3337 4354 3557 4417 potest,
3590 4347 3642 4402 in
3675 4347 3782 4405 line

2180 4452 2291 4493 non
2331 4434 2691 4494 defectionem
2716 4478 2733 4505 ,
2763 4436 2859 4494 sed
2902 4452 3009 4495 non
3037 4452 3385 4496 excessuram
3432 4440 3781 4498 constitutio-

2181 4545 2305 4587 nem
2332 4545 2454 4587 esse
2485 4530 2888 4604 intelligendam
2914 4574 2930 4602 ,
2960 4547 3285 4605 quamquam
3316 4534 3491 4591 adhuc
3528 4534 3780 4607 quaedam

2180 4623 2234 4679 in
2266 4624 2381 4696 ipsa
2408 4624 2543 4681 dicti
2577 4624 2919 4684 absolutittuc
2964 4627 3074 4682 sint
3126 4638 3435 4686 reservata:
3481 4637 3661 4687 tamen
3694 4630 3782 4689 bis

549 4721 641 4777 27.
676 4720 816 4790 Quid
835 4720 1104 4776 obtendant
1126 4717 1363 4775 heretici.
1386 4746 1456 4758 --
1472 4714 1546 4773 Et
1562 4713 1912 4787 quterentlum
1934 4730 2075 4771 nunc
2101 4699 2155 4761 Ῐ)
2185 4725 2392 4773 tantum
2415 4717 2483 4774 ad
2523 4718 2970 4791 signiﬁcationem
3014 4735 3207 4777 sensus
3248 4719 3633 4780 demonstratis
3657 4765 3671 4788 ,
3704 4723 3777 4781 vir

480 4828 604 4873 ante
644 4816 821 4872 omnia
865 4824 983 4881 est,
1034 4829 1101 4869 an
1150 4811 1273 4872 ﬁnis
1312 4810 1547 4869 defectio
1586 4810 1689 4877 sit,
1737 4825 1805 4865 an
1857 4808 2075 4866 traditio

481 4911 702 4965 amissio
724 4911 832 4973 sit,
869 4922 937 4962 an
978 4906 1242 4978 subiectio
1284 4904 1572 4961 inﬁrmitas
1614 4902 1703 4959 sit.
1747 4903 1879 4971 Qua:
1909 4904 1955 4959 si
1987 4903 2073 4959 bis

481 5004 581 5059 sibi
622 5002 910 5059 contrariis
946 5014 1055 5056 non
1078 4998 1436 5070 subiacebunt
1455 5040 1472 5068 ,
1503 5006 1663 5053 erunt
1703 4995 1758 5052 in
1786 5010 1848 5053 ea
1878 4996 2076 5053 intelli-

479 5098 675 5171 gentia:
704 5096 929 5154 veritate
959 5093 1033 5165 (c)
1066 5110 1171 5166 qua
1199 5093 1339 5149 dicta
1369 5100 1513 5149 sunt.

551 5289 627 5353 (η)
657 5287 817 5343 Solus
844 5282 1014 5339 codex
1038 5280 1157 5338 Vat.
1186 5282 1302 5339 bas.
1325 5322 1338 5345 ,
1367 5277 1693 5333 reuelationis
1720 5277 1965 5349 perfecto:
1989 5275 2071 5331 in-

480 5360 819 5428 telligentiam.
858 5356 990 5410 Tum
1035 5356 1292 5428 plerique,
1316 5366 1708 5428 consequantur,
1733 5393 1737 5397 _

557 5415 632 5501 (ὅ)
675 5430 825 5499 Αριιά
869 5427 1000 5482 Bad.
1033 5415 1088 5482 iu
1128 5415 1245 5501 eri,
1290 5415 1575 5501 άεςφιεὶηι.
1624 5415 1779 5501 Apud
1818 5418 1966 5501 Lips.
2019 5428 2075 5501 et

482 5492 628 5566 Data,
657 5492 963 5573 priureptttm
989 5517 1007 5573 ς
1035 5513 1139 5573 non
1173 5498 1241 5552 ita
1273 5492 1431 5573 male.
1473 5494 1528 5549 In
1562 5510 1689 5549 mss.
1726 5492 1990 5573 Vat._bas.
2018 5500 2073 5573 et

481 5564 717 5632 Marum.
764 5564 1051 5645 prisceptis.
1095 5568 1433 5645 Incueteris,
1460 5577 1829 5645 ρνᾳνεεριιιιιιζ
1851 5564 1901 5618 id
1949 5570 2067 5627 est,

481 5637 940 5717 przeeonceptnm.
960 5642 1094 5699 Cum
1120 5637 1412 5717 biseonfer
1436 5637 1595 5693 verba
1620 5653 1767 5693 nutu.
1800 5639 1852 5692 7.

550 5717 624 5790 (ς)
665 5712 876 5790 Martio.
912 5728 1015 5790 ms.
1044 5712 1324 5790 autth'cnta
1354 5719 1491 5790 sunt.

551 5781 632 5863 (ιι)
668 5787 850 5863 Etliti,
878 5787 1105 5840 omnium
1128 5782 1214 5838 sit.
1247 5781 1574 5839 Concinmns
1596 5795 1739 5863 Amss.
1771 5783 1943 5863 onmia
1960 5785 2032 5863 sit
2061 5797 2065 5801 ·

479 5853 624 5931 quod
662 5859 889 5917 intiorb.
915 5869 1261 5927 corrumpere
1289 5868 1568 5927 perperam
1592 5854 1815 5909 tentavit
1834 5853 2079 5914 secunda

479 5948 682 5991 manus.

2184 4809 2406 4866 deamus
2435 4824 2504 4867 an
2536 4811 2753 4868 traditio
2782 4812 2934 4883 regni
2959 4811 3190 4869 defectio
3214 4815 3285 4870 sit
3330 4813 3674 4887 intelligenda
3700 4831 3784 4874 re-

2179 4905 2418 4977 gnandi;
2448 4916 2507 4962 ttt
2555 4906 2700 4977 quod
2729 4907 2893 4964 tradit
2940 4906 3111 4964 Filius
3158 4908 3303 4965 Patri
3326 4952 3339 4975 ,
3371 4910 3632 4967 tradendo
3671 4926 3783 4969 non

2185 5009 2381 5057 teneat.
2415 5000 2569 5069 Quod
2592 5003 2638 5057 si
2661 5003 2779 5073 quis
2808 5003 2987 5059 stultzc
3019 5004 3307 5076 impietatis
3337 4996 3519 5064 furore
3551 5018 3778 5065 centeno

2181 5093 2304 5158 det;
2340 5093 2570 5151 fateatur
2597 5109 2824 5153 necesse
2852 5105 2938 5153 est
2976 5095 3189 5154 Patrem
3217 5140 3233 5166 ,
3256 5113 3385 5156 cum
3417 5100 3638 5158 tradidit
3664 5116 3783 5158 om.-

2253 5276 2327 5351 (e)
2366 5276 2423 5334 In
2449 5279 2699 5351 vulgatis.
2729 5295 2859 5337 sttte.
2890 5278 3110 5339 [lectius
3133 5280 3187 5338 in
3212 5296 3342 5339 mss.
3379 5284 3482 5346 sui.
3514 5286 3635 5341 scil.
3665 5285 3783 5341 obo-

2178 5350 2289 5425 litio
2312 5366 2330 5403 :
2360 5366 2479 5421 qua:
2507 5350 2658 5408 beata
2704 5366 2827 5425 esse
2874 5353 3089 5425 nequit,
3120 5358 3244 5424 quia
3285 5355 3521 5413 defectio
3552 5374 3658 5413 non
3698 5368 3785 5414 cst

2180 5419 2524 5501 beatitudinis
2551 5440 2742 5494 capax.
2772 5424 2891 5481 Mox
2923 5419 3239 5495 inexccssus,
3273 5427 3323 5483 id
3352 5438 3466 5496 est,
3492 5445 3599 5501 quo
3639 5429 3781 5487 ultra

2180 5494 2347 5549 tendit
2377 5508 2629 5567 nequeat.

2256 5588 2327 5659 (Ῑ)
2370 5589 2586 5662 Aliquot
2611 5605 2743 5648 mss.
2772 5591 3125 5659 recentiores,
3151 5599 3488 5652 conuersatio.

2256 5709 2336 5781 (g)
2362 5709 2515 5786 Apud
2549 5708 2703 5786 liad.,
2735 5708 2963 5786 utrique:
2994 5712 3189 5782 probe,
3221 5714 3264 5767 si
3294 5712 3536 5769 faverent
3562 5714 3767 5786 scripti.

2178 5780 2235 5836 In
2267 5780 2486 5850 reliquis
2517 5781 2645 5835 edit.
2698 5784 2967 5856 utrimque.
2997 5780 3088 5856 ‘At
3117 5786 3169 5856 in
3221 5800 3349 5839 mss.
3397 5800 3590 5856 magno
3644 5780 3775 5855 cott-

2177 5867 2363 5931 settsu,
2393 5862 2694 5931 utrumque,
2724 5853 2865 5923 quod
2886 5852 2952 5931 de
2973 5854 3237 5924 religione
3261 5865 3317 5912 et
3343 5852 3617 5926 impluta‘te
3639 5852 3748 5931 prae

2179 5924 2437 5991 dicatum,
2470 5926 2537 5981 ad
2568 5924 2669 5981 non
2698 5941 2805 5980 esse
2835 5924 3098 5983 referatur
3127 5942 3348 5985 necesse
3371 5924 3473 5985 est.
