4266 6504
565 339 661 395 423

1764 339 2009 397 SANC'I'I
2052 336 2305 394 IllLAllll
2339 335 2643 394 El'lSCOPI

3744 332 3855 387 424

559 455 686 510 dum
716 472 744 510 a
775 470 832 508 se
880 454 1176 512 secundum
1207 453 1353 527 quod
1391 461 1476 510 est
1504 453 1757 512 desinens
1779 496 1795 522 ,
1838 456 1887 511 ei
1920 455 2136 526 subjici-
2173 460 2222 522 Α
2248 453 2334 524 qui
2365 455 2511 507 habet
2541 467 2692 507 aures
2722 451 2800 524 (l)
2835 450 2918 522 (ά)
2945 451 3185 506 audiendi
3210 493 3223 516 ,
3263 451 3442 504 audiat
3476 447 3691 522 (Matth.
3721 464 3851 512 xm,

563 559 677 615 tur,
713 548 868 617 cujus
903 549 1151 606 concedit
1178 549 1230 604 in
1277 549 1529 605 formam.
1578 549 1782 605 Desinit
1806 562 2014 614 autem,
2048 563 2152 604 non

561 649 621 694 ut
649 657 750 693 non
782 641 884 707 sit,
915 641 1011 697 sed
1047 649 1106 696 ut
1146 640 1428 712 proﬁciat:
1459 640 1623 714 [itque
1667 657 1734 698 ex
1780 643 2156 698 demutatione

563 732 838 801 subditus,
878 733 930 788 in
961 735 1198 806 speciem
1223 734 1459 806 suscepti
1482 733 1706 791 alterius
1735 736 1951 806 generis
1977 745 2152 791 trans-

560 825 758 883 eundo.

631 918 722 974 36.
765 916 891 974 Filii
927 918 1176 994 subjectio
1195 961 1211 985 ,
1253 919 1434 992 gloria
1460 929 1686 989 paterna:
1729 921 2064 976 consortium.
2087 949 2156 960 —

561 1014 799 1085 Denique
836 1021 894 1068 ut
922 1014 1244 1070 sacramenti
1293 1014 1451 1084 hujus
1487 1025 1632 1070 esset
1681 1015 1818 1071 ratio
1869 1014 2150 1080 absoluta,

561 1115 683 1177 post
701 1105 994 1166 novissime
1021 1105 1287 1164 devictam
1312 1119 1543 1162 mortem
1562 1149 1578 1175 ,
1618 1115 1728 1163 tum
1752 1108 1862 1163 ait:
1891 1108 2020 1164 Cum
2059 1123 2154 1163 au-

558 1208 659 1254 tent
677 1197 865 1254 dixerit
886 1239 902 1264 ,
935 1197 1123 1253 Omnia
1151 1197 1378 1272 subjecta
1397 1209 1544 1266 sunt,
1571 1199 1756 1268 absque
1781 1216 1838 1255 eo
1868 1201 1954 1270 qui
1983 1199 2159 1269 subje-

564 1293 632 1346 cit
658 1295 706 1348 ei
734 1294 904 1348 omnia
923 1335 940 1360 ,
972 1302 1092 1347 tunc
1117 1296 1225 1363 ipse
1261 1292 1520 1367 subjectus
1551 1295 1645 1347 erit
1685 1295 1800 1362 illi,
1831 1293 1920 1364 qui
1956 1294 2005 1348 ei
2039 1291 2158 1347 sub.

558 1387 686 1459 jecit
726 1387 928 1449 omnia,
953 1400 1006 1440 ut
1033 1387 1098 1439 sit
1126 1384 1262 1440 Deus
1283 1386 1457 1440 onmia
1476 1386 1529 1439 in
1550 1385 1784 1440 omnibus
1804 1382 1881 1458 (ι.
1907 1382 2022 1440 Cor.
2051 1399 2157 1450 xv,

561 1478 634 1535 26
648 1489 696 1534 et
715 1477 902 1550 καφ).
925 1477 1139 1532 Primus
1161 1477 1323 1549 igitur
1340 1478 1660 1534 sacramenti
1682 1475 1883 1549 gradus
1899 1486 2012 1544 est,
2035 1475 2162 1532 sub-

559 1572 701 1644 jecta
731 1587 851 1629 esse
890 1571 938 1629 ei
979 1572 1190 1638 omnia;
1215 1581 1271 1628 et
1308 1579 1433 1629 tunc
1473 1575 1646 1644 ipsmn
1691 1574 1996 1644 subjectum
2046 1572 2158 1628 lieri

564 1664 875 1736 subjicienti
901 1666 1001 1723 sibi
1030 1667 1212 1723 omnia
1239 1683 1252 1720 :
1286 1677 1342 1721 ut
1366 1666 1820 1737 quemadmodum
1850 1682 1948 1722 nos
1975 1666 2162 1737 gloria:

563 1761 838 1834 regnantis
864 1759 1110 1830 corporis
1139 1760 1221 1816 sui
1258 1760 1570 1826 subdimur,
1597 1761 1788 1816 eodem
1822 1775 2035 1814 rursum
2065 1773 2160 1814 sa-

2259 549 2329 604 40
2362 559 2410 603 et
2440 549 2628 621 seqq).
2659 547 2925 617 Numquid
2953 562 3058 603 non
3084 547 3338 604 omnibus
3367 546 3635 601 naturales
3651 558 3850 614 corpo-

2259 644 2506 714 ralesque
2535 657 2695 698 aures
2719 642 2784 698 ad
2816 642 3080 698 dictorum
3112 640 3441 697 audientiam
3457 649 3638 710 patent
3658 679 3674 706 ,
3698 650 3755 693 ut
3782 636 3854 693 ad

2257 735 2578 794 audiendum
2612 735 2879 792 dominica
2910 734 3278 792 admonitione
3303 734 3377 806 (e)
3409 732 3567 790 luerit
3599 746 3851 788 necessa~

2261 829 2438 885 rium?
2460 828 2570 884 Sed
2597 830 2920 884 sacramenti
2947 827 3228 885 scientiam
3257 824 3518 882 Dominus
3542 825 3820 881 insinuans
3837 865 3853 890 ,

2259 924 2591 979 auditionem
2635 925 2895 979 doctrina:
2947 922 3120 979 lidelis
3162 921 3359 994 exegit.
3405 920 3463 975 lu
3510 934 3844 976 consumma-

2260 1017 2404 1071 tione
2446 1017 2625 1086 itaqoe
2665 1015 2848 1070 succidi
2875 1016 2944 1072 de
2972 1030 3140 1085 regno
3167 1015 3284 1087 ejus
3312 1014 3566 1071 scandala
3597 1012 3856 1070 aulerun~

2261 1116 2366 1162 tur.
2410 1105 2680 1163 Habemus
2707 1123 2836 1179 ergo
2869 1120 3182 1180 regnantem
3227 1106 3512 1164 Dominum
3553 1106 3853 1164 secundum

2260 1199 2503 1270 corporis
2530 1198 2857 1268 claritatem,
2889 1216 2997 1272 quo
3025 1215 3196 1272 usque
3224 1199 3480 1256 scandala
3510 1199 3847 1255 auferantur.

2263 1290 2538 1347 Habemus
2565 1307 2782 1347 rursunt
2812 1291 3120 1348 conformes
3147 1308 3247 1346 nos
3276 1291 3460 1362 gloria'.
3489 1290 3734 1359 corporis
3768 1286 3855 1343 sui

2266 1386 2317 1440 in
2341 1400 2507 1455 regno
2529 1385 2702 1441 Patris
2721 1424 2737 1451 ,
2763 1393 3032 1454 tamquam
3057 1386 3108 1440 in
3133 1386 3263 1441 solis
3283 1385 3526 1442 claritate
3546 1383 3813 1456 fulgentes
3844 1399 3850 1426 ί

2262 1478 2345 1552 (f)
2365 1477 2419 1534 in
2439 1495 2545 1551 qua
2574 1476 2813 1535 habitum
2837 1480 2983 1551 regni
3003 1479 3088 1535 sui
3113 1479 3382 1550 Apostolis
3404 1478 3459 1534 in
3479 1487 3661 1536 monte
3682 1487 3858 1532 trans-

2264 1572 2526 1630 formatus
2553 1573 2806 1630 ostendit.

2335 1663 2423 1722 39.
2454 1663 2684 1720 Gloriam
2713 1667 3006 1733 impertiens
3023 1709 3038 1734 ,
3071 1667 3228 1722 tradit
3255 1682 3348 1721 nos
3380 1681 3589 1738 regnum
3615 1662 3725 1721 Deo
3745 1665 3858 1718 sine

2265 1757 2406 1830 regni
2425 1759 2508 1812 sui
2536 1762 2739 1813 damno.
2767 1757 2998 1830 Regnum
3026 1759 3295 1823 traditum,
3320 1774 3434 1813 nos.
3463 1757 3690 1812 Tradeus
3711 1757 3864 1812 Chri-

565 1865 843 1910 cramento
877 1852 956 1925 (a)
993 1854 1107 1924 ipse
1143 1869 1377 1925 regnans
1415 1851 1471 1908 in
1501 1853 1672 1924 gloria
1717 1854 1962 1922 corporis
1992 1850 2161 1922 subji-
2191 1861 2242 1925 Β
2266 1860 2394 1920 stus,
2417 1861 2464 1908 et
2486 1853 2579 1907 hoc
2598 1863 2848 1925 quatenus
2867 1851 3336 1908 homo.-e-Tradet
3352 1867 3482 1924 ergo
3503 1868 3726 1924 regnum
3751 1851 3866 1908 Deo

565 1947 728 2003 cienti
762 1948 862 2002 sibi
893 1949 1142 2002 universa
1169 1948 1451 2004 subdatur.
1493 1946 1787 2004 Subdimur
1814 1954 1995 2001 autem
2040 1944 2163 2015 glo-

565 2042 661 2099 ria:
689 2046 933 2114 corporis
977 2043 1060 2098 sui
1083 2084 1099 2110 ,
1128 2051 1186 2099 ut
1224 2044 1276 2100 in
1307 2059 1374 2099 ea
1423 2042 1595 2098 simus
1635 2041 1713 2114 (b)
1741 2043 2019 2109 claritate,
2059 2055 2166 2113 qua

562 2146 752 2208 regnat
781 2139 833 2191 in
863 2151 1128 2208 corpore:
1159 2137 1284 2208 quia
1314 2137 1532 2209 corpori
1564 2138 1682 2207 ejus
1717 2137 2026 2193 conlormes
2053 2136 2163 2192 eri-

565 2220 686 2284 nius

639 2321 725 2376 57.
770 2320 1014 2395 Corporis
1047 2319 1239 2376 Christi
1279 2322 1467 2394 gloria.
1509 2351 1578 2363 --
1611 2318 1678 2376 Et
1701 2321 1919 2390 quidem
1942 2320 2165 2393 gloriam

571 2415 844 2487 regnantis
882 2431 1026 2472 nunc
1049 2418 1295 2487 corporis
1334 2418 1416 2473 sui
1462 2415 1782 2488 Evangelica
1821 2431 1927 2472 non
1965 2426 2164 2473 tacent.

567 2507 640 2564 Ita
713 2510 856 2565 enim
906 2508 1197 2576 scribitur,
1245 2508 1472 2565 Domino
1522 2508 1735 2565 dicente
1784 2527 1798 2564 :
1838 2508 1996 2563 Arnen
2051 2508 2172 2562 dico

571 2600 739 2667 vobis,
770 2607 1012 2667 quoniam
1055 2613 1173 2656 sunt
1219 2601 1380 2672 aliqui
1425 2601 1490 2656 de
1540 2601 1861 2656 adstantibus
1896 2602 2038 2665 istis,
2083 2601 2171 2672 qui

570 2710 671 2748 non
709 2693 985 2764 gustabunt
1039 2703 1252 2748 mortem
1273 2735 1288 2760 ,
1330 2694 1490 2747 donec
1525 2694 1729 2747 uideant
1759 2694 1925 2763 ﬁlium
1952 2693 2171 2748 hominis

568 2787 844 2840 venientem
864 2787 921 2840 in
961 2801 1117 2856 regno
1141 2801 1236 2840 suo
1263 2786 1284 2858 (
1312 2784 1501 2840 Matth.
1552 2800 1639 2840 ενι
1661 2827 1678 2852 ,
1706 2785 1778 2841 28
1802 2786 1841 2856 ).
1891 2783 1958 2839 Et
1979 2789 2172 2856 factum

574 2887 649 2930 est
678 2885 790 2946 post
819 2875 931 2931 dies
959 2893 1050 2932 sea:
1069 2917 1084 2944 ,
1117 2879 1396 2948 assumpsit
1420 2875 1576 2932 Iesus
1601 2875 1822 2932 Petrum
1845 2888 1896 2932 et
1919 2875 2174 2931 Iacobum

581 2979 630 3023 et
657 2966 914 3024 Joannem
941 2973 1154 3040 fratrem
1194 2971 1336 3040 ejus,
1362 2981 1408 3024 et
1433 2971 1572 3024 ducit
1599 2970 1718 3025 illos
1744 2970 1798 3024 in
1827 2980 2048 3025 montem
2085 2986 2168 3025 ea:-

569 3064 759 3118 celsum
797 3080 1056 3128 seorsum.
1093 3073 1144 3121 et
1169 3064 1564 3137 transﬁguratus
1594 3073 1667 3119 est
1702 3063 1859 3121 Iesus
1898 3074 2018 3120 ante
2044 3081 2130 3120 eos
2153 3107 2167 3129 ,

573 3163 622 3209 et
649 3156 965 3228 resplcnduit
992 3158 1154 3229 facies
1175 3159 1290 3230 ejus
1309 3167 1361 3210 ut
1392 3157 1508 3226 sol,
1537 3158 1836 3213 vestimenta
1864 3169 2034 3213 autem
2061 3159 2174 3230 ejus

2271 1946 2410 2018 patri
2435 1965 2451 2005 :
2475 1962 2582 2002 non
2607 1949 2678 2002 ita
2698 1990 2711 2012 ,
2739 1957 3007 2018 tamquam
3037 1946 3254 2003 tradens
3277 1954 3544 2018 potestate
3568 1942 3863 2010 concedat,

2269 2041 2364 2098 sed
2393 2040 2534 2113 quod
2562 2056 2662 2097 nos
2691 2041 3000 2097 conlormes
3024 2042 3207 2113 gloria:
3233 2042 3477 2112 corporis
3511 2040 3592 2094 sui
3625 2037 3749 2094 lacti
3779 2052 3868 2094 re.

2267 2151 2430 2208 guunt
2455 2135 2547 2191 Dei
2591 2134 2814 2190 erimus.
2843 2133 2960 2191 Non
3002 2134 3148 2188 enim
3187 2135 3260 2188 ait
3294 2149 3309 2187 :
3347 2132 3550 2188 Tradet
3587 2146 3742 2188 suum
3779 2146 3862 2187 re-

2273 2243 2479 2300 gnum;
2524 2228 2620 2284 sed
2647 2226 2836 2281 Trodet
2877 2243 3088 2300 regnum
3121 2225 3164 2298 (ι
3193 2225 3315 2282 Cor.
3343 2242 3443 2293 xv,
3477 2225 3570 2293 24)
3591 2267 3607 2293 ,
3641 2223 3867 2280 elTectos

2275 2337 2375 2379 nos
2399 2337 2495 2392 per
2521 2321 2965 2394 glorillcationem
2994 2320 3240 2392 corporis
3269 2319 3353 2375 sui
3380 2334 3602 2391 regnum
3627 2319 3735 2373 Deo
3757 2327 3869 2372 tra-

2270 2415 2499 2472 diturus.
2525 2414 2633 2472 Nos
2659 2415 2838 2484 itaque
2863 2411 3042 2469 tradet
3069 2412 3121 2468 in
3143 2427 3367 2484 regnum
3387 2455 3402 2480 ,
3439 2411 3730 2467 secundum
3761 2410 3866 2464 hoc

2272 2509 2325 2565 in
2351 2507 2906 2580 Evangeliisdictum:
2943 2504 3136 2572 Venite.
3167 2505 3411 2561 benedicti
3431 2505 3592 2576 patris
3615 2505 3732 2568 mei,
3750 2520 3869 2572 pos-

2272 2603 2430 2659 sidete
2458 2612 2802 2674 purpuratum
2829 2600 2964 2658 vobis
3001 2615 3216 2671 regnum
3236 2617 3268 2654 α
3295 2601 3654 2654 constitutione
3686 2598 3868 2651 mundi

2275 2695 2486 2768 (Matth.
2512 2711 2615 2750 xxv
2633 2736 2647 2762 ,
2670 2693 2786 2764 δι).
2812 2692 3116 2764 Fulgebunt
3135 2707 3264 2762 ergo
3281 2691 3412 2763 justi
3433 2699 3493 2746 ut
3516 2692 3595 2746 sol
3627 2693 3678 2744 in
3701 2703 3872 2760 regno

2285 2789 2452 2860 patris
2472 2801 2680 2845 eorum.
2714 2785 2912 2844 Tradet
2950 2784 3092 2842 enim
3124 2783 3294 2842 Filius
3331 2786 3441 2840 Deo
3471 2799 3694 2854 regnum
3735 2798 3866 2848 eos,

2275 2896 2411 2952 quos
2429 2881 2642 2938 vocavit
2659 2879 2712 2937 in
2733 2895 2978 2954 regnum,
2997 2880 3188 2951 quibus
3209 2888 3267 2935 et
3285 2879 3671 2936 beatitudinem
3691 2891 3872 2933 sacra-

2278 2972 2442 3029 menti
2469 2971 2625 3044 hujus
2643 2971 2934 3045 spopondit
2953 2971 3174 3028 dicens:
3199 2969 3279 3045 (ί)
3301 2969 3446 3026 Bentl
3471 2970 3660 3025 mundo
3679 2969 3830 3026 corde
3851 3009 3869 3037 ,

2275 3067 2517 3134 quoniam
2549 3065 2650 3136 ipsi
2680 3064 2844 3120 Deum
2883 3065 3118 3121 videbunt
3156 3062 3375 3136 (Matth.
3409 3077 3440 3117 ν
3461 3105 3474 3126 .
3506 3061 3584 3134 8).
3620 3061 3870 3133 lli-gnans

2281 3157 2464 3228 itaque
2492 3168 2700 3213 avertet
2726 3156 2973 3214 scandala
2995 3201 3010 3226 ,
3042 3166 3100 3214 et
3129 3164 3254 3212 tunc
3270 3153 3400 3227 justi
3423 3153 3476 3210 io
3503 3169 3667 3226 regno
3698 3153 3871 3209 Patris

569 3252 709 3319 facta
734 3259 851 3304 sunt
874 3250 1006 3304 sicut
1037 3250 1128 3304 nia:
1168 3249 1379 3322 (Matth.
1409 3266 1520 3305 xvu
1544 3293 1558 3316 ,
1590 3251 1614 3306 l
1647 3261 1694 3305 et
1721 3249 1814 3322 2).
1853 3251 2034 3307 Gloria
2065 3251 2166 3306 ita-
2195 3257 2241 3321 ρ
2276 3260 2545 3323 tamquam
2572 3251 2654 3307 sol
2686 3249 2985 3321 lulgebunt.
3017 3249 3215 3306 Tradet
3243 3257 3423 3305 autem
3464 3245 3573 3303 Deo
3610 3245 3746 3318 patri
3786 3261 3872 3300 re-

568 3357 674 3411 que
704 3342 972 3398 venientis
1013 3343 1065 3397 in
1105 3359 1331 3413 regnum
1360 3344 1607 3414 corporis
1643 3342 1918 3413 Apostolis
1943 3343 2169 3399 demon-

570 3443 737 3491 strata
763 3444 849 3491 est
873 3436 1036 3491 :Nant
1060 3437 1110 3490 in
1141 3436 1326 3492 habitu
1345 3435 1604 3492 Dominus
1627 3435 1875 3507 gloriosa:
1907 3435 2174 3507 (ejtrans-

572 3530 911 3586 lormationis
973 3545 1086 3586 sua:
1154 3529 1437 3594 constitit,
1488 3531 1764 3601 regnantis
1810 3530 2053 3601 corporis
2090 3531 2172 3584 sui

571 3621 815 3676 claritate
848 3621 1130 3691 patefacta.

644 3713 736 3767 58.
779 3713 1106 3769 Consortium
1136 3715 1282 3768 illius
1303 3713 1447 3770 nobis
1477 3715 1808 3785 promissum.
1831 3744 1902 3755 -—
1925 3713 1990 3769 Et
2014 3712 2176 3784 hujus

571 3809 788 3881 quidem
817 3811 1003 3882 gloria:
1045 3827 1159 3867 sum
1192 3813 1526 3867 consortium
1557 3812 1829 3881 Apostolis
1868 3811 2132 3880 pollicens
2153 3850 2167 3874 ,

573 3904 684 3957 ait:
720 3903 810 3958 Sic
850 3904 945 3957 erit
981 3905 1037 3958 in
1083 3906 1521 3960 consummatione
1569 3905 1764 3958 smcnli.
1819 3903 1984 3958 Mittet
2031 3903 2171 3972 ﬁlius

575 3997 791 4052 hominis
816 3999 1024 4071 angelos
1051 3999 1216 4071 398
1244 4017 1362 4053 suos
1384 4042 1400 4066 ,
1432 4010 1478 4054 et
1519 3999 1759 4070 colligenl
1783 3999 1848 4054 de
1870 4016 2026 4070 regno
2056 4002 2166 4070 ejus

573 4091 746 4145 omnia
788 4092 1032 4145 scandala
1078 4104 1124 4148 et
1179 4095 1264 4164 qui
1309 4095 1507 4164 faciunt
1544 4095 1891 4162 iniquitatem,
1922 4102 1966 4147 et
2011 4093 2172 4146 mittet

572 4199 655 4238 eos
685 4183 738 4237 in
767 4186 1018 4238 caminum
1045 4185 1214 4256 ignis;
1244 4185 1313 4239 ibi
1343 4187 1435 4240 erit
1462 4187 1612 4255 ﬂetus
1635 4197 1680 4240 et
1710 4187 1900 4241 stridor
1921 4186 2167 4241 dentium.

578 4275 720 4331 Tunc
739 4277 870 4348 justi
897 4278 1164 4348 fulgebunt
1191 4279 1324 4332 sicut
1350 4280 1429 4334 sol
1464 4280 1518 4334 in
1563 4296 1720 4352 regno
1749 4281 1912 4351 patris
1956 4296 2127 4334 eorum
2154 4295 2173 4334 :

649 4391 731 4462 (ll
772 4391 885 4462 Non
916 4401 1064 4446 extat
1093 4392 1338 4446 audiendi
1367 4393 1419 4448 in
1448 4401 1639 4450 uestro
1665 4394 1875 4450 codice.

2277 3361 2480 3418 gnum:
2512 3356 2568 3401 ct
2593 3355 2720 3400 tunc
2747 3359 2882 3414 quos
2923 3357 3148 3415 regnum
3194 3342 3304 3398 Deo
3351 3339 3668 3405 tradiderit,
3700 3339 3871 3394 Deum

2284 3441 2559 3494 videbunt.
2589 3437 2667 3511 (g)
2697 3437 2764 3494 Et
2797 3436 2938 3508 quod
2979 3451 3234 3508 regnum,
3274 3435 3388 3505 ipse
3425 3443 3654 3492 testatus
3681 3441 3766 3488 est
3791 3431 3870 3486 di-

2282 3548 2410 3589 cens
2456 3532 2522 3587 ad
2571 3529 2863 3603 Apostolus
2893 3546 2907 3585 :
2941 3529 3008 3586 In
3048 3530 3189 3586 uobis
3224 3531 3359 3586 enim
3401 3537 3476 3585 est
3519 3544 3730 3601 regnum
3777 3525 3873 3580 Dei

2277 3625 2410 3697 (Luc
2448 3642 2588 3692 xvn,
2621 3624 2738 3698 21).
2794 3624 3042 3693 Regnans
3083 3623 3262 3695 itaque
3311 3635 3533 3694 regnum
3580 3621 3772 3676 tradet.
3808 3619 3874 3674 Et

2281 3721 2326 3775 si
2356 3722 2475 3791 quis
2496 3727 2706 3791 quierat
2738 3717 2860 3790 quis
2881 3718 2981 3774 iste
3000 3719 3070 3773 sit
3118 3715 3334 3773 tradens
3364 3732 3586 3788 regnum
3605 3757 3619 3782 ,
3647 3714 3869 3771 audiet.

2278 3815 2512 3870 Christus
2537 3814 2812 3870 resurrexit
2841 3831 2872 3867 ιι
2898 3814 3111 3870 mortuis
3131 3855 3143 3878 ,
3167 3811 3331 3885 ω
3356 3812 3596 3879 primitia:
3615 3812 3872 3866 dormien--

2278 3909 2403 3962 tium
2421 3924 2438 3973 ;
2455 3909 2697 3980 quoniam
2729 3924 2820 3976 per
2846 3906 3102 3961 hominem
3129 3921 3284 3970 mors,
3311 3914 3360 3961 et
3390 3921 3481 3974 per
3508 3904 3761 3958 hominem
3791 3920 3860 3961 rer

2277 4003 2520 4057 surrectia
2551 4011 2863 4056 mortuorum
2905 4001 2958 4070 (Ι
2990 3998 3108 4056 Cor.
3157 4017 3243 4065 xv,
3276 3998 3596 4072 21).Omnis
3617 4002 3757 4055 cnim
3785 3999 3872 4054 hic

2280 4111 2422 4151 nunc
2451 4097 2731 4166 praesentis
2755 4094 3063 4166 quaestionis
3088 4107 3268 4150 sermo
3286 4093 3352 4150 de
3381 4079 3728 4150 sacramento
3752 4106 3872 4148 cor-

2282 4189 2428 4260 poris
2456 4198 2570 4255 est,
2593 4187 2716 4260 quia
2738 4187 2984 4245 Christus
3012 4188 3261 4257 primitia:
3283 4203 3347 4243 ex
3378 4186 3606 4243 mortuis
3625 4196 3728 4244 est.
3755 4188 3873 4254 Quo

2283 4292 2462 4338 autem
2484 4280 2733 4339 Christus
2746 4283 3003 4355 mysterio
3025 4296 3095 4339 ex
3119 4283 3346 4338 mortuis
3370 4280 3700 4348 resurrexit,
3723 4277 3871 4351 Apo-

649 4460 728 4534 (2)
768 4461 914 4518 Beati
941 4464 1120 4517 mundi
1147 4465 1302 4519 corde
1339 4479 1462 4520 cum
1499 4480 1709 4538 grgcco,
1743 4471 1977 4543 μακάριοι
2009 4466 2054 4520 οἱ
2077 4465 2286 4540 καθαροί
2311 4484 2334 4519 τ

941 4464 1120 4517 mundi
1147 4465 1302 4519 corde
1339 4479 1462 4520 cum
1499 4480 1709 4538 grmco,
1743 4471 1977 4543 μακάριοι
2009 4466 2054 4520 οἱ
2077 4465 2286 4540 καθαροί
2311 4471 2373 4539 τῇ
2403 4460 2605 4542 καρδίᾳ.

577 4577 871 4656 essentiam
903 4576 1192 4656 signiﬁcat,
1216 4579 1311 4635 sed
1333 4579 1646 4656 qualitatem
1673 4581 1846 4652 :quod
1872 4591 2058 4652 aperte
2080 4582 2174 4656 de-
2203 4591 2257 4653 ι)
2283 4582 2465 4650 paucis
2491 4579 2776 4656 hicaperit
2807 4577 3042 4634 Hilarius
3069 4589 3176 4656 :‘ut
3213 4581 3664 4656 quemadmodum
3706 4581 3870 4656 subjir

574 4651 809 4724 claratur
832 4658 1007 4724 tract.
1059 4651 1193 4724 psal.
1240 4667 1308 4724 tt.
1363 4667 1416 4706 n.
1452 4653 1515 4706 Η
1551 4673 1564 4705 ε
1600 4651 1878 4724 Confracta
1912 4651 2174 4722 reparabit
2204 4651 2232 4653 ⁷
2279 4657 2451 4708 cimur
2480 4651 2697 4708 Christo
2718 4693 2732 4717 ,
2761 4659 3028 4722 quatenus
3056 4651 3172 4722 ejus
3209 4655 3397 4723 gloria:
3431 4653 3771 4720 confortnes;
3803 4651 3873 4713 ita

575 4721 882 4796 (corpora),
911 4737 1014 4775 non
1037 4739 1101 4776 ea:
1127 4723 1231 4776 alia
1250 4723 1453 4792 aliqua,
1484 4724 1575 4778 sed
1604 4741 1666 4777 ea:
1698 4721 1849 4778 ueteri
1880 4721 2029 4796 atque
2064 4726 2177 4794 ipsa

577 4794 791 4867 originis
833 4808 942 4847 sua:
979 4796 1188 4847 materie
1231 4796 1450 4858 speciem
1495 4797 1786 4867 contplariti
1837 4794 2176 4850 sibi'decoris

579 4865 872 4938 impertiens
897 4880 916 4919 :
939 4876 994 4917 ut
1022 4867 1427 4937 corruptibilium
1455 4865 1726 4938 corporum
1752 4869 1802 4920 in
1833 4870 2178 4936 incorruptio-

581 4937 662 4991 nis
692 4937 908 5007 gloriam
937 4939 1268 5003 resurrectio,
1298 4954 1399 4992 non
1425 4937 1638 5008 interitu
1658 4949 1896 4992 naturam
1921 4941 2136 5008 perimat
2159 4982 2173 5005 ,

581 5007 672 5064 sed
699 5008 957 5076 qualitatis
999 5007 1286 5063 conditione
1318 5013 1556 5063 demutet.
1591 5007 1711 5062 Non
1740 5011 1869 5064 cnim
1892 5007 2038 5064 aliud
2066 5027 2178 5064 cor-

585 5095 679 5148 pus
706 5080 933 5148 quamvis
957 5081 1010 5133 in
1037 5080 1178 5132 aliud
1213 5091 1468 5150 resurget,
1514 5089 1620 5136 etc.
1657 5081 1770 5136 Non
1820 5083 1996 5137 minus
2027 5083 2177 5137 lucu-

582 5152 761 5205 lentus
795 5164 875 5204 est
908 5153 1052 5206 locus
1086 5161 1239 5205 tract.
1285 5155 1422 5220 psal.
1469 5169 1530 5206 ιν
1551 5194 1564 5217 ,
1599 5171 1652 5206 n.
1680 5153 1764 5208 12.
1794 5152 1917 5208 Ideo
1949 5166 2130 5210 autem
2161 5196 2176 5218 ,

619 5231 740 5286 uto,
773 5221 908 5276 dixit
932 5231 1150 5278 sanctus
1177 5224 1374 5278 Doctor
1411 5232 1652 5280 naturam
1675 5227 1867 5280 mutari
1891 5265 1906 5291 ,
1934 5241 2054 5280 cum
2084 5241 2176 5281 so-

605 5310 688 5367 am
720 5296 1034 5367 qualitatum
1065 5308 1354 5350 novrtatem
1383 5296 1740 5366 intelligeret,
1766 5297 1908 5367 quod
1929 5297 2177 5367 gloriosa:

582 5365 738 5420 dotes
785 5381 890 5418 non
929 5366 1360 5437 sintfnaturales
1403 5365 1693 5432 cornerum
1735 5365 2052 5437 qualitates,
2084 5370 2177 5423 sed

583 5439 760 5520 potius
784 5436 1028 5520 inuadunt
1049 5436 1242 5520 dis-itm:
1263 5438 1586 5520 conditionis
1611 5436 1995 5520 prergativm.
2019 5439 2177 5520 ‘Uodc

583 5507 635 5561 in
675 5509 923 5562 oinnibus
952 5507 1032 5562 Itis
1060 5509 1192 5562 locis
1217 5519 1415 5565 natura
1441 5507 1658 5566 nomine
1687 5507 1983 5567 naturalem
2017 5515 2176 5568 intel-

582 5581 696 5648 ligit
725 5581 1108 5636 conditionem.

655 5650 733 5722 (α)
778 5650 890 5704 Vat.
934 5653 1047 5706 bas.
1103 5667 1231 5713 ηις..
1281 5669 1420 5710 unus
1471 5655 1650 5718 Colb.,
1692 5655 1830 5711 alter
1853 5655 2083 5712 Sorbon.
2121 5667 2177 5711 et

587 5721 794 5798 Martio.
818 5724 927 5792 ipse
963 5724 1059 5798 sibi
1088 5741 1328 5798 regnans.

655 5795 724 5863 (ὁ)
758 5793 813 5848 lo
834 5797 1090 5870 vulgatis,
1120 5793 1348 5868 corporis
1369 5799 1618 5854 claritate.
1642 5799 1756 5856 Vox
1783 5816 2007 5870 corporis
2024 5800 2176 5856 abest

588 5886 613 5922 ,ι
656 5881 784 5920 mss.
823 5867 959 5936 Quid
999 5869 1064 5925 de
1108 5867 1218 5925 toto
1262 5870 1612 5942 subjectionis
1649 5867 1906 5944 mysterio
1947 5876 2174 5938 sentiat,

2277 4724 2527 4780 Christus
2557 4725 2664 4778 Deo
2683 4725 2972 4786 subdatur.
2997 4735 3262 4793 quatenus
3287 4728 3581 4781 secundum
3605 4727 3870 4784 hominem

2279 4796 2477 4850 divina:
2505 4796 2765 4851 claritatis
2791 4810 3014 4850 consors
3043 4797 3292 4851 el'licitur.
3330 4799 3451 4854 Ilazc
3480 4802 3698 4864 confer,
3727 4801 3770 4855 si
3796 4803 3873 4856 lit-

2283 4867 2408 4936 bm,
2439 4883 2562 4922 cum
2595 4878 2749 4922 tract.
2783 4870 2919 4935 psal.
2950 4883 3089 4922 stn
3118 4910 3131 4932 ,
3162 4885 3216 4922 o.
3250 4869 3340 4925 37.

2356 4938 2681 5014 (cjjhlartin.
2718 4948 2773 4994 et
2806 4938 2927 5014 _\’at.
2961 4939 3056 4994 bas
3108 4956 3238 4994 mss.
3279 4943 3772 5014 transﬁgurationis.
3805 4945 3870 4999 At

2283 5011 2348 5064 ad
2379 5012 2581 5082 calcem
2613 5011 2817 5066 numeri
2848 5012 3066 5082 subseq.
3097 5027 3218 5066 cum
3241 5011 3453 5070 exteris
3468 5011 3838 5071 consentiunt.

2353 5084 2432 5150 (ά)
2475 5081 2708 5138 Verbum
2731 5083 2976 5136 audiendi
3000 5081 3338 5157 desideratur
3366 5089 3418 5139 in
3440 5088 3688 5141 omnibus
3712 5103 3877 5157 prone

2283 5169 2440 5218 mss.,
2471 5170 2792 5224 quamquam
2817 5166 2990 5208 esstat
3017 5156 3066 5208 in
3090 5157 3382 5212 Vetustiore
3411 5158 3566 5214 Colb.

2357 5227 2430 5297 (e)
2471 5226 2622 5295 Apud
2647 5227 2738 5280 Er.
2767 5237 2820 5281 et
2842 5225 2986 5295 Lips.
3013 5227 3168 5296 fuerit
3193 5245 3358 5298 Opus:
3385 5230 3737 5286 renitentibus
3759 5231 3879 5286 aliis

2284 5297 2467 5378 libris,
2497 5298 2551 5352 iu
2579 5301 2772 5367 quibus
2792 5313 2916 5354 eum
2948 5299 3135 5353 eadem
3163 5297 3419 5371 vi’legere
3444 5312 3527 5358 est
3549 5344 3561 5368 ,
3592 5303 3748 5371 fuerit
3792 5320 3877 5358 ne~

2283 5385 2579 5423 οεδιανηιηι.

2357 5442 2429 5512 (Ῑ)
2473 5440 2588 5495 Vat.
2623 5440 2730 5516 bas.
2771 5457 2883 5516 ms.
2907 5441 3211 5516 ac_.\lartin.
3234 5443 3292 5516 in
3316 5461 3414 5514 quo
3436 5444 3611 5498 habitu
3635 5463 3688 5500 se
3710 5448 3851 5516 regni

2285 5511 2482 5567 VoCem
2530 5514 2670 5584 regni
2714 5514 2913 5568 omittit
2950 5513 3130 5578 Colb.,
3175 5513 3245 5567 nil
3293 5511 3558 5571 immuta-.5.
3597 5517 3709 5571 Hoc
3753 5511 3880 5572 facit

2285 5583 2415 5658 illud
2443 5601 2560 5652 cap.
2591 5583 2705 5658 xvtt
2750 5585 2801 5640 in
2847 5584 3027 5638 Matth.
3063 5601 3116 5639 η.
3142 5586 3212 5640 2ε
3254 5585 3383 5640 Post
3422 5589 3529 5643 dies
3557 5606 3670 5654 sex,
3701 5590 3880 5658 glaria'

2283 5657 2551 5796 t’lsominica:
2571 5657 2770 5712 habitus
2793 5659 3137 5712 ostenditur...
3158 5658 3304 5742 regni
3325 5663 3539 5715 ccclesiis
3559 5657 3722 5715 honor
3745 5677 3870 5731 pric-

2327 5741 2540 5796 guratur

2363 5741 2540 5782 uratur
3280 5730 3290 5742 “

2327 5746 2552 5870 θεοί]Ἑέ
2597 5815 2724 5857 mss.
2753 5801 3002 5858 addimus
3046 5803 3358 5873 particulam
3391 5813 3453 5858 et.
3510 5803 3710 5862 Deinde
3758 5816 3874 5876 post

2284 5877 2415 5942 quod
2445 5890 2691 5945 regnum,
2719 5880 2939 5931 tacitum
2965 5886 3050 5932 est
3076 5876 3298 5932 verbum
3329 5878 3514 5932 tradet.
