4266 6482
467 342 572 401 437

1648 338 1739 398 DE
1787 337 2162 400 TRINITATE
2189 340 2396 400 LIBER
2431 343 2544 403 ΧΠ.

3662 352 3768 409 438

469 463 652 533 ptione
669 467 898 516 naturai.
924 456 1048 515 llaec
1064 457 1208 515 enim
1228 461 1409 514 omnia
1428 465 1693 515 creaturis
1707 458 1929 529 propria
1945 469 2069 514 esse
2094 463 2146 524 Α
2173 459 2320 516 enim
2347 459 2556 516 easdem
2577 461 2942 518 venerationis
2966 459 3208 528 ejusdem
3235 466 3362 517 sunt
3387 477 3397 515 ‘.
3431 463 3502 534 (ε)
3529 462 3654 532 quia
3677 474 3773 519 ant

470 551 767 624 Apostolus
795 553 956 608 docet
983 569 997 606 :
1025 565 1056 606 a
1085 549 1282 621 quibus
1300 564 1397 620 per
1416 548 1763 621 longinquam
1784 555 2070 619 exspecta-

471 649 674 701 tionem
698 643 1002 709 liberanda,
1033 646 1328 698 secundum
1368 643 1658 699 humanam
1687 641 1918 713 gloriam
1952 641 2067 698 cla-

471 746 671 794 rescet.
704 737 770 793 Et
795 753 832 792 ο
858 735 1256 807 imprudentem
1277 735 1346 792 de
1368 734 1482 790 Deo
1505 744 1669 806 atque
1699 734 1917 806 impiam
1943 748 2072 804 pro—

473 831 791 896 fessionem,
849 828 935 882 his
1004 843 1128 884 eum
1185 843 1281 898 per
1361 836 1629 883 creaturae
1681 826 2072 883 contumeliam

474 922 722 981 ludibriis
772 921 1056 994 deputare,
1087 929 1147 978 ut
1183 929 1388 994 speret,
1419 929 1478 977 ut
1523 923 1745 991 serviat,
1769 929 1830 977 ut
1853 930 2073 977 coactus

473 1017 563 1084 sit,
596 1017 674 1089 (ιι)
711 1025 773 1072 ιιι
810 1015 1059 1086 cognitus
1088 1014 1184 1080 sit,
1213 1020 1275 1071 ut
1298 1012 1610 1072 liberandus
1656 1014 1729 1070 sit;
1756 1014 1810 1068 in
1852 1023 2063 1080 nostra,

475 1112 668 1168 nonin
710 1123 831 1177 sua,
861 1123 984 1166 cum
1037 1105 1110 1165 de
1156 1108 1272 1164 suis
1299 1121 1402 1165 nos
1437 1107 1508 1165 ad
1557 1106 1764 1180 aliquid
1803 1106 2072 1180 proveha-

475 1219 618 1260 mur.

546 1299 600 1354 6.
633 1296 700 1354 Si
729 1304 967 1353 creatura
1008 1302 1105 1364 est,
1143 1302 1382 1350 αεαιιιηι
1410 1294 1604 1365 pariter
1629 1301 1706 1350 est
1732 1291 1931 1348 Pater:
1953 1293 2077 1364 quia

477 1387 624 1445 Filio
653 1398 839 1445 natura
864 1400 941 1446 est
977 1385 1174 1444 Patria.
1205 1385 1512 1444 Exinmitio
1561 1386 1712 1442 Verbi
1737 1396 1814 1442 est
1842 1386 2072 1442 abolitio.

478 1515 550 1528 -
570 1485 677 1542 Sed
717 1485 968 1558 impietas
1007 1493 1193 1541 nostra
1217 1498 1340 1541 cum
1367 1485 1574 1556 ingenti
1625 1482 1869 1554 perfidiis
1901 1484 2075 1540 incre-

2173 565 2419 606 summus
2463 551 2639 608 honor
2681 553 2897 624 indigne
2957 552 3300 610 interioribus
3337 553 3630 623 deferetur,
3678 565 3774 611 aut

2175 655 2299 698 cum
2319 644 2645 700 contumelia
2669 646 3010 715 superiorum
3038 645 3292 702 inferiora
3313 646 3399 701 his
3418 649 3772 718 aequaliuntur

2175 733 2230 788 in
2258 733 2484 789 honore.
2514 734 2684 792 Filius
2711 747 2890 792 autem
2919 737 2984 809 (Ι)
3013 737 3059 791 si
3089 747 3147 792 ut
3172 739 3377 794 creatio
3407 740 3586 808 potius
3611 757 3771 810 quam

2173 825 2427 881 uativitas
2453 829 2543 894 sit,
2577 842 2671 897 per
2718 830 3124 884 venerationem
3154 829 3236 902 (ς)
3265 832 3636 901 exmquabitur
3673 833 3774 887 Pa-

2175 919 2247 974 tri
2279 933 2296 983 ;
2325 919 2468 974 nulla
2508 921 2665 976 nobis
2709 921 2899 994 religio
2927 921 3148 976 honoris
3187 923 3253 978 ad
3285 921 3501 980 Patrem
3525 933 3630 990 est,
3653 939 3773 982 cum

2175 1018 2326 1067 tanta
2369 1011 2530 1068 nobis
2564 1013 2682 1084 ejus
2709 1015 2990 1070 veneratio
3019 1015 3265 1084 imposita
3317 1026 3407 1083 sit,
3442 1026 3641 1088 quanta
3688 1029 3773 1076 est

2175 1109 2472 1159 creaturae:
2522 1103 2620 1160 sed
2665 1105 2789 1176 quia
2838 1105 2951 1161 Deo
3003 1105 3145 1177 patri
3170 1109 3228 1161 in
3255 1120 3344 1174 eo,
3396 1109 3540 1178 quod
3595 1123 3661 1166 es
3711 1124 3777 1168 eo

2177 1193 2322 1251 Deus
2347 1204 2431 1252 est
2459 1204 2638 1266 natus,
2665 1197 2889 1268 aequalis
2912 1207 2998 1253 est
3019 1214 3035 1264 ;
3063 1210 3149 1253 est
3168 1203 3329 1254 etiam
3350 1201 3575 1272 aequalis
3598 1199 3652 1256 in
3679 1200 3778 1258 bo-

2177 1301 2325 1343 nore.
2358 1286 2526 1343 Filius
2556 1288 2698 1344 enim
2722 1299 2826 1354 est,
2861 1304 2970 1344 non
2993 1298 3256 1345 creatura.

2249 1379 2302 1435 8.
2336 1374 2480 1434 Deus
2519 1381 2753 1452 partibus
2785 1395 2968 1436 carens
2993 1397 3058 1435 ex
3103 1392 3246 1436 utero
3291 1382 3481 1438 dicitur
3523 1387 3776 1455 genuisse,

2176 1474 2297 1544 quia
2323 1489 2388 1528 ea:
2406 1490 2477 1528 se.
2514 1473 2711 1527 Filium
2728 1474 2793 1528 de
2819 1473 2980 1529 nihilo
3005 1476 3287 1530 uolentibus
3309 1492 3412 1532 non
3438 1483 3658 1551 suppetit
3679 1481 3779 1536 loci

482 1588 668 1634 mento
694 1592 792 1648 per
821 1578 960 1634 hanc
985 1577 1189 1634 illicitae
1214 1577 1366 1633 vocis
1390 1576 1670 1632 audaciam
1699 1575 1940 1646 procedit
1964 1593 1979 1630 :
2021 1583 2079 1632 ut

2179 1566 2304 1620 dicti
2324 1582 2522 1621 sensus.
2538 1596 2610 1608 —-
2629 1566 2696 1621 Et
2716 1565 2833 1623 haec
2852 1569 2922 1622 de
2938 1566 3030 1622 illo
3053 1569 3305 1639 prirclara
3330 1585 3434 1624 vox
3456 1569 3630 1626 Patris
3651 1581 3738 1629 est
3757 1613 3774 1640 ,

475 1673 600 1742 quia
629 1671 802 1726 Filius
821 1677 1070 1727 creatura
1098 1670 1190 1737 sit,
1222 1668 1385 1728 Pater
1416 1685 1633 1741 quoque
1662 1684 1769 1725 non
1810 1668 2026 1725 dill‘erat
2045 1683 2076 1724 a

2181 1656 2268 1714 Ea:
2301 1668 2444 1713 utero
2483 1665 2604 1713 ante
2637 1659 2909 1730 luciferum
2958 1660 3112 1730 genui
3142 1667 3206 1714 te.
3253 1658 3371 1716 Non
3402 1662 3783 1732 pratjudicatur

473 1773 741 1818 creatura.
773 1759 1027 1818 Christus
1067 1761 1214 1818 enim
1257 1762 1313 1818 in
1355 1762 1526 1817 forma
1553 1760 1651 1816 Dei
1689 1775 1932 1827 manens,
1963 1759 2079 1816 foro
2183 1755 2359 1805 autem
2390 1749 2634 1847 D‘eoiutﬂ
2660 1764 2807 1847 Siet“?
2832 1751 2944 1821 iam
2993 1750 3252 1847 duillius:
3282 1765 3380 1847 Ροξΐ
3413 1753 3778 1847 ίιιίιηηίιθεοιιι

477 1870 621 1910 mam
650 1855 792 1910 servi
819 1856 1066 1924 accepit:
1096 1863 1155 1910 et
1181 1854 1272 1924 qui
1303 1852 1359 1910 in
1388 1852 1562 1908 forma
1592 1853 1688 1909 Dei
1714 1860 1818 1918 est,
1847 1853 1893 1907 si
1922 1867 2074 1910 crea-

2185 1853 2386 1898 nostra:
2426 1842 2831 1914 intelligentiae;
2868 1853 2927 1899 ut
2965 1858 3064 1914 per
3095 1845 3172 1910 id,
3203 1845 3346 1914 quod
3395 1861 3458 1901 ea:
3497 1855 3642 1902 utero
3678 1842 3771 1918 ge-

480 1959 595 2005 tura
625 1958 710 2006 est
737 1990 754 2016 ,
787 1949 926 2004 Deus
964 1963 1072 2003 non
1101 1948 1277 2004 aberit
1300 1962 1332 2003 a
1357 1954 1629 2014 creatura,
1658 1947 1786 2018 quia
1813 1948 1868 2002 in
1901 1947 2075 2004 forma

2181 1938 2366 1994 nuisse
2406 1952 2466 1994 se
2502 1937 2640 1993 dixit
2680 1937 2855 2010 (Psal.
2900 1951 3012 2003 etx,
3041 1937 3122 2010 5),
3151 1953 3218 1993 ex
3261 1939 3503 2009 partibus
3550 1939 3784 1998 internis

483 2044 584 2101 Dei
622 2044 694 2099 sit
719 2051 988 2099 creatura.
1025 2042 1161 2098 Esse
1195 2050 1374 2098 autem
1405 2042 1460 2098 in
1496 2040 1669 2096 torma
1696 2040 1812 2108 Dei,
1837 2055 1945 2097 non
1973 2041 2079 2097 alia
2180 2029 2531 2102 externisque
2557 2045 2654 2102 rer
2677 2030 2918 2087 membra
2943 2032 3288 2101 coeuntibus.
3335 2041 3608 2105 tamquam
3655 2049 3782 2092 cor-

482 2133 835 2206 intelligentia
874 2141 982 2201 est,
1026 2147 1189 2204 quam
1222 2133 1273 2188 in
1299 2130 1396 2188 Dei
1435 2146 1657 2190 manere
1701 2141 1934 2188 natura:
1980 2147 2080 2203 per
2186 2125 2457 2194 poralium
2479 2138 2763 2180 causarum
2783 2124 3086 2195 originibus
3109 2127 3408 2182 consistat:
3459 2141 3584 2184 cum
3627 2138 3781 2184 extra

481 2228 626 2302 quod
675 2235 732 2284 et
776 2227 921 2284 Deus
967 2235 1217 2283 creatura
1259 2224 1424 2300 διε
1461 2234 1568 2293 est,
1615 2226 1741 2298 quia
1788 2227 1842 2282 in
1889 2235 2083 2282 natura
2184 2220 2514 2276 naturalium
2543 2219 2930 2276 necessitatum
2977 2233 3195 2275 causam
3225 2219 3367 2277 liber
3403 2233 3570 2294 atque
3617 2226 3784 2282 abso-

478 2325 600 2393 ejus
636 2323 710 2378 sit
738 2331 1012 2379 creatura.
1043 2321 1142 2391 Qui
1169 2329 1350 2378 autem
1377 2321 1444 2376 in.
1473 2320 1647 2380 forma
1679 2322 1772 2377 Dei
1799 2329 1936 2387 erat,
1971 2321 2082 2378 Deo

484 2429 544 2471 se
566 2413 830 2486 atqualem
856 2425 982 2470 esse
1006 2427 1115 2471 non
1144 2411 1362 2484 rapuit;
1388 2412 1510 2482 quia
1539 2426 1605 2468 ex
1629 2413 1725 2469 Dei
1753 2413 2080 2483 aequaiitate,

482 2507 657 2573 idest,
683 2521 749 2563 ex
782 2509 953 2563 forma
977 2505 1096 2577 ejus
1131 2506 1184 2560 in
1218 2505 1361 2560 servi
1389 2502 1619 2562 formam
1670 2504 1958 2562 decederet
1984 2505 2080 2577 (γ.

483 2600 577 2656 tib.
608 2616 684 2668 is,
706 2617 763 2654 rt.
796 2599 908 2672 14).
945 2597 1218 2654 Decedere
1245 2609 1426 2663 autem
1453 2613 1524 2654 ex
1557 2597 1670 2653 Deo
1701 2596 1756 2652 in
1784 2597 2080 2664 hominem,

481 2694 587 2750 nisi
633 2707 694 2749 se
743 2707 811 2750 ex
854 2691 954 2748 Dei
1005 2691 1177 2746 forma
1226 2690 1369 2747 Deus
1407 2704 1698 2756 evacuaus,
1732 2705 1840 2745 non
1887 2689 2080 2760 potuit.

483 2786 766 2844 Evacuans
808 2795 992 2842 autem
1020 2799 1080 2840 se
1119 2797 1230 2839 non
1275 2783 1508 2839 abolitus
1533 2792 1639 2848 est,
1690 2783 1768 2855 (b)
1795 2798 1863 2839 ne
1889 2792 2076 2849 esset;

481 2894 605 2936 cum
635 2885 785 2935 esset
807 2877 954 2933 aliud
979 2891 1140 2945 quam
1169 2874 1380 2934 fuisset.
1409 2874 1594 2945 Neque
1622 2874 1766 2930 enim
1789 2873 1988 2933 deiecit
2015 2890 2084 2933 es

482 2986 626 3038 sese,
655 2972 745 3043 qui
774 2986 836 3027 se
879 2970 1160 3028 ovaeuavit
1182 2971 1236 3025 in
1291 2984 1443 3026 sese:
1475 2985 1598 3028 cum
1645 2969 1861 3026 virtutis
1885 2967 1959 3043 (ε)
1987 2985 2084 3042 ρο-

484 3073 652 3122 testas
679 3066 842 3120 etiam
897 3061 951 3119 in
979 3061 1278 3120 evacuandi
1317 3077 1378 3118 se
1421 3072 1692 3133 putestate
1730 3068 2082 3133 permaneat;

482 3155 618 3212 etin
648 3154 879 3212 formam
909 3155 1057 3212 servi
1101 3154 1388 3222 transisse,
1435 3169 1546 3214 non
1589 3155 1663 3211 sit
1705 3164 1954 3214 naturam
1986 3153 2084 3212 Dei

2188 2316 2351 2381 lutus,
2381 2324 2591 2371 natura:
2619 2315 2782 2372 totius
2812 2305 3068 2372 dominus
3114 2332 3362 2386 manens,
3392 2320 3780 2389 proprietatem

2187 2407 2481 2463 nativitatis
2509 2405 2782 2479 Unigeniti
2802 2409 2885 2462 sui
2911 2422 2979 2464 ex
3008 2407 3411 2466 indemutabilis
3440 2421 3651 2467 natura:
3670 2427 3784 2469 suae

2187 2501 2380 2555 virtute
2394 2499 2760 2569 signiticet.Ex
2778 2501 2966 2570 spiritu
2983 2499 3517 2574 enim513spiritus
3531 2516 3779 2570 nascens,

2196 2593 2322 2649 licet
2351 2594 2418 2648 de
2449 2592 2777 2664 proprietate
2803 2593 3045 2663 Spiritus,
3076 2609 3173 2664 per
3201 2610 3362 2667 quam
3388 2611 3445 2650 et
3474 2598 3591 2668 ipse
3618 2599 3783 2668 spiri-

2187 2697 2274 2744 tus
2291 2696 2394 2755 est,
2429 2697 2678 2744 nascatur
2699 2711 2710 2738 τ.
2733 2702 2843 2744 non
2859 2695 3038 2743 tamen
3065 2687 3168 2743 alia
3182 2689 3230 2743 ei
3256 2698 3452 2759 praeter
3473 2707 3633 2760 quam
3663 2706 3788 2762 per-

2188 2781 2448 2838 lectarum
2477 2781 2558 2855 (li)
2595 2791 2759 2854 atque
2814 2781 3279 2838 indemutabilium
3320 2799 3608 2842 causarum
3637 2783 3786 2855 adid

2190 2874 2331 2946 quod
2365 2875 2604 2932 nascitur
2640 2889 2804 2932 causa
2850 2884 2952 2932 est.
2983 2875 3052 2932 Et
3076 2891 3140 2931 ex
3172 2891 3336 2933 causa
3381 2877 3509 2933 licet
3549 2879 3786 2950 pertenui

2189 2974 2351 3036 atque
2378 2967 2746 3024 indcmutabili
2793 2981 3040 3036 nascens,
3073 2983 3300 3025 necesse
3337 2981 3421 3025 est
3449 2987 3516 3026 ex
3538 2985 3700 3028 causa
3731 2972 3786 3028 in

2190 3073 2370 3115 causa:
2396 3060 2565 3132 ipsius
2608 3063 2939 3133 praprietate
2969 3073 3236 3119 nascatur.
3273 3063 3580 3133 Proprietas
3605 3074 3788 3122 autem

2196 3148 2555 3210 humanarum
2587 3153 2652 3226 (i)
2681 3157 3067 3212 necessitatum
3096 3155 3235 3210 intra
3261 3169 3456 3213 causas
3487 3157 3628 3214 uteri
3654 3172 3790 3215 con-

484 3232 814 3320 perdidissé
839 3262 962 3304 cum
1008 3245 1238 3303 formam
1283 3245 1379 3302 Dei
1423 3260 1716 3304 evacuassc
1759 3245 2086 3306 nihil-aliud
2112 3258 2158 3326 ρ
2192 3244 2412 3302 tinetur.
2437 3245 2545 3302 Sed
2573 3247 2685 3302 Deo
2707 3263 2814 3303 non
2861 3264 2926 3304 es
2984 3249 3226 3320 partibus
3271 3248 3340 3320 (ἰ)
3389 3249 3650 3322 perfecto,
3690 3253 3790 3309 sed

483 3355 645 3414 quam
671 3341 846 3404 virtus
875 3339 1072 3396 divinae
1096 3341 1168 3396 sit
1195 3339 1499 3412 potestatis.

556 3439 611 3496 7.
645 3435 788 3495 Filio
834 3438 1045 3494 debetur
1079 3436 1245 3492 honor
1271 3435 1484 3509 aqualis
1514 3432 1686 3491 Patria
1707 3465 1780 3478 —
1808 3433 1961 3491 Adeo
1988 3449 2084 3494 att-

485 3539 594 3588 tem
624 3533 680 3588 in
707 3531 878 3588 forma
905 3531 999 3586 Dei
1030 3545 1173 3597 esse,
1215 3529 1352 3586 nihil
1395 3527 1538 3586 aliud
1567 3536 1653 3586 est
1693 3543 1856 3599 quam
1897 3542 2083 3600 arqua-

485 3624 594 3683 lem
626 3625 739 3684 Deo
781 3641 940 3684 esse:
991 3634 1052 3681 ut
1093 3624 1374 3696 aequalitas
1421 3623 1644 3683 honoris
1675 3622 1906 3682 Domino
1954 3621 2083 3684 Iesu

483 3719 731 3789 Christo,
749 3721 840 3790 qui
870 3719 924 3774 in
952 3718 1126 3775 {arma
1145 3716 1242 3773 Dei
1266 3726 1372 3785 est,
1397 3715 1678 3786 debeatur,
1705 3716 1824 3786 ipso
1843 3715 2082 3775 dicente:

490 3809 560 3866 Ut
583 3827 758 3868 omnes
793 3811 1133 3881 honori/iacnt
1165 3806 1387 3878 Filium,
1434 3809 1565 3865 sicut
1592 3806 1939 3880 honoriﬁcam
1981 3807 2083 3863 Pa-

488 3917 636 3962 trem.
669 3907 773 3976 Qui
793 3923 900 3963 non.
921 3905 1234 3976 honoriﬁca:
1273 3901 1495 3969 Filium,
1523 3919 1628 3959 non
1650 3901 1954 3970 honoriﬁcat
1977 3901 2085 3957 Pa-

487 4010 616 4057 trem
641 4001 731 4074 qui
757 4001 894 4057 misit
933 4001 1086 4055 illum
1115 3998 1296 4071 (Joan.
1327 4015 1384 4066 v,
1410 3998 1530 4069 23).
1571 3997 1874 4068 Numquam
1905 3997 2086 4054 diver-

488 4093 624 4153 sitas
648 4109 854 4166 rerum,
904 4092 1010 4150 nisi
1037 4102 1094 4150 et
1121 4092 1202 4164 (ά)
1241 4093 1298 4149 in
1342 4094 1546 4151 honore
1584 4091 1804 4150 diverso
1829 4100 1935 4150 est.
1978 4092 2086 4151 Res

559 4277 641 4351 (ai
664 4273 1217 4351 Verba,gut_cogn_itus
1240 4276 1327 4351 sit,
1353 4291 1477 4351 quas
1492 4289 1689 4351 magno
1711 4290 1981 4334 consensu
1998 4276 2086 4333 lia-

475 4347 625 4405 ~bent
653 4363 784 4407 mss.
813 4349 927 4404 sola
957 4347 1124 4403 Miraei
1148 4347 1314 4418 editio
1341 4347 1952 4418 rétinuitIQnamquam
1997 4357 2084 4404 at-

485 4420 773 4478 tendentes
800 4419 932 4476 lllud
973 4418 1145 4489 Pauli,
1178 4417 1304 4490 Ipsa
1321 4431 1560 4490 creatura
1584 4417 1887 4490 liberabitur
1915 4438 1948 4475 a
1974 4436 2080 4475 ser-

491 4491 1055 4574 uitute_corruptionis,.
1079 4487 1290 4574 necnon
1318 4489 1422 4547 hoc
1447 4491 1664 4574 Allilarii,
1681 4487 1888 4574 7-Serqu
1913 4502 2084 4546 autem

485 4580 600 4617 cum
623 4564 708 4630 sit,
740 4563 943 4619 maneat
991 4563 1140 4616 etiam
1167 4563 1221 4615 in
1251 4563 1574 4632 corruptione
1600 4573 1821 4629 natum,
1856 4577 1953 4630 pro
1991 4577 2082 4618 co-

485 4637 660 4708 gnitus
687 4633 1078 4692 restituendum
1110 4647 1232 4689 esse
1258 4644 1532 4704 corruptus
1559 4633 1721 4690 dubio
1760 4633 1946 4706 procul
1979 4633 2078 4690 du-

486 4723 683 4762 minus.

561 4779 634 4849 (ὁ)
673 4777 836 4841 Editi,
864 4785 1043 4832 utnon
1069 4786 1231 4849 esset1
1261 4775 1483 4849 Aliquot
1510 4789 1646 4832 mss.
1691 4791 1757 4830 ne
1784 4791 1887 4831 non
1933 4787 2084 4832 esset.

487 4847 912 4908 Atv'etu'stinres
935 4857 1170 4919 necant.
1202 4847 1468 4903 Particula
1496 4863 1579 4914 ac,
1613 4861 1711 4919 pro
1730 4859 1783 4902 ut
1811 4864 1913 4904 non
1935 4849 2085 4905 Hila-

485 4921 572 4978 rio
595 4922 751 4978 valde
777 4917 1060 4976 fatniliaris
1091 4927 1194 4974 est.

561 4993 720 5066 (c)_ln
747 4990 893 5066 redit.
937 4989 1057 5066 Min.
1086 4987 1226 5044 utin
1276 5003 1426 5066 mss.
1463 4987 1584 5066 Vat.
1629 4989 1846 5066 hasLAetA
1872 4989 2088 5050 Martio.

486 5060 579 5121 hic
596 5060 847 5135 adjicitur
867 5079 994 5118 sum.
1020 5061 1346 5119 Potestatem
1374 5060 1520 5117 illam
1541 5061 1614 5117 ita
1645 5063 1699 5116 in
1722 5060 1940 5119 Christo
1965 5079 2088 5132 per-

488 5138 776 5200 mansisse,
806 5145 867 5190 ut
898 5149 962 5190 ea
995 5135 1165 5200 etiam
1206 5135 1478 5190 interdum
1507 5141 1769 5204 uteretur,
1821 5135 2088 5205 superiori

485 5207 631 5285 libro
651 5208 934 5285 probatum
963 5215 1051 5285 est
1077 5220 1225 5285 num.
1250 5206 1340 5285 ιβ.
1359 5273 1390 5285 ﬂ

558 5273 834 5351 (dilidam
861 5292 990 5336 mss.
1031 5277 1085 5333 in
1124 5277 1306 5333 honori
1337 5273 1627 5333 diversitate
1653 5285 1747 5330 est.
1779 5275 1844 5332 ν.
1882 5275 1975 5334 lib.
2005 5293 2082 5345 is,

487 5365 546 5406 ιι.
572 5350 665 5408 23.

559 5421 631 5494 (ρ)
659 5421 736 5478 lia
785 5434 918 5479 mss.
965 5417 1068 5476 nisi
1094 5417 1240 5494 quod
1295 5417 1349 5474 in
1381 5432 1491 5476 uno
1519 5418 1661 5494 _Vat.
1695 5419 1808 5474 bas.
1858 5417 2083 5494 Ornnino

488 5489 656 5548 autem
677 5509 926 5557 summus.
957 5501 1063 5549 etc.
1094 5489 1240 5551 Εάίιί
1263 5505 1414 5557 vero,
1441 5491 1565 5563 quia
1588 5501 1643 5544 ut
1667 5507 1896 5546 summus
1918 5490 2083 5547 honor

490 5566 697 5639 indigne
722 5564 1052 5633 inferioribus
1092 5564 1342 5636 defertur,
1368 5566 1440 5618 ita
1476 5578 1591 5618 cum
1611 5563 1938 5632 contumelia,
1969 5573 2077 5622 etc.

2108 4697 2163 4757 D

2189 3339 2559 3398 indemutabili
2601 3357 2700 3412 per
2742 3344 2991 3414 spiritum
3015 3386 3032 3413 ,
3079 3345 3203 3416 quia
3244 3345 3390 3402 Deus
3435 3348 3658 3418 spiritus
3699 3358 3788 3406 est

2189 3436 2372 3510 (Joan.
2393 3439 2596 3509 mit),
2619 3454 2727 3497 non
2741 3451 2824 3496 est
2849 3441 3183 3498 internarum
3214 3455 3501 3500 causarum
3527 3446 3788 3502 naturalis

2189 3530 2505 3590 necessitas.
2569 3533 2676 3590 Sed
2719 3537 2844 3606 quia
2872 3535 3028 3594 nobis
3075 3539 3298 3608 spiritus
3316 3539 3387 3598 de
3415 3543 3607 3614 spiritu
3651 3545 3792 3601 nati-

2191 3624 2411 3680 vitatem
2464 3626 2816 3696 praedicabat,
2867 3642 3086 3687 sensum
3115 3641 3360 3690 nostrum
3387 3633 3468 3706 (It)
3495 3651 3781 3696 causarum

2189 3726 2498 3776 nostrarum
2527 3720 2762 3779 instituit
2789 3724 3078 3796 exemplo;
3110 3740 3218 3782 nou
3240 3729 3294 3784 in
3319 3731 3627 3803 exemplum
3651 3733 3790 3790 nati-

2186 3813 2392 3880 vitatis,
2423 3813 2519 3871 sed
2542 3815 2610 3871 ad
2639 3815 3049 3889 intelligentiam
3079 3823 3477 3890 generationis,
3505 3834 3562 3880 ut
3591 3837 3778 3880 exem-

2186 3905 2334 3978 plum
2363 3893 2494 3963 illud
2518 3923 2626 3964 non
2645 3909 2714 3964 ad
2742 3911 3120 3967 necessitatem
3147 3914 3411 3983 proﬁciat,
3437 3915 3535 3974 sed
3561 3917 3627 3974 ad
3657 3934 3784 3974 sen-

2188 4013 2333 4055 sum.
2357 3999 2414 4056 Si
2436 3999 2601 4072 igitur
2638 4002 2848 4057 creatio
2877 4012 2963 4059 est
3009 4004 3314 4076 unigenitus
3347 4007 3489 4065 Deus
3523 4027 3537 4064 :
3571 4020 3625 4065 et
3654 4011 3785 4081 quid

2189 4091 2291 4148 sibi
2322 4091 2436 4148 vult
2479 4093 2805 4165 signiﬁcatio
2845 4094 3246 4167 intelligentiae,
3275 4113 3396 4169 quia
3423 4115 3522 4173 per
3549 4116 3781 4160 consue-

2189 4275 2311 4332 Vat.
2337 4275 2476 4352 bas.,
2500 4276 2692 4344 Corb.,
2723 4278 2961 4352 Remig.,
2985 4280 3200 4341 Martin.
3229 4292 3334 4342 etc.
3367 4289 3717 4348 restituentes
3742 4293 3786 4347 si

2187 4358 2244 4404 ut
2265 4351 2489 4436 erratio,
2502 4352 2826 4436 particulam
2855 4351 3074 4436 itaante
3098 4366 3150 4409 ut
3174 4358 3390 4436 tacitam
3413 4361 3782 4436 intelligimus,

2189 4431 2348 4505 puta,
2387 4422 2565 4505 si'ita‘
2598 4438 2686 4493 per
2712 4426 3085 4481 venerationem
3125 4430 3472 4499 cquuabitur
3515 4422 3687 4501 Patri,
3731 4422 3786 4491 ιιὶ

2189 4502 2380 4550 creatt‘o
2403 4503 2491 4562 stt,
2515 4502 2618 4550 etc.

2230 4587 2337 4671 .(g)
2366 4585 2426 4644 In
2480 4588 2731 4672 vulgatis,
2756 4607 2863 4672 qua
2905 4592 3252 4672 eaequabitur.
3303 4591 3423 4651 Non
3460 4605 3637 4654 exstat
3681 4615 3784 4672 qua

2188 4660 2294 4716 nisi
2322 4660 2376 4714 in
2407 4675 2513 4715 uno
2544 4676 2648 4716 ms.
2673 4660 2829 4718 Colb.
2862 4660 3017 4720 valde
3045 4677 3316 4733 suSchto.

2263 4750 2343 4831 (ἡ)
2388 4751 2480 4831 llis
2509 4751 2724 4831 Lipsius
2749 4754 3041 4831 substituit,
3072 4758 3310 4831 perlecta:
3331 4761 3786 4831 atqucirtdemuta-

2188 4821 2331 4906 bilis,
2355 4821 2690 4906 substantiae;
2741 4827 2884 4896 quod
2911 4821 3179 4906 Erasinus
3196 4830 3254 4906 in_
3262 4821 3520 4906 margine
3541 4835 3784 4906 adscrip-

2188 4903 2356 4960 serat,
2395 4895 2606 4961 Hilarii,
2635 4905 2694 4952 ut
2714 4895 2868 4969 puto,
2914 4915 3134 4955 sensum
3163 4895 3428 4971 indicans',
3459 4919 3566 4960 non
3595 4895 3780 4961 verba.

2272 4984 2536 5072 (i)._l.ips.
2585 4996 2641 5072 et
2684 4989 2920 5072 Dura-ex
2944 4991 3150 5072 Erasmi
3177 4996 3788 5072 marginejiumanornm

2191 5060 2541 5115 natioitatum:
2588 5061 2956 5118 obnitcntihus
2978 5065 3228 5120 munibus
3260 5060 3388 5121 υἷες.
3421 5067 3787 5127 Necessitates

2193 5133 2280 5186 hic
2308 5142 2588 5206 vocantur,
2649 5149 2767 5202 quin
2801 5133 2882 5206 ad
2929 5135 3161 5206 aliquem
3196 5136 3446 5194 etinctum
3476 5145 3786 5198 necessario

2191 5203 2494 5284 secundum
2545 5215 2749 5284 natura:
2799 5205 2946 5274 leges
2997 5203 3361 5284 requiruntur.
3428 5209 3614 5282 ltaque
3665 5221 3787 5284 post

2191 5273 2357 5331 verba
2379 5317 2394 5338 ,
2415 5274 2750 5353 _Pro_prietas
2797 5273 2990 5353 autent
3012 5273 3355 5335 litt—manarum
3403 5273 3783 5353 necessitatum,

2189 5361 2297 5431 non
2329 5346 2469 5403 male
2491 5350 2672 5403 animo
2693 5349 3024 5420 suppleveris
3049 5392 3063 5414 .
3115 5354 3315 5409 ratione
3342 5354 3514 5409 habita
3539 5355 3610 5409 ad
3629 5346 3781 5428 gens;

2182 5428 2454 5474 rationem.

2258 5488 2408 5564 (j)ln
2434 5503 2535 5545 ms.
2571 5491 2783 5547 Martia.
2819 5497 3068 5565 proferto.

2277 5579 2352 5654 (li)
2382 5581 2604 5638 Erasmo
2647 5585 2817 5654 magis
2845 5585 3119 5650 arriscrat,
3163 5588 3553 5654 qenri'ationum
3583 5598 3787 5646 nostra-

567 5656 638 5731 (ί)
671 5659 762 5732 Er.
797 5658 998 5732 etAMir.
1039 5672 1173 5732 cum
1215 5657 1422 5728 aliquot
1457 5655 1850 5732 recentioribus
1877 5673 2008 5732 mss.
2051 5659 2098 5714 si
2202 5669 2353 5708 rum:
2387 5655 2526 5732 quod
2553 5654 2750 5732 [lustra
2782 5655 2995 5726 Lipsius
3018 5674 3083 5712 ex
3108 5657 3252 5713 illius
3279 5661 3518 5732 margine
3539 5663 3787 5732 arripuit,

500 5726 808 5801 con'rreatio.
849 5730 996 5800 Lips.
1035 5742 1088 5785 et
1128 5726 1424 5801 Paracum
1468 5731 1694 5801 antiquo
1736 5730 2022 5801 ins._(.‘olh.
2049 5733 2096 5786 si
2201 5741 2304 5780 nec
2358 5726 2498 5794 apud
2556 5726 2675 5801 Par.
2709 5736 2986 5782 correctus
3009 5742 3110 5784 est.
3164 5733 3231 5786 At
3258 5726 3512 5788 certc'lt'tc
3543 5726 3788 5788 non'tani

506 5803 711 5856 creatio.
761 5799 1171 5865 Vindocinensis
1197 5799 1391 5865 codex,
1417 5801 1550 5857 sicut
1591 5799 1800 5857 erectio.
1834 5799 1954 5858 Non
1979 5801 2095 5856 dis-

510 5875 754 5946 pliceret,
784 5873 829 5931 si
871 5875 946 5930 sic
993 5881 1051 5930 ut
1073 5873 1281 5930 creatio.
1312 5863 1555 5946 Namque
1582 5886 1649 5930 es
1700 5871 1829 5931 Bad.
1877 5881 1935 5933 et
1960 5887 2094 5932 mss.

2203 5809 2389 5925 Ἧι.ιίηο
2432 5805 2516 5851 εει
2555 5799 2622 5854 de
2640 5801 3002 5870 generationis
3025 5811 3145 5857 actu
3173 5842 3188 5868 ,
3235 5818 3395 5871 quam
3425 5803 3496 5861 de
3525 5804 3789 5860 materiali

2203 5881 2216 5925 I
2262 5883 2343 5925 ius
2363 5881 2543 5925 causa.

2201 5881 2343 5926 111108
2363 5881 2543 5930 causa.
