4266 6460
486 364 584 428 ιιι

1668 362 1753 418 DE
1792 357 2167 418 TRINITATE
2198 358 2399 417 LIBER
2440 358 2550 415 XII.

3661 357 3771 412 442’.

486 500 607 541 mus
633 483 780 540 enim
811 481 1104 556 aliquando
1153 481 1249 539 filii
1280 479 1575 539 iracundia}
1624 479 1846 551 (Epiros.
1875 494 1935 547 ιι,
1966 480 2066 552 3);
2095 489 2150 551 Α
2175 478 2289 536 lilio
2319 476 2487 534 Israel
2514 475 2789 547 proprium
2818 482 3003 543 esset,
3050 474 3195 545 quod
3224 474 3611 546 primogenitus
3634 483 3718 529 est
3747 518 3762 543 ,

488 577 585 636 scd
616 578 710 633 lilii
737 577 848 634 Deo
877 592 975 649 per
1001 576 1251 648 spiritum
1295 576 1605 645 adoptionis
1628 573 1829 637 ellecti,
1871 583 1928 629 et
1962 571 2069 628 diei

484 669 540 727 id
567 684 837 726 meremur
880 671 1061 742 potius
1114 685 1275 740 quam
1308 670 1599 724 nascimur.
1647 668 1715 724 Et
1748 668 1872 740 quia
1909 679 2071 723 omne

482 762 625 834 quod
657 762 737 829 lit,
764 772 888 818 ante
917 777 1077 834 quam
1108 763 1219 830 liat,
1253 777 1359 818 non
1391 762 1489 817 luit
1522 780 1537 827 ;
1572 776 1671 816 nos
1697 776 1818 818 cum
1845 760 1938 816 lilii
1963 774 2069 815 non

478 853 792 922 fuissemus,
822 854 963 910 adid
990 855 1134 928 quod
1159 870 1351 910 smnus
1389 852 1683 911 efﬁcimur.
1736 855 1876 911 Ante
1922 853 2070 909 enim

481 948 576 1007 lilii
606 962 714 1004 non
740 962 997 1005 eramus:
1025 947 1122 1005 sed
1153 958 1276 1019 post
1322 962 1485 1018 quam
1517 946 1816 1003 meruimus
1845 947 1947 1001 hoc
1978 960 2070 1001 su-

480 1055 623 1097 mus.
669 1038 869 1097 Sumus
893 1048 1074 1097 autem
1099 1054 1208 1096 non
1233 1039 1365 1109 nati,
1396 1039 1490 1096 sed
1519 1040 1681 1105 laeti;
1712 1053 1888 1111 neque
1907 1053 2071 1110 gene-

481 1134 608 1200 rati,-
633 1133 1019 1205 sedsequisiti.
1060 1132 1359 1205 Acquisivit
1408 1134 1555 1189 enim
1601 1132 1705 1189 sibi
1731 1130 1873 1188 Deus
1903 1145 2071 1203 popu-

478 1227 591 1285 lum
643 1227 834 1301 (ΙΡει.
867 1244 945 1296 ιι,
976 1227 1077 1297 9):
1118 1240 1177 1286 et
1228 1245 1326 1299 per
1383 1230 1485 1285 hoc
1527 1230 1728 1299 genuit.
1805 1227 2070 1287 Genuisse

476 1329 660 1377 autem
691 1321 859 1378 Deam
891 1320 1052 1390 lilios,
1084 1336 1375 1393 numquam
1402 1336 1524 1377 cum
1568 1322 1910 1394 proprietatis
1961 1322 2069 1392 sig-

479 1410 795 1470 uitiatione
815 1415 1219 1485 cognoscimus.
1259 1413 1374 1470 Non
1402 1414 1548 1471 enim
1575 1416 1649 1471 ait
1674 1433 1688 1471 :
1718 1415 1887 1471 Filios
1916 1430 2067 1472 meos

479 1506 639 1577 genui
676 1517 731 1564 et
754 1507 986 1563 exaltari
1015 1524 1031 1563 :
1073 1506 1171 1565 sed
1195 1505 1300 1564 hoc
1330 1518 1536 1564 tantum
1566 1526 1582 1565 :
1633 1507 1800 1564 Filios
1842 1510 1993 1581 geniti
2016 1519 2067 1565 et

476 1600 698 1657 exaltari
727 1599 897 1670 (Esai.
928 1600 1076 1673 1,2).

549 1695 637 1749 it.
688 1692 923 1765 Objectio
945 1694 1086 1767 quod
1111 1693 1283 1751 Israel
1300 1704 1350 1751 et
1377 1695 1620 1766 preprins
1650 1696 1855 1751 dicatur
1878 1706 1926 1751 et
1951 1697 2061 1768 {ac-

474 1799 575 1845 tas.
601 1817 672 1829 ——
700 1786 812 1842 Nisi
844 1786 985 1844 forte
1008 1789 1063 1845 in
1091 1802 1160 1845 eo
1180 1788 1327 1859 quod
1351 1788 1429 1845 ait
1453 1806 1469 1842 :
1500 1787 1672 1844 Filius
1699 1791 2068 1861 primogenita

2178 571 2253 642 (ε)
2283 579 2412 627 nato
2439 584 2570 627 vero
2597 570 2687 625 uni
2721 569 2830 624 Deo
2850 568 3196 625 manifestum
3224 570 3295 623 sit
3320 568 3594 638 proprium
3623 581 3767 637 esse,

2174 668 2316 741 quod
2347 669 2487 725 illius
2515 669 2605 723 sit.
2672 667 2788 725 Non
2818 677 2902 723 est
2949 670 3129 738 itaque
3170 680 3296 721 vera
3324 674 3378 721 et
3401 667 3640 738 perlecta
3669 680 3766 721 na-

2174 762 2377 826 tivitas,
2410 761 2499 816 ubi
2528 760 2819 832 deputatur
2847 759 3038 832 magis,
3079 773 3241 829 quam
3263 766 3553 829 generatur
3581 776 3593 789 ’
3636 755 3763 829 quia

2174 870 2281 912 non
2308 854 2618 927 ambiguum
2647 863 2731 909 est
2754 868 2877 908 eum
2902 852 3160 923 populum
3185 894 3198 918 ,
3232 850 3327 922 qui
3354 850 3408 906 in
3441 849 3611 905 tilium
3641 864 3767 905 nas»

2172 960 2347 1020 catur,
2369 961 2425 1007 et
2449 950 2587 1007 ﬁeri.
2630 949 2785 1016 Quod
2813 960 2993 1004 autem
3022 948 3080 1003 lit
3117 962 3239 1003 cum
3284 959 3393 1001 non
3438 945 3629 1001 fuisset
3654 987 3669 1009 ,
3709 954 3769 1000 et

2174 1059 2272 1118 per
2314 1044 2367 1101 id
2396 1043 2539 1116 quod
2565 1041 2763 1099 factum
2788 1050 2875 1097 est
2901 1039 3101 1097 dicitur
3130 1038 3277 1095 nasci
3306 1054 3324 1103 ;
3366 1046 3475 1093 non
3497 1045 3588 1093 est
3623 1035 3679 1092 in
3700 1051 3769 1093 eo

2172 1154 2301 1195 vera
2326 1138 2597 1207 nativitas,
2621 1137 2745 1208 quia
2775 1145 2903 1191 ante
2925 1132 3068 1189 aliud
3085 1147 3246 1204 qnam
3264 1140 3450 1188 natum
3464 1140 3551 1187 est
3579 1128 3761 1186 luerit.

2175 1234 2239 1290 Et
2261 1234 2461 1290 idcirco
2488 1232 2573 1302 (ά)
2602 1245 2709 1287 non
2738 1230 2837 1287 luit
2862 1231 2941 1301 (‘5)
2984 1238 3271 1299 antequam
3300 1232 3616 1282 nasceretur
3644 1266 3660 1291 ,
3709 1223 3763 1280 id

2171 1335 2293 1393 est,
2331 1334 2617 1396 antequam
2645 1324 2836 1379 lieret:
2882 1320 3004 1395 quis
3055 1321 3146 1391 qui
3204 1335 3269 1375 ex
3320 1317 3574 1390 gentibus
3621 1314 3764 1372 ilius

2171 1427 2275 1486 est,
2299 1433 2433 1489 gens
2463 1426 2547 1472 est
2566 1425 2695 1472 ante
2717 1430 2877 1487 quam
2909 1414 3085 1469 titius:
3110 1414 3183 1483 (e)
3209 1428 3274 1468 ae
3302 1427 3400 1481 per
3424 1410 3479 1467 id
3507 1424 3615 1466 non
3638 1424 3766 1466 vere

2174 1512 2337 1577 lilius,
2357 1510 2483 1583 quia
2510 1525 2615 1566 non
2644 1524 2862 1579 semper
2885 1508 3048 1563 titius.
3078 1505 3396 1576 Unigenitus
3424 1512 3605 1559 autem
3622 1501 3764 1558 Deus

2173 1619 2349 1678 neque
2389 1619 2496 1660 non
2531 1604 2603 1676 (f)
2636 1602 2735 1658 luit
2754 1600 3046 1672 aliquando
3072 1613 3178 1655 non
3208 1597 3352 1655 illius
3380 1639 3398 1658 .
3457 1609 3633 1669 neque
3660 1595 3762 1652 luit

2172 1696 2371 1768 aliquid
2415 1705 2544 1752 ante
2575 1709 2736 1765 quam
2756 1693 2920 1760 ﬁlius,
2967 1705 3143 1762 neque
3186 1691 3477 1761 quidquam
3532 1688 3613 1762 (ς)
3662 1688 3761 1745 ali-

2171 1790 2299 1860 quid
2331 1791 2447 1859 ipse
2490 1788 2594 1843 nisi
2618 1786 2780 1844 lilins.
2825 1788 3002 1855 Atque
3030 1784 3103 1840 ita
3132 1783 3227 1854 qui
3249 1796 3465 1854 semper
3492 1792 3575 1838 est
3597 1781 3760 1849 lilius,

475 1898 618 1937 meas
647 1879 814 1937 Israel
840 1878 1039 1954 (Exod.
1084 1898 1159 1948 tv,
1186 1880 1285 1954 22)
1306 1925 1321 1947 ,
1350 1882 1629 1954 quisquam
1656 1885 1761 1940 hoc
1783 1884 1927 1955 quod
1958 1886 2067 1953 ντί-
2096 1894 2146 1955 B
2172 1886 2255 1959 (ι)
2286 1899 2392 1940 ιιοιι
2432 1884 2653 1956 reliquit
2678 1882 2730 1939 id
2752 1882 2820 1938 de
2844 1896 2904 1938 se
2934 1879 3329 1952 intelligentia,
3374 1891 3444 1934 ne
3469 1875 3763 1949 aliquando

474 1974 764 2045 mogenitns
789 1989 932 2029 mens
958 1972 1115 2039 dixit,
1143 1974 1209 2029 ad
1234 1974 1624 2031 detrahendam
1653 1976 1796 2032 Filio
1822 1978 2064 2047 pr0prie-

475 2076 638 2122 tatcm
684 2066 1051 2138 generationis
1087 2067 1390 2139 intelliget;
1438 2078 1499 2123 ιιι
1543 2069 1667 2140 quia
1698 2078 1753 2126 et
1791 2071 1863 2127 de
1900 2069 2063 2127 Israel

474 2157 678 2215 dixerit
712 2175 878 2227 utens,
922 2158 1223 2231 assumptio
1246 2159 1509 2215 laetorum
1538 2160 1773 2217 ﬁliorum
1803 2176 1901 2233 pro
1928 2162 2065 2217 nati-

473 2253 655 2309 vitatis
678 2251 1006 2323 proprietate
1058 2261 1313 2325 usurpata
1363 2251 1485 2309 sit?
1540 2264 1595 2309 et
1630 2253 1833 2311 idcirco
1865 2268 1972 2311 non
1993 2253 2064 2309 sit

473 2347 739 2405 nativitati
768 2346 864 2404 Dei
895 2346 1194 2418 proprium,
1216 2346 1359 2419 quod
1380 2346 1450 2403 de
1471 2363 1537 2403 eo
1566 2348 1771 2405 dictum
1800 2358 1889 2404 est
1913 2366 1928 2403 :
1962 2346 2065 2402 Hic

476 2451 554 2498 est
580 2441 724 2513 ﬁlias
767 2456 913 2495 mens
937 2439 1156 2495 dilectus
1179 2439 1395 2511 (Matth.
1427 2456 1558 2509 xvn,
1595 2441 1650 2512 5)
1681 2458 1694 2507 ;
1758 2457 1880 2497 cum
1922 2456 2066 2495 ineas

472 2533 636 2591 etiam
665 2532 776 2588 illis
823 2533 1101 2604 proprium
1141 2547 1262 2589 esse
1286 2532 1500 2589 dicatur
1523 2576 1539 2601 ,
1575 2548 1713 2606 quos
1761 2550 1871 2593 non
1910 2547 2067 2592 natos

473 2642 599 2684 esse
626 2625 968 2683 manifestum
1018 2634 1123 2682 est.
1184 2625 1303 2683 Non
1342 2638 1499 2684 natos
1525 2638 1706 2684 autem
1728 2644 1853 2685 esse
1880 2670 1898 2694 ,
1940 2628 2067 2684 licet

472 2722 584 2777 nati
608 2734 732 2777 esse
756 2719 1025 2786 dicantur,
1050 2720 1132 2778 vel
1154 2734 1224 2776 ex
1244 2735 1313 2776 eo
1340 2723 1566 2778 docetur
1588 2736 1709 2778 cum
1730 2721 2066 2789 dieitur,l’o-

472 2814 596 2885 palo
622 2814 711 2883 qui
734 2821 993 2879 nascetur,
1018 2828 1167 2883 quem
1193 2813 1314 2882 [erit
1340 2813 1589 2870 Dominus
1609 2815 1781 2885 (Psal.
1808 2832 1919 2885 xxi,
1947 2817 2061 2889 52).

544 2908 632 2964 15.
664 2904 834 2963 Israel
858 2922 959 2961 non
992 2906 1231 2977 proprius
1259 2907 1400 2977 ﬁlius
1420 2950 1436 2974 ,
1486 2909 1579 2964 sed
1604 2912 1846 2981 proprius
1873 2911 2067 2981 primo-

468 3001 692 3073 genitus.
734 2998 853 3055 Non
881 3010 957 3055 est
981 3000 1192 3071 proprie
1216 3001 1359 3072 ﬁlius
1382 3003 1468 3072 qui
1490 3003 1701 3058 sitcum
1730 3020 1833 3059 non
1860 3006 2058 3076 fuisset.

470 3124 543 3138 --
574 3094 716 3167 Ergo
743 3096 973 3165 populus
1000 3096 1161 3150 Israel
1188 3097 1275 3167 (l)
1302 3098 1542 3153 nascitur
1570 3099 1675 3171 (η),
1724 3108 1783 3156 ιιι
1808 3100 1900 3156 liat
1928 3120 1941 3155 :
1970 3116 2065 3158 ne—

470 3202 578 3259 que
602 3202 698 3259 per
722 3186 777 3242 id
804 3185 947 3258 quod
969 3187 1120 3244 nasci
1146 3187 1370 3257 dicitur,
1412 3204 1522 3245 non
1550 3190 1718 3266 διε
1744 3192 2064 3265 intelligitur

2166 1994 2273 2034 non
2308 1977 2485 2032 fuerit.

2238 2072 2328 2128 16.
2359 2072 2529 2128 Rebus
2552 2070 2789 2125 huntanis
2811 2083 3075 2124 commune
3093 2074 3165 2122 est
3189 2066 3468 2137 aliquando
3491 2067 3763 2137 nonfuisse

2165 2172 2213 2218 et
2242 2179 2307 2218 ex
2330 2164 2493 2217 nihilo
2516 2177 2643 2217 esse.
2675 2190 2748 2203 —
2801 2160 2871 2216 Et
2896 2160 3206 2216 nativitates
3250 2158 3470 2228 quidem
3501 2156 3755 2214 humana:

2168 2254 2367 2311 habent
2402 2258 2455 2310 in
2484 2267 2727 2327 tempore
2757 2269 2863 2309 non
2896 2253 3103 2309 fuisse:
3149 2254 3381 2322 primum
3420 2250 3544 2337 quia
3568 2263 3760 2308 omnes

2165 2366 2235 2408 ex
2265 2350 2349 2406 his
2368 2350 2643 2415 omnibus,
2676 2350 2766 2422 qui
2786 2360 2911 2405 ante
2930 2348 3009 2422 (5)
3036 2362 3143 2405 non
3174 2348 3258 2421 (li)
3281 2346 3501 2412 fuerint.
3530 2358 3760 2402 nascan—

2169 2458 2275 2504 tur.
2315 2446 2449 2504 Nam
2489 2432 2703 2503 tametsi
2753 2446 3042 2517 unicuique
3085 2445 3421 2503 nascentium
3463 2458 3529 2502 ex
3577 2457 3647 2501 eo
3684 2442 3758 2499 sit

2166 2544 2321 2612 origo
2347 2544 2439 2613 qui
2463 2539 2649 2607 fuerit;
2692 2549 2874 2596 tamen
2916 2541 3034 2611 ipse
3063 2539 3188 2604 ille.
3244 2553 3310 2595 ex
3340 2552 3449 2611 quo
3493 2539 3753 2605 nascitur,

2168 2651 2275 2690 non
2305 2634 2404 2691 fuit
2430 2645 2555 2691 ante
2582 2651 2743 2706 quam
2766 2645 2924 2691 natus
2945 2644 3047 2691 est.
3106 2634 3313 2690 Dehinc
3337 2637 3454 2704 ipse
3481 2633 3573 2706 qui
3597 2642 3755 2689 natus

2166 2738 2271 2796 est,
2305 2737 2423 2802 post
2453 2746 2613 2799 quam
2642 2746 2749 2786 non
2782 2730 2879 2785 fuit
2907 2738 3066 2785 natus
3085 2738 3189 2796 est,
3223 2736 3466 2797 tempore
3491 2737 3619 2785 ante
3644 2740 3756 2785 me»

2169 2832 2350 2889 nente,
2381 2837 2541 2895 quam
2572 2824 2829 2879 nascitur.
2909 2822 3146 2879 Nasceris
3186 2824 3329 2877 enim
3358 2820 3519 2878 hodie
3544 2862 3560 2888 ,
3608 2819 3659 2875 in
3687 2835 3756 2876 eo

2165 2920 2311 2993 quod
2341 2919 2651 2975 hesternum
2677 2920 2778 2976 l‘uit
2805 2935 2911 2975 non
2938 2918 3067 2983 fuit;
3127 2928 3182 2973 et
3204 2918 3257 2974 in
3289 2918 3340 2974 id
3362 2917 3505 2988 quod
3542 2924 3646 2980 est,
3686 2931 3755 2973 ex

2164 3024 2233 3066 eo
2254 3009 2398 3082 quod
2420 3024 2527 3067 non
2554 3008 2674 3077 fuit,
2701 3011 2887 3082 coepit,
2919 3019 2974 3066 et
3016 3010 3154 3064 intra
3196 3007 3606 3079 intelligentiam
3642 3021 3747 3063 no-

2164 3112 2333 3159 stram
2357 3111 2443 3161 est
2464 3144 2480 3169 ,
2544 3103 2803 3159 hesterno
2829 3102 2880 3159 id
2906 3144 2923 3171 ,
2962 3102 3103 3171 quod
3151 3100 3311 3158 hodie
3341 3103 3601 3169 nascitur,
3644 3116 3752 3157 non

2162 3197 2349 3254 fuisse.
2383 3197 2558 3267 Atque
2582 3195 2744 3272 41⁸1
2784 3198 2854 3253 ita
2885 3197 3135 3251 nativitas
3165 3196 3303 3265 ejus,
3334 3211 3430 3269 per
3457 3211 3619 3267 quam
3647 3206 3751 3260 est,

467 3291 521 3334 et
552 3277 692 3334 lleri.
737 3279 814 3333 Ex
846 3278 1137 3350 adeptione
1162 3281 1308 3335 enim
1334 3291 1417 3336 est
1443 3282 1607 3350 filius,
1654 3300 1760 3339 non
1800 3300 1866 3340 ex
1894 3299 2061 3357 gene—
2086 3280 2133 3343 C
2166 3297 2286 3360 post
2316 3288 2370 3346 id
2394 3288 2539 3361 quod
2563 3305 2669 3346 non
2687 3290 2785 3346 fuit
2800 3298 2979 3345 manet
3005 3305 3019 3351 ;
3045 3288 3168 3360 quia
3192 3289 3353 3346 hodie
3373 3290 3604 3357 primum
3632 3298 3756 3359 post

469 3373 711 3439 ratione;
758 3387 934 3444 neque
953 3374 1003 3427 ei
1057 3373 1403 3443 preprietas,
1440 3376 1536 3430 sed
1586 3378 1913 3447 nuncupatio
1955 3388 2056 3435 est.

466 3463 600 3523 Nam
633 3466 760 3522 licet
781 3466 1150 3535 primogenitus
1176 3482 1317 3521 mens
1335 3466 1404 3522 de
1426 3483 1494 3524 eo
1524 3469 1786 3541 scriptum
1809 3471 1878 3526 sit
1904 3488 1920 3538 ;
1944 3470 2064 3527 lon-

463 3574 532 3632 ge
562 3569 742 3615 tamen
774 3558 1111 3630 multumque
1139 3557 1341 3625 dill‘ert,
1369 3558 1537 3616 Filius
1574 3579 1716 3619 naeus
1734 3563 1969 3632 dilectas,
2005 3576 2062 3623 et

466 3650 639 3708 Filius
682 3651 1050 3723 primogenita
1087 3668 1247 3709 naeus.
1324 3651 1423 3710 Ubi
1462 3655 1608 3711 cnim
1649 3657 1900 3714 nativitas
1933 3668 2057 3726 est,

467 3743 541 3802 ibi
590 3742 762 3800 Filius
803 3761 945 3800 mens
990 3745 1243 3801 dilectus:
1300 3747 1388 3805 ubi
1437 3763 1567 3804 vero
1615 3749 1812 3808 electio
1840 3766 1908 3807 ex
1929 3766 2061 3821 gen-

466 3837 612 3893 tibus
670 3845 787 3905 est,
868 3843 924 3892 et
988 3835 1207 3907 adoptio
1259 3854 1357 3909 per
1406 3840 1741 3897 voluntatem
1792 3852 1908 3909 est,
1986 3843 2062 3900 ibi

466 3929 637 3986 Filius
663 3930 1031 4003 primogenitus
1056 3947 1218 3986 meas.
1262 3933 1359 3987 llic
1386 3933 1531 4004 quod
1556 3949 1685 3991 suns
1704 3945 1812 4003 est,
1859 3936 1927 3993 ad
1952 3939 2062 4008 pri-

465 4023 797 4095 mogenitum
824 4032 941 4081 est:
991 4022 1101 4080 illic
1146 4024 1288 4094 quod
1315 4040 1446 4080 suus
1473 4035 1560 4081 est
1587 4067 1604 4094 ,
1652 4028 1720 4083 ad
1751 4028 1919 4086 lilium
1944 4042 2048 4087 est.

478 4116 557 4192 (Ξ)
591 4116 659 4175 Et
683 4116 739 4172 in
762 4116 1044 4173 nativitate
1070 4116 1148 4190 (ὁ)
1180 4117 1322 4173 lilius
1351 4119 1582 4189 primum
1613 4134 1743 4176 suus
1787 4130 1842 4177 et
1861 4123 1942 4178 sic
1967 4122 2051 4178 di-

464 4209 681 4276 lectus;
730 4218 787 4268 et
814 4209 868 4266 in
898 4209 1165 4267 electione
1206 4210 1349 4266 [ilius
1375 4212 1609 4283 primum
1642 4215 2050 4286 primogenitus,

460 4305 617 4363 etsic
638 4316 824 4378 postea
852 4319 1019 4362 suus:
1066 4311 1147 4372 ut,
1171 4304 1430 4377 adoptato
1468 4321 1536 4361 ex
1564 4306 1814 4363 omnibus
1842 4309 2054 4378 populis

533 4468 924 4567 militum
952 4479 1088 4537 tum,
1119 4484 1281 4538 neque
1304 4483 1395 4542 per
1418 4468 1476 4525 id
1495 4469 1633 4539 quod
1657 4472 1902 4540 nascitur,
1942 4488 2046 4529 non
2070 4505 2124 4567 Ι)

454 4543 791 4615 intelligetur.

530 4612 713 4688 (2)157
731 4615 787 4670 in
805 4615 1069 4671 natisitate
1093 4612 1224 4686 ﬁlii;
1258 4627 1405 4681 mox,
1433 4622 1480 4669 et
1500 4614 1555 4669 in
1574 4614 1819 4672 electione
1843 4617 1962 4687 ﬁlii.

531 4751 607 4827 (ο)
642 4752 944 4827 Exemplar.
969 4751 1094 4811 Vat.
1119 4751 1352 4827 bas._bic
1384 4766 1575 4827 priese
1594 4749 1836 4827 lertita;
1894 4752 2042 4827 quod

457 4823 677 4883 tacitum
708 4823 1008 4897 intelligere
1060 4833 1161 4897 est.
1225 4824 1467 4881 Subinde
1497 4825 1550 4879 in
1582 4823 1828 4895 pluribus
1854 4824 2040 4896 prob-.e

454 4907 598 4970 noue
624 4910 754 4970 mss.
780 4896 939 4966 neque
957 4912 1047 4970 per
1070 4896 1129 4952 id
1141 4896 1278 4970 quod
1303 4897 1554 4970 nascitur".

525 4967 604 5044 (ι)
648 4968 704 5025 In
732 4965 1126 5044 antiquioribus
1151 4965 1281 5044 inss.
1309 4965 1487 5044 90th.,
1518 4965 1673 5044 Rem.
1703 4967 2043 5044 etc.fdesi_de-

453 5038 604 5099 ratur
630 5054 729 5096 vox
757 5038 899 5111 ﬁlias
919 5055 941 5095 :
964 5038 1123 5111 cujus
1151 5039 1271 5095 loco
1318 5038 1521 5111 habent
1555 5038 1715 5111 Bad.,
1746 5040 1866 5106 Er,
1891 5040 2037 5110 Lips.

451 5122 507 5171 et
538 5113 720 5182 plures
747 5109 879 5168 mss.
912 5109 1053 5183 ﬁlii;-
1104 5112 1247 5183 quod
1283 5109 1676 5182 pralereudum
1699 5152 1715 5177 ,
1762 5111 1809 5167 si
1854 5109 2040 5181 postea

452 5181 575 5240 cum
606 5183 798 5241 iisdem
824 5181 957 5239 edit.
986 5190 1043 5238 et
1068 5181 1322 5239 omnibus
1355 5197 1524 5253 prope
1568 5196 1700 5237 mss.
1744 5190 2042 5253 antepona-

452 5266 539 5312 tur
588 5265 638 5311 et
684 5256 739 5310 in
785 5256 1028 5309 electione
1051 5254 1171 5325 ﬁlii.
1216 5253 1403 5308 Lectio
1446 5268 1606 5324 quam
1634 5256 1931 5313 retinemus
1958 5263 2044 5313 est

450 5326 599 5394 Pan,
625 5341 728 5383 ms.
761 5326 976 5381 Martin.
1004 5333 1061 5381 et
1085 5324 1293 5395 aliquot
1318 5326 1568 5382 aliorum.
1602 5327 1614 5392 _l

527 5399 621 5473 (c)j
648 5396 769 5473 vat.
824 5398 942 5454 bas.
997 5412 1100 5473 ωε.
1131 5398 1589 5473 nativitaleaerg:
1636 5397 1815 5473 minus
1836 5396 2035 5473 placet.

451 5467 595 5527 Tum
628 5470 759 5541 editi
770 5478 1027 5541 _esceptu
1058 5467 1182 5525 Par.
1201 5470 1480 5541 ⁸ιιιιὶςειιὶιο
1503 5468 1610 5523 Deo
1634 5483 1655 5524 :
1700 5470 2039 5541 imminutam

447 5543 710 5599 exhibent
742 5539 951 5596 Hilarii
981 5539 1350 5608 sententiam,
1403 5540 1667 5613 quaivult
1692 5540 1808 5607 nni,
1865 5540 1918 5597 id
1957 5549 2042 5599 est

449 5614 572 5679 soli,
607 5614 718 5685 [leo
746 5620 873 5685 nato
890 5614 1164 5685 proprium
1194 5627 1317 5669 esse
1346 5611 1488 5685 quod
1517 5612 1659 5685 Illius
1679 5613 1767 5667 sit.

520 5685 601 5756 (tl)
634 5684 899 5741 Particulo
944 5683 1146 5755 negans
1187 5685 1240 5740 in
1267 5683 1498 5756 vulgatis
1534 5684 1733 5741 omissa
1764 5684 2041 5756 suppletur

449 5774 517 5814 ex
547 5755 676 5813 mss.
709 5771 941 5828 quorum
966 5757 1287 5812 vetustiores
1312 5755 1563 5822 subinde,
1593 5766 1649 5813 ut
1674 5766 1725 5811 et
1752 5756 1915 5817 alias.
1947 5755 2043 5811 ha-

452 5830 599 5899 bent,
622 5840 738 5884 ante
758 5845 913 5899 quain
937 5833 1183 5884 nascitur.
1214 5829 1605 5902 Proximepost
1627 5828 1849 5887 verbum
1875 5828 2040 5902 ﬁeret,

450 5914 508 5959 ut
536 5912 692 5961 antea
734 5913 860 5975 post
882 5917 985 5961 non
1009 5903 1128 5973 fuit,
1160 5900 1420 5964 reticetur
1444 5900 1608 5971 ﬁlim.

2163 3374 2474 3438 hesternum
2498 3396 2710 3452 tempus
2737 3396 2858 3437 esse
2882 3396 3101 3437 necesse
3125 3390 3229 3451 est,
3258 3391 3317 3436 ut
3339 3381 3391 3437 ei
3428 3382 3501 3437 sit
3530 3381 3585 3435 in
3613 3388 3749 3436 tem-

2164 3487 2297 3545 pore
2324 3487 2432 3530 non
2461 3473 2627 3529 fuisse
2687 3473 2754 3529 Et
2778 3473 2896 3529 haec
2921 3473 3137 3545 quidem
3160 3474 3463 3528 communia
3491 3475 3544 3527 in
3569 3486 3750 3529 rerum

2162 3566 2520 3623 humanarum
2546 3565 2756 3635 origine
2781 3576 2929 3631 sunt,
2971 3576 3027 3621 ut
3055 3566 3235 3621 omnia
3266 3567 3473 3621 initium
3505 3566 3753 3632 sui,eum

2161 3667 2321 3715 antea
2347 3674 2459 3717 non
2482 3659 2728 3723 fuissent,
2778 3659 3043 3730 accipiant
3067 3676 3080 3713 :
3127 3659 3360 3730 primum
3386 3658 3605 3729 quidem
3629 3700 3646 3727 ,
3697 3668 3759 3717 ut

2162 3750 2469 3817 docuimus,
2502 3768 2603 3825 per
2632 3764 2865 3823 tempus,
2913 3752 3108 3809 deinde
3140 3767 3236 3824 per
3261 3766 3506 3810 ausam.
3566 3751 3637 3809 Et
3661 3768 3757 3821 per

2164 3854 2375 3914 tempus
2405 3845 2619 3916 quidem
2674 3862 2780 3901 non
2829 3844 3139 3915 ambiguum
3178 3853 3285 3912 est,
3315 3844 3460 3917 .quin
3488 3858 3575 3909 ea,
3624 3861 3746 3918 qua:

2162 3953 2305 3995 nunc
2324 3939 2610 4009 coeperint,
2653 3949 2779 3995 ante
2802 3954 2907 3993 non
2935 3938 3167 3994 iuerint:
3221 3953 3316 4009 per
3342 3951 3563 3993 causam
3593 3952 3745 4004 vero,

2162 4033 2287 4103 quia
2319 4032 2403 4088 his
2429 4047 2537 4089 non
2565 4031 2627 4106 li)
2658 4048 2724 4088 ex
2749 4048 2909 4087 causa
2936 4041 3149 4087 constet
3168 4045 3291 4087 esse
3308 4029 3454 4102 quod
3478 4040 3753 4085 maneant.

2166 4126 2403 4183 “evolve
2447 4126 2590 4183 enim
2634 4142 2823 4182 omnes
2872 4125 3142 4197 originum
3198 4139 3429 4191 causas,
3484 4133 3539 4178 et
3589 4124 3752 4180 intel-

2164 4220 2438 4292 ligentiam
2461 4222 2513 4277 in
2542 4221 2811 4276 anteriora
2842 4230 3101 4275 converte
3130 4236 3144 4273 :
3197 4218 3441 4275 invenies
3478 4216 3611 4273 nihil
3637 4230 3753 4271 cte-

2163 4314 2307 4384 pisse
2333 4327 2431 4384 per
2455 4327 2700 4380 causam,
2742 4312 2873 4368 dum
2915 4310 3097 4368 omnia
3146 4324 3242 4381 per
3289 4310 3540 4364 virtutem
3562 4307 3659 4363 Dei
3689 4307 3759 4362 ad

2219 4473 2302 4693 (ὅ)
2330 4475 2610 4545 Antequam
2639 4477 2882 4531 nascitur.

2245 4547 2306 4621 4)
2340 4548 2458 4602 Non
2483 4549 2749 4617 relinquit.

2249 4620 2304 4693 5)
2335 4618 2619 4676 Oinittitur
2648 4636 2775 4675 non.

2245 4547 2306 4621 4)
2340 4548 2458 4621 lVon
2483 4549 2749 4617 relinquit.

2249 4618 2304 4693 5)
2335 4618 2619 4676 Oinittitur
2648 4636 2775 4675 non.

2219 4753 2295 4825 (e)
2322 4754 2504 4812 Codex
2532 4754 2655 4825 Va}.
2703 4753 2820 4809 bas.
2873 4753 3201 4824 sutlragante
3229 4750 3443 4807 Martin.
3487 4769 3551 4807 ac
3577 4769 3673 4823 per
3699 4756 3754 4809 id

2148 4823 2287 4900 quod
2312 4842 2416 4881 non
2442 4842 2556 4881 sere
2576 4823 2780 4892 Filius,
2823 4841 2947 4900 gens
2964 4823 3054 4881 est
3080 4840 3093 4890 ;
3126 4825 3483 4895 imprudentis
3513 4825 3753 4896 interpo-

2148 4898 2338 4953 latoris
2378 4911 2567 4966 opera.

2218 4968 2289 5041 (ί)
2332 4968 2465 5025 Illud
2515 4985 2617 5024 non
2659 4969 2729 5025 ab
2757 4967 2982 5024 Erasmo
3006 4966 3237 5041 primum
3278 4982 3409 5023 mss.
3459 4969 3741 5025 renitenti-

2148 5037 2613 5110 bus'expunetum
2682 5037 3026 5095 revocamus.
3070 5037 3419 5094 Pleonasmus
3485 5048 3616 5106 est,
3692 5051 3750 5095 ut

2148 5111 2375 5177 Griecis,
2405 5114 2476 5167 ita
2502 5121 2560 5167 et
2587 5110 2793 5167 llilario
2823 5115 3074 5177 usitatus,
3102 5113 3400 5181 negationis
3426 5110 3611 5179 prima
3637 5113 3745 5167 vim

2149 5198 2257 5239 non
2290 5184 2486 5239 tollens
2515 5224 2532 5249 ,
2580 5184 2675 5238 sed
2706 5197 2909 5254 augens
2937 5226 2953 5252 ,
2997 5182 3171 5256 quasi,
3201 5197 3380 5255 neque
3400 5197 3623 5253 prorsus
3648 5183 3747 5239 luit

2145 5256 2438 5325 aliquando
2468 5270 2575 5310 non
2597 5256 2761 5309 ﬁlius.

2217 5324 2297 5402 (9)
2321 5325 2484 5402 Editi,
2512 5326 2658 5402 aliud
2676 5325 2809 5402 ipse.
2842 5326 2912 5382 At
2937 5339 3069 5402 mss.
3092 5326 3287 5402 aliquid
3314 5326 3448 5398 ipse,
3470 5324 3575 5381 nisi
3600 5326 3744 5398 quod

2147 5398 2202 5455 in
2229 5396 2416 5471 vetere
2438 5396 2594 5471 Colh.
2619 5408 2673 5471 et
2698 5396 2882 5471 Germ.
2911 5400 3109 5468 aliquid
3129 5396 3249 5471 ipsi.

2217 5470 2302 5545 (lt)
2331 5468 2632 5545 llujuslocj
2660 5466 3095 5545 emendationem
3116 5466 3585 5545 debemuscodici
3612 5466 3731 5523 Vat.

2148 5540 2264 5597 has.
2284 5540 2453 5597 alteri
2476 5540 2757 5608 Vaticano,
2798 5540 3116 5597 Martiniano
3142 5550 3197 5597 et
3225 5540 3578 5598 Pratellensi:
3610 5554 3732 5596 cum

2148 5614 2202 5670 in
2226 5613 2345 5669 aliis
2370 5613 2710 5669 desideretur
2738 5608 3002 5682 particula
3024 5628 3248 5684 negans.

2216 5687 2279 5760 (i)
2319 5685 2377 5741 Id
2408 5694 2510 5760 est,
2546 5698 2654 5760 n_on_
2681 5681 2949 5760 excausa:
2985 5681 3178 5755 primm
3208 5684 3543 5760 substantia;
3576 5681 3738 5760 adeo-

2146 5755 2253 5829 que
2281 5773 2347 5815 ex
2376 5756 2545 5813 nihilo
2571 5755 2769 5812 habent
2796 5755 3027 5812 initium.
3052 5759 3278 5813 Animus
3305 5756 3476 5829 llic-ad
3536 5756 3737 5829 primos

2148 5828 2319 5900 usque
2346 5839 2597 5899 parentes
2627 5837 2843 5884 nostros
2864 5837 3167 5894 revocatur,
3194 5840 3253 5885 ut
3277 5844 3341 5884 ex
3368 5828 3431 5884 iis
3459 5828 3549 5899 qui
3574 5841 3641 5887 et
3663 5830 3716 5883 ui

2148 5902 2264 5961 hilo
2291 5900 2495 5962 conditi
2517 5902 2647 5962 sint.
2668 5911 2850 5961 ortum
2875 5899 3081 5962 habere
3115 5902 3521 5961 convincamur.

2228 5917 2264 5961 0
2291 5914 2495 5964 οοιιαιιι
2517 5914 2647 5971 ειιιι,
2668 5914 2850 5961 ortum
2875 5914 3081 5963 nabere
3115 5914 3521 5961 εοιινιιιαιιιιιτ.
