4266 6514
526 379 634 438 «515

1739 375 1828 432 DE
1875 373 2244 434 TRINITATE
2285 375 2484 432 LIBER
2525 375 2641 434 ΧΠ.
3717 378 3820 433 Alt}

598 496 688 553 ΞΟ.
734 496 836 552 Ha:
881 514 982 552 non
1035 496 1271 551 cavendis
1315 503 1533 560 tantum,
1565 493 1655 550 sed
1697 504 1744 548 et
1779 492 2127 566 conﬁtenda.
2156 504 2205 564 Α
2236 494 2504 566 Potrequi
2524 503 2833 569 semperest.
2855 495 3137 551 —-Cesset
3161 494 3340 562 itaque
3373 493 3678 547 sollicitudo
3712 508 3823 563 ιονι-⁴

534 588 690 644 Fides
718 593 871 645 docta
897 591 1021 661 quid
1039 601 1243 662 prastet
1272 589 1512 643 indoctos.
1537 617 1612 628 —-
1645 587 1802 656 Quod
1827 585 2124 657 providens

531 693 660 739 ante
685 684 878 739 beatus
922 685 1214 755 Apostolus
1248 683 1465 748 Paulus,
1494 682 1649 736 sicuti
1679 681 1991 751 frequenter
2028 694 2121 734 os-

535 778 823 840 tendimus,
855 789 907 832 ιιι
932 793 1246 834 caveremus
1281 776 1581 844 admonuit,
1606 775 1823 832 dicens:
1857 773 2038 829 Videte
2063 789 2129 829 ne

530 874 643 944 quis
664 887 751 927 vos
782 873 967 944 spoliet
995 888 1084 943 per
1120 868 1506 944 philosophiam
1535 879 1580 922 et
1620 868 1824 922 inanem
1866 865 2126 932 deceptio~

534 983 670 1032 nent,
693 967 978 1022 secundum
999 966 1345 1039 proditionem
1369 963 1652 1030 hominum,
1703 961 1983 1017 secundum
2020 961 2128 1016 ele-

532 1069 704 1115 menta
732 1060 932 1125 mundi,
955 1068 1006 1114 et
1030 1075 1134 1114 non
1154 1060 1434 1114 secundum
1464 1055 1746 1123 Christum,
1779 1057 1832 1110 in
1852 1072 1954 1127 quo
1978 1055 2131 1110 inita-

537 1156 660 1210 bitot
700 1157 868 1209 omnis
906 1153 1168 1222 plenitudo
1208 1152 1490 1206 divinitatis
1534 1150 1871 1219 corporaliter
1903 1147 2125 1220 (Colore.

538 1263 599 1314 Il,
630 1247 666 1304 8
695 1258 744 1303 et
771 1247 854 1318 9).
878 1246 1188 1304 Cavendum
1235 1246 1397 1316 igitur
1423 1245 1706 1301 adversum
1735 1243 2131 1314 pltilosOphiam

534 1348 638 1403 est.
656 1348 715 1396 et
733 1340 1087 1395 humanarum
1111 1339 1457 1395 traditionum
1480 1349 1708 1392 nontam
1736 1337 1983 1393 evitanda
2004 1343 2134 1394 sunt

536 1432 748 1497 studia,
775 1447 935 1502 quam
976 1430 1278 1488 refutanda.
1315 1428 1503 1499 Neque
1541 1429 1682 1485 enim
1728 1429 1812 1484 his
1843 1430 1915 1483 ita
1935 1443 2131 1486 conce-

445 1571 448 1575 .
537 1529 773 1584 dendum
792 1536 899 1593 est,
921 1527 1074 1598 quasi
1101 1527 1323 1581 vincant
1344 1524 1520 1594 potius
1565 1539 1726 1594 quam
1751 1523 1937 1579 fallant
1963 1541 1977 1576 ε
2009 1525 2131 1593 quia

540 1635 640 1676 nos
667 1619 943 1678 Christum
972 1620 1066 1675 Dei
1101 1623 1356 1674 virtutem
1387 1627 1443 1675 et
1470 1617 1563 1675 Dei
1591 1617 1908 1688 sapientiam
1939 1617 2134 1687 prsidi-

538 1723 747 1780 cantes,
772 1727 987 1785 :equum
1010 1720 1096 1767 est
1125 1713 1386 1767 humanas
1414 1708 1691 1766 doctrinas
1711 1723 1818 1763 non
1840 1717 1949 1764 tam
1971 1707 2134 1765 din‘u-

547 1821 694 1878 gere,
736 1821 898 1876 quam
933 1804 1216 1869 refellere;
1258 1814 1312 1860 et
1340 1804 1416 1876 (o)
1445 1801 1823 1873 simpliciores,
1852 1817 1920 1858 ne
1951 1803 2020 1856 ab
2048 1803 2136 1859 bis

2232 587 2401 643 lidite:
2433 604 2608 660 neque.
2635 603 2830 662 negare
2856 603 2974 655 nos,
3003 588 3127 661 quia
3155 587 3266 660 ipsa
3294 603 3400 642 non
3426 591 3693 660 intutligit,
3712 589 3825 644 cxi-

2230 683 2436 748 stimet,
2459 682 2602 752 quod
2621 682 2796 737 solum
2819 699 2847 735 a
2881 680 3037 736 nobis
3057 682 3194 738 bene
3221 693 3271 737 et
3299 669 3615 752 intelligitur
3637 692 3690 737 ct
3709 697 3828 740 etc-

2229 775 2396 833 ditttr.
2428 776 2561 831 Nam
2596 777 2708 848 ipsa
2737 791 3049 832 sermonum
3081 777 3453 833 enuntiatione
3489 793 3612 833 cum
3640 789 3823 835 natum

2232 869 2315 942 (ι)
2365 870 2704 941 proﬁtemur.
2734 887 2844 927 non
2887 880 3065 925 tamen
3092 885 3200 926 non
3234 876 3416 924 natum
3451 872 3821 942 praedicari-tus.

2230 962 2416 1037 Neque
2458 965 2602 1020 enim
2633 963 2684 1018 id
2731 961 2904 1034 ipsum
2949 971 3034 1017 est
3079 977 3185 1017 non
3206 972 3389 1018 natum
3435 971 3596 1034 atque
3636 965 3825 1021 nasci:

2230 1057 2355 1128 quia
2379 1056 2510 1112 illud
2534 1057 2602 1113 ab
2628 1054 2822 1123 altero,
2859 1057 2962 1112 hoc
2997 1069 3128 1110 vero
3150 1071 3180 1109 a
3217 1056 3435 1112 nemine
3455 1065 3560 1111 est.
3592 1054 3660 1111 Et
3685 1054 3827 1111 aliud

2231 1161 2314 1206 est
2353 1151 2471 1206 sine
2509 1159 2730 1206 auctore
2757 1164 2878 1206 esse
2921 1164 3138 1219 semper
3185 1157 3468 1214 aeternum,
3492 1147 3637 1202 aliud
3684 1147 3825 1220 quod

2235 1244 2392 1316 patri,
2427 1243 2480 1299 id
2509 1253 2614 1311 est,
2639 1243 2843 1298 auctori
2884 1250 2971 1295 est
2992 1252 3344 1298 comernutn.
3367 1240 3468 1297 Ubi
3502 1241 3649 1296 enim
3677 1256 3830 1310 pzner

2235 1348 2422 1394 auctor
2441 1347 2547 1402 est,
2574 1337 2641 1393 ibi
2666 1347 2724 1392 et
2760 1338 3012 1393 nativitas
3039 1346 3156 1401 est;
3178 1346 3231 1389 at
3263 1351 3388 1390 rem
3415 1336 3504 1389 ubi
3529 1345 3718 1390 auctor
3750 1351 3826 1388 a2-

2238 1442 2422 1490 teruus
2447 1443 2550 1498 est,
2602 1433 2673 1486 ibi
2713 1443 2769 1488 et
2809 1432 2889 1506 (It)
2923 1431 3219 1486 nativitatis
3243 1430 3514 1484 xciet-nitas
3558 1440 3669 1483 est:
3704 1431 3829 1499 quia

2236 1525 2378 1582 sicut
2403 1524 2653 1581 nativitas
2683 1525 2752 1580 ab
2776 1535 2998 1581 auctore
3048 1533 3148 1587 est.
3179 1525 3252 1579 ita
3281 1532 3336 1577 et
3360 1523 3430 1578 ab
3467 1532 3672 1577 aeterno
3697 1537 3828 1576 auc-

2239 1626 2357 1674 tore
2373 1627 2577 1675 cteros
2607 1616 2856 1673 nativitas
2881 1627 2987 1674 est.
3014 1615 3190 1673 Omne
3213 1625 3416 1681 autem,
3443 1614 3586 1691 quod
3616 1630 3832 1686 semper

2238 1721 2344 1777 est,
2373 1715 2534 1769 etiam
2563 1724 2824 1768 aeternum
2866 1723 2968 1768 est.
3000 1714 3105 1768 Sed
3136 1721 3313 1766 tamen
3339 1726 3448 1765 non
3478 1725 3657 1775 omne,
3686 1709 3830 1781 quod

2239 1815 2500 1860 internum
2528 1815 2633 1874 est,
2654 1808 2815 1860 etiam
2848 1805 3090 1859 innatum
3117 1815 3218 1860 cst.
3243 1804 3377 1871 Quia
3406 1801 3549 1873 quod
3579 1804 3646 1856 ab
3675 1813 3833 1858 mter-

541 1896 864 1967 spolientur,
893 1906 949 1954 et
974 1897 1262 1953 obstruere
1288 1905 1345 1952 et
1385 1898 1672 1952 instruere.
1706 1895 1838 1952 Nam
1865 1911 1987 1951 cum
2012 1912 2136 1967 pos-
2165 1906 2212 1966 Β
2241 1914 2311 1952 no
2359 1899 2618 1961 nascitur,
2673 1897 2835 1953 habet
2880 1906 3142 1952 aeternum
3167 1914 3288 1954 esse
3327 1897 3470 1968 quod
3502 1907 3684 1953 natum
3724 1908 3827 1952 cst.

543 1990 613 2043 sit
641 1987 822 2043 omnia
849 2030 864 2054 ,
917 1989 997 2060 (i)
1027 1991 1078 2042 in
1114 2003 1175 2043 ea
1207 1988 1281 2062 (ὁ)
1317 1990 1430 2058 ipsa
1467 1988 1651 2043 omnia
1693 1989 1964 2058 sapienter
1996 1989 2136 2044 Deus

540 2083 733 2149 possit,
761 2093 862 2138 nec
884 2080 1068 2135 rtrtuti
1093 2078 1211 2150 ejus
1237 2079 1396 2144 ratio,
1424 2094 1524 2136 nec
1543 2079 1736 2136 rationi
1761 2079 1928 2133 virtus
1955 2077 2110 2152 (c)ab

539 2178 732 2242 sistat;
772 2183 989 2245 oportet
1025 2189 1150 2240 eos,
1201 2174 1292 2244 qui
1322 2173 1599 2229 Christum
1635 2174 1934 2244 praedicant
1971 2189 2134 2228 mutt-

539 2267 633 2332 do,
677 2266 994 2338 irreligiosis
1036 2267 1225 2330 mundi
1271 2266 1711 2340 imper-tectisque
1737 2267 2000 2324 doctrinis
2041 2283 2138 2338 per

538 2362 820 2417 scientiam
849 2361 1112 2430 sapientis
1140 2362 1552 2431 omnipotentiae
1594 2363 1890 2428 contraire,
1939 2374 2135 2417 secun-

540 2455 669 2510 dum
701 2453 832 2515 illud
857 2455 1002 2514 beati
1024 2454 1270 2524 Apostoii
1301 2453 1542 2510 dictum:
1590 2455 1787 2510 Nostra
1812 2457 1948 2511 enim
1991 2473 2139 2512 arma

543 2565 644 2604 non
675 2560 792 2603 sunt
825 2550 1083 2615 carnalia,
1109 2550 1201 2604 sed
1231 2549 1457 2619 potentia
1483 2546 1618 2617 Deo,
1642 2550 1710 2604 ad
1742 2551 2138 2604 destructionem

543 2643 903 2711 munitionum,
951 2643 1177 2698 rationes
1215 2643 1547 2709 destruenda,
1577 2651 1625 2700 et
1673 2660 1871 2697 omnem
1904 2643 2137 2698 altitudi-

542 2755 661 2794 nem
691 2739 942 2793 eleuatum
969 2737 1215 2793 adea-sus
1234 2737 1574 2809 cognitionem
1623 2736 1719 2793 Dei
1745 2737 1809 2809 (ll
1839 2738 1962 2793 Cor.
2005 2753 2062 2804 ι,
2102 2738 2140 2794 4

543 2840 592 2886 et
619 2829 702 2904 5).
737 2829 926 2889 Fidem
957 2845 1064 2888 non
1087 2830 1284 2886 nudam
1311 2832 1602 2900 Apostolus
1615 2839 1780 2902 atque
1809 2833 2023 2903 inopem
2054 2845 2141 2886 ra-

543 2925 706 2981 tionis
756 2924 1010 2995 reliquit:
1049 2940 1172 2995 quae
1191 2925 1438 2994 quamvis
1485 2924 1769 2994 potissima
1803 2925 1871 2980 ad
1905 2926 2139 2982 salutem

542 3018 634 3085 sit,
677 3026 859 3074 tamen
913 3018 1020 3072 nisi
1074 3033 1170 3087 per
1213 3017 1514 3074 doctrinam
1565 3019 1887 3087 instruatur,
1920 3020 2140 3077 habebit

546 3109 767 3181 quidem
799 3108 937 3165 inter
958 3108 1185 3169 adversa
1211 3117 1383 3166 tntum
1410 3108 1492 3180 (Ξ)
1516 3109 1816 3183 refugiendi
1841 3113 1926 3184 (ά)
1955 3129 2138 3170 reces-

545 3218 688 3271 sum,
719 3217 829 3260 non
871 3204 1036 3260 etiam
1079 3204 1330 3259 retinebit
1373 3214 1711 3261 constantem
1741 3208 1814 3278 (e)
1859 3209 2138 3266 obnitendi

2237 1990 2391 2060 Quod
2430 2002 2609 2047 autem
2656 2005 2761 2047 non
2806 2002 2988 2046 natum
3028 2002 3130 2057 est,
3165 1991 3213 2046 id
3243 2005 3363 2046 cum
3403 1993 3704 2047 aeternitate
3725 2009 3831 2045 non

2239 2091 2422 2140 natum
2468 2095 2568 2139 est.
2600 2083 2754 2153 Quod
2797 2100 2932 2141 vero
2973 2100 3040 2141 ex
3083 2095 3288 2141 aeterno
3329 2095 3510 2138 natum
3561 2094 3664 2151 εει,
3706 2086 3756 2139 itl
3787 2085 3833 2140 si

2243 2194 2348 2234 non
2379 2188 2641 2234 aeternum
2683 2189 2867 2233 natum
2897 2189 3002 2242 est,
3029 2179 3141 2250 jam
3177 2193 3281 2232 non
3307 2179 3405 2234 erit
3440 2192 3494 2233 et
3527 2189 3679 2247 pater
3706 2191 3832 2231 auc-

2239 2277 2327 2325 tor
2367 2280 2626 2326 :eternus.
2657 2271 2714 2328 Si
2759 2271 2886 2342 quid
2909 2271 3073 2342 igitur
3102 2272 3172 2336 ei,
3206 2272 3294 2339 qui
3326 2273 3392 2326 ab
3427 2281 3638 2325 aeterno
3678 2279 3833 2339 patre

2242 2377 2401 2424 natus
2427 2377 2528 2433 est,
2561 2382 2628 2422 ex
2672 2366 2977 2423 internitate
3014 2364 3272 2429 defuerit,
3306 2363 3356 2420 id
3403 2367 3578 2434 ipsum
3625 2364 3830 2416 auctori

2251 2463 2318 2533 (i)
2355 2475 2461 2518 non
2491 2471 2574 2518 est
2597 2461 2905 2532 ambiguum
2938 2457 3178 2516 defuisse
3204 2477 3215 2513 :
3274 2460 3395 2530 quia
3423 2457 3566 2529 quod
3594 2459 3830 2530 gignenti

2245 2565 2329 2612 est
2358 2556 2622 2611 inlinitum
2643 2599 2656 2622 ,
2683 2555 2949 2610 inﬁnitum
2974 2563 3059 2609 est
3089 2553 3252 2609 etiam
3284 2554 3549 2608 nascenti.
3600 2551 3831 2608 Medium

2241 2648 2386 2705 enim
2417 2648 2542 2718 quid
2588 2650 2729 2704 inter
2769 2643 3105 2703 nativitatem
3135 2647 3230 2702 Dei
3277 2645 3397 2712 ﬁlii,
3427 2657 3484 2699 et
3523 2645 3831 2716 generatio-

2243 2755 2367 2797 nem
2389 2739 2484 2796 Dei
2523 2742 2712 2812 patris,
2743 2756 2844 2797 nec
2886 2741 3024 2796 ratio
3050 2753 3150 2794 nec
3178 2753 3370 2795 sensus
3399 2737 3632 2792 admittit
3658 2756 3670 2792 :
3708 2739 3832 2807 quia

2241 2845 2298 2892 et
2323 2839 2380 2890 in
2419 2837 2769 2907 generatione
2798 2833 3047 2889 nativitas
3073 2843 3174 2897 est,
3202 2842 3257 2888 et
3287 2835 3339 2886 tn
3371 2832 3648 2886 nativitate
3666 2845 3836 2902 gene-

2240 2931 2382 2986 ratio
2411 2940 2512 2986 est.
2555 2929 2714 2998 Quod
2757 2940 3049 2997 utrumque
3096 2928 3216 2982 sine
3263 2926 3549 2982 intervallo
3597 2927 3680 2979 sui
3723 2934 3833 2990 est,

2240 3024 2365 3092 quia
2395 3023 2516 3076 sine
2551 3031 2781 3092 utroque
2809 3020 2882 3097 (j)
2939 3035 3039 3076 nec
3070 3029 3318 3074 neutrum
3373 3029 3476 3074 est.
3504 3017 3659 3084 Quod
3702 3031 3834 3087 ergo

2243 3117 2346 3170 nisi
2377 3131 2441 3170 ex
2485 3123 2716 3183 utroque
2735 3113 2814 3186 (ii)
2861 3129 2967 3169 non
2997 3114 3071 3186 (Ii)
3103 3113 3371 3174 consistit.
3406 3111 3456 3168 id
3498 3110 3551 3166 in
3585 3111 3836 3166 omnibus

2243 3210 2346 3265 nisi
2367 3219 2655 3280 utrumque
2685 3224 2792 3265 non
2813 3221 3093 3280 permanet
3115 3226 3128 3258 :
3155 3205 3316 3279 42],
3331 3206 3454 3274 quia
3482 3205 3534 3259 in
3549 3204 3726 3274 aliquo
3753 3203 3834 3256 al-

544 3295 1158 3366 securitatem;eritque
1182 3305 1242 3351 ut
1264 3295 1562 3356 inﬁrmibus
1587 3298 1657 3372 (f)
1679 3311 1803 3354 sunt
1820 3303 2134 3372 postfugam
2162 3302 2207 3366 C
2240 3311 2413 3357 terum
2465 3318 2574 3357 non
2623 3303 2971 3372 relinquatur,
3019 3299 3242 3369 quodid
3285 3303 3458 3366 ipsum
3498 3296 3726 3350 alterum
3778 3295 3828 3348 in

545 3401 741 3457 castra,
768 3406 876 3446 non
914 3393 1078 3446 etiam
1127 3401 1181 3446 ut
1210 3401 1388 3446 castra
1427 3392 1747 3448 habentibus
1789 3394 1943 3450 adest
1971 3397 2135 3452 inter-

544 3487 646 3541 rita
672 3484 952 3546 fortitudo.
978 3483 1146 3558 4m
1165 3484 1570 3542 Contundenda:
1595 3495 1722 3540 sunt
1739 3503 1869 3557 ergo
1898 3490 2137 3544 insoleno

544 3586 627 3635 tes
668 3576 955 3634 adversum
1001 3579 1168 3636 Deum
1205 3577 1641 3647 disputationes,
1687 3590 1743 3634 et
1798 3581 2130 3638 destruenda

543 3669 814 3726 rationum
845 3668 1114 3722 tallacium
1147 3670 1502 3735 munimenta,
1530 3677 1586 3723 et
1605 3671 1813 3726 elevata
1843 3671 1908 3726 ad
1942 3675 2135 3742 impie-

547 3773 710 3819 tatem
737 3763 952 3833 ingenia
974 3763 1327 3828 conterenda,
1360 3777 1462 3818 nec
1487 3765 1797 3824 carnalibus
1823 3767 2012 3831 armis,
2035 3767 2134 3823 sed

542 3855 909 3927 Spiritalibus;
954 3871 1056 3911 nec
1097 3865 1312 3912 terrena
1351 3857 1617 3924 doctrina,
1657 3859 1753 3913 sed
1797 3860 2005 3916 caelesti
2050 3877 2138 3915 sa—

544 3949 740 4020 pientia
767 3967 780 4003 :
809 3957 868 4004 ut
886 3959 1088 4020 quanta
1118 3964 1299 4005 rerum
1333 3949 1638 4005 divinarum
1672 3953 2137 4026 humanarumque

542 4039 798 4100 discretio
821 4051 924 4107 est,
972 4040 1049 4114 (g)
1077 4049 1225 4100 tanta
1251 4041 1392 4102 ultra
1415 4049 1628 4099 terrena
1656 4044 1833 4102 studia
1859 4047 1998 4103 ratio
2024 4063 2138 4106 cm-

547 4135 697 4194 lcstis
720 4135 798 4208 (3)
822 4135 1071 4193 excedat.

611 4229 708 4286 21.
747 4225 919 4284 Filias
958 4228 1054 4285 etsi
1103 4236 1276 4297 natus,
1321 4245 1520 4303 nuper
1565 4239 1740 4287 tamen
1782 4241 1879 4302 est,
1915 4236 2140 4307 quiaﬂe

616 4369 701 4509 (i)
740 4366 808 4423 Et
836 4384 896 4424 ea
921 4367 1072 4450 ipsa;
1097 4365 1255 4438 paulo
1273 4375 1418 4437 post,
1444 4367 1674 4425 obsistet.

616 4441 677 4508 (ﬁ
741 4439 1070 4509 Defugteudi.

613 4439 701 4509 β)
741 4439 1070 4510 Miltiadi-

613 4512 694 4585 (3)
735 4509 1038 4567 Exstendat.

2239 3396 2420 3468 aliquo
2459 3409 2564 3449 non
2596 3395 2762 3464 possit
2783 3409 2905 3450 esse
2925 3393 3040 3447 sine
3071 3392 3261 3446 altero.

2308 3489 2401 3544 2‘2.
2439 3488 2669 3562 Objectio
2689 3528 2704 3554 ,
2739 3488 2890 3555 Quod
2921 3496 3097 3540 natum
3125 3496 3218 3548 est,
3247 3499 3350 3536 non
3375 3483 3491 3552 fuit.
3516 3509 3586 3521 —-
3609 3477 3716 3535 Sed
3750 3479 3831 3534 itt-

2238 3581 2388 3648 quiet
2431 3580 2712 3652 quisquam
2756 3577 2928 3634 divini
2976 3575 3134 3646 hujus
3190 3575 3413 3646 incaan
3458 3573 3780 3628 sacramenti
3812 3611 3826 3635 .

2239 3675 2414 3731 Omne
2456 3675 2598 3746 quod
2629 3681 2812 3730 natum
2845 3681 2928 3728 est
2948 3713 2962 3739 ,
2997 3687 3102 3726 non
3134 3669 3235 3724 fuit
3273 3687 3286 3723 :
3325 3668 3450 3743 quia
3482 3668 3537 3728 in
3569 3667 3620 3724 id
3648 3673 3829 3721 natum

2240 3781 2346 3841 est,
2377 3781 2436 3826 ut
2462 3781 2624 3827 esset.

2307 3865 2396 3920 25.
2424 3863 2489 3918 In
2512 3862 2710 3918 Filium
2727 3877 2934 3934 semper
2955 3869 3129 3914 natum
3154 3875 3255 3912 non
3277 3855 3414 3910 endit
3435 3870 3536 3908 non
3567 3852 3744 3923 fuisse.
3762 3879 3834 3892 -

2238 3961 2306 4016 Ει
2333 3961 2453 4031 quis
2491 3960 2650 4030 igitur
2679 3957 2949 4031 ambiget,
2990 3957 3118 4026 quin
3147 3968 3265 4028 quin
3298 3951 3350 4006 in
3391 3949 3553 4005 rebus
3584 3947 3834 4006 humanis

2242 4062 2365 4110 nata
2409 4061 2538 4108 sunt.
2557 4093 2573 4118 ,
2600 4051 2891 4122 aliquando
2931 4062 3038 4108 non
3084 4043 3320 4103 fuerint?
3354 4041 3462 4098 Sed
3486 4039 3628 4098 aliud
3657 4046 3832 4096 estex

2241 4161 2308 4204 eo
2331 4147 2482 4204 nasci
2508 4148 2598 4216 qui
2635 4160 2744 4208 non
2769 4142 2888 4207 fuit,
2921 4140 3066 4196 aliud
3096 4156 3159 4196 ex
3193 4155 3260 4194 co
3289 4137 3370 4212 (6)
3400 4146 3582 4191 natum
3614 4147 3736 4189 esse
3765 4131 3831 4204 (ι)

2245 4239 2338 4311 qui
2361 4253 2579 4310 semper
2604 4247 2707 4294 est.
2742 4233 2966 4292 infantia
2990 4234 3135 4293 enim
3165 4231 3363 4294 omnis,
3397 4243 3519 4288 cum
3545 4234 3700 4283 antea
3728 4240 3834 4280 non

2326 4377 2402 4450 (4)
2442 4377 2777 4450 Conﬁtentur-

2449 4439 2710 4530 Ear'ticula
2742 4439 2942 4530 negans
2968 4441 3441 4530 omittitttrinnts.
3475 4439 3722 4530 ‘Veronze.

2326 4512 2407 4594 (6)
2446 4519 2569 4575 Esse
2599 4522 2650 4576 in
2682 4512 2936 4575 anteiiori
2965 4518 3200 4576 editione
3224 4512 3583 4570 desideratur.

611 4621 690 4707 (ς)
733 4621 936 4707 (Σοὰεξ-
959 4620 1082 4707 vat.
1129 4621 1276 4707 (bas?
1313 4620 1644 4707 simitlifjtim
1681 4641 1904 4707 sensum.
1985 4628 2132 4707 Linus

2244 4705 2253 4707 _
2313 4635 2387 4707 (g)
2411 4635 2486 4690 lta
2519 4635 2756 4704 potiores
2783 4648 2916 4688 mss.
2949 4637 3017 4687 At
3046 4631 3195 4707 editi,
3227 4639 3444 4707 tantum.
3479 4627 3598 4684 Mox
3632 4624 3834 4680 Pratcl-

541 4692 696 4752 Colb.
724 4709 846 4750 cum
888 4694 1100 4750 Martio.
1129 4692 1360 4753 Sorbon.
1389 4704 1445 4749 et
1483 4695 1646 4751 Mirari
1668 4698 1824 4766 edit.,
1856 4701 2139 4771 simplicio—

543 4783 794 4823 τιεεειιεκ.

615 4839 690 4911 (ὁ)
736 4838 944 4893 Bad.et
974 4836 1095 4911 En,
1125 4846 1174 4911 et
1223 4853 1290 4911 eo
1330 4837 1520 4911 omnia.
1578 4839 1792 4895 Miratus
1843 4844 2138 4902 restituens

541 4911 596 4965 in
616 4907 697 4974 eo,
730 4911 913 4963 omisit
966 4910 1100 4978 ipsa.
1133 4908 1188 4963 in
1241 4907 1484 4976 pluribus
1514 4925 1646 4964 mss.
1692 4912 2030 4969 desideratur
2059 4919 2130 4971 in.

543 4981 900 5054 Retinendnm
922 4995 1042 5054 cum
1071 4981 1368 5054 potioribus
1391 4989 1440 5035 et
1461 4982 1511 5033 in
1527 4999 1586 5036 ea
1607 4981 1742 5046 ipsa.
1771 4985 1893 5039 scil.
1920 4990 2136 5054 sapien-

540 5055 634 5108 tia.
663 5052 922 5127 Exempln
942 5051 1159 5127 Dei,qtti
1185 5055 1234 5106 in
1253 5052 1535 5122 sapientia,
1557 5069 1676 5124 qua:
1689 5054 1930 5111 Christus
1951 5051 2057 5124 est,
2079 5071 2136 5114 et

539 5126 1296 5205 omniaputest,etfapienter
1332 5130 1529 5205 potest,
1552 5134 1836 5205 mouentur
1872 5129 1992 5184 ﬁdei
2020 5147 2137 5205 pru-

541 5203 961 5270 pngnatoresme
975 5193 1188 5270 aliunde
1211 5195 1458 5270 virtutem
1473 5205 1528 5250 et
1542 5195 1854 5270 sapientiam
1869 5193 2130 5270 qua-rant.

613 5267 867 5341 (c)Editi,
899 5265 1125 5322 obsistat.
1158 5267 1378 5341 Rectius
1401 5283 1531 5341 mss.
1562 5265 1798 5341 obsistat.
1831 5265 2012 5338 idest,
2037 5291 2137 5330 nec

544 5337 717 5394 virtus
737 5341 962 5399 ratione,
997 5353 1096 5394 nec
1123 5339 1318 5393 virtute
1341 5341 1477 5392 ratio
1502 5337 1757 5402 destituta
1780 5341 1870 5396 sit.

611 5410 966 5487 (d)_ln__tnss.
1019 5409 1153 5487 Vat.
1184 5409 1698 5487 ιιτσεηηϐίιιήιιιηει
1743 5413 1944 5487 aliquot
1987 5417 2132 5487 aliis,

538 5481 855 5606 degulgiendi.
907 5479 1031 5539 Mox
1081 5483 1134 5539 in
1175 5495 1283 5536 uno
1325 5478 1524 5549 Vatic.,
1574 5478 1971 5554 obtinebit,'non
2011 5478 2136 5546 reti;

539 5571 604 5606 ηε
639 5572 654 5606 ι
681 5597 694 5606 .

539 5565 674 5609 "BM!
681 5597 694 5610 .

538 5625 882 5754 Fruatur?
925 5634 981 5682 et
1024 5624 1177 5692 Pan,
1216 5625 1498 5691 obtinendi,
1538 5626 1927 5686 reluctantibus
1972 5630 2132 5700 Bad.,

561 5714 582 5753 Β
619 5739 632 5753 ο
753 5715 803 5751 Ill
839 5717 884 5752 S.

559 5698 632 5754 Er.
667 5705 722 5754 et
753 5714 884 5754 mss.

615 5770 683 5844 (ι’)
725 5767 885 5844 Ειιῑιι,
928 5777 1156 5843 excepto
1195 5768 1516 5844 Bad.,_sint;
1543 5784 1604 5844 ac
1628 5779 1810 5842 postea
1842 5775 2000 5841 adsit,
2026 5792 2132 5838 non

539 5841 684 5898 adest
705 5857 725 5898 :
754 5842 975 5914 etinter
996 5841 1134 5914 huic,
1173 5857 1318 5896 arma
1356 5841 1675 5910 humentibus,
1713 5861 1809 5914 pro
1845 5860 2014 5904 rastra
2039 5852 2132 5908 Ila-

541 5913 773 5971 beutibus
797 5931 815 5970 .-
836 5913 979 5988 quod
1005 5928 1074 5977 ex
1098 5913 1311 5975 Erasini
1329 5915 1572 5992 margine
1591 5913 1842 5976 obtinuit.

2242 4703 2408 4780 tensis
2433 4703 2626 4771 codex,
2656 4707 2788 4780 ratio
2813 4723 2867 4780 se
2891 4705 3078 4761 cretati
3099 4703 3367 4780 extendet.
3739 4769 3749 4780 ι

2313 4776 2392 4850 (Ιι)
2418 4780 2579 4835 1)ιιοε
2607 4769 2917 4850 mss.Vatic.
2943 4791 3082 4850 (ιιιιιι⁸
3099 4777 3252 4839 Βωι..
3285 4775 3376 4830 Er.
3409 4780 3464 4850 et
3490 4769 3604 4825 Mir.
3643 4769 3829 4850 nativi-

2239 4842 2534 4904 tas'ti'ternn
2565 4859 2655 4904 est.
2707 4849 3008 4903 Vulllaiim‘e
3045 4847 3194 4902 Coll).
3243 4862 3362 4900 cum
3412 4842 3833 4908 Ucrtt't.,nutit~i-

2239 4933 2317 4976 los
2344 4927 2599 4976 aeternitas
2621 4933 2713 4976 est.

2312 4993 2378 5065 (i)
2420 4992 2476 5048 In
2505 4995 2716 5048 duobus
2747 5008 2877 5048 ntss.
2906 5002 2960 5047 et
2990 4991 3151 5065 Miraei
3173 4989 3303 5048 edit.
3333 4987 3710 5065 subiungitur,
3742 4986 3829 5053 qui

2239 5059 2508 5134 poterat;
2537 5068 2588 5118 in
2616 5067 2774 5121 (lurb.
2800 5075 2978 5118 autem
2997 5071 3052 5119 ει,
3077 5063 3194 5117 aliis
3217 5059 3627 5119 recentioribus,
3659 5059 3711 5111 id
3737 5065 3828 5120 est,

2241 5139 2373 5206 patri
2399 5137 2534 5207 quod
2561 5148 2704 5204 pater
2729 5147 2802 5192 est
2826 5151 2843 5189 .'
2869 5136 3157 5205 glo.-setna.

2311 5232 2376 5303 (j)
2419 5229 2740 5303 Particttlntn
2762 5244 2858 5303 nec
2883 5228 3177 5303 atijecitnns
3200 5225 3516 5303 auctoritate
3562 5239 3691 5303 mss.
3726 5222 3834 5303 sin-

2237 5294 2710 5362 coriorutnljulbq
2758 5294 2962 5363 ﬂent,
2989 5299 3200 5364 (ierim,
3245 5298 3608 5353 Hellenismos
3649 5294 3832 5364 hujus-

2239 5376 2384 5429 tnodi
2409 5387 2789 5440 saepenumero
2814 5371 2926 5442 jam
2954 5373 3303 5427 advertimus.

2313 5468 2388 5537 (It)
2427 5465 2595 5522 Abest
2636 5481 2739 5520 non
2764 5464 2832 5520 ab
2869 5463 3263 5539 antiquioribus
3294 5477 3424 5518 mss.
3458 5459 3827 5539 lnYaticanis,

2238 5531 2378 5612 quod
2409 5554 2530 5612 ergo
2565 5540 2675 5592 sine
2702 5545 2916 5612 utroque
2945 5531 3213 5612 consistit;
3245 5545 3512 5606 corrupte.
3554 5531 3836 5609 Acutehiq

2238 5601 2661 5673 demonsiratur,
2693 5601 3024 5663 nativitatem
3079 5601 3218 5662 ttuiia
3271 5621 3327 5659 rc
3382 5601 3832 5672 t'arcrcpntuissu

2237 5699 2396 5756 quam
2450 5681 2730 5756 generatio
2769 5675 3036 5747 habuerit,
3082 5681 3204 5750 quia
3231 5686 3477 5737 neutrum
3509 5685 3684 5747 potest
3716 5678 3832 5730 sine

2240 5755 2411 5811 altero
2437 5755 2753 5809 consistere.

2316 5849 2381 5924 (ι)
2411 5849 2482 5909 Er
2510 5889 2522 5905 .
2553 5859 2608 5906 et
2644 5849 2974 5924 posteriores
2995 5848 3162 5924 edit.,
3180 5851 3346 5924 uasti.
3372 5847 3438 5903 Αι
3463 5845 3680 5924 lhd._t:t
3705 5856 3836 5924 nus.

2239 5912 2516 5996 poitores,
2563 5912 2737 5977 natum
2772 5936 2788 5975 :
2825 5921 2910 5976 cui
2938 5921 3106 5980 verbo
3139 5912 3356 5976 Maron.
3393 5929 3446 5975 et
3491 5915 3705 5989 quidam
3749 5912 3843 5969 alii
