4266 6454
445 337 545 393 M7

1626 321 1875 382 SANC'I'I
1916 322 2171 382 ﬂlLARll
2211 323 2517 386 EPISOOPI

3624 335 3729 391 MS

442 451 656 517 luisset,
686 445 851 518 cmpit
875 458 942 502 ex
973 451 1236 515 tempore.
1264 439 1397 509 Quae
1419 452 1636 496 rursum
1664 442 1723 495 in
1748 438 2029 510 pueritiam
2056 442 2111 504 Α
2135 440 2205 514 (0
2244 442 2442 500 Sensui
2462 452 2652 501 nostro
2668 451 2941 503 retroacto
2964 460 3288 521 semperque
3304 451 3725 509 revocatoadin~

442 556 795 606 exerescens,
836 547 961 610 post
995 536 1158 593 etiam
1203 532 1621 591 adolescentiam
1648 531 1824 607 coegit
1863 533 1917 589 iu
1942 548 2032 607 pa-

442 646 605 696 trem.
654 636 854 695 Etnon
884 647 1099 705 semper
1128 638 1283 703 pater
1300 636 1388 687 est
1409 669 1428 697 ,
1456 628 1547 700 qui
1586 637 1711 685 ante
1744 629 1798 685 in
1824 628 2039 685 adoles-

443 730 679 789 centiam
706 743 803 801 per
838 725 1213 797 pueritiam,et
1236 723 1289 779 in
1318 721 1603 793 pueritiam
1631 735 1728 793 per
1756 720 2037 777 infantiam

444 830 678 893 emptam
707 817 1014 891 proiecerit.
1054 816 1198 888 Ergo
1226 814 1318 889 qui
1344 828 1452 870 non
1479 828 1697 885 semper
1734 822 1887 886 pater
1914 822 1999 872 est
2021 855 2037 881 ,

444 929 553 974 non
578 927 794 984 semper
822 919 878 968 et
902 909 1107 989 genuit.
1140 907 1242 968 Ubi
1270 918 1456 965 autem
1490 921 1707 979 semper
1734 918 1887 979 pater
1913 918 1995 964 est
2021 950 2037 975 ,

443 1022 660 1081 semper
697 1016 753 1063 et
782 1005 925 1063 [ilius
952 1011 1057 1063 est.
1086 1001 1143 1062 Si
1187 1000 1368 1073 itaque
1406 1000 1578 1087 babes
1616 1002 1671 1056 in
1716 1000 2040 1073 cogitatione

440 1102 531 1159 vel
555 1116 718 1157 sensu
740 1101 933 1167 Deum,
962 1100 1015 1154 in
1036 1094 1529 1171 cujuseognitiunis
1550 1106 1891 1153 sacramento
1916 1111 2039 1167 pro-

444 1197 622 1270 prium
657 1204 744 1251 est
786 1193 931 1265 quod
970 1201 1122 1264 pater
1147 1201 1262 1259 est,
1290 1205 1395 1247 non
1423 1204 1640 1261 semper
1684 1198 1892 1261 patrem
1915 1203 2041 1248 esse

445 1291 542 1348 lllii
565 1290 647 1362 (ιι)
666 1289 864 1361 geniti;
892 1286 1063 1343 babes
1091 1295 1147 1342 et
1174 1286 1229 1342 in
1260 1283 1608 1357 intelligentia
1631 1291 1685 1340 et
1712 1284 1768 1339 in
1792 1284 2037 1353 scientia,

446 1401 554 1444 non
577 1400 794 1455 semper
816 1383 986 1439 lilium
1014 1398 1136 1439 esse
1165 1380 1255 1453 qui
1285 1384 1497 1451 genitus
1516 1388 1623 1436 est.
1653 1378 1807 1447 Quod
1832 1380 1878 1435 si
1899 1394 2041 1437 sem-

446 1494 545 1551 per
578 1478 723 1534 Patri
757 1477 1034 1549 proprium
1061 1483 1146 1531 est
1173 1474 1317 1547 quod
1357 1488 1573 1545 semper
1595 1480 1682 1530 est
1723 1481 1906 1544 pater;
1948 1488 2043 1530 ne-

444 1586 600 1629 cesse
628 1580 714 1629 est
742 1584 959 1642 semper
994 1568 1134 1627 Filio
1182 1567 1458 1639 proprium
1496 1580 1620 1624 esse
1657 1566 1802 1637 quod
1827 1582 2044 1639 semper

448 1674 534 1721 est
556 1662 747 1719 Filius.
777 1662 849 1720 Et
875 1660 1152 1734 quomodo
1182 1660 1238 1716 in
1262 1674 1569 1717 sermonem
1600 1669 1843 1716 nostrum
1881 1670 2043 1732 atque

446 1756 858 1828 intelligentiam
873 1756 1049 1824 cadet,
1076 1764 1135 1811 ut
1155 1769 1266 1811 non
1282 1754 1441 1811 luerit
1457 1761 1583 1809 ante
1601 1768 1764 1825 quam
1787 1768 2041 1811 mscere-

2140 535 2496 607 telligentiam
2521 536 2640 609 ejus
2664 538 2754 608 qui
2781 546 2868 594 est
2892 538 2973 611 (2)
3009 538 3079 596 de
3106 554 3173 596 eo
3198 540 3277 613 (α)
3313 540 3369 598 id
3410 542 3585 613 ipsum
3612 551 3731 598 tan-

2141 640 2251 685 tum
2278 671 2295 697 ,
2346 630 2489 699 quod
2518 637 2601 687 est
2626 625 2731 703 (Α),
2764 631 2819 689 ei
2840 645 3056 703 semper
3080 636 3321 690 anterius
3343 642 3424 690 est
3470 652 3485 691 :
3513 637 3639 707 quia
3676 635 3731 693 id

2138 720 2289 793 quod
2320 720 2588 778 inﬁnitum
2617 722 2672 779 in
2700 723 2812 781 Deo
2831 732 2936 790 est,
2967 724 3031 797 (i)
3053 740 3271 797 semper
3290 740 3350 782 se
3375 724 3571 783 inﬁniti
3596 741 3732 784 sen-

2140 832 2236 873 sus
2264 816 2438 874 nostri
2466 818 2708 874 recursui
2734 818 3017 877 subtrahat
3044 837 3061 875 :
3090 828 3150 876 ut
3178 829 3304 877 ante
3331 820 3405 887 id,
3427 820 3573 891 quod
3598 835 3720 890 pro-

2140 909 2316 983 prium
2349 910 2460 967 Deo
2478 918 2583 977 est,
2610 924 2827 979 semper
2845 910 3090 987 esse,[(j)
3115 913 3316 985 aliquid
3338 914 3481 970 aliud
3504 916 3731 972 intentio

2141 1011 2411 1061 retroacta
2454 1019 2564 1061 non
2609 1004 2816 1075 capiat;
2845 1006 2969 1077 quia
3014 1006 3151 1064 nihil
3186 1005 3333 1062 aliud
3361 1006 3501 1063 ultra
3538 1007 3617 1080 (ι)
3659 1006 3731 1063 ad

2142 1096 2554 1168 intelligentiam
2602 1097 2739 1165 Dei,
2793 1098 3096 1155 ateruitate
3144 1097 3509 1168 procedendi,
3565 1114 3730 1171 quam

2143 1190 2314 1247 Deum
2344 1206 2562 1262 semper
2591 1205 2714 1248 esse
2745 1206 2959 1263 semper
3000 1202 3271 1250 occurrat.
3300 1193 3456 1261 Quod
3487 1194 3650 1264 igitur
3676 1202 3733 1249 et

2146 1300 2239 1355 per
2266 1284 2485 1356 Moysen
2511 1284 2578 1340 de
2617 1285 2728 1340 Deo
2756 1284 3117 1355 signiﬁcatum
3145 1327 3162 1354 ,
3194 1294 3249 1342 et
3272 1301 3367 1356 per
3390 1301 3731 1343 communem

2144 1391 2365 1434 sensum
2392 1377 2524 1433 nihil
2562 1377 2703 1432 aliud
2743 1377 2897 1434 nobis
2932 1378 3344 1450 intelligean
3371 1380 3724 1450 permittitur,

2143 1469 2195 1526 id
2241 1470 2411 1538 ipsum
2442 1471 2719 1541 unigenito
2748 1470 2860 1525 Deo
2888 1484 3011 1526 esse
3041 1471 3315 1541 proprium
3344 1472 3407 1545 (θ
3441 1472 3728 1543 Evangelia

2145 1572 2412 1621 testantur
2457 1580 2470 1618 :
2504 1578 2629 1619 cum
2673 1564 2727 1619 in
2771 1562 3036 1634 principio
3072 1574 3195 1621 erat
3232 1563 3493 1634 Verbum,
3532 1574 3736 1622 etcum

2146 1658 2249 1713 ltoe
2273 1656 2415 1727 apud
2439 1657 2609 1713 Deum
2638 1665 2756 1712 erat
2785 1654 2965 1726 (Ioau.
2988 1672 3026 1723 ι,
3061 1656 3142 1727 l).
3173 1667 3224 1714 et
3255 1672 3379 1713 cum
3404 1666 3524 1715 erat
3554 1659 3737 1716 lumen

2148 1766 2333 1807 verum
2369 1750 2533 1821 (Ibid.
2564 1752 2651 1823 18)
2681 1760 2737 1808 et
2770 1766 2893 1807 cum
2917 1753 3221 1823 unigenitus
3244 1754 3388 1809 Deus
3412 1755 3465 1810 in
3485 1756 3608 1811 sinu
3637 1755 3737 1812 Pa.

450 1859 555 1917 tur,
585 1852 673 1906 cui
692 1848 962 1920 proprium
988 1856 1073 1905 est
1100 1862 1317 1918 semper
1338 1862 1463 1902 esse
1478 1846 1618 1918 quod
1646 1845 1720 1919 (b)
1749 1854 1907 1901 natus
1921 1847 2043 1903 est?
2073 1842 2121 1904 Β
2149 1845 2245 1899 tris
2270 1853 2374 1908 est,
2402 1855 2457 1899 et
2483 1860 2605 1900 cum
2635 1843 2795 1902 lesus
2820 1844 3069 1903 Christus
3092 1861 3257 1919 super
3278 1849 3462 1904 omnia
3490 1849 3633 1906 Deus
3655 1860 3740 1907 est

520 1942 613 1997 ει.
644 1937 816 1997 Filius
843 1950 900 1995 stt
921 1940 1092 1995 omnia
1117 1954 1234 1994 cum
1267 1936 1427 1993 Patre
1453 1937 1602 1992 habet
1624 1937 1944 2003 communia,
1968 1937 2043 1991 ita

445 2043 496 2091 et
520 2049 719 2108 semper
740 2048 868 2106 esse.
902 2030 1052 2087 Patri
1074 2032 1338 2103 proprium
1358 2039 1436 2085 est
1461 2046 1588 2087 esse.
1616 2027 1756 2085 Filio
1777 2029 2043 2102 proprium

446 2136 522 2181 cst
546 2135 596 2182 et
623 2142 753 2183 esse.
783 2153 853 2167 -—
896 2124 1150 2181 Formam
1186 2124 1367 2195 itaque
1388 2132 1552 2194 atque
1577 2122 1865 2195 imaginem
1907 2122 2043 2177 iuvi-

444 2223 620 2281 sibilis
657 2221 749 2278 Dei
781 2220 1087 2292 unigenitus
1120 2219 1175 2275 in
1200 2233 1261 2275 se
1287 2218 1428 2274 Deus
1456 2218 1763 2283 continens,
1791 2215 1846 2273 in
1868 2216 2043 2271 omni-

449 2318 550 2376 bus
580 2317 667 2374 bis
712 2332 833 2388 quae
868 2315 1085 2388 propria
1125 2314 1238 2371 Deo
1267 2313 1407 2385 patri
1450 2324 1612 2376 sunt.
1660 2326 1757 2385 per
1806 2312 2040 2383 plenitu-

450 2409 633 2467 dinem
660 2405 732 2483 (ε)
759 2423 900 2465 vera:
926 2409 978 2463 in
1001 2422 1064 2464 se
1089 2402 1383 2463 divinitatis
1415 2412 1675 2478 aequatur.
1708 2404 1863 2473 Nam,
1887 2412 2044 2461 utsu—

451 2504 754 2578 perioribus
785 2501 936 2561 libris
959 2502 1262 2569 docuimus,
1290 2516 1385 2573 per
1408 2501 1657 2558 virtutem
1682 2510 1740 2558 et
1781 2499 2045 2574 (thenc-

448 2600 714 2657 rationem
745 2598 827 2670 (ά)
850 2639 867 2666 ,
914 2599 1055 2654 sicut
1094 2596 1275 2665 Pater,
1306 2596 1738 2654 et‘bouorandus
1769 2606 1825 2654 et
1856 2604 2047 2668 potens

446 2700 535 2761 est
564 2709 577 2747 :
611 2694 684 2748 ita
720 2700 775 2749 et
805 2691 859 2746 in
883 2704 951 2747 eo
984 2692 1128 2763 quod
1158 2690 1317 2748 Pater
1344 2704 1562 2762 semper
1591 2699 1707 2758 est,
1731 2690 1783 2747 ei
1808 2704 2044 2763 quoque,

453 2785 509 2843 in
534 2799 601 2841 eo
624 2782 768 2856 quod
796 2783 934 2840 illius
962 2793 1067 2851 est,
1092 2784 1229 2839 Filio
1254 2798 1469 2855 semper
1488 2799 1611 2841 esse
1630 2799 1919 2841 commune
1941 2794 2044 2841 est.

450 2878 583 2937 Nam
610 2880 905 2936 secundum
930 2879 997 2936 ad
1029 2879 1247 2954 Moysen
1273 2880 1505 2957 dictum,
1523 2880 1689 2956 5.33
1709 2882 1851 2938 Misit
1872 2899 1951 2939 me
1978 2884 2047 2936 ad

452 2989 541 3030 vos
574 2974 618 3028 is
646 2972 834 3045 quiest
864 2971 1062 3045 (Exod.
1104 2989 1161 3029 Ill
1186 3016 1202 3039 ,
1232 2974 1342 3045 ιι),
1368 2974 1479 3030 Deo
1518 2978 1795 3045 proprium
1840 2990 1963 3033 esse
1994 2976 2046 3029 id

451 3065 598 3139 quod
642 3074 763 3134 est,
796 3080 906 3122 non
944 3067 1222 3139 ambigens
1251 3081 1444 3125 sensus
1472 3076 1558 3122 est
1601 3068 1769 3138 :quia
1813 3068 1865 3124 id
1904 3068 2047 3140 quod

455 3166 577 3226 est,
632 3173 737 3215 non
788 3168 963 3229 potest
1010 3160 1234 3232 intelligi
1292 3159 1511 3233 dieique
1560 3176 1667 3217 non
1718 3176 1862 3220 esse.
1919 3162 2047 3219 Esse

452 3252 598 3310 enim
620 3260 806 3309 etnon
836 3268 957 3309 esse
980 3254 1253 3310 contraria
1281 3264 1409 3311 sunt
1440 3273 1452 3310 :
1484 3269 1658 3325 neque
1704 3255 1789 3310 ba:
1815 3254 2047 3311 diversae

456 3345 874 3416 signiticntiones
928 3347 980 3401 in
1026 3361 1188 3402 unum
1231 3355 1390 3416 atque
1440 3345 1581 3402 idem
1630 3356 1862 3413 coeunt;
1918 3347 2041 3419 quia

455 3444 711 3495 manente
742 3438 871 3505 alia,
913 3438 1083 3495 altera
1109 3453 1216 3495 non
1242 3438 1361 3494 erit.
1412 3437 1553 3510 Ergo
1582 3439 1669 3494 ubi
1698 3438 1772 3510 (e)
1798 3450 1891 3505 est,
1936 3455 2043 3494 non

455 3539 635 3605 potest
688 3530 771 3591 vel
820 3544 1038 3589 sensum
1083 3530 1171 3588 vel
1222 3544 1533 3589 sermonem
1578 3531 1717 3590 inire
1760 3546 1868 3588 non
1901 3546 2043 3591 esse.

533 3672 613 3741 (i)
642 3673 1053 3731 Cenerationent.

2146 1937 2326 2009 (llum.
2358 1953 2435 2005 ts,
2464 1937 2545 2009 5).

2221 2030 2310 2085 25.
2346 2029 2441 2087 Est
2469 2046 2690 2088 cimus
2724 2032 2787 2089 ab
2810 2045 3002 2090 retento
3027 2048 3049 2089 :
3078 2034 3303 2104 adeoque
3330 2051 3433 2091 non
3456 2052 3519 2091 ex
3551 2036 3737 2103 nihilo,

2148 2134 2239 2181 aut
2270 2142 2374 2181 non
2404 2127 2683 2197 aliquando
2723 2128 2847 2198 fuit.
2886 2157 2961 2170 —
3005 2128 3135 2185 Erat
3175 2128 3378 2201 igitur,
3421 2139 3587 2201 atque
3616 2140 3701 2186 est

2146 2222 2274 2293 quia
2302 2222 2373 2277 ab
2398 2235 2468 2278 eo
2492 2229 2580 2278 est
2598 2262 2614 2289 ,
2660 2222 2753 2295 qui
2778 2222 2922 2293 quod
2948 2232 3033 2279 est
3065 2238 3283 2295 semper
3305 2235 3414 2280 est.
3443 2226 3529 2281 Ab
3554 2240 3622 2281 eo
3647 2240 3733 2280 au-

2151 2324 2259 2370 tem
2288 2326 2411 2372 esse
2433 2353 2449 2379 .
2480 2313 2535 2370 id
2570 2323 2685 2379 est.
2713 2330 2780 2371 es
2820 2322 2976 2388 patre
3001 2330 3162 2383 esse,
3195 2316 3448 2372 nativitas
3474 2326 3579 2372 est.
3610 2316 3743 2373 Esse

2147 2420 2329 2469 autem
2370 2427 2589 2484 semper
2612 2411 2683 2469 ab
2709 2426 2778 2468 eo
2804 2413 2895 2483 qui
2926 2421 3011 2469 est
3034 2426 3284 2483 semper,
3314 2414 3592 2468 saturnius
3613 2419 3695 2468 est
3729 2428 3732 2432 λ

2148 2506 2424 2563 cternitas
2450 2520 2581 2562 vero
2605 2520 2713 2562 non
2743 2520 2809 2562 ex
2836 2519 2919 2572 se,
2951 2506 3048 2561 sed
3076 2506 3145 2562 ab
3172 2513 3398 2561 aeterno.
3428 2504 3508 2560 Ex
3537 2513 3742 2560 aeterno

2147 2606 2329 2656 autem
2357 2598 2495 2657 nihil
2517 2599 2685 2668 aliud,
2702 2615 2863 2671 quam
2888 2609 3174 2657 sternunt.
3198 2600 3352 2668 Quod
3371 2599 3417 2655 si
3442 2614 3551 2655 non
3576 2610 3730 2656 aster.

2150 2707 2315 2759 num;
2359 2692 2471 2764 jam
2503 2706 2605 2749 uec
2644 2700 2799 2763 pater
2840 2692 2931 2762 qui
2978 2692 3343 2765 generationis
3390 2698 3478 2747 est
3514 2700 3735 2761 auctor,

2149 2797 2384 2845 aeternus
2413 2797 2520 2845 est.
2552 2785 2816 2861 (us)Quod
2842 2800 2966 2843 eum
2997 2786 3072 2842 illi
3105 2795 3311 2857 patrem
3342 2799 3556 2856 semper
3582 2800 3735 2854 esse,

2150 2890 2311 2953 atque
2338 2882 2499 2953 lutjus
2533 2879 2702 2937 lilium
2743 2895 2962 2950 semper
3000 2895 3123 2937 esse
3160 2881 3233 2937 sit
3274 2880 3550 2952 proprium
3577 2895 3699 2936 esse
3722 2924 3733 2947 ε,

2149 2984 2207 3032 et
2231 2977 2285 3031 in
2311 2990 2379 3031 eo
2406 2974 2551 3045 quod
2582 2982 2687 3041 est,
2716 2973 3051 3044 signiﬁcatur
3077 2972 3380 3039 aeternitas;
3408 2988 3503 3043 per
3529 2971 3581 3026 id
3610 2988 3742 3042 quo-

2147 3082 2285 3139 que,
2313 3072 2398 3123 cui
2426 3066 2569 3138 quod
2595 3075 2682 3122 est
2716 3066 2991 3137 proprium
3018 3076 3122 3131 est,
3156 3064 3237 3138 (η)
3268 3066 3547 3137 proprium
3576 3073 3659 3120 est
3686 3079 3741 3120 et

2150 3168 2434 3219 mternum.
2463 3159 2674 3217 Nemini
2699 3169 2880 3216 autem
2915 3159 3138 3215 dubium
3166 3168 3271 3225 est,
3311 3159 3439 3227 quin
3468 3160 3742 3229 generatio

2151 3252 2417 3324 signiticet
2444 3252 2776 3309 nativitatem
2797 3294 2815 3319 ,
2856 3250 3018 3326 523
3061 3261 3115 3307 et
3152 3251 3402 3306 nativitas
3436 3258 3739 3306 manentem

2151 3344 2343 3403 doceat
2363 3349 2502 3414 (cum
2522 3346 2638 3400 scil.
2663 3362 2725 3401 ea;
2752 3361 2851 3417 quo
2872 3356 3040 3399 ortum
3060 3344 3204 3399 ducit
3226 3345 3415 3413 status),
3448 3358 3554 3399 non
3575 3358 3737 3401 etiam

2155 3456 2262 3497 non
2290 3452 2615 3498 manentem.
2646 3441 2816 3497 Porro
2843 3451 3021 3496 autem
3050 3439 3247 3511 ambigi
3276 3454 3384 3495 non
3414 3447 3612 3509 potest,
3646 3452 3743 3493 ne—

2154 3534 2353 3591 minem
2383 3538 2472 3607 qui
2510 3543 2631 3591 erat
2674 3533 2844 3591 nasci.
2876 3532 3010 3588 Nam
3060 3530 3321 3589 nascendi
3363 3534 3430 3588 ad
3472 3545 3594 3589 eum
3635 3546 3741 3587 non

528 3745 607 3817 (2)
638 3746 768 3813 Deo,
784 3746 1034 3816 subinde,
1057 3746 1197 3819 quod
1218 3756 1293 3802 est
1320 3745 1439 3815 Dei,
1471 3746 1628 3819 paulo
1655 3755 1801 3822 post,
1824 3747 2109 3817 subtrahit;
2144 3757 2277 3815 tum,
2308 3747 2363 3803 id
2389 3744 2583 3817 aliquid
2610 3742 2772 3799 aliud.

457 3900 589 3942 mss.
621 3885 826 3941 addunt
851 3902 976 3941 esse.
1012 3886 1129 3941 1am
1172 3886 1397 3957 legimus
1422 3902 1474 3940 n.
1502 3886 1567 3941 21
1609 3903 1622 3939 :
1657 3884 1839 3955 Neque
1876 3884 1933 3940 id
1966 3892 2044 3957 ip-

459 3975 571 4012 sum
596 3966 676 4029 est
702 3974 805 4012 non
825 3968 1002 4029 uatum
1028 3958 1170 4028 (sine
1190 3956 1319 4029 esse)
1342 3970 1497 4029 ratque
1525 3959 1687 4011 nasci.

532 4028 616 4101 (α)
662 4028 734 4083 Ita
767 4045 899 4084 mss.
943 4027 1061 4084 Vat.
1114 4031 1225 4083 bas.
1253 4074 1266 4092 ,
1301 4027 1499 4094 "Colb.,
1549 4029 1783 4091 Martin..
1833 4027 2044 4095 Germ.,

460 4101 643 4165 llem.,
675 4111 777 4173 etc.
828 4102 885 4157 In
910 4102 1114 4168 aliquot
1149 4102 1289 4167 aliis,
1320 4102 1417 4173 ﬁlii
1444 4118 1477 4155 a
1500 4117 1554 4156 se
1572 4101 1753 4172 geniti.
1776 4103 1847 4156 At
1867 4102 1921 4155 in
1948 4114 2045 4155 ex-

456 4174 627 4238 cusis,
654 4172 749 4242 ﬁlii
780 4174 1049 4243 unigeniti.

530 4244 607 4315 (ὁ)
636 4243 763 4298 Mss.
797 4242 977 4315 Colb.,
1019 4244 1229 4299 Martio.
1260 4252 1316 4300 et
1336 4244 1549 4309 Germ.,
1572 4244 1711 4310 quod
1749 4253 1926 4299 natum
1954 4252 2046 4298 est.

534 4314 612 4385 (τι
641 4315 827 4371 Codex
852 4314 973 4371 Vat.
1006 4316 1150 4379 bas,
1182 4316 1234 4370 in
1264 4332 1318 4370 se
1347 4332 1478 4371 certe
1502 4316 1805 4370 natiuitatis.

538 4384 624 4459 (ά)
654 4388 709 4444 ln
731 4402 862 4443 mss.
894 4385 1015 4444 Vat.
1038 4387 1180 4453 bas,
1210 4388 1330 4443 aliis
1357 4387 1525 4442 tribus
1551 4385 1848 4455 Vaticanis,
1874 4384 2057 4451 Man,

458 4458 621 4517 Corb.
650 4500 665 4521 ,
686 4468 825 4531 ξιον
858 4460 1235 4531 generationem
1264 4467 1590 4531 (corrupte.
1635 4528 1649 4531 _
1956 4526 1957 4531 η

460 4540 469 4578 I
537 4531 623 4603 (ε)
653 4530 821 4596 Editi,
849 4527 937 4603 ubi
964 4546 1073 4585 esse
1092 4539 1165 4585 est
1198 4547 1217 4587 :
1246 4529 1429 4587 addito
1453 4527 1584 4601 esse,
1602 4528 1807 4603 absque
1825 4527 2053 4586 aucturi-

466 4602 577 4659 tate
600 4612 844 4658 veterum
873 4602 1182 4657 librorum.

531 4673 600 4745 (ι’)
626 4674 788 4729 Solus
805 4672 976 4745 codex
1002 4672 1212 4745 Bemig.
1238 4688 1363 4729 cum
1384 4673 1622 4745 Tbeod.,
1644 4688 1818 4729 sensu.
1843 4671 2053 4745 Agnos-

461 4745 667 4873 ἓῗῶίὲ
696 4746 783 4829 ιιίο
823 4744 1162 4801 bebraismus
1182 4786 1197 4811 ,
1230 4761 1337 4817 quo
1365 4744 1631 4803 redundat
1666 4744 1907 4817 sequens
1925 4759 2053 4816 pro-

685 4834 754 4870 ει.

685 4834 754 4870 ει.

536 4889 616 4959 (g)
664 4889 880 4957 Aliquot
906 4901 1038 4960 mss.
1083 4883 1445 4956 recentiores,
1484 4890 1609 4945 dum
1647 4888 1898 4960 idipsum.
1946 4887 2054 4944 Alii

467 4976 598 5017 vero
626 4960 779 5026 libri,
813 4960 921 5014 Deo
948 4959 1003 5014 id
1031 4960 1220 5027 ipsum.
1249 4960 1450 5017 Probet
1477 4962 1648 5017 lector
1671 4959 1849 5016 utrum
1880 4968 2049 5024 recte,

464 5046 564 5105 pro
592 5028 1194 5105 Deotsubstituerimus
1221 5032 1285 5089 de
1312 5048 1390 5105 eo.
1414 5033 1541 5105 scil.
1566 5034 1661 5105 qui
1687 5041 1791 5105 est,
1822 5031 2056 5087 maxime

464 5102 676 5160 collatis
720 5104 786 5158 iis
814 5116 937 5175 qute
980 5118 1129 5158 num.
1177 5105 1242 5161 3!
1270 5145 1286 5172 ,
1316 5103 1386 5161 de
1426 5103 1550 5162 Filii
1579 5102 1845 5161 inﬁnitate
1886 5118 2051 5159 enun~

468 5179 690 5233 tiantur.

538 5245 617 5316 (li)
638 5246 829 5319 Βιαιεῇ
852 5262 976 5302 cum
1004 5247 1280 5319 plerisque
1303 5261 1461 5315 mss.,
1482 5248 1619 5319 quod
1639 5259 1711 5303 est
1732 5245 1849 5302 Dei.
1871 5245 2055 5319 Codex

469 5318 617 5391 Vat.,
645 5318 784 5388 bas.,
806 5316 964 5389 ’qnod
990 5316 1064 5374 est
1107 5316 1265 5375 Deus.
1298 5320 1465 5390 Hagis
1494 5316 1666 5391 placet
1692 5335 1815 5377 cum
1846 5317 2053 5389 Remig.

467 5405 531 5446 ac
554 5389 791 5458 Theod.,
817 5392 955 5461 quod
990 5402 1085 5453 est,
1116 5392 1182 5455 ei,
1224 5400 1345 5461 puta
1378 5389 1556 5445 sensui
1586 5400 1879 5448 retroacto.

540 5462 604 5534 (i)
650 5462 784 5518 Male
815 5462 975 5532 apud.
1020 5461 1150 5518 Bad.
1174 5507 1189 5528 ,
1228 5478 1426 5531 semper
1463 5462 1727 5529 inﬁnitum
1772 5479 1825 5517 se
1854 5477 2052 5518 sensus.

468 5533 578 5591 Nec
617 5536 812 5591 melius
853 5536 905 5589 in
947 5534 1067 5590 aliis
1106 5536 1237 5593 edit.
1283 5551 1483 5606 semper
1506 5535 1822 5607 inﬁnitatem
1851 5550 1917 5607 se
1944 5550 2060 5588 sen-

468 5625 590 5668 sus.
627 5616 735 5662 etc.
772 5608 1026 5664 Erasmus
1053 5622 1333 5678 perperam
1378 5605 1700 5679 conjectavit
1732 5605 2013 5677 legendum
2042 5647 2056 5673 ,

468 5697 661 5747 semper
696 5697 784 5749 per
813 5680 1118 5748 inﬁnitatem
1161 5682 1205 5735 si
1254 5696 1433 5736 sensus
1471 5682 1630 5736 nostri
1680 5682 1903 5735 reversui
1940 5679 2063 5733 sub-

470 5752 645 5807 trahit.
672 5753 869 5810 Veram
913 5752 1195 5807 lectionem
1250 5767 1445 5823 magno
1492 5766 1759 5823 consensu
1807 5750 2062 5806 exhibent

468 5840 602 5881 mss.
634 5824 838 5885 Sensus
863 5826 1105 5884 inlinitus
1134 5822 1379 5897 vocatur,
1406 5824 1564 5896 cujus
1589 5834 1672 5884 est
1701 5822 1941 5882 inﬁnitus
1970 5837 2062 5881 re—

467 5909 659 5956 CIII'SUS
668 5937 680 5951 .

2223 3886 2295 3959 (j)
2327 3885 2610 3959 [natiquot
2629 3882 2815 3959 probae
2844 3890 2983 3959 notae
3012 3894 3143 3937 mss.
3166 3878 3267 3959 _ltic
3294 3879 3627 3959 [imponitur
3654 3879 3746 3943 ad,

2150 3950 2296 4027 (ιιιὶῖὰ
2341 3950 2867 4028 adjectum-videtur
2909 3954 2977 4009 ob
3031 3950 3329 4028 provimum
3390 3950 3612 4007 verbum
3670 3970 3747 4004 re-

2158 4023 2380 4093 troacta,
2409 4023 2725 4084 'Sententia'
2778 4024 2933 4092 lmjus
2961 4028 3169 4077 nativus
3203 4023 3287 4076 hic.
3316 4038 3507 4077 sensus
3541 4032 3623 4075 est
3656 4041 3666 4075 :
3694 4034 3746 4075 ut

2157 4102 2371 4155 intentio
2400 4098 2741 4169 quantumvis
2771 4107 3024 4169 retroacta
3053 4112 3153 4169 non
3181 4096 3349 4163 capiat
3376 4095 3574 4165 aliquid
3599 4095 3747 4148 aliud

2154 4181 2271 4227 ante
2290 4171 2365 4233 id,
2378 4167 2512 4241 quod
2529 4172 2794 4241 proprium
2808 4167 2920 4241 Deo
2938 4179 3029 4234 est,
3052 4168 3259 4241 scilicet
3272 4182 3473 4241 semper
3489 4181 3617 4241 esse,
3640 4178 3745 4241 etc.

2157 4242 2313 4311 Quod
2351 4236 2403 4297 in
2440 4236 2737 4309 generatim
2765 4238 3010 4311 debeo,
3044 4236 3467 4311 nominatimlde
3509 4236 3644 4290 Filio
3670 4239 3744 4289 εἰν

2163 4305 2394 4371 Eabaur
2435 4305 2569 4370 iitft‘a
2616 4327 2763 4369 num.
2802 4310 2877 4367 32
2917 4310 3175 4383 {Siquid
3203 4310 3266 4362 de
3308 4305 3454 4383 Filio
3489 4324 3629 4383 meus
3669 4326 3747 4361 ινα

2159 4395 2359 4442 troacta
2382 4384 2713 4449 scrutabitur,
2747 4383 2878 4438 nihil
2900 4382 3046 4438 aliud
3065 4381 3344 4436 scrutantis
3366 4381 3563 4449 sensui,
3596 4395 3751 4450 quam

2159 4468 2337 4514 natum
2367 4474 2475 4514 esse
2502 4465 2548 4512 et
2570 4472 2767 4529 semper
2786 4469 2916 4522 esse,
2938 4470 3136 4526 semper
3160 4460 3410 4509 occurret.

2232 4554 2308 4625 (lt)
2359 4550 2646 4625 Editi,_ad
2679 4546 3547 4625 intellgendamnbeimteruitatgm
3574 4560 3740 4616 proce-

2160 4616 2251 4681 dal
2275 4616 2301 4682 ε’
2325 4634 2438 4681 tum
2458 4616 2615 4689 Bad.,
2644 4636 2796 4690 quam
2819 4616 2985 4675 Deum
3016 4636 3031 4673 :
3061 4619 3152 4690 Er.
3185 4617 3419 4690 Lips._et
3455 4616 3601 4681 Par.,
3636 4632 3751 4670 cum

2080 4716 2137 4779 ι)
2162 4695 2348 4779 Dum;
2391 4687 2748 4779 CR’E‘S‘l“l“’
2783 4705 2910 4779 eve.
2948 4705 3081 4779 “155°
3126 4689 3297 4779 ΡΨ
3328 4687 3753 4779 inﬁtiaris”

2159 4768 2500 4843 procedendi,
2516 4759 2578 4821 id
2593 4776 2675 4843 est
2693 4759 2848 4843 quod
2861 4764 3034 4843 aiunt,
3059 4777 3297 4843 processu
3317 4761 3376 4843 in
3396 4759 3673 4843 inﬁnitum.

2233 4842 2298 4912 (ll
2326 4839 2383 4895 in
2414 4830 2666 4912 vulgatis,
2710 4830 3038 4912 Evangelista
3060 4830 3291 4912 testatur.
3317 4830 3510 4912 Verius
3537 4831 3590 4885 in
3616 4845 3749 4912 mss.

2166 4902 2470 4984 Evangelia,
2496 4902 2598 4984 s'ub
2624 4922 2732 4979 quo
2763 4902 2981 4984 nomine
3008 4907 3172 4984 etiam
3193 4902 3752 4984 apostolorumverba

2158 4971 2689 5050 comprehenduntur
2712 5019 2729 5046 ,
2756 4993 2821 5034 ac
2859 4978 3085 5050 proinde
3127 4971 3464 5047 signiﬁcatur
3490 4971 3751 5050 quidquid

2160 5054 2229 5111 ad
2267 5044 2474 5111 Novum
2499 5044 2906 5108 Testamentum
2952 5044 3325 5119 pertinet'tut
3378 5056 3535 5103 antea
3583 5044 3750 5118 Iloysi

2163 5127 2383 5183 nomine
2409 5124 2573 5181 totius
2597 5122 2794 5180 veteris
2826 5118 2963 5191 legis
2985 5119 3119 5176 lides
3140 5118 3429 5177 indicatur.

2236 5218 2339 5289 (nt)
2370 5218 2505 5274 Editi
2534 5259 2548 5283 ,
2579 5216 2730 5284 Quod
2771 5216 2813 5268 si
2851 5214 2929 5269 illi
2974 5222 3171 5289 patrem
3197 5228 3393 5289 semper
3421 5227 3559 5275 esse,
3602 5218 3752 5281 atque

2165 5293 2284 5347 huic
2312 5287 2476 5356 [ilium
2504 5305 2701 5359 semper
2725 5303 2833 5341 esse
2860 5288 3124 5359 proprium
3154 5294 3321 5359 est,_e_t
3346 5287 3399 5339 in
3419 5294 3629 5359 co,‘etc.
3666 5300 3752 5359 re:

2166 5355 2460 5419 nitentibus
2490 5355 2682 5431 magno
2719 5355 2985 5431 consensu
3015 5370 3145 5412 mss.
3174 5355 3345 5431 ln_b_is
3368 5355 3546 5431 verbis
3565 5395 3580 5418 ,
3615 5356 3750 5425 quod

2165 5452 2282 5491 cum
2323 5435 2401 5489 illi
2427 5475 2443 5495 .
2482 5425 2779 5502 pronomen
2818 5429 2904 5502 illi
2930 5430 3090 5502 etiam
3121 5429 3189 5482 ad
3230 5428 3422 5502 Filium
3452 5425 3521 5502 ab
3548 5434 3754 5481 πίει-ιιι)

2170 5517 2351 5561 natum
2379 5498 2721 5561 referendum
2744 5500 2975 5567 videtur,
2997 5504 3047 5555 in
3074 5500 3213 5554 hunc
3236 5500 3348 5554 lere
3364 5498 3582 5553 modum
3598 5511 3751 5553 tcum

2168 5580 2306 5636 Filio
2346 5580 2399 5634 in
2430 5591 2497 5633 eo
2520 5576 2661 5647 quod
2689 5589 2905 5643 semper
2931 5582 3014 5647 est
3049 5572 3125 5627 illi
3153 5581 3321 5642 pater,
3350 5572 3503 5643 cujus
3528 5579 3583 5627 et
3610 5585 3724 5626 sem

2168 5667 2265 5725 per
2291 5661 2375 5708 est
2399 5649 2562 5715 ﬁlius,
2597 5647 2869 5718 proprium
2898 5646 2967 5700 sit
2994 5660 3113 5701 esse
3135 5687 3148 5711 ,
3178 5655 3283 5701 etc.

2240 5746 2325 5819 (η)
2358 5745 2531 5816 Apud.
2566 5742 2687 5817 Par.
2722 5742 2852 5819 etin
2885 5741 3124 5813 pluribus
3151 5738 3562 5819 antiquislibris
3589 5738 3752 5819 semel

2172 5809 2380 5874 tantum
2408 5809 2583 5873 exstat
2608 5809 3025 5886 propriumiesti:
3056 5813 3200 5886 quod
3225 5809 3301 5886 in;
3321 5812 3590 5886 prioribus
3616 5809 3749 5869 edit.

2171 5892 2433 5962 repetitur
2462 5896 2513 5945 et
2542 5883 2750 5945 in'mss.
2779 5884 2962 5954 Villd.,
2987 5884 3218 5957 nuntiis,
3242 5883 3471 5948 Timuit,
3504 5892 3606 5939 etc.
