4266 6488
518 337 624 395 ιιε

1721 335 1808 393 DE
1848 333 2218 394 TRINITATE
2248 335 2455 394 IslBER
2495 337 2610 395 Xll.

3704 342 3813 402 450

518 456 724 522 ωηιξνῆ
772 469 964 523 causa,
1000 457 1079 525 (at
1123 459 1214 527 qui
1261 469 1358 526 per
1387 466 1445 508 se
1477 454 1558 526 tl)
1605 464 1818 508 maneat
1846 463 2100 508 aeternus.
2136 456 2189 516 Α
2215 461 2324 508 tate
2350 464 2567 510 sensum
2599 455 2848 512 humana:
2879 455 3099 512 rationis
3139 457 3467 521 extollimus,
3502 466 3557 512 nt
3584 472 3681 530 per
3721 459 3799 515 in-

516 550 622 603 Setl
668 550 975 621 unigenitus
1023 549 1196 614 licus,
1237 552 1328 618 qui
1370 558 1422 601 et
1470 545 1563 602 Dei
1596 548 1871 618 Sapientia
1919 557 1974 599 et
2018 546 2114 600 Dei

523 642 703 697 Virtus
726 652 782 698 et
809 641 1045 698 Verbum
1071 653 1189 711 est,
1218 658 1342 697 cum
1375 649 1532 696 natus
1567 639 1676 707 sit,
1718 650 1921 711 patrem
1951 649 2114 696 testa-

521 744 922 793 turauctorem.
959 737 1094 792 Cum
1130 751 1200 793 es
1230 742 1485 792 manente
1525 743 1684 789 natus
1725 743 1850 799 est,
1898 747 2006 788 non
2034 743 2120 788 εει

522 839 677 886 natus
716 844 785 886 ea
829 828 1021 885 nihilo.
1071 828 1208 885 Cum
1257 837 1384 884 ante
1427 836 1672 899 tempora
1719 836 1919 883 :cterna
1959 833 2120 882 natus

519 931 625 990 est,
656 935 873 977 omnem
919 936 1139 978 sensum
1187 935 1416 976 necesse
1460 930 1544 975 cst
1587 918 1862 975 nascendo
1909 933 2118 988 praeve-

522 1020 653 1068 niat.
685 1012 766 1084 (Ξ)
805 1011 924 1068 Non
956 1011 1179 1084 reliquit
1216 1012 1273 1068 in
1299 1011 1477 1067 verbis
1501 1052 1517 1078 ,
1559 1022 1618 1065 ιιι
1665 1025 1777 1066 non
1807 1009 1966 1067 fuerit
1995 1022 2120 1066 ante

520 1120 681 1179 quam
708 1115 1046 1164 nasceretur.
1078 1106 1136 1162 Si
1164 1107 1310 1162 enim
1337 1104 1522 1161 sensui
1551 1114 1738 1160 nostro
1763 1106 2031 1176 subjacct,
2061 1114 2120 1162 ut

524 1216 633 1258 non
675 1200 843 1256 fuerit
869 1209 996 1255 ante
1022 1215 1184 1271 quam
1214 1211 1372 1256 natus
1396 1208 1512 1262 est;
1543 1197 1654 1269 jam
1684 1196 1965 1254 nativitate
1998 1199 2120 1269 eius

524 1306 579 1352 et
620 1308 816 1352 sensus
852 1294 933 1368 (ι)
972 1304 1157 1352 noster
1179 1305 1234 1351 et
1280 1305 1492 1364 tempus
1535 1292 1776 1348 anterius
1818 1302 1906 1348 est
1948 1293 2118 1364 :quia

524 1405 722 1457 omne,
767 1389 912 1460 quod
941 1390 1214 1457 nonfuit,
1259 1389 1370 1461 jam
1409 1399 1465 1444 et
1495 1388 1677 1443 sensui
1728 1387 2021 1442 obnoxium
2065 1396 2123 1443 et

526 1482 758 1553 tempori
799 1490 886 1539 est
920 1483 975 1538 in
1003 1498 1068 1539 ea
1111 1482 1226 1552 ipsa
1266 1481 1663 1552 signiﬁcatione
1705 1495 1809 1550 qua
1849 1497 1956 1536 non
1985 1479 2118 1547 fuit;

524 1581 651 1649 quia
692 1591 799 1633 non
829 1576 1034 1646 fuisse,
1082 1593 1207 1648 pars
1235 1579 1497 1649 temporis
1538 1586 1641 1634 est.
1685 1577 1792 1646 Qui
1837 1586 2017 1634 autem
2050 1579 2120 1634 ab

529 1680 732 1728 aeterno
774 1671 851 1743 (ε)
879 1679 999 1737 est,
1026 1682 1083 1727 et
1115 1686 1332 1743 semper
1358 1670 1458 1726 fuit
1485 1713 1499 1738 ,
1545 1685 1646 1726 nec
1674 1680 1755 1726 est
1787 1670 1904 1726 sine
1930 1669 2124 1726 nativi-

530 1775 661 1833 tate,
689 1778 789 1822 nec
817 1780 926 1822 non
956 1765 1096 1833 fuit;
1120 1767 1248 1822 dum
1275 1777 1330 1822 et
1356 1779 1576 1835 semper
1601 1763 1767 1821 fuisse
1797 1779 1956 1834 supra
1989 1773 2126 1820 tem-

531 1875 632 1932 pus
661 1869 765 1924 est,
796 1869 854 1916 et
877 1869 1060 1916 natum
1091 1875 1216 1918 esse
1241 1861 1496 1916 nativitas
1520 1870 1625 1918 est.

603 1955 693 2010 26.
739 1954 931 2010 Contra
978 1957 1292 2011 natiuitatem
1333 1965 1578 2011 teter-unm
1618 1955 1771 2026 impie
1809 1954 1991 2009 nititur
2032 1955 2128 2008 Im-

530 2063 686 2102 ωηο
708 2047 864 2101 ratio.
895 2076 970 2088 —
997 2045 1190 2102 Natum
1221 2048 1404 2118 itaque
1433 2046 1768 2118 unigenitum
1799 2046 1964 2103 Deum
1983 2089 1999 2112 ,
2030 2039 2125 2102 sed

537 2148 719 2195 natum
743 2148 873 2196 ante
899 2147 1100 2195 eterna
1134 2149 1374 2210 tempora
1413 2139 1770 2206 confitemur;
1807 2140 1930 2209 quia
1961 2138 2129 2194 conlie

536 2233 638 2290 teri
675 2244 898 2289 necesse
942 2240 1059 2300 est,
1105 2231 1190 2305 (ἀ)
1216 2232 1270 2288 in
1313 2246 1422 2304 quo
1465 2246 1565 2288 nos
1613 2229 2036 2303 apostolicarum
2065 2247 2129 2288 ac

537 2325 970 2399 propheticarum
1032 2324 1474 2395 [medicationem
1539 2324 1681 2380 dicta
1729 2325 2061 2381 concludunt
2114 2365 2125 2379 .

537 2435 661 2475 cum
693 2425 870 2475 tamen
902 2433 1095 2475 sensus
1124 2418 1393 2474 humanus
1420 2418 1830 2488 intelligentiam
1861 2419 2131 2487 intempo-

539 2512 667 2568 ralis
690 2511 984 2568 nativitatis
1011 2527 1119 2568 non
1141 2511 1537 2583 apprehendat,
1575 2512 1697 2582 quia
1730 2511 1930 2582 aliquid
1956 2511 2008 2565 in
2031 2525 2132 2566 na-

541 2608 675 2660 turis
698 2604 772 2677 (e)
802 2606 1034 2661 terrenis
1063 2612 1189 2660 ante
1215 2612 1459 2674 tempora
1486 2613 1672 2659 natum
1717 2617 1839 2661 csse
1872 2620 1980 2660 non
2004 2618 2135 2659 conc

540 2700 710 2758 venit.
739 2699 895 2770 Quod
915 2713 1040 2756 cum
1073 2701 1146 2757 ita
1172 2715 1203 2755 a
1229 2699 1385 2756 nobis
1418 2698 1832 2770 prmdicabitur;
1862 2697 2136 2769 quomodo

542 2808 757 2849 rursum
798 2793 1041 2864 ejusdem
1091 2793 1460 2864 intelligentiae
1501 2789 1788 2862 complexu
1814 2806 1922 2846 non
1970 2791 2137 2847 fuisse

543 2895 669 2942 ante
696 2899 858 2958 quam
899 2887 1141 2943 nascitur
1165 2886 1406 2942 dicemus
1431 2927 1446 2949 .
1476 2899 1601 2941 cum
1644 2870 1940 2942 secundum
1986 2883 2131 2956 Apo-

544 2981 740 3036 stolum
792 2986 920 3037 ante
967 2987 1215 3051 tempora
1269 2989 1470 3034 aeterna
1524 2978 1595 3033 sit
1643 2978 1952 3048 unigenitus
1998 2979 2139 3035 Deus

548 3074 621 3140 (Il
648 3071 786 3140 Tim,
813 3088 853 3142 ι,
879 3072 936 3139 9.
964 3083 1012 3128 et
1038 3072 1141 3129 Tit.
1167 3089 1206 3140 i,
1237 3073 1340 3136 επ
1365 3071 1422 3128 Si
1454 3073 1614 3144 igitur
1639 3079 1821 3128 natum
1850 3061 1975 3129 ante
2006 3081 2142 3127 tem-

546 3182 678 3239 pora
722 3179 948 3233 aeterna,
995 3183 1101 3223 non
1127 3167 1265 3222 ratio
1305 3167 1552 3221 humana:
1587 3164 1956 3236 intelligentia:
1981 3207 1996 3229 ,
2040 3165 2136 3222 sed

2220 546 2569 616 telligentiam
2601 547 2787 602 mundi
2828 563 2935 602 non
2977 550 3138 604 fuerit
3177 560 3300 605 ante
3334 565 3491 620 quam
3524 551 3764 606 nascitur
3787 593 3805 616 ,

2217 655 2340 694 eum
2363 641 2506 695 ultra
2533 657 2750 698 sensum
2781 641 3075 699 humanum
3101 653 3156 699 ει
3183 643 3590 717 intelligentiam
3624 645 3810 701 mundi

2219 744 2476 789 nascatur
2513 743 2797 793 aeternum.
2843 735 3130 796 Eternum
3161 746 3342 795 autem
3383 749 3466 795 est
3490 779 3508 808 ,
3549 737 3810 810 quidquid

2219 833 2433 896 tempus
2455 828 2692 884 excedit.

2289 918 2384 974 27.
2414 919 2493 975 De
2533 931 2656 977 nato
2687 933 2806 978 ante
2833 932 3061 996 tempore
3087 923 3188 980 dici
3229 927 3397 992 nequit
3420 966 3434 990 ,
3467 926 3621 982 Αιιτε
3669 939 3815 990 eum

2221 1025 2393 1068 nares
2419 1028 2538 1074 ιετ,
2572 1031 2663 1068 stet:
2690 1031 2794 1073 nos
2813 1032 2938 1073 retr
2967 1017 3642 1089 itidemne—Tempora
3670 1019 3814 1074 enim

2220 1106 2401 1160 omnia
2429 1107 2516 1162 vel
2543 1109 2799 1179 opinione
2823 1110 3263 1182 complectimur,
3315 1113 3396 1168 vel
3427 1112 3650 1168 scientia
3691 1132 3702 1167 :
3737 1109 3816 1186 (θ)

2225 1212 2349 1252 cum
2378 1198 2524 1268 quod
2548 1215 2694 1258 nunc
2719 1212 2802 1258 est
2822 1245 2839 1270 ,
2871 1203 3073 1260 scimus
3094 1220 3201 1260 non
3230 1208 3392 1262 etiam
3417 1205 3589 1276 pridie
3613 1207 3809 1273 fuisse,

2224 1291 2348 1360 quia
2392 1292 2534 1362 quod
2565 1294 2736 1363 pridie
2780 1294 2940 1351 fuerit
2959 1338 2976 1365 ,
3007 1313 3151 1353 nunc
3180 1315 3289 1354 non
3322 1301 3426 1354 sit:
3459 1302 3600 1369 quod
3629 1311 3816 1355 autem

2228 1381 2315 1451 (It)
2341 1397 2482 1439 nunc
2508 1394 2622 1450 est,
2655 1401 2798 1443 nunc
2838 1396 3044 1444 tantum
3085 1390 3189 1457 sit,
3220 1406 3326 1445 non
3354 1402 3410 1447 ει
3433 1391 3606 1461 pridie
3636 1392 3817 1448 fuerit.

2224 1473 2492 1545 Opinione
2520 1492 2654 1534 vero
2683 1479 2755 1536 Ita
2787 1483 3056 1552 praeterita
3087 1485 3362 1551 metimur,
3393 1496 3449 1540 ut
3475 1495 3599 1541 ante
3632 1488 3820 1543 urbem

2225 1569 2458 1640 aliquam
2508 1570 2812 1629 institutam
2859 1590 2968 1629 nou
3016 1575 3320 1646 ambigatur
3363 1585 3576 1650 tempus
3627 1579 3818 1648 fuisse,

2226 1676 2335 1731 quo
2361 1662 2492 1719 urbs
2521 1661 2766 1720 instituta
2797 1681 2904 1722 non
2937 1667 3115 1724 fuerit.
3147 1665 3282 1724 Cum
3309 1684 3441 1741 ergo
3469 1669 3552 1724 vel
3579 1669 3822 1728 scientia:

2231 1757 2316 1812 vel
2341 1757 2580 1826 opinioni
2631 1773 2832 1815 nostra:
2879 1763 3160 1832 subiacent
3203 1773 3446 1837 tempora
3475 1806 3488 1830 ,
3520 1779 3684 1819 sensu
3724 1763 3821 1817 bu-

2151 1850 2202 1913 B
2231 1867 2403 1908 mante
2442 1851 2810 1926 intelligentize
2845 1856 3190 1926 iudicamus,
3244 1867 3300 1915 ut
3352 1859 3414 1930 (ἱ)
3441 1859 3509 1914 de
3535 1860 3715 1929 aliqua
3763 1874 3823 1915 re

2233 1946 2443 2003 ratione
2487 1949 2693 2005 dixisse
2740 1951 3116 2008 existimemur
3142 1995 3156 2022 ,
3197 1971 3303 2010 non
3356 1953 3458 2009 fuit
3499 1964 3625 2008 ante
3665 1970 3834 2024 quam.

2233 2043 2492 2107 nascitur,
2517 2044 2640 2114 quia
2673 2042 3094 2119 uniuscujusque
3113 2049 3377 2119 originem
3408 2059 3650 2120 tempora
3681 2063 3821 2103 sem--

2233 2151 2333 2205 per
2359 2137 2588 2192 antelata
2623 2142 2971 2207 prmveniant.
3005 2143 3075 2197 At
3105 2157 3231 2197 vero
3253 2157 3375 2198 cum
3408 2143 3460 2197 in
3499 2142 3591 2198 Dei
3626 2144 3785 2198 rebus
3809 2184 3826 2209 ,

2234 2227 2288 2283 id
2315 2239 2421 2298 est,
2455 2229 2509 2284 in
2536 2230 2627 2285 Dei
2653 2231 2950 2299 nativitatc,
2984 2233 3117 2289 nihil
3149 2251 3254 2290 non
3284 2243 3411 2291 ante
3435 2245 3642 2307 tempus
3670 2244 3822 2291 a-tcr-

2236 2337 2362 2377 num
2393 2321 2494 2388 sit;
2523 2339 2630 2377 non
2660 2324 2806 2380 cadit
2835 2326 2886 2380 in
2915 2325 2989 2394 id,
3023 2338 3078 2382 ut
3101 2327 3177 2399 (j)
3207 2339 3333 2383 ante
3355 2344 3516 2399 quam
3542 2342 3698 2382 natus
3724 2336 3829 2393 est,

2236 2416 2430 2487 cuique
2469 2427 2594 2474 ante
2631 2429 2871 2490 tempora
2917 2430 3116 2476 :eterna
3159 2419 3237 2493 (5)
3271 2423 3593 2492 promissum
3639 2421 3719 2493 (Ῐί)
3748 2433 3838 2478 est

2237 2517 2520 2578 aeternum,
2550 2509 2622 2566 sit
2650 2511 2945 2569 secundum
2977 2515 3116 2570 beati
3148 2515 3392 2585 Apostoli
3419 2515 3621 2571 dictum
3651 2517 3706 2570 in
3733 2530 3831 2588 spe

2239 2604 2364 2659 vita:
2395 2613 2636 2673 aeternae,
2666 2622 2826 2676 quam
2861 2607 3110 2677 promisit
3138 2625 3244 2666 non
3273 2610 3502 2668 mendas
3535 2611 3675 2667 Dens
3706 2621 3834 2668 ante

2242 2707 2482 2768 tempora
2511 2707 2711 2753 interna
2740 2699 2871 2768 (Tit.
2901 2717 2940 2766 ι,
2971 2700 3055 2770 2),
3085 2701 3148 2776 (ι)
3197 2704 3488 2774 aliquando
3519 2720 3625 2760 non
3654 2701 3822 2761 fuisse

2243 2790 2453 2848 dicatur
2484 2812 2498 2844 ι
2532 2794 2656 2864 quia
2701 2793 2923 2866 intelligi
2965 2811 3072 2852 non
3105 2806 3283 2867 potest
3319 2800 3553 2871 coepisse
3582 2806 3705 2871 post
3733 2801 3836 2856 alio

2243 2885 2389 2955 quid,
2420 2886 2508 2958 qui
2536 2902 2657 2943 esse
2685 2888 2757 2943 sit
2796 2895 2920 2943 ante
2962 2897 3165 2945 :ctcrna
3201 2899 3443 2962 tempora
3472 2893 3833 2949 contitendus.

2315 2979 2406 3034 ‘28.
2448 2978 2526 3033 De
2558 2978 2686 3034 Filii
2713 2981 2976 3036 nativitate
3014 2983 3222 3038 credere
3263 2993 3492 3038 tenemur
3514 2987 3662 3038 aliter
3683 3002 3743 3039 ac
3775 2986 3840 3040 de

2244 3071 2458 3125 nostris.
2494 3071 2708 3141 Semper
2740 3083 2915 3126 uatum
2943 3074 3223 3141 audientes,
3252 3093 3527 3148 numquam
3548 3093 3649 3131 non
3679 3078 3841 3150 fuisse

2246 3168 2508 3224 sentimus.
2545 3197 2608 3207 —
2653 3166 2709 3224 Si
2762 3183 2892 3240 ergo
2955 3171 3101 3225 nasci
3151 3169 3356 3240 aliquid
3417 3182 3542 3227 ante
3595 3182 3839 3244 tempora

548 3263 848 3334 prudentia:
883 3259 1055 3318 fidelis
1085 3259 1354 3332 professio
1379 3267 1496 3325 est;
1528 3260 1652 3330 quia
1680 3269 1734 3315 et
1763 3258 2018 3314 nativitas
2049 3274 2142 3329 per
2167 3251 2213 3313 C
2246 3268 2444 3316 teterna
2471 3301 2487 3326 ,
2519 3275 2692 3331 neque
2724 3260 2778 3316 in
2810 3262 3017 3317 naturis
3048 3261 3298 3320 Immanis
3322 3271 3406 3320 est
3430 3308 3445 3332 ,
3480 3280 3654 3336 neque
3680 3264 3733 3319 in
3759 3267 3840 3322 in—

549 3366 827 3412 auctorem
855 3360 961 3418 est,
988 3363 1044 3410 et
1067 3352 1212 3425 quod
1239 3360 1482 3423 tempora
1507 3351 1719 3407 excedit
1747 3361 2007 3407 internum
2031 3359 2137 3418 est,

548 3458 605 3504 et
645 3445 812 3521 ιιι
832 3458 982 3504 extra
1008 3460 1231 3503 sensum
1259 3455 1532 3502 terrenum
1556 3453 1636 3500 est
1670 3443 1811 3515 quod
1854 3452 1980 3499 ante
2007 3453 2136 3498 tem-

549 3554 678 3611 pora
710 3551 912 3596 aeterna
939 3538 1010 3595 sit
1045 3546 1230 3595 natum
1261 3553 1279 3593 :
1307 3545 1454 3595 certe
1479 3537 1590 3608 jam
1632 3536 1709 3607 (ί)
1749 3535 1913 3607 impia
1943 3535 2135 3592 volun-

625 3655 705 3800 ξι)
739 3655 935 3712 Manet.

653 3730 706 3798 Ξ)
737 3728 786 3784 Ν
794 3747 860 3784 οη
881 3746 935 3782 re

653 3730 706 3798 Ξ)
737 3728 786 3784 Ν
794 3747 860 3784 οη
881 3729 1145 3799 relinquit.

624 3842 701 3914 (a)
729 3841 787 3898 in
819 3841 1007 3897 codice
1057 3841 1175 3896 Vat.
1223 3842 1342 3897 bas.
1370 3882 1385 3908 ,
1432 3840 1514 3908 qui
1554 3848 1999 3914 sempetntunent
2089 3836 2141 3893 in

554 3910 766 3971 Martio.
789 3916 878 3984 qui
901 3924 1192 3985 permaneat
1225 3932 1241 3963 .·
1266 3928 1430 3985 grave
1451 3910 1726 3968 utendum.
1753 3910 1922 3966 Filius
1943 3913 2144 3981 quippe

551 4001 767 4055 semper
791 3994 973 4040 manet
997 3998 1254 4051 internus,
1275 3998 1520 4054 quamvrs
1551 3999 1655 4038 non
1689 4000 1778 4055 ρετ
1800 4000 1872 4048 se,
1902 3999 1999 4037 seu
2026 3998 2053 4035 3
2085 3997 2145 4037 SC

555 4054 806 4121 maneat,
836 4057 932 4113 sed
959 4072 989 4111 a
1017 4055 1177 4112 Patre
1210 4073 1224 4109 :
1257 4073 1363 4125 quo
1391 4055 1608 4111 nomine
1633 4056 1688 4109 in
1710 4054 1862 4109 illum
1889 4055 2146 4109 convenit

552 4128 808 4184 nascendi
829 4129 985 4184 ratio.

625 4199 710 4272 (li),
729 4201 898 4272 Acute
921 4199 1110 4272 docet,
1144 4213 1360 4254 sensum
1391 4207 1657 4272 nostrum,
1680 4197 1724 4252 si
1754 4195 1970 4272 quando
2001 4196 2139 4272 filius

553 4287 661 4327 non
681 4269 850 4327 fuerit
873 4312 889 4340 ,
933 4285 1000 4326 eo
1031 4271 1148 4340 ipso
1174 4271 1499 4326 anteriorem
1547 4270 1664 4324 fore
1691 4287 1705 4320 :
1736 4269 1858 4340 quia
1887 4269 2141 4322 nimirum

554 4341 841 4414 cogitando
861 4339 1194 4414 nativitatem
1223 4342 1365 4398 illius
1387 4340 1619 4412 Quodam
1651 4339 2144 4414 modum-(vertet.

555 4410 768 4484 Ex'quo
795 4413 1035 4483 sequitur
1061 4414 1304 4469 eamdem
1334 4410 1666 4467 nativitatem
1691 4427 1798 4484 non
1822 4410 2145 4484 inetl‘abilem

555 4481 700 4551 esse,
725 4485 818 4540 sed
850 4481 1031 4540 sensui
1059 4494 1246 4540 nostro
1265 4485 1572 4553 subjacere,
1599 4481 1898 4538 secundum
1927 4483 1976 4537 id
2006 4481 2148 4551 quod

558 4559 653 4613 lib.
677 4571 754 4621 ιι,
779 4573 833 4611 n.
861 4555 932 4612 46
957 4567 1011 4611 ει
1040 4553 1131 4622 47,
1170 4566 1437 4611 assertum
1468 4566 1574 4609 est.

630 4629 703 4700 (ι)
728 4628 962 4683 Verbum
984 4636 1058 4700 est
1086 4629 1173 4700 hic
1193 4643 1298 4682 non
1325 4627 1696 4682 exsistentiam
1719 4634 1900 4700 sonat,
1923 4625 2016 4700 sed
2041 4623 2150 4700 erit

560 4696 761 4769 ginem,
790 4710 939 4770 puta,
969 4698 1055 4770 qui
1083 4699 1146 4753 ab
1172 4711 1363 4754 aeterno
1388 4708 1598 4752 auctore
1624 4706 1715 4770 est.
1750 4697 1988 4751 Subinde
2021 4696 2150 4750 editi

561 4769 936 4841 excepto’Par.
966 4769 1222 4825 omittunt
1247 4786 1338 4824 nec
1367 4779 1438 4824 cst
1471 4770 1582 4824 sine
1608 4769 1906 4834 nativitate,
1937 4785 2027 4821 nec
2052 4785 2153 4820 non

565 4844 659 4912 [ιιὶι
689 4861 706 4897 :
737 4859 852 4914 qua:
889 4842 1048 4896 verba
1083 4841 1438 4914 Erasmushjn
1469 4841 1721 4914 quodam
1750 4841 1938 4914 codice
1981 4854 2041 4914 se
2071 4855 2154 4914 rc—

567 4910 769 4986 perisse
808 4914 1080 4986 admouet.
1110 4910 1420 4982 Reperisset
1443 4928 1574 4986 sane
1600 4912 1653 4965 in
1675 4911 1934 4986 pluribus,
1968 4910 2012 4963 si
2038 4910 2154 4978 plu-

565 4983 652 5042 res
685 4986 924 5057 legisset.
957 4983 1067 5057 Nec
1110 4998 1399 5054 possumus
1442 4983 1592 5057 illius
1625 4983 2005 5057 negligentiam
2052 4996 2156 5057 non

567 5052 813 5114 incusare
839 5099 856 5123 ,
904 5052 1122 5126 quiivel
1161 5066 1373 5120 reperta
1412 5070 1479 5109 an
1530 5053 1596 5108 ad
1624 5055 1908 5109 sententia:
1940 5052 2158 5121 integri-

567 5140 731 5186 tatem
757 5125 1062 5184 necesSaria
1087 5137 1288 5194 essent,
1311 5127 1579 5181 tantillum
1601 5129 1914 5195 expendere
1940 5138 2044 5178 nan
2069 5139 2161 5178 cu—

570 5214 723 5258 rawt.
791 5211 796 5214 ’

644 5275 722 5343 (d)
758 5273 929 5337 Editi,
960 5275 1013 5327 id
1042 5273 1200 5339 quod.
1242 5274 1312 5326 At
1351 5287 1480 5326 mss.
1515 5270 1567 5322 in
1593 5285 1730 5343 quo_.
1759 5267 1862 5343 vel.
1894 5269 1944 5320 in
1973 5267 2164 5343 quod}

573 5347 620 5400 id
652 5339 765 5410 est,
799 5345 1072 5400 confessio
1100 5354 1282 5398 ucstra
1311 5343 1556 5398 terminis
1589 5342 1656 5394 iis
1683 5339 1848 5393 debet
1870 5341 2160 5402 contineri,

571 5433 705 5486 quos
730 5417 972 5486 Apostoli
1000 5425 1053 5470 et
1083 5417 1357 5486 prepliette
1381 5416 1535 5468 nobis
1566 5413 1921 5466 constituunt.

645 5492 714 5559 (ε)
747 5488 872 5544 Mss.
903 5487 1112 5543 Martio.
1153 5498 1206 5542 et
1247 5487 1387 5553 νειμ,
1421 5487 1560 5551 bas.,
1591 5494 1786 5538 naturis
1812 5498 1981 5536 rerum
2011 5491 2160 5535 terre-

575 5577 756 5614 narunt
766 5602 778 5613 .

647 5633 721 5702 (ί)
757 5633 812 5686 ιιι
843 5631 1003 5686 Corb.
1044 5640 1097 5687 et
1128 5644 1312 5698 pauets
1343 5628 1464 5702 aliis
1493 5643 1648 5688 mss..
1687 5628 1896 5702 impiam
1928 5626 2162 5702 uolunte-

576 5696 849 5760 tetn'sensu
879 5719 898 5757 :
929 5704 1104 5758 minus
1131 5696 1366 5757 Sincere.
1404 5701 1586 5768 impia:
1615 5698 1910 5751 voluntatis
1942 5711 2034 5749 eos
2067 5696 2160 5750 lli-

576 5774 740 5848 larius
766 5791 993 5848 arguere
1019 5775 1180 5837 solet,
1200 5775 1288 5840 qui
1329 5783 1514 5848 aperte
1540 5770 1797 5823 resistunt
1825 5770 2036 5848 veritati
2063 5810 2075 5824 .
2109 5777 2164 5822 et

579 5846 931 5916 ignorantiam
957 5861 1058 5902 non
1095 5855 1316 5917 possunt
1344 5843 1482 5915 apud
1509 5855 1693 5912 azquos
1722 5855 1899 5896 rerum
1923 5843 2160 5896 gestimu-

2180 4673 2231 4732 D

2247 3352 2540 3423 tclligentia
2564 3370 2578 3418 ;
2607 3366 2661 3410 et
2688 3362 2864 3410 tamen
2896 3356 2949 3412 in
2979 3355 3082 3411 hoc
3112 3355 3539 3426 professionibus
3567 3358 3634 3415 de
3658 3373 3717 3414 se
3746 3359 3841 3414 Dei

2245 3446 2486 3501 creditur
2515 3462 2528 3473 ·
2559 3446 2827 3516 quomodo
2871 3446 2924 3502 id
2963 3447 3108 3519 quod
3135 3448 3250 3504 sine
3287 3464 3450 3505 sensu
3501 3449 3597 3522 (nt)
3638 3449 3838 3506 intelli-

2246 3539 2443 3611 gentia:
2468 3549 2686 3597 interna:
2713 3551 2896 3596 natum
2927 3557 3164 3612 semper,
3206 3543 3258 3599 id
3287 3551 3371 3599 est
3391 3585 3406 3612 ,
3435 3553 3561 3601 ante
3590 3555 3832 3616 tempora

2325 3653 2404 3726 (⁸5)
2437 3651 2758 3710 Promissum
2787 3667 3032 3712 aeternum
3057 3657 3141 3711 sit.

2255 3845 2400 3914 tores
2421 3835 2716 3914 obtendere
2743 3856 2754 3889 :
2783 3837 3085 3908 cuiusmodi
3115 3849 3239 3896 sunt
3261 3883 3276 3905 ,
3309 3841 3400 3912 qui
3432 3859 3523 3912 per
3550 3843 3846 3914 intelligen-

2253 3910 2375 3963 tiam
2403 3911 2615 3974 mundi,
2647 3909 2748 3964 hoc
2770 3921 2875 3971 est,
2906 3927 2974 3966 ex
2993 3913 3299 3981 cognitione
3329 3909 3515 3970 rerum
3549 3909 3846 3972 mundana-

2257 3997 2395 4062 runt,
2427 3983 2726 4052 comparari
2755 3982 2946 4038 volunt
2972 3985 3080 4039 uati
3101 3996 3226 4039 ante
3255 3994 3496 4056 tempora
3526 3999 3729 4044 interna
3751 4004 3847 4043 no-

2255 4061 2451 4106 titiam.

2327 4121 2407 4198 ig)
2439 4123 2807 4198 Supplendum
2835 4125 2943 4190 hic,
2966 4126 3179 4182 scientia
3207 4129 3430 4198 quidem.

2328 4196 2410 4266 (Ιι)
2447 4195 2711 4251 t'articula
2736 4213 2872 4251 nunc
2893 4239 2908 4263 ,
2940 4199 2993 4252 in
3023 4195 3249 4270 vulgatis
3269 4203 3468 4257 omissa
3489 4241 3504 4267 ,
3527 4216 3592 4258 ex
3632 4201 3849 4273 scriptis

2251 4283 2461 4322 revocd.
2476 4282 2557 4326 ιη’,

2325 4337 2389 4408 (i)
2417 4341 2592 4415 Editi,
2617 4338 2683 4394 de
2703 4339 3118 4415 atiqua_ratione.
3165 4339 3388 4398 Rectius
3419 4358 3552 4399 mss.
3584 4344 3649 4398 de
3677 4345 3852 4415 aliqua

2251 4426 2306 4464 re
2332 4415 2551 4490 ratione,
2577 4411 2679 4490 hoc
2705 4422 2789 4465 est
2808 4412 2927 4490 ,__de
2953 4429 3013 4490 re
3059 4427 3181 4490 qua;
3206 4417 3538 4484 temporibus
3570 4411 3810 4486 sulijacet
3828 4455 3849 4484 ,

2252 4482 2448 4623 pterito
2475 4497 2539 4537 ac
2571 4482 2782 4538 ratione
2803 4483 3120 4551 dixerimus,
3145 4484 3276 4538 Ante
3302 4482 3458 4556 quam
3485 4482 3715 4542 nascitur
3743 4482 3847 4543 non

2285 4561 2378 4606 (tu.

2285 4561 2378 4606 uti.

2257 4622 2268 4704 4
2295 4627 2402 4704 _(j)
2433 4622 2489 4704 Id
2519 4635 2604 4704 est
2630 4667 2645 4691 ,
2664 4624 2730 4704 ‘iu
2772 4624 2866 4681 Dei
2897 4626 3152 4700 unigeniti
3189 4629 3524 4684 nativitatem
3569 4645 3676 4687 non
3706 4629 3852 4688 cadit

2256 4693 2421 4772 id..'_tt_t
2537 4697 2628 4772 illo
2643 4696 2888 4772 dieatur,_
2905 4693 3024 4772 ante
3048 4717 3200 4772 quam
3221 4710 3372 4754 natus
3389 4711 3482 4755 est.

2329 4765 2404 4839 (k)
2448 4767 2604 4834 Bad.,
2641 4767 2731 4822 Er.
2771 4777 2826 4843 ει
2869 4769 3020 4838 Lips.
3060 4765 3184 4828 cum
3211 4774 3414 4843 aliquot
3461 4789 3570 4828 non
3615 4773 3859 4830 melioris

2259 4851 2400 4911 notae
2429 4854 2586 4911 mss.,
2613 4842 2920 4911 promissum
2949 4854 3197 4898 teternunt
3227 4842 3315 4910 sit,
3339 4847 3540 4900 omisso
3565 4846 3728 4900 verbo
3757 4856 3854 4900 est.

2262 4909 2375 4964 Hoc
2416 4910 2519 4965 sibi
2569 4909 2680 4964 vult
2721 4931 2733 4962 ;
2773 4912 2863 4984 qui
2895 4917 3222 4984 promissum
3259 4909 3525 4970 attentum
3573 4925 3698 4972 ante
3728 4925 3856 4971 tem—

2265 4997 2394 5049 pora
2427 4991 2628 5036 mtcrna
2661 4982 2931 5058 possidet,
2966 4990 3099 5053 (non
3133 4997 3338 5042 tantum
3370 5003 3461 5055 per
3496 4989 3864 5058 participatio-

2264 5069 2386 5129 nem
2418 5064 2624 5129 natur.»
2658 5055 2875 5129 divitiae.
2909 5058 3002 5112 sed
3039 5074 3135 5128 per
3166 5055 3604 5129 plettiutdiiiein),
3635 5055 3740 5113 non
3771 5075 3854 5113 ca-

2265 5124 2343 5178 dit
2372 5125 2424 5204 itt
2458 5123 2621 5204 id,.ut
2655 5126 2726 5178 sit
2765 5126 2939 5181 adhuc
2965 5123 3143 5204 irtfsiie
3167 5123 3737 5204 ejusdemproinissi;
3777 5146 3860 5184 cut

2266 5196 2562 5250 conditioni
2588 5210 2674 5249 res
2701 5208 2910 5251 creatas
2929 5196 3213 5266 subiacere
3243 5218 3393 5256 num.
3421 5196 3479 5266 δ’,
3502 5209 3862 5257 monstratum

2267 5274 2352 5321 est
2382 5269 2464 5320 liis
2490 5267 2670 5321 verbis
2705 5310 2708 5312 .
2750 5270 2806 5321 Si
2835 5269 2992 5334 igitur
3014 5267 3249 5327 Christus
3274 5283 3513 5328 creatura
3535 5284 3630 5336 est,
3667 5289 3868 5328 necesse

2270 5348 2343 5392 est
2376 5343 2474 5409 sub,
2495 5354 2580 5409 spe
2609 5339 2900 5409 longinqua:
2928 5345 3294 5409 expectationis
3319 5347 3540 5398 incertus
3571 5349 3659 5397 stt.

2305 5412 2407 5490 .(l)
2457 5408 2819 5490 Particulanet
2869 5414 2954 5469 ltic
2997 5408 3384 5490 desideratur.
3410 5415 3586 5490 Mne
3618 5415 3712 5490 qui
3759 5431 3868 5490 esse

2271 5482 2358 5544 sit,
2384 5490 2485 5535 etc.
2524 5484 2601 5536 sic
2624 5482 2863 5553 intellige
2893 5489 3043 5555 quasi
3075 5487 3306 5556 legeres,
3333 5487 3421 5557 qui
3453 5482 3777 5557 conﬁtenda
3801 5488 3867 5541 sit

2274 5568 2402 5614 esse,
2439 5563 2536 5607 etc.

2283 5695 2305 5701 ‘_
2346 5624 2442 5691 (ιη)
2472 5623 2742 5701 Vaticana;
2767 5626 3002 5684 basilica:
3015 5629 3216 5701 codex,
3246 5627 3866 5700 intetligentitehmnmr.

2273 5698 2550 5751 Sinccrius
2579 5698 2700 5762 alii,
2733 5710 2961 5756 interna.
3003 5700 3362 5771 [intelligentia
3394 5698 3605 5766 creata,
3649 5702 3698 5753 ni
3734 5701 3871 5754 falli—

2274 5782 2417 5846 m_u_r,
2441 5782 2631 5846 aeterna
2664 5784 3024 5846 nuncupatur,
3057 5774 3178 5841 quia
3202 5774 3488 5828 aeternitate
3517 5773 3824 5846 procedendi
3852 5787 3867 5820 .'

2274 5840 2341 5894 ad
2370 5839 2780 5910 intelligentiam
2807 5839 2901 5901 Dei
2932 5845 3024 5900 niti
3050 5839 3249 5915 potest,
3275 5839 3873 5914 liceteompreltcntletﬁ
