4266 6462
401 291 500 354 451

1615 297 1863 359 SANCTI
1901 297 2158 360 BILARII
2187 299 2494 364 ΕΗΜορὶ

3588 309 3699 369 ὁδὶ

401 419 602 468 ιιειικτιιε
634 424 755 467 esse
775 451 790 475 ,
823 411 1118 482 apostolica
1159 413 1296 471 tldcs
1335 414 1413 486 (α)
1444 429 1567 472 cum
1598 418 1772 473 locuta
1801 415 1908 476 sit:
1940 419 1990 472 id
2019 431 2070 489 Α
2098 429 2400 494 temporum
2431 425 2703 482 nascendo
2728 439 3082 498 praecurrere,
3117 443 3292 500 neque
3333 427 3699 499 intelligentin

405 518 588 558 tui-sus
617 519 721 558 non
739 504 904 582 425
933 505 1096 563 fuisse
1121 515 1248 564 ante
1272 522 1430 580 quam
1461 511 1717 572 nascitur,
1747 526 1845 581 per
1869 526 1996 567 sen-

399 609 518 650 sum
553 595 800 652 humana:
829 599 1194 672 intelligentia:
1217 643 1234 667 ,
1258 604 1430 660 nostri
1461 605 1720 674 temporis
1757 604 1838 675 (ι)
1867 604 1992 660 inli-

404 686 601 743 delitas
623 689 936 760 eloquitur?
963 705 1085 748 cum
1115 693 1258 766 quod
1285 705 1410 751 ante
1437 703 1650 768 tempus
1673 708 1856 752 natum
1887 707 1992 764 est,

405 796 622 851 semper
655 791 739 838 est
779 795 962 839 natum
1008 803 1020 838 :
1049 787 1172 857 quia
1205 787 1256 843 id
1292 789 1433 858 quod
1465 797 1550 844 est
1574 801 1704 847 ante
1731 797 1996 845 internum

407 885 638 947 tempus,
673 875 775 931 hoc
801 891 1017 948 semper
1039 887 1142 934 est.
1168 880 1324 948 Quod
1344 888 1525 937 autem
1549 896 1770 952 semper
1785 892 1871 938 est
1898 897 1994 938 na-

409 979 550 1035 tum,
595 983 701 1024 non
748 971 984 1027 admittit
1022 987 1094 1028 ne
1134 973 1422 1046 aliquando
1467 991 1575 1032 non
1627 973 1788 1030 fuerit
1829 976 1998 1044 :quia

406 1061 696 1131 aliquando
721 1076 830 1118 non
858 1063 1040 1130 fuisse,
1065 1064 1176 1134 jam
1206 1081 1312 1120 non
1335 1075 1659 1136 estsemper
1679 1080 1822 1124 esse.
1846 1067 2003 1123 Sem-

411 1168 504 1221 per
530 1164 708 1210 autem
738 1170 862 1210 esse
884 1197 899 1220 .
940 1155 1178 1212 excludit
1207 1173 1312 1213 non
1339 1173 1562 1228 semper
1589 1157 1774 1214 tuisse.
1807 1157 1878 1214 Et
1903 1173 2004 1214 ea:

407 1249 560 1302 cluso
600 1249 674 1320 (ε)
717 1263 784 1306 eo
811 1291 824 1310 .
871 1265 968 1320 per
997 1249 1048 1305 id
1095 1249 1242 1322 quod
1287 1265 1506 1324 semper
1553 1262 1638 1308 est
1669 1261 1826 1308 natus
1849 1293 1865 1316 ,
1890 1266 1996 1306 non

409 1354 624 1408 semper
663 1340 864 1408 fuisse;
911 1356 1015 1396 non
1046 1345 1190 1398 cadit
1220 1345 1276 1398 in
1319 1359 1574 1411 sensum,
1603 1353 1664 1400 ut
1707 1359 1815 1401 non
1839 1343 2008 1400 fuerit

409 1443 535 1486 ante
567 1447 726 1502 quant
755 1443 913 1488 natus
937 1435 1009 1488 sit
1053 1453 1066 1488 :
1095 1435 1218 1505 quia
1250 1433 1342 1506 qui
1372 1445 1496 1490 ante
1525 1445 1768 1505 tempora
1797 1443 2004 1493 interna

412 1533 568 1580 natus
596 1533 680 1580 est
699 1567 712 1592 ,
749 1534 906 1580 natus
940 1543 1062 1582 esse
1091 1541 1308 1596 semper
1337 1528 1392 1584 in
1418 1543 1582 1586 sensu
1620 1541 1736 1594 eat;
1765 1544 1886 1586 cunt
1919 1537 2006 1586 ta-

412 1634 535 1674 men
563 1632 688 1676 ante
712 1629 954 1691 tempora
987 1629 1170 1676 natum
1201 1623 1282 1695 (ά)
1307 1637 1556 1682 essenon
1585 1624 1778 1682 subeat
1800 1627 1852 1680 in
1876 1639 2008 1680 scn-

413 1727 555 1766 smn.
585 1710 717 1767 Nam
749 1712 792 1765 si
815 1753 830 1778 ,
855 1711 1003 1784 quod
1029 1715 1214 1785 utique
1239 1717 1516 1782 convenit,
1548 1724 1674 1772 ante
1700 1725 2006 1774 creaturam

414 1819 510 1858 seu
539 1803 858 1860 invisibilem
883 1817 977 1859 seu
1002 1805 1356 1874 corporalem.
1375 1817 1432 1862 et
1457 1817 1582 1862 ante
1602 1809 1784 1868 omna
1811 1807 2007 1863 saecula

419 1907 470 1952 ct
511 1907 756 1966 tempora
797 1907 996 1954 aeterna
1024 1939 1036 1963 ,
1071 1909 1124 1953 ct
1152 1906 1282 1953 ante
1323 1912 1545 1954 sensum
1589 1915 1804 1955 omnem
1847 1909 2006 1956 natus

418 1989 754 2044 Cottiitcndns
782 1999 866 2045 est
894 2005 1034 2052 esse,
1065 1993 1156 2060 qui
1189 2005 1284 2060 per
1313 1990 1386 2060 id,
1418 1993 1562 2063 quod
1597 1994 1666 2045 ita
1705 2002 1862 2050 natus
1887 2001 2007 2058 est,

418 2097 632 2152 Semper
653 2092 765 2152 est;
793 2083 1001 2154 concipi
1031 2099 1244 2154 quoque
1275 2084 1420 2140 nullo
1451 2099 1612 2141 sensu
1648 2085 1790 2151 licet,
1821 2095 2006 2141 utnon

419 2173 579 2229 fuerit
608 2187 733 2230 ante
759 2191 918 2246 quam
945 2187 1213 2242 nasi-itur;
1244 2177 1366 2246 quia
1404 2187 1458 2234 et
1483 2187 1610 2232 ante
1635 2192 1856 2232 sensum
1883 2189 2008 2231 om-

421 2282 542 2322 nem
571 2277 657 2322 est
683 2307 698 2330 ,
728 2270 818 2337 qui
863 2279 989 2322 ante
1019 2278 1259 2338 tempora
1308 2278 1506 2326 ceterna
1537 2281 1695 2324 natus
1723 2277 1810 2324 est
1829 2309 1844 2334 ,
1873 2277 1928 2324 ct
1956 2269 2010 2324 in

420 2375 580 2414 sensu
609 2375 897 2433 numquam
926 2371 1008 2417 est
1035 2364 1302 2434 curm-qui
1345 2377 1559 2434 semper
1593 2379 1715 2420 esse
1743 2362 2014 2418 eoniitcno

419 2451 520 2506 dus
543 2463 648 2518 est,
681 2469 788 2508 non
815 2452 998 2510 fuisse.

489 2546 582 2604 29.
627 2545 896 2618 licponuut
923 2591 939 2615 ,
985 2549 1084 2616 Qui
1125 2549 1282 2622 igitur
1331 2558 1462 2616 erat,
1511 2561 1662 2605 nutus
1693 2549 2015 2608 est—Sed

419 2649 608 2710 argute
655 2639 818 2710 huius
869 2640 1309 2716 interrogationis
1349 2641 1622 2698 calumnia
1676 2644 2013 2701 antefertur:

430 2749 449 2783 ι
479 2733 556 2798 Si,
579 2731 771 2802 inquit,
791 2731 845 2788 in
867 2747 1086 2792 sensum
1103 2749 1212 2790 non
1238 2733 1382 2790 cadit
1403 2750 1510 2792 non
1532 2736 1834 2794 fuisseante
1855 2753 2015 2810 quam

422 2827 682 2894 nascitur,
713 2827 979 2899 reliquum
1016 2829 1122 2886 hoc
1147 2829 1329 2886 sensui
1350 2837 1458 2900 est,
1499 2831 1670 2903 utqui
1699 2842 1819 2890 erat
1859 2843 2018 2890 natus

422 2929 512 2973 Sil.
551 2937 570 2970 ι

496 3000 586 3070 50.
629 3011 788 3066 Aliud
827 3022 900 3068 est
927 3031 1128 3086 semper
1159 3025 1336 3073 natum
1385 3031 1513 3084 me,
1555 3015 1700 3073 aliud
1729 3018 1872 3090 prius
1913 3035 2020 3074 esse

420 3125 574 3177 quam
629 3111 792 3165 nosci.
825 3138 896 3150 --
925 3107 995 3165 Et
1035 3109 1386 3166 calumnianti
1429 3109 1769 3182 respondebo
1801 3127 1814 3162 τ
1847 3109 2010 3166 Num.

423 3203 550 3275 quid
581 3223 612 3260 a
641 3221 728 3260 me
750 3205 917 3272 aliud,
956 3221 1116 3279 quant
1145 3217 1354 3272 natum,
1395 3205 1502 3262 dici
1533 3204 1880 3264 meminerit?
1910 3207 2020 3265 Aut

422 3297 678 3368 numquid
709 3309 837 3354 ante
880 3307 1121 3369 tempora
1162 3309 1363 3354 :eterna
1389 3298 1462 3373 (ε)
1492 3315 1637 3368 esse,
1667 3299 1720 3356 id
1737 3300 1914 3372 ipsum
1945 3301 2020 3358 sit

423 3390 564 3458 quod
595 3401 698 3456 est,
727 3405 850 3446 cum
883 3389 972 3461 qui
997 3399 1114 3446 erat
1143 3391 1289 3446 nasci
1312 3391 1336 3446 Ἰ
1357 3392 1482 3461 quia
1511 3387 1659 3447 nasci
1687 3392 1828 3462 quod
1873 3402 2016 3460 erat,

419 3483 528 3552 jam
575 3499 680 3538 non
726 3483 872 3538 nasci
903 3495 1004 3552 est,
1035 3483 1130 3540 sed
1156 3483 1222 3556 ιζῙ)
1267 3498 1328 3538 se
1371 3484 1547 3554 ipsum
1581 3483 1865 3542 demutare
1891 3501 2018 3540 nus-

424 3575 616 3632 ccndo.
649 3575 840 3632 Natum
883 3588 1064 3631 autem
1112 3591 1330 3647 semper
1360 3591 1481 3634 esse
1516 3577 1620 3634 ltoc
1647 3590 1750 3648 cst,
1794 3593 2015 3636 sensum

498 3709 577 3852 Συ
607 3708 970 3781 Conﬁtendum
993 3723 1086 3766 est.

524 3785 579 3852 ‘2)
607 3781 712 3837 Aut
736 3783 914 3852 luisse.

524 3785 579 3854 ‘2)
607 3781 712 3837 Aut
736 3783 914 3852 luisse.

422 3917 547 3960 eum
579 3919 684 3957 non
716 3901 895 3976 valeat
913 3917 939 3976 :A
961 3904 1082 3974 quia
1109 3903 1166 3959 id
1185 3945 1200 3972 ,
1230 3903 1367 3976 quod
1391 3905 1446 3959 in
1487 3901 1599 3962 Deo
1629 3904 1886 3976 inﬁnitum
1915 3916 2012 3972 est,

425 3991 626 4044 semper
655 3991 708 4029 se
745 3973 941 4042 infiniti
970 3973 1148 4030 sensus
1173 3973 1331 4031 nostri
1365 3979 1598 4032 recursui
1627 3973 1897 4033 stt—btrahat
1915 4019 1932 4046 ,
1958 3987 2016 4032 ut

425 4047 628 4100 dictum
667 4053 751 4100 est
777 4061 924 4100 num.
956 4046 1048 4100 24.

497 4117 574 4188 (α)
608 4118 783 4184 Apud.
811 4118 968 4182 Par.,,
992 4133 1136 4186 eum,
1177 4133 1284 4173 non
1323 4135 1460 4174 cuin.
1491 4117 1753 4180 Neutrum
1784 4129 1934 4175 extat
1963 4120 2014 4175 in

428 4189 552 4242 aliis
581 4188 711 4244 edit.
743 4189 801 4245 In
835 4192 1108 4246 nonnullis
1149 4203 1279 4245 mss.
1302 4232 1316 4256 ,
1358 4189 1613 4247 collocuta
1629 4191 1718 4249 vel
1742 4195 2012 4248 conlocata

427 4261 510 4312 εἰι.
543 4260 894 4316 itesntunnns
931 4277 997 4316 cx
1038 4261 1334 4327 potioribus
1358 4278 1472 4316 cum
1499 4263 1793 4318 tocutmsit.
1827 4263 2018 4330 Argui-

430 4343 514 4384 tur
543 4333 626 4385 hic
649 4334 922 4387 temeritas
947 4333 1323 4388 Inereticorum
1341 4373 1356 4398 ,
1381 4335 1470 4402 qui
1501 4333 1569 4388 de
1596 4333 1711 4388 Filii
1740 4337 2018 4390 ttatitlitale

427 4403 698 4458 disserunt
729 4404 1023 4458 secundum
1068 4405 1354 4459 humanam
1381 4403 1790 4477 intelligentiam
1821 4413 1876 4460 et
1915 4407 2015 4458 litt-

433 4491 603 4528 ιιιςιιιςιε
658 4486 860 4529 natum
928 4477 1138 4544 legem,
1187 4477 1350 4530 etiam
1428 4485 1712 4544 posttquam
1762 4491 2018 4546 accepere

431 4549 592 4598 \‘Urit'l
638 4547 862 4614 aposmli
897 4585 910 4610 ,
961 4563 1083 4600 eum
1128 4558 1253 4602 ante
1297 4555 1538 4614 tempora
1584 4554 1783 4602 aeterna
1833 4561 2016 4602 natum

431 4633 568 4696 esse,
600 4617 846 4684 adeoque
871 4617 1067 4672 mentis
1095 4616 1344 4671 humanae
1379 4626 1595 4688 captum
1627 4615 1892 4673 excedere
1918 4617 2017 4674 do-

429 4699 622 4741 CClliiS.

2099 525 2286 586 patere
2317 519 2604 588 aliquando
2625 519 2793 576 fuisse
2815 537 2920 576 non
2945 529 3153 581 natum.
3183 521 3302 578 Non
3329 531 3412 580 est
3437 523 3621 594 itaque
3645 523 3697 578 id

2098 608 2298 677 ipsum.
2327 619 2510 667 natum
2541 622 2670 672 ante
2699 623 2941 686 tempora
2989 625 3191 671 aeterna
3219 631 3437 686 semper
3461 631 3605 684 esse,
3646 629 3702 672 et

2098 716 2221 757 esse
2249 713 2375 758 ante
2416 717 2577 773 quam
2623 706 2793 762 nasci.
2832 704 3029 763 Natum
3071 715 3254 766 autem
3294 716 3420 764 antu
3459 715 3699 778 tetnpora

2099 805 2302 853 eterna
2332 809 2549 867 semper
2589 811 2733 866 esse,
2766 799 3010 855 excludit
3050 817 3160 856 non
3190 799 3357 857 fuisse
3383 809 3509 857 ante
3539 818 3700 875 quam

2103 889 2362 944 nascitur.

2172 981 2262 1036 5i.
2296 981 2463 1056 526
2491 981 2662 1040 Filius
2701 1001 2794 1040 nec
2834 995 2933 1054 est,
2965 1003 3059 1042 nec
3097 1003 3200 1043 non
3241 987 3343 1060 fuit
3372 989 3518 1058 prius
3552 1001 3702 1057 qustu

2102 1083 2272 1128 notus.
2301 1103 2372 1116 —-
2397 1076 2668 1132 Caeterum
2712 1091 2819 1133 non
2863 1081 3122 1150 relinquit
3177 1079 3328 1150 prius
3377 1094 3502 1135 esse
3541 1093 3704 1150 quam

2104 1165 2252 1222 nasci
2281 1183 2295 1220 :
2324 1168 2446 1234 quia
2473 1168 2566 1238 qui
2609 1167 2746 1224 ultra
2789 1183 3006 1226 sensum
3037 1179 3145 1238 est,
3180 1173 3230 1226 in
3264 1171 3414 1226 nullo
3456 1169 3708 1240 subiacet

2105 1265 2312 1315 sensui.
2343 1257 2480 1316 Nam
2499 1261 2546 1315 si
2579 1261 2716 1316 ultra
2739 1275 2960 1318 sensum
2983 1271 3082 1330 est,
3113 1273 3296 1318 natum
3325 1277 3542 1331 semper
3559 1275 3704 1326 esse,

2107 1369 2216 1410 non
2247 1355 2373 1412 licet
2397 1357 2508 1426 jam
2540 1371 2662 1412 esse
2685 1365 2806 1426 post
2834 1373 3078 1427 sensum,
3107 1372 3214 1414 non
3241 1355 3412 1412 fuisse
3436 1373 3560 1412 eum
3581 1363 3708 1410 ante

2107 1463 2268 1516 quam
2296 1451 2556 1505 nascitur.
2587 1450 2718 1506 Cum
2763 1449 2946 1522 itaque
2975 1463 3160 1507 natum
3205 1467 3423 1520 semper
3447 1465 3586 1516 esse,
3621 1449 3707 1504 ni-

2111 1539 2182 1592 hil
2209 1539 2352 1595 aliud
2375 1541 2456 1612 (ι)
2495 1543 2566 1596 sit
2600 1542 2966 1599 conﬁtendum
3007 1557 3150 1610 esse,
3187 1557 3350 1612 quam
3397 1551 3606 1607 natum,
3655 1539 3706 1595 id

2109 1630 2317 1696 sensui,
2347 1641 2470 1688 ante
2499 1647 2658 1704 quam
2683 1637 2922 1688 nascitur
2948 1634 3032 1690 vel
3063 1633 3232 1689 fuisse
3259 1633 3344 1688 vel
3376 1649 3484 1688 non
3521 1632 3709 1699 fuisse.

2111 1741 2220 1782 non
2268 1726 2511 1792 subiacet
2540 1744 2555 1781 :
2583 1729 2707 1799 quia
2739 1743 2956 1784 sensum
2989 1728 3126 1784 nillil
3175 1727 3342 1795 aliud,
3375 1743 3536 1798 quam
3581 1736 3710 1785 ante

2041 1832 2086 1892 Β
2115 1826 2356 1890 tempora
2383 1827 2585 1874 aeterna
2609 1831 2792 1876 natum
2815 1834 2958 1888 esse,
2993 1834 3208 1890 semper
3228 1819 3522 1876 antevenit.
3542 1819 3712 1876 Natus

2113 1912 2291 1981 itaque
2317 1921 2422 1974 est.
2454 1919 2510 1968 et
2535 1927 2750 1982 semper
2775 1919 2860 1968 est
2891 1913 3015 1983 :qui
3047 1913 3180 1968 nihil
3211 1912 3354 1968 aliud
3381 1910 3452 1970 de
3488 1927 3548 1969 se
3577 1913 3716 1982 pati-

2111 2011 2201 2058 tur
2224 2001 2448 2076 intelligi
2485 2013 2540 2060 et
2563 2003 2671 2060 dici
2699 2017 2881 2076 posse,
2925 2010 3026 2064 nisi
3057 2017 3258 2062 natum.
3291 2005 3424 2063 Nam
3469 2021 3592 2062 cum
3617 2021 3710 2060 an.

2113 2097 2284 2154 terior
2309 2097 2428 2169 ipso
2459 2108 2702 2169 tempore
2729 2101 2813 2170 (gi
2835 2113 3090 2156 sensuum
3135 2109 3240 2165 est,
3269 2098 3416 2172 (quia
3447 2109 3572 2156 ante
3599 2113 3716 2158 sen-

2109 2203 2232 2248 sum
2265 2202 2478 2264 tempus
2504 2201 2767 2250 aeternum
2797 2199 2881 2251 est
2903 2189 2948 2266 :)
2975 2209 3082 2251 non
3125 2195 3365 2250 admittit
3393 2209 3616 2250 sensum
3647 2193 3718 2249 de

2115 2299 2178 2341 se
2221 2285 2632 2356 dijudicantem,
2678 2299 2802 2345 esse
2854 2295 2950 2342 aut
2978 2287 3061 2358 (2)
3091 2303 3198 2344 non
3246 2285 3326 2359 (It)
3374 2287 3539 2343 fuisse
3588 2293 3717 2342 ante

2119 2393 2280 2449 quam
2323 2381 2602 2438 nascitur:
2631 2381 2756 2453 quia
2805 2389 2862 2436 et
2905 2395 3026 2438 esse
3073 2391 3198 2436 ante
3238 2397 3399 2451 quam
3445 2379 3707 2446 nascitur,

2120 2487 2228 2528 non
2271 2475 2343 2530 sit
2367 2474 2786 2544 nativitatis;et
2829 2489 2936 2531 non
2969 2475 3158 2541 fuisse,
3193 2474 3306 2544 jam
3335 2474 3597 2544 temporis
3623 2473 3717 2528 sit.

2121 2564 2262 2636 Ergo
2307 2576 2363 2621 et
2417 2567 2654 2623 infinitas
2711 2577 3013 2639 temporum
3068 2576 3394 2622 atteri-orum
3441 2565 3586 2638 quod
3634 2571 3722 2620 est

2120 2659 2402 2727 temporis,
2437 2659 2489 2714 id
2511 2669 2615 2724 est,
2658 2673 2766 2714 non
2809 2657 2995 2727 fuisse,
3026 2659 3299 2716 consumit
3331 2675 3344 2710 :
3375 2669 3429 2716 et
3473 2659 3723 2715 nativitas

2117 2747 2261 2821 quod
2289 2765 2446 2806 suum
2475 2765 2584 2807 non
2609 2760 2712 2818 est,
2743 2749 2796 2806 id
2833 2759 2939 2818 est,
2961 2757 3089 2807 ante
3117 2765 3278 2822 quam
3312 2751 3552 2808 nascitur
3569 2767 3718 2818 esse,
3787 2817 3790 2822 ι

2126 2857 2232 2898 non
2263 2843 2484 2912 patitur.
2515 2843 2668 2910 Quod
2712 2844 2758 2900 si
2789 2849 2883 2902 aut
2903 2854 3028 2901 esse
3071 2849 3166 2900 aut
3201 2856 3308 2900 non
3341 2840 3509 2902 fuisse
3533 2843 3720 2900 sensui

2119 2935 2437 3005 subiacebit,
2475 2935 2585 3005 jam
2620 2935 2873 2991 natis-itas
2913 2935 3028 3008 ipsa
3081 2932 3142 3009 (i)
3172 2945 3294 3008 post
3331 2943 3543 3007 tempus
3593 2943 3678 2993 est
3709 2957 3718 2964 -

2120 3028 2244 3097 quia
2272 3027 2361 3099 qui
2407 3041 2516 3084 non
2543 3041 2760 3099 semper
2803 3039 2906 3096 est,
2957 3041 3182 3086 necesse
3225 3039 3312 3085 est
3349 3029 3579 3100 (nepetit
3599 3043 3724 3088 esse

2133 3132 2256 3187 post
2275 3119 2500 3190 aliquid.

2195 3211 2285 3270 52.
2317 3209 2536 3286 Semper
2579 3221 2756 3280 natur,
2786 3225 2987 3284 semper
3021 3228 3132 3268 esse
3173 3213 3348 3268 animo
3387 3214 3627 3270 sentitur.
3649 3242 3722 3256 -ρ

2122 3305 2272 3363 Finis
2303 3305 2462 3377 igitur
2489 3312 2547 3377 et
2575 3301 2702 3360 lidei
2745 3311 2803 3362 et
2837 3305 3106 3360 sermonis
3145 3311 3201 3361 et
3236 3317 3430 3362 sensus
3472 3310 3578 3372 est,
3609 3303 3720 3361 Dn-

2128 3375 2538 3462 mittumviosuni
2558 3407 2617 3456 et
2647 3408 2830 3456 natum
2851 3411 2996 3466 esse,
3020 3407 3073 3456 et
3093 3411 3310 3471 semper
3337 3411 3461 3458 esse
3489 3415 3504 3453 :
3526 3398 3652 3471 quia
3673 3397 3723 3457 si

2126 3491 2254 3566 quid
2283 3491 2352 3549 de
2380 3490 2519 3548 Filio
2545 3504 2702 3548 mens
2729 3499 2998 3548 retroaeta
3026 3489 3374 3560 scrutabitur,
3421 3488 3551 3547 nihil
3573 3488 3722 3548 aliud

2127 3585 2420 3654 scrutantis
2440 3583 2642 3650 sensui,
2659 3597 2818 3655 quam
2849 3589 3034 3640 natum
3063 3597 3184 3641 esse
3209 3581 3293 3656 (5)
3323 3591 3380 3640 et
3401 3597 3617 3655 semper
3644 3583 3720 3657 (j)

2196 3718 2276 3795 (3)
2309 3721 2400 3778 Illa
2433 3731 2480 3778 et
2507 3738 2706 3796 semper
2734 3739 2862 3790 esse,
2893 3737 3000 3779 non
3028 3720 3299 3780 habentur
3325 3724 3378 3780 in
3409 3733 3624 3782 nostro.

2124 3919 2474 4031 esslerquem
2500 3915 2630 3964 ante
2676 3915 2881 3962 :eteroa
2921 3913 3166 3977 tempora
3200 3912 3387 3962 uatum
3433 3919 3526 3979 per
3557 3895 3720 3964 ﬁdem

2124 3993 2190 4031 an
2231 3993 2452 4031 lVilIlIIB.

2123 3993 2452 4033 aIIUIViIIIIIB.

2197 4049 2268 4119 (e)
2294 4047 2351 4104 In
2375 4064 2481 4104 ms.
2507 4045 2722 4104 Martia.
2749 4057 2930 4104 natant
2959 4063 3086 4104 me.

2200 4117 2271 4191 (Ι)
2303 4120 2458 4190 Apud
2491 4121 2615 4178 Par.
2649 4119 2991 4191 desideratur
3029 4135 3104 4174 se.
3139 4117 3230 4191 Sic
3256 4117 3494 4176 Verbum
3521 4119 3575 4176 in
3608 4121 3720 4177 ito-

2127 4190 2271 4248 mine
2299 4191 2574 4248 nascendo
2612 4204 2672 4248 se
2711 4190 2956 4263 quodam
2985 4191 3147 4246 modo
3174 4190 3502 4263 demutavit,
3530 4201 3722 4263 quate-

2127 4277 2224 4316 nus
2251 4265 2546 4332 assumpsit
2581 4260 2726 4332 quod
2757 4277 2865 4318 n0u
2896 4274 3014 4318 erat
3045 4281 3059 4316 ;
3085 4272 3142 4317 at
3171 4261 3424 4317 nativitas
3453 4260 3562 4318 non
3597 4277 3720 4332 pro-

2121 4335 2238 4404 prie
2263 4331 2554 4400 illius,sed
2581 4331 2817 4388 nominis
2845 4333 3102 4404 assumpti
3136 4332 3254 4396 fuit.
3283 4333 3532 4404 quamvis
3555 4331 3720 4391 etiam

2123 4403 2555 4490 Verbopropter
2577 4405 2842 4490 prtitatent
2877 4403 3124 4490 peris-intre
3150 4403 3497 4490 attribuatur.

2194 4473 2456 4557 (επὶ-Αριιὰ
2485 4475 2616 4532 Bad.
2650 4486 2704 4530 et
2732 4477 2784 4530 in
2817 4473 2948 4530 is.
2987 4474 3142 4530 Vind.
3171 4484 3227 4529 et
3256 4476 3390 4530 Silv.
3428 4491 3580 4530 seum
3622 4486 3712 4532 est.

2121 4544 2180 4602 in
2210 4549 2332 4602 alus
2372 4547 2554 4608 editis,
2597 4563 2754 4600 sensu
2783 4562 2886 4600 non
2935 4558 3030 4600 ett.
3067 4547 3122 4600 in
3174 4561 3302 4600 mss.
3351 4545 3470 4600 Vat.
3523 4547 3635 4600 bas.
3665 4557 3719 4602 et

2123 4615 2365 4675 idenim.
2405 4635 2606 4672 sensum
2651 4627 2743 4672 est.
2778 4615 2836 4672 In
2865 4620 3102 4681 carteris,
3139 4633 3384 4672 sensuum
3411 4627 3504 4671 est.
3537 4617 3720 4673 Mallet

2125 4687 2262 4742 forte
2287 4690 2502 4756 aliquis,
2529 4703 2708 4742 sentitis
2729 4699 2820 4744 est.
2846 4687 2920 4743 Ex
2945 4686 3224 4758 principiis
3243 4688 3340 4743 lib.
3360 4703 3432 4746 at.
3449 4704 3601 4742 nunt.
3627 4689 3716 4754 46,

503 4737 583 4828 (ὸ)
614 4737 939 4814 vocabulum
968 4759 1305 4816 (estimation:
1337 4773 1615 4830 perperam
1645 4757 1733 4813 hic
1761 4757 2020 4830 Erasmus
2045 4737 2102 4798 Β
2126 4737 3432 4830 ista;mihi;tetigissentmtas;
3449 4737 3722 4829 aegidis

431 4830 678 4888 imm-nit,
725 4847 784 4882 at:
822 4831 1092 4884 retinuere
1133 4840 1423 4899 sequentes
1467 4829 1595 4887 edit.
1627 4837 1814 4885 contra
1862 4829 2020 4884 tidem

431 4919 560 4954 mss.
597 4901 827 4954 Perﬁdia
875 4902 1220 4955 Arianorum.
1271 4918 1498 4970 quorum
1549 4899 1753 4956 nomini
1801 4915 2022 4968 parcere

429 4973 568 5026 solet
619 4971 876 5031 Hilarius,
925 4981 982 5024 ut
1027 4973 1116 5024 lib.
1169 4987 1264 5036 vn,
1324 4989 1377 5028 η.
1425 4974 1482 5038 5,
1531 4989 1660 5026 noua
1701 4973 1931 5036 funeris,
1967 4980 2022 5027 et

431 5061 578 5098 unm.
613 5045 668 5105 ii,
709 5042 914 5104 noreliu
937 5060 1072 5095 nunc
1103 5045 1330 5106 haeresis,
1364 5047 1436 5100 ita
1466 5059 1608 5100 nunc
1638 5045 1800 5099 nostri
1828 5053 2022 5112 (erupe-

429 5115 499 5169 ris
527 5115 804 5184 inﬁdelitas
824 5115 1140 5183 nptwllatnr.

505 5189 576 5258 (c)
608 5187 662 5240 ld
689 5199 790 5251 est,
822 5187 1039 5259 excluso
1063 5203 1168 5241 non
1197 5202 1411 5259 semper
1433 5185 1618 5246 fuisse.
1649 5201 1772 5259 cum
1795 5185 2016 5259 ponitur

431 5255 645 5326 semper
671 5271 844 5312 natus.
879 5257 1120 5329 Namque
1161 5259 1293 5314 illud
1318 5255 1407 5314 'eo
1441 5257 1736 5330 respondet
1787 5255 2018 5313 articulo

425 5336 530 5384 *τεῦ
569 5331 901 5386 Gnecorum.

501 5402 580 5472 (ά)
630 5401 908 5462 Erasmus,
953 5413 1128 5456 nutum
1159 5419 1260 5458 non
1299 5419 1426 5466 rue,
1461 5401 1650 5456 addito
1685 5417 1790 5455 non
1833 5407 2018 5456 contra

428 5489 622 5530 sensus
647 5477 926 5529 veritatem
973 5483 1028 5528 et
1055 5491 1184 5530 mss.
1217 5475 1375 5530 uilem
1406 5491 1418 5524 :
1451 5483 1636 5543 postea
1683 5483 1864 5543 tamen
1899 5486 2019 5527 cas-

429 5547 626 5614 tigatus
657 5560 760 5601 non
791 5545 906 5600 init.
943 5547 1074 5600 'l'um
1121 5549 1172 5599 in
1227 5562 1356 5600 mss.
1390 5542 1513 5600 Vat.
1543 5546 1656 5600 bas.
1691 5555 1747 5600 et
1776 5542 2014 5612 Martia,

429 5633 529 5689 non
559 5619 730 5674 subeat
749 5617 805 5671 in
831 5634 1030 5672 tensum
1053 5635 1154 5672 non
1183 5621 1340 5689 fuisse
1361 5635 1379 5670 :
1401 5615 1804 5689 interpolatoris
1826 5629 2013 5684 opera.

429 5687 542 5743 lioc
587 5703 747 5758 porro
795 5689 896 5744 sibi
945 5691 1058 5743 vult
1088 5707 1100 5740 :
1134 5687 1258 5743 licet
1305 5703 1412 5744 non
1458 5687 1647 5744 subeat
1695 5687 1746 5739 in
1793 5701 2010 5742 sensum

427 5768 694 5826 ltuslruttt,
721 5760 816 5814 sed
837 5770 1076 5828 superet,
1109 5760 1250 5830 quod
1273 5771 1396 5814 ante
1423 5771 1624 5814 aeterna
1654 5769 1895 5828 tempora
1919 5773 2014 5811 na-

427 5835 536 5886 tum
575 5840 676 5898 est,
729 5841 908 5888 tamen
951 5832 1005 5886 in
1051 5847 1213 5888 sensu
1267 5841 1348 5888 est
1394 5845 1520 5886 eum
1563 5844 1779 5898 semper
1829 5839 2014 5884 natum

2127 4841 2273 4894 sunt,
2304 4830 2678 4897 intelligentia.

2201 4899 2280 4970 (It)
2319 4900 2667 4956 Desideratur
2693 4917 2795 4955 non
2847 4899 2900 4954 in
2929 4898 3059 4954 edit.
3089 4898 3222 4954 Bad.
3255 4909 3311 4956 et
3341 4900 3466 4956 Par.
3497 4901 3636 4958 sicut
3665 4901 3720 4957 in

2127 4971 2371 5040 pluribus
2393 4987 2497 5025 non
2526 4971 2813 5026 deterioris
2839 4981 2980 5025 nota:
3006 4986 3138 5026 mss.
3168 4971 3475 5026 “evocatur
3502 4987 3568 5026 ex
3598 4971 3718 5040 Ern,

2125 5039 2273 5113 Lips.
2309 5053 2362 5096 et
2393 5056 2524 5097 mss.
2555 5040 2746 5113 ϐίη-ὴ..
2779 5041 3004 5104 ιήιει..
3059 5043 3294 5113 Remig.,
3349 5043 3536 5108 Fmtr.,
3581 5039 3718 5112 etc.,

2124 5112 2268 5181 quod
2295 5125 2352 5168 et
2385 5115 2601 5183 exigere
2627 5111 2875 5168 videntur
2921 5119 3204 5184 superiora
3226 5111 3416 5169 'simul
3445 5124 3500 5169 et
3527 5111 3714 5170 subse4

2125 5188 2362 5240 (utentia.

2143 5201 2362 5327 “iiii:
2383 5256 2500 5313 solo
2528 5255 2716 5311 codice
2743 5255 2861 5310 Vat.
2893 5255 3033 5316 bas..
3067 5266 3412 5328 PWV’W'"
3436 5267 3510 5312 ⁸³³
3534 5273 3552 5310 ³
3572 5256 3715 5327 quad

2123 5327 2250 5381 licet
2278 5329 2450 5396 possit.
2480 5328 2720 5388 tolerari,
2753 5328 2936 5400 verius
2971 5327 3151 5400 tamen
3185 5327 3236 5382 itt
3270 5327 3410 5394 aliis,
3439 5339 3555 5400 post
3589 5345 3719 5382 tem-

2124 5415 2220 5470 pus
2247 5409 2339 5453 est.
2373 5400 2428 5455 Si
2457 5401 2602 5453 enim
2639 5397 2928 5470 percipitur
2958 5415 3064 5470 non
3089 5399 3256 5454 fuisse
3287 5410 3412 5454 ante
3432 5397 3592 5470 quam
3624 5415 3720 5455 na-

2124 5481 2244 5534 tus;
2272 5470 2366 5524 illo
2395 5469 2653 5537 tempore,
2689 5487 2792 5538 quo
2831 5487 2934 5524 non
2961 5469 3083 5536 fuit,
3125 5472 3392 5540 posterior
3411 5469 3495 5525 est
3525 5473 3720 5527 nativi~

2123 5549 2236 5596 tas:
2261 5543 2308 5596 si
2339 5558 2467 5598 vero
2496 5541 2660 5596 tuisse
2683 5542 2924 5610 quidem,
2952 5543 3046 5596 sed
3079 5541 3318 5596 nondum
3347 5549 3504 5598 natus
3532 5557 3548 5602 :
3583 5553 3722 5598 tem-

2125 5627 2224 5694 pus
2247 5613 2378 5669 illud
2415 5629 2602 5677 omne.
2628 5628 2735 5683 quo
2761 5615 2910 5684 prius
2938 5611 3060 5678 iuit,
3090 5613 3349 5670 nativitas
3378 5625 3504 5670 ante
3531 5627 3596 5670 se
3616 5613 3718 5670 ad-

2121 5695 2306 5739 tnttttt.

2195 5757 2266 5826 (j)
2291 5757 2347 5809 In
2379 5771 2511 5810 tnss.
2539 5755 2878 5810 desideratur
2901 5764 2958 5820 et;
2987 5771 3186 5826 semper
3216 5772 3345 5812 esse.
3379 5756 3454 5813 Ea
3485 5755 3719 5812 librariis

2122 5827 2280 5884 t'ietlc
2306 5827 2558 5884 excidere
2597 5829 2798 5896 Solent,
2838 5827 2890 5882 in
2937 5827 3133 5898 quibus
3158 5827 3363 5884 eadem
3405 5827 3518 5886 fere
3553 5843 3716 5884 voces
