4266 6490
493 378 600 433 4673

1679 366 1924 423 ὃΛΝΟῊ
1966 362 2219 421 ιιιιΑιιιι
2261 359 2562 418 El’lSCOl'l

3673 358 3740 415 te
3755 359 3779 415 ε

493 508 716 562 ttp‘cl'ulll
747 501 828 545 est
863 486 1164 559 professus.
1197 485 1423 542 Creatus
1453 491 1632 538 autem
1659 481 1816 537 estin
1843 482 1958 536 vias
1985 480 2078 534 Dei
2109 481 2156 540 Α
2189 479 2392 534 tionem
2414 476 2620 532 scilicet
2652 471 2742 528 nn
2781 483 2836 529 et
2865 480 3064 527 nostra!
3106 472 3426 528 :etcrnitatis
3457 473 3778 544 proiectum.

495 603 524 637 ιι
554 583 755 637 smcnlo
803 601 815 636 :
853 596 976 637 cum
1006 580 1070 634 ad
1103 576 1520 648 conSpieabilcm
1561 575 1796 646 speciem
1841 572 2085 628 subditus

497 688 786 740 creaturze,
815 674 1057 730 habitum
1087 671 1382 727 creationis
1413 662 1724 738 assumpsit.

569 770 656 824 46.
703 768 812 822 Vite
859 765 958 821 Dei
997 783 1029 820 ιι
1059 763 1268 832 siccato,
1300 762 1492 834 species
1523 768 1705 814 creata:
1733 774 1762 810 η
1795 755 1962 812 i’crbo
2005 773 2088 809 as-

500 873 736 932 stnnptc.
769 858 873 913 Cur
911 858 1082 913 varias
1109 855 1457 926 assumpserit.
1487 883 1559 893 --
1593 849 1877 907 Videamus
1917 849 2093 918 itaque

499 958 554 1011 in
584 969 714 1024 quas
745 953 840 1008 Dei
870 951 982 1006 vias
1003 993 1016 1017 ,
1050 961 1102 1004 ct
1147 951 1198 1004 in
1246 963 1364 1019 qtae
1415 962 1577 1017 opera
1603 961 1632 999 a
1664 941 1876 998 sarculis
1913 949 2094 996 creata

501 1051 606 1112 sit,
644 1057 767 1102 nata
809 1055 935 1101 ante
961 1043 1158 1100 szccula
1203 1057 1269 1098 ex
1311 1041 1425 1096 Deo
1462 1040 1759 1110 Sapientia.
1791 1035 1989 1090 Vocem
2018 1029 2098 1106 (a)

505 1139 900 1194 cleambulatttis
933 1139 985 1191 in
1012 1133 1266 1208 paradiso
1291 1133 1462 1189 Adam
1485 1131 1688 1186 audivit
1716 1128 1867 1200 (Cen.
1899 1140 1956 1183 ιιι
1974 1169 1990 1196 ,
2015 1128 2093 1196 8).

509 1233 746 1286 l‘ntasnc
786 1227 1186 1284 deambulantis
1223 1229 1492 1280 incessum
1539 1221 1641 1277 nisi
1683 1219 1734 1274 in
1783 1219 1964 1292 specie
2013 1232 2103 1272 as-

507 1334 735 1393 sumpta:
781 1321 1076 1378 creatiouis
1115 1319 1356 1374 auditum
1388 1335 1401 1371 :
1436 1324 1494 1371 ut
1535 1317 1588 1370 in
1620 1313 1797 1384 aliqua
1828 1311 2104 1366 creatione

508 1417 1015 1490 ﬁGconsistcret,
1030 1413 1122 1485 qui
1143 1411 1222 1484 (l)
1238 1411 1317 1484 (ὁ)
1333 1411 1670 1466 inambulans
1686 1407 1844 1463 fuerit
1867 1405 2106 1462 auditus?

505 1513 624 1568 Non
666 1511 886 1582 requiro
915 1508 1091 1581 qualis
1121 1507 1188 1562 ad
1217 1503 1348 1560 Cain
1379 1513 1432 1560 et
1477 1503 1610 1560 Abel
1657 1511 1709 1557 et
1739 1499 1854 1557 Noe
1898 1501 2108 1556 loculus

507 1606 616 1668 sit,
647 1613 702 1659 et
722 1601 1049 1658 benedicens
1071 1612 1284 1668 quoque
1315 1595 1496 1652 Enoch
1525 1595 1594 1667 (c)
1629 1593 1808 1664 qualis
1841 1592 2102 1647 adl’ucrit.

511 1697 747 1766 Angelus
790 1694 856 1748 ad
915 1693 1060 1763 Agar
1103 1690 1336 1760 loquitur
1369 1687 1535 1758 (Gen.
1585 1701 1708 1751 art,
1757 1684 1812 1750 9,
1849 1685 1952 1756 13)
2003 1701 2016 1738 :
2059 1695 2112 1739 et

514 1790 698 1860 utique
727 1788 868 1843 idem
892 1785 1034 1842 Deus
1062 1795 1166 1840 est.
1210 1779 1478 1852 Numquid
1520 1779 1718 1852 speciei
1751 1777 1994 1850 eiusdem
2028 1785 2114 1835 est

2189 569 2326 638 Quid
2357 569 2443 626 hic
2473 583 2612 624 nunc
2644 566 2759 623 lucc
2805 565 3058 622 humanae
3085 566 3269 622 salutis
3311 565 3640 635 dispensatio
3673 577 3781 622 tam

2191 666 2412 736 impiam
2462 673 2686 721 mternze
2731 661 3024 718 nativitatis
3056 659 3216 734 5.37
3245 661 3627 716 contumeliam
3671 677 3788 716 me-

2195 761 2323 816 litnr
2340 761 2367 815 ?
2391 757 2610 814 Creatio
2651 758 2752 815 ista
2790 772 2820 812 a
2843 757 3058 812 saeculis
3078 763 3160 810 est
3191 771 3206 808 :
3235 764 3490 811 caztcrurn
3537 765 3662 811 ante
3685 771 3788 810 sa:—

2195 854 2314 909 cula
2343 853 2556 908 inlinita
2585 849 2838 907 nativitas
2867 859 2970 906 est.
3001 847 3124 906 Vim
3176 864 3309 904 sane
3355 851 3427 922 (ι’)
3479 865 3578 906 nos
3631 847 3790 905 dictis

2197 947 2392 1004 all‘crre
2418 945 2708 1008 contende,
2739 945 2784 998 si
2811 941 3076 1014 PrOpheta
3103 983 3115 1007 ,
3153 943 3199 997 si
3236 941 3496 998 Dominus
3517 983 3534 1009 ,
3574 941 3619 996 si
3647 940 3794 1010 Apo-

2199 1042 2372 1096 stolus
2395 1082 2410 1107 ,
2449 1039 2498 1094 si
2521 1054 2705 1094 sermo
2733 1037 2878 1094 ullus
2905 1036 2970 1090 ad
2999 1033 3298 1090 divinitatis
3337 1043 3558 1091 tcterna:
3597 1032 3796 1088 nativi-

2204 1141 2366 1188 tatem
2409 1144 2674 1187 creatura).
2703 1129 2888 1186 retulit
2915 1142 3130 1185 nomen.
3164 1127 3219 1183 In
3249 1127 3330 1183 his
3365 1128 3508 1184 enim
3547 1127 3799 1184 omnibus

2205 1226 2348 1282 Deus
2371 1267 2385 1292 ,
2415 1227 2504 1296 qui
2531 1224 2668 1294 ignis
2695 1237 3021 1280 consumens
3049 1232 3134 1278 est
3153 1263 3168 1290 ,
3207 1223 3278 1278 ita
3307 1231 3523 1278 creatus
3547 1223 3714 1290 inest,
3741 1229 3804 1276 ut

2205 1320 2536 1376 creationem
2564 1334 2624 1374 ea
2653 1318 2858 1375 virtute
2880 1334 2982 1390 qua
3009 1317 3304 1388 assumpsit
3325 1317 3638 1374 abwmeret
3663 1336 3676 1370 :
3703 1333 3802 1388 p0-

2210 1424 2328 1470 tens
2356 1413 2578 1470 abolere
2621 1427 2834 1468 rursum
2856 1454 2871 1478 ,
2900 1411 3044 1484 quod
3071 1419 3278 1468 tantum
3323 1411 3392 1468 ad
3421 1426 3640 1468 causam
3668 1427 3804 1468 coa-

2212 1503 2579 1575 templationis
2609 1503 2911 1560 exstiterat.

2283 1595 2373 1652 48.
2393 1593 2654 1650 Christum
2677 1605 2732 1651 ut
2756 1595 3008 1672 ltominpn
3033 1598 3163 1652 diaa't
3189 1595 3390 1653 Paulus
3417 1597 3634 1668 factum.
3659 1594 3808 1652 Dixit

2213 1699 2258 1744 ct
2283 1690 2819 1747 creaturis—Beatam
2845 1701 3029 1748 autem
3073 1692 3219 1748 illam
3240 1701 3297 1748 et
3315 1707 3498 1748 veram
3527 1701 3808 1762 concepta:

2217 1781 2352 1837 intra
2375 1781 2635 1855 virginem
2659 1783 2840 1840 carnis
2866 1785 3222 1852 nativitatem,
3246 1784 3374 1856 quia
3407 1793 3520 1842 tum
3550 1793 3810 1840 creatura:

515 1896 636 1936 cum
660 1880 882 1950 angelus
913 1879 1142 1943 videtur,
1164 1875 1322 1946 cujus
1349 1881 1433 1930 est
1457 1873 1509 1928 in
1535 1888 1598 1928 ea
1619 1881 1808 1927 natura
1827 1885 1927 1942 qua
1964 1870 2105 1926 Deus
2135 1878 2184 1939 Β
2213 1883 2408 1930 nostra:
2450 1883 2505 1930 et
2551 1887 2756 1930 naturae
2801 1887 2856 1931 et
2891 1877 3099 1947 species
3141 1877 3482 1944 nascebatur,
3512 1886 3811 1932 creaturam

518 1977 631 2030 est?
658 1973 822 2030 Certe
851 1972 1061 2042 species
1090 1969 1268 2039 angeli
1299 1966 1607 2022 ostenditur
1633 2007 1645 2028 ,
1679 1965 1768 2020 ubi
1799 1975 1985 2035 postea
2017 1963 2112 2019 Dei

522 2079 706 2126 natura
734 2073 1085 2122 memoratur.
1114 2062 1222 2119 Sed
1247 2061 1374 2132 quid
1398 2061 1470 2116 de
1494 2060 1686 2130 angelo
1709 2059 1919 2113 dicam?
1941 2054 2116 2113 Homo

517 2164 585 2217 ad
611 2160 884 2218 Abraham
915 2155 1064 2214 venit
1111 2155 1266 2228 (Gen.
1295 2169 1426 2208 ινιιι
1450 2195 1465 2219 ,
1493 2153 1572 2224 ε).
1616 2150 1884 2222 Numquid
1923 2167 2116 2207 secun-

519 2257 648 2312 dum
679 2255 954 2310 hominem
985 2253 1038 2305 in
1083 2247 1374 2304 creationis
1412 2246 1567 2302 istius
1623 2244 1808 2302 habitu
1863 2241 2118 2300 Christus

529 2350 652 2405 talis
682 2349 924 2410 assistit,
957 2343 1130 2415 qualis
1161 2351 1216 2398 et
1243 2342 1384 2397 Deus
1407 2341 1524 2396 est?
1569 2339 1651 2410 (2)
1690 2339 1796 2394 Sed
1828 2337 1990 2394 homo
2031 2339 2110 2394 lo-

527 2447 710 2518 quitur
735 2487 748 2512 ,
777 2453 832 2500 et
851 2455 1080 2512 corpore
1107 2439 1348 2503 assistit,
1376 2445 1433 2492 et
1458 2436 1583 2491 cibo
1621 2435 1784 2490 alitur
1809 2452 1820 2488 :
1845 2443 2119 2490 verumta-

528 2555 650 2594 men
679 2538 822 2592 Deus
849 2535 1127 2590 adoratnr.
1177 2530 1335 2586 Certe
1365 2529 1456 2599 qui
1501 2537 1626 2582 ante
1653 2527 1888 2598 angelus
1919 2569 1932 2592 ,
1979 2541 2122 2582 nunc

527 2632 687 2686 etiam
741 2629 906 2683 homo
931 2635 1150 2682 estzne
1178 2623 1477 2678 naturalem
1509 2619 1648 2674 hanc
1691 2633 1810 2673 esse
1859 2616 1950 2674 ltci
1998 2631 2122 2688 spe-

525 2727 668 2780 ciem
693 2722 982 2779 diversitas
1006 2719 1165 2790 hujus
1199 2717 1370 2789 ipsius
1395 2723 1684 2784 assumpta!
1713 2710 2008 2769 creationis
2034 2726 2125 2781 pa-

531 2829 742 2874 teretur
781 2813 1027 2884 intelligi.
1059 2811 1222 2868 Adest
1241 2818 1420 2864 autem
1449 2806 1516 2862 ad
1539 2805 1707 2863 Jacoh
1745 2805 1910 2861 etiam
1955 2817 2125 2874 usque

537 2912 604 2965 ad
629 2910 786 2964 lucta:
809 2905 1154 2975 complexum
1188 2905 1240 2958 in
1283 2899 1470 2956 habitu
1521 2900 1757 2954 humano
1781 2938 1797 2966 ,
1826 2907 1880 2953 et
1907 2911 2124 2952 manum

534 2999 778 3058 conserit
798 3041 813 3062 ,
836 3007 890 3054 et
915 2995 1172 3053 membris
1197 2993 1410 3060 nititur,
1435 2999 1494 3047 et
1519 2977 1782 3046 lateribus
1811 2987 2127 3053 inﬂectitur,

535 3103 594 3150 ct
635 3096 687 3148 in
716 3089 868 3146 omni
907 3097 1056 3144 motu
1102 3096 1291 3142 nostro
1329 3085 1652 3154 incessuque
1693 3081 1940 3138 consistit
1965 3079 2125 3149 (Gen.

2215 1975 2272 2024 et
2288 1967 2546 2023 facturam
2571 1971 2607 2022 Λ
2619 1969 2858 2039 postnlus
2883 1971 3269 2026 nominavit.Et
3287 1980 3434 2026 ecrle
3453 1987 3577 2027 cunt
3606 1987 3672 2028 eo
3695 1971 3810 2044 (sc-

2216 2061 2447 2119 cundum
2463 2065 2611 2132 eum)
2634 2080 2774 2120 vera:
2791 2065 3084 2121 secundum
3103 2065 3370 2121 hominem
3387 2066 3678 2121 nativitatis
3699 2066 3806 2120 hoc

2217 2171 2410 2212 nomen
2430 2165 2532 2219 est,
2555 2172 2676 2210 cum
2700 2158 2772 2212 ait
2815 2172 2834 2210 :
2868 2156 2930 2212 At
2955 2157 3038 2211 ubi
3065 2157 3194 2213 venit
3225 2157 3523 2226 adnnplctio
3540 2159 3802 2228 temporis,

2217 2251 2356 2304 misit
2380 2247 2522 2306 Deus
2550 2251 2716 2318 [ilium
2762 2267 2912 2308 suum
2939 2251 3134 2321 [actum
3155 2253 3218 2306 de
3237 2255 3476 2319 muliere,
3499 2253 3688 2322 factum
3707 2253 3800 2306 sub

2218 2343 2350 2414 lege,
2381 2353 2433 2396 ut
2458 2357 2542 2396 eos
2563 2345 2652 2413 qui
2675 2342 2768 2398 sub
2809 2343 2920 2413 lege
2945 2353 3060 2398 sunt
3089 2345 3372 2410 redimeret,
3401 2357 3454 2400 ut
3479 2346 3808 2415 adeptionem

2220 2433 2452 2504 ﬁliorum
2482 2433 2562 2510 (g)
2591 2452 3006 2506 conquerantur
3037 2436 3178 2505 (Gal.
3200 2454 3277 2504 tv,
3309 2437 3388 2509 ι).
3436 2437 3604 2494 Filius
3639 2439 3820 2510 itaque

2220 2543 2350 2582 suus
2371 2537 2474 2594 cst,
2505 2529 2593 2599 qui
2625 2537 2710 2584 est
2735 2529 2786 2584 in
2816 2513 3108 2587 homineet
3128 2544 3196 2586 ex
3219 2529 3437 2587 homine
3463 2529 3698 2595 iactura;
3721 2545 3817 2586 ne-

2221 2637 2328 2693 que
2357 2619 2558 2676 tactura
2591 2631 2819 2688 tantum,
2863 2623 2958 2678 sed
2989 2623 3152 2679 etiam
3173 2632 3444 2691 creatura,
3485 2632 3545 2678 ut
3571 2623 3767 2679 dicitur
3795 2641 3813 2679 ς

2225 2711 2372 2771 Sicut
2397 2725 2469 2769 est
2498 2713 2679 2770 ueritus
2707 2715 2758 2768 in
2783 2713 2930 2783 Ictu,
2951 2717 3206 2784 deponere
3241 2733 3330 2773 eos
3365 2715 3650 2772 secundum
3679 2721 3818 2784 prio-

2226 2823 2333 2861 rem
2362 2806 2794 2862 conversationem
2842 2817 3055 2864 ueterem
3101 2807 3360 2864 (tundunt
3405 2823 3542 2872 eum,
3571 2807 3661 2877 qui
3698 2822 3818 2860 cor-

2226 2899 2479 2970 rumpitur
2507 2897 2786 2970 secundum
2803 2901 3242 2968 concupiscentia:
3276 2901 3612 2971 deccptionia.
3657 2898 3826 2954 luno-

2229 2995 2418 3050 vamini
2462 3003 2633 3049 autem
2681 2994 2868 3064 spiritu
2909 3010 3088 3051 «usus
3125 2995 3302 3062 uestri,
3331 3003 3378 3049 et
3405 2993 3608 3049 induite
3631 3009 3818 3049 navum

2232 3088 2488 3142 hominem
2517 3103 2651 3169 cum,
2677 3087 2767 3160 qui
2794 3089 3072 3144 secundum
3093 3085 3264 3144 Deum
3285 3097 3486 3144 ct'eattts
3503 3095 3578 3142 at
3599 3085 3818 3158 (Epist.

539 3203 727 3252 χχιιι,
755 3185 872 3254 24).
904 3184 1012 3241 Sed
1045 3181 1184 3238 idem
1227 3190 1414 3252 postea
1450 3187 1508 3234 et
1529 3176 1695 3249 Moysi
1724 3190 1844 3231 esse
1875 3173 2014 3248 ignis
2043 3187 2133 3230 os-
2233 3195 2310 3242 tv,
2335 3179 2401 3236 21
2432 3183 2679 3252 ακρῳ).
2715 3179 3020 3236 induendos
3043 3182 3218 3250 itaque
3243 3195 3415 3237 novus
3429 3179 3698 3235 homoille
3721 3188 3829 3248 est,

545 3282 786 3338 tenditur
817 3276 1015 3351 (Exodi
1041 3290 1135 3342 ιιι,
1157 3275 1217 3347 2)
1242 3291 1254 3326 :
1284 3285 1342 3329 ut
1369 3281 1574 3329 natura?
1593 3279 1788 3328 ereum:
1814 3281 1922 3325 tum
1951 3265 2128 3342 potius
2158 3261 2204 3326 C
2234 3271 2322 3345 qui
2345 3273 2639 3329 secundum
2673 3273 2837 3331 Deum
2865 3284 3082 3332 creatus
3111 3287 3216 3332 est.
3241 3274 3344 3343 Qui
3367 3275 3514 3330 enim
3541 3281 3662 3329 erat
3685 3273 3832 3330 ﬁlius

537 3373 606 3429 ad
643 3371 882 3442 speciem
907 3410 922 3434 ,
972 3382 1130 3438 quam
1188 3367 1258 3421 ad
1305 3364 1664 3420 substantiam
1705 3369 1944 3426 natum,
1974 3359 2133 3417 tidem

545 3466 808 3520 discercs.
841 3461 1040 3515 llabuit
1064 3467 1176 3514 tum
1205 3458 1257 3512 in
1291 3471 1351 3512 se
1380 3465 1704 3528 potestatem
1730 3451 2094 3525 conﬂagrandi
2120 3496 2134 3516 ,

542 3571 656 3612 non
711 3559 890 3609 tamen
939 3550 1240 3606 naturalem
1269 3546 1568 3616 suscipiens
1610 3547 1800 3604 urendi
1847 3549 2140 3602 necessita-

544 3657 654 3704 tem
688 3663 701 3700 :
730 3645 853 3718 quia
882 3644 1003 3699 sine
1030 3639 1152 3724 rubi
1191 3639 1390 3724 damno
1420 3639 1768 3715 conﬂagratio
1810 3638 1948 3710 ignis
1973 3653 2144 3709 appa-

548 3735 678 3796 ruit.
1083 3721 1088 3724 ’

623 3831 716 3884 47.
761 3828 891 3884 Sine
934 3825 1233 3882 mlernitalis
1275 3826 1466 3880 damno
1489 3823 1784 3894 assumpsit.
1841 3821 1920 3880 Ea
1963 3825 2145 3882 virtute

555 3937 658 3992 qua
691 3918 1005 3991 assumpsit,
1036 3915 1335 3988 ausuntpsit.
1363 3947 1432 3955 —-
1458 3915 1626 3972 Curre
1656 3931 1752 3988 per
1783 3926 2023 3988 tempora
2051 3959 2065 3986 ,
2093 3929 2148 3974 et

561 4007 1006 4083 intellige'qualis
1033 4004 1180 4062 visus
1205 4009 1306 4074 sit,
1352 4007 1432 4063 vel
1461 4006 1589 4063 Jesu
1623 4007 1770 4065 Nave
1799 4008 2032 4064 nominis
2062 4010 2144 4066 sui

559 4104 861 4176 prophetat,
887 4102 972 4157 vel
996 4101 1169 4156 Esaia:
1197 4101 1358 4156 etiam
1385 4115 1506 4156 cum
1533 4099 1711 4173 (Joan.
1741 4115 1845 4168 xu,
1875 4101 1968 4175 4i)
1993 4118 2148 4160 evan-

553 4199 728 4268 gelico
759 4194 1069 4250 testimonio
1099 4191 1268 4248 viuum
1300 4191 1609 4263 praedicanti
1641 4235 1654 4260 ,
1679 4193 1762 4250 vel
1794 4193 1876 4268 (5)
1902 4195 1980 4268 (d)
2011 4193 2148 4252 Eze-

560 4289 724 4346 chieli
754 4303 920 4358 usque
941 4285 1006 4340 ad
1033 4285 1416 4341 conscientiam
1447 4288 1856 4345 resurrectionis
1877 4297 2154 4359 assumpto

553 4379 774 4454 (cmch.
807 4376 1040 4448 xxxvii),
1071 4377 1153 4432 vel
1184 4375 1387 4434 Danieli
1410 4379 1640 4434 hominis
1669 4379 1831 4436 lilium
1865 4381 1920 4436 in
1950 4391 2155 4440 artemo

561 4475 887 4532 saeculorum
935 4486 1102 4541 regno
1126 4473 1406 4530 conﬁtenti
1432 4471 1592 4544 (Dan.
1623 4487 1718 4542 vit,
1773 4475 1858 4540 i5,
1909 4475 2026 4546 H),
2054 4491 2159 4534 Cll)-

563 4571 800 4640 terisque
841 4567 996 4635 aliis,
1023 4567 1220 4638 quibus
1263 4581 1322 4622 se
1353 4565 1406 4623 in
1439 4554 1622 4624 habitu
1663 4567 1826 4626 varia:
1869 4570 2162 4626 creationis

2239 3369 2356 3436 Dei,
2385 3381 2538 3426 natus
2568 3380 2684 3426 crat
2711 3380 2766 3426 et
2796 3369 2935 3424 [ilius
2957 3369 3212 3424 hominis.
3240 3371 3374 3436 Quia
3401 3384 3508 3423 non
3532 3367 3832 3424 divinitatis

2239 3465 2356 3519 erat
2401 3462 2671 3530 nativitas,
2709 3463 2805 3520 sed
2849 3473 3093 3519 creatura
3125 3465 3335 3526 carnis;
3379 3461 3832 3532 signiﬁcationem

2238 3557 2320 3612 sui
2346 3557 2562 3628 generis
2605 3556 2816 3624 accepit
2856 3572 3026 3614 novus
3079 3557 3263 3620 homo,
3307 3556 3602 3612 secundum
3651 3563 3835 3610 natum

2241 3661 2366 3706 ante
2395 3650 2596 3705 saecula
2623 3650 2790 3727 Deum
2816 3658 3054 3706 creatus.
3101 3649 3170 3704 Et
3205 3663 3302 3705 cur
3339 3647 3638 3703 secundum
3667 3647 3836 3704 Deum

2244 3738 2406 3796 homo
2447 3755 2621 3798 novus
2661 3751 2873 3799 creatus
2911 3750 3094 3808 esset,
3121 3741 3361 3798 ostendit
3401 3740 3702 3797 secundum
3724 3739 3842 3796 haec

2245 3835 2504 3906 adjiciens
2535 3853 2550 3890 :
2585 3835 2648 3890 ιιι
2662 3839 2962 3909 justitia,et
2989 3837 3278 3902 srmctitcu,
3327 3844 3375 3889 et
3411 3834 3624 3888 caritate
3660 3833 3840 3905 (Ibid.

2246 3927 2359 3997 ει).
2398 3928 2565 3984 Dolus
2588 3927 2735 3985 enim
2761 3928 2814 3983 in
2838 3945 2904 3984 eo
2959 3944 3068 3984 non
3106 3928 3206 3983 fuit
3235 3945 3248 3982 :
3279 3937 3334 3985 ct
3371 3928 3545 3984 lactus
3572 3937 3657 3983 est
3685 3925 3844 3983 nobis

2244 4019 2452 4091 jnstitia
2478 4027 2532 4077 et
2555 4019 2930 4094 sanctiﬁcatio,
2961 4029 3018 4077 et
3039 4021 3154 4092 ipse
3183 4031 3264 4078 cst
3287 4021 3508 4078 veritas.
3533 4021 3687 4076 llunc
3714 4034 3844 4092 ergo

2252 4111 2546 4182 Christum,
2575 4115 2664 4185 qui
2691 4117 2986 4182 secundum
3033 4115 3200 4171 Deum
3230 4131 3402 4171 novus
3422 4115 3584 4170 homo
3605 4123 3847 4180 creatur,

2255 4205 2547 4262 induimur.
2581 4205 2698 4280 [(t)
2729 4207 2809 4278 (ἡ)
2835 4206 3141 4264 Secundum
3169 4207 3338 4264 Deum
3374 4218 3551 4264 autem
3585 4216 3801 4264 creatur
3835 4221 3846 4260 :

2257 4297 2380 4370 quia
2403 4297 2700 4356 secundum
2731 4299 2824 4356 Dei
2843 4298 3134 4370 justitiam,
3174 4310 3232 4360 et
3263 4300 3768 4369 sanetilicationem,
3795 4310 3854 4356 et

2258 4389 2538 4447 veritatem
2565 4385 2730 4448 homo
2756 4390 2962 4462 peccati
2995 4377 3210 4448 nescius
3238 4403 3324 4450 est
3350 4391 3615 4466 creatus.)

2331 4481 2424 4539 49.
2481 4479 2684 4538 Crcutio
2728 4485 2980 4539 rusticitati
3012 4493 3219 4539 clerate
3266 4486 3435 4556 nequi:
3471 4485 3728 4558 deputari.
3781 4511 3856 4523 ευ

2263 4573 2326 4648 (i)
2343 4573 2399 4630 Si
2424 4572 2584 4646 igitur
2601 4575 2897 4646 Sapientia,
2916 4591 3213 4635 memorem
3237 4591 3300 4634 se
3325 4591 3514 4634 eorum
3545 4591 3668 4648 qua:
3695 4591 3725 4632 a
3753 4591 3858 4632 sat--

579 4659 803 4730 "gessit.
853 4659 924 4727 (ε’)
980 4658 1037 4714 in
1067 4659 1178 4713 vias
1213 4659 1303 4714 Dei
1344 4670 1399 4715 ct
1429 4660 1492 4716 in
1516 4675 1684 4732 opera
1727 4663 1853 4730 Dei,
1880 4661 1948 4720 ad
1974 4665 2161 4735 Cogni-
2189 4659 2243 4722 D
2267 4669 2389 4726 culo
2415 4679 2564 4741 gesta
2591 4677 2716 4738 sunt
2737 4669 2944 4737 dicens,
2975 4671 3027 4727 in
3053 4687 3216 4742 Opera
3263 4669 3429 4744 438
3475 4671 3566 4727 Dei
3607 4679 3774 4742 atque
3801 4669 3856 4726 in

637 4795 718 4868 (ι)
761 4791 786 4847 1'
794 4786 1160 4868 nambttlarttis.

642 4867 722 4938 (2)
765 4867 869 4922 Sed
895 4876 940 4919 et
969 4871 1140 4922 homo.

563 5007 904 5060 admonendos
931 5047 946 5072 ,
976 5015 1030 5057 nt
1061 5003 1159 5060 alii
1197 5007 1265 5059 ad
1290 5007 1510 5062 salutent
1553 5025 1700 5064 suam
1727 5011 2016 5074 crederent,
2059 5015 2152 5068 alii

562 5078 631 5128 ml
659 5093 852 5144 omnem
885 5095 1026 5131 3mm
1048 5095 1162 5154 non
1190 5079 1480 5154 crederent,
1515 5081 1622 5154 ipse
1647 5082 1816 5149 utique
1851 5083 2150 5154 (Christus)

564 5165 663 5202 non
697 5153 746 5200 in
767 5165 934 5212 carne,
969 5151 1132 5220 satin
1161 5151 1341 5220 spiritu
1367 5153 1591 5206 veniebat
1609 5199 1622 5219 ,
1655 5155 1777 5207 visis
1801 5149 2040 5220 congruis
2061 5149 2144 5210 ηιξ

564 5221 772 5295 loquens
799 5219 1193 5295 qncsrolcbet,
1219 5222 1348 5274 sicut
1397 5225 1606 5276 nolebat,
1649 5219 1937 5295 Utriusque
1991 5228 2152 5292 huius

561 5289 980 5414 dispensationis
1005 5290 1303 5361 eleganter):
1348 5295 1514 5348 habes
1548 5289 2007 5366 enumerationem
2055 5289 2146 5355 lib.

563 5376 612 5414 γ.
651 5379 698 5412 it.
777 5385 819 5414 ο.

563 5376 612 5414 γ.
651 5379 698 5412 ει.
737 5376 756 5414 t
777 5376 819 5416 ι’.

637 5433 710 5502 ιρι)
751 5432 807 5485 in
843 5431 1048 5486 duobus
1074 5448 1224 5495 mss,
1255 5431 1348 5488 Dei
1381 5433 1773 5492 destrui-uiantis.

630 5505 708 5564 (ἓν)
750 5505 1030 5572 Antiquior
1057 5503 1224 5558 codex
1262 5504 1414 5560 C3”).
1463 5522 1586 5562 cum
1619 5509 1830 5563 Martio.
1864 5519 1913 5565 et
1961 5513 2142 5568 Germ.

559 5573 770 5627 ﬂuente
793 5574 1025 5642 ilemig.,
1058 5577 1105 5624 in
1132 5577 1436 5647 ambulantis
1459 5595 1475 5630 .'
1499 5595 1600 5632 non
1627 5579 1878 5647 displicet
1898 5583 1976 5636 sic
2011 5586 2144 5638 tiuo-

559 5647 656 5720 ltns
683 5647 854 5721 vetitis
877 5687 890 5708 ,
922 5660 978 5698 ιιι
1000 5662 1098 5721 vos
1126 5648 1294 5721 iptﬁtlc
1325 5646 1482 5721 tacita
1515 5646 1866 5721 intelligatur.

629 5716 700 5789 tr)
743 5716 888 5789 idem
915 5714 1086 5789 codex
1121 5717 1299 5782 Colb.,
1317 5719 1492 5789 qualis
1524 5714 1699 5789 fuerit.

597 5787 728 5912 “(allio
749 5788 804 5843 la
835 5786 1106 5858 plerisque
1132 5803 1287 5854 mss,
1311 5785 1612 5859 Exeo/ricta,
1644 5803 1696 5847 et
1729 5807 1857 5850 mox
1884 5835 1898 5859 ,
1928 5796 2007 5851 uel
2041 5794 2146 5852 Da—

2348 4803 2432 4948 (3)
2470 4799 2529 4860 in
2557 4803 2744 4862 codice
2773 4803 2972 4864 Veron.
3006 4805 3260 4874 Ezecielo;
3293 4819 3511 4878 postea,
3545 4805 3783 4862 Dunicla.

2376 4875 2428 4948 t)
2469 4873 2688 4934 Uncinis
2719 4877 2923 4936 inclusa
2953 4879 3122 4936 codex
3154 4896 3365 4948 quoque
3393 4890 3574 4938 noster
3601 4879 3783 4934 omittit

2376 4873 2428 4951 ι)
2469 4873 2688 4934 Uncinis
2719 4877 2923 4936 inclusa
2953 4879 3122 4936 codex
3154 4873 3365 4951 quoque
3393 4873 3574 4938 noster
3601 4879 3814 4934 omittit.

2334 5015 2402 5090 (ε)
2452 5014 2684 5090 Verbum
2717 5017 2926 5090 ingessit
2959 5019 3008 5072 itt
3041 5033 3142 5074 ms.
3168 5017 3379 5090 Rctnig.
3413 5018 3502 5090 hic
3544 5018 3808 5090 repetitur
3841 5059 3852 5068 .

2259 5086 2409 5156 Cujus
2441 5086 2786 5155 repetitionis
2809 5089 2926 5143 loco
2981 5091 3030 5142 in
3083 5105 3212 5144 mss.
3264 5086 3383 5143 ναι.
3413 5089 3526 5145 bris.
3552 5129 3569 5156 ,
3597 5088 3809 5144 Martia.
3837 5128 3854 5155 ,

2257 5159 2413 5214 (tolli.
2445 5167 2499 5212 et
2528 5157 2758 5212 Sorbon.
2796 5160 3020 5215 habetur
3041 5201 3057 5226 ,
3089 5161 3316 5215 incessit.
3353 5160 3474 5216 Mox
3525 5160 3666 5230 apud
3711 5159 3860 5231 Lips.

2257 5245 2308 5286 et
2340 5231 2456 5304 l’ar.
2493 5239 2538 5283 et
2563 5231 2926 5304 cognitionem,
2953 5247 3051 5302 pro
3081 5233 3152 5285 ad
3177 5233 3523 5304 cognitionem
3544 5273 3560 5296 ,
3587 5233 3754 5287 male.

2329 5301 2400 5372 (ι)
2457 5299 2782 5374 Aptnljl‘ar.
2817 5299 3076 5374 ongis—smn
3105 5311 3224 5360 erat
3240 5299 3362 5368 'uos,
3395 5303 3728 5374 suliragaute
3773 5317 3850 5358 ve-

2261 5370 2505 5428 teretns.
2533 5371 2684 5426 Coll).
2717 5387 2837 5426 cum
2862 5370 3047 5432 Germ.

2329 5443 2404 5514 (ῃ)
2447 5441 2500 5497 in
2535 5459 2638 5514 tino
2670 5459 2770 5499 ms.
2802 5443 2952 5501 Celb.
2981 5455 3034 5500 et
3060 5443 3234 5502 altero
3285 5443 3546 5512 Sorano,
3575 5461 3860 5514 conseque-

2257 5533 2426 5568 rentur
2453 5533 2532 5584 per
2567 5513 2717 5580 ﬁdem
2748 5531 2767 5570 .‘
2793 5513 3175 5572 dissidentibus
3220 5515 3342 5572 aliis
3391 5517 3543 5574 libris
3588 5533 3652 5571 ac
3709 5513 3864 5572 suum

2259 5595 2402 5640 lexin
2435 5601 2611 5656 gnsco
2646 5595 2697 5639 et
2739 5586 2925 5641 latino.

2328 5659 2409 5728 (It)
2459 5659 2587 5723 Qua:
2612 5659 2824 5712 uncinis
2881 5657 3244 5726 incbnluntur,
3281 5657 3540 5716 omittunt
3578 5675 3700 5714 cum
3733 5657 3868 5714 edit.

2257 5725 2600 5782 Badjomnes
2621 5743 2751 5784 mss.
2771 5746 2876 5785 uno
2893 5730 3047 5786 (ἔθη).
3068 5725 3313 5787 etaltero
3338 5730 3570 5786 Sorbon.
3601 5732 3860 5796 exceptis.

2329 5799 2394 5871 (ἰ)
2446 5799 2592 5866 lills.
2647 5807 2703 5854 ot
2747 5799 2905 5868 Par.,
2935 5801 3027 5857 Sic
3057 5803 3212 5872 igitur
3242 5817 3262 5856 :
3293 5802 3655 5860 renitentibus
3701 5799 3864 5864 llud.,

2254 5869 2346 5926 Er.
2377 5869 2437 5929 et
2469 5885 2598 5926 mss.
