4266 6472
491 282 589 333 dii

1721 276 1784 330 ΙΝ
1826 273 2079 332 LIBRUM
2126 273 2214 331 DE
2250 273 2540 337 SYNODIS

3675 273 3784 329 472

494 410 593 463 per
620 395 896 451 Christum
933 404 1114 451 creata
1160 403 1515 455 memoraret;
1546 392 1617 449 de
1647 392 1853 464 Spiritu
1893 401 2082 448 sancto
2109 394 2159 454 Λ
2187 393 2290 448 mei
2317 393 2456 448 dona
2478 392 2763 450 mihihanc
2787 392 3135 448 conscientize
3158 406 3293 447 more
3321 403 3506 446 vocem
3527 409 3540 446 :
3558 399 3614 446 ut
3633 389 3778 461 quod

491 488 852 543 sntticientem
902 486 1005 543 sibi
1054 486 1501 557 signiﬁcationem
1551 501 1669 541 eam
1720 485 2081 550 existimavit,

492 578 637 647 quod
670 579 813 632 bunc
874 578 1135 648 Spiritum
1192 589 1342 632 tuum
1394 578 1619 635 diceret.
1664 578 1799 633 Cum
1868 577 1950 631 his
1986 592 2085 647 ego

490 669 712 737 proprie
742 668 930 725 electis
954 668 1047 723 tibi
1078 669 1205 723 viris
1236 668 1351 725 hare
1374 671 1444 724 ita
1476 669 1723 733 sentiam,
1749 679 1806 724 ut
1837 670 1973 724 sicut
1997 670 2082 724 ni.

491 759 569 815 hil
593 762 735 816 aliud
763 761 901 816 ultra
921 759 1087 833 m
1105 776 1323 817 sensum
1346 762 1717 831 intelligentia:
1731 777 1865 816 mea:
1890 777 2083 817 secun-

490 851 620 906 dum
649 868 744 908 eos
771 852 841 907 de
873 853 1160 923 Unigenito
1191 864 1282 907 tuo
1303 854 1500 917 dicam,
1533 870 1691 925 quam
1718 868 1838 908 esse
1866 866 2077 919 natum;

492 943 565 998 ita
593 960 808 1016 quoque
829 946 965 1000 ultra
988 944 1187 1015 ingenii
1206 946 1424 1001 humani
1450 947 1759 1016 opinionem
1786 947 2082 1003 secundum

493 1050 589 1091 eos
631 1037 762 1091 nihil
812 1036 956 1091 aliud
995 1038 1062 1093 dc
1084 1046 1273 1093 sancto
1299 1037 1503 1110 Spiritu
1535 1049 1627 1093 tuo
1672 1039 1892 1107 loquar,
1923 1056 2084 1111 quam

491 1128 755 1197 Spiritum
803 1138 951 1184 tuum
980 1144 1124 1184 esse.
1154 1129 1335 1198 Neque
1388 1131 1459 1186 sit
1486 1130 1615 1184 mihi
1668 1131 1867 1186 inutilis
1912 1146 2085 1202 pugna

499 1219 813 1284 verborum,
842 1220 935 1274 sed
968 1220 1327 1275 incunctantis
1364 1220 1484 1277 ﬁdei
1517 1229 1771 1276 constans
1800 1222 2083 1292 professio.

565 1310 656 1364 57.
692 1310 1264 1379 Gratim—«Conserva,
1292 1328 1409 1379 oro,
1432 1314 1567 1368 hanc
1590 1314 1712 1369 lidei
1740 1329 1873 1370 mea:
1902 1317 2087 1372 incon-

491 1405 807 1461 taminatam
838 1406 1179 1478 religionem,
1207 1420 1260 1465 et
1282 1424 1451 1482 usque
1469 1410 1538 1466 ad
1560 1425 1841 1467 excessum
1868 1414 2088 1483 Spiritus

567 1544 646 1625 (η)
672 1542 873 1605 Verba.
906 1563 1009 1601 una
1035 1557 1197 1602 tecum
1224 1550 1469 1605 adorent:
1488 1560 1743 1621 sanctum,
1773 1552 2086 1611 desideran-

567 1631 588 1670 r
619 1632 669 1668 in
694 1631 824 1670 mss.
850 1615 1005 1671 Colh.
1030 1634 1094 1671 ac
1121 1619 1304 1671 Germ.

503 1625 588 1670 tur
619 1619 669 1668 in
694 1631 824 1670 mss.
850 1619 1005 1672 Colh.
1030 1634 1094 1674 ac
1121 1619 1304 1675 Germ.
1731 1619 1737 1621 ⁷

511 1756 525 1759 _
564 1686 641 1755 (ὁ)
665 1686 757 1741 llis
797 1690 1081 1756 subjicitur
1103 1692 1153 1744 in
1188 1708 1289 1745 ms.
1334 1689 1536 1749 Corb.:
1571 1694 1795 1759 Explicit
1827 1697 1955 1752 liber
1986 1714 2082 1755 xu.

494 1756 773 1837 Legencunt
801 1760 1347 1837 pace‘Dontininostri
1368 1762 1493 1837 Jcsii
1514 1756 1707 1837 Christi
1742 1768 1958 1837 feliciter
1987 1787 2003 1823 :
2032 1772 2083 1824 in

500 1842 607 1881 uno
634 1828 867 1885 Sorbon.
901 1828 1129 1901 Explicit
1161 1833 1286 1887 liber
1316 1848 1386 1889 xu
1424 1834 1623 1889 Hilarii
1652 1828 1875 1906 epitcopi
1914 1839 2082 1893 Trini.

2191 488 2244 542 in
2277 488 2702 558 regenerationis
2727 503 2862 541 mea:
2886 485 3170 559 Symbolo,
3202 484 3503 555 baptizatus
3540 483 3595 539 in
3620 482 3780 539 Patre

2187 590 2239 635 et
2267 580 2403 636 Filio
2429 588 2486 635 et
2524 579 2729 649 Spiritu
2781 588 3001 643 sancto,
3040 574 3320 648 professus
3363 590 3511 639 sum.
3560 588 3779 645 semper

2194 672 2468 728 obtineam
2498 690 2510 724 :
2549 670 2759 726 Patrem
2787 670 2992 726 scilicet
3032 678 3086 724 te
3111 676 3376 735 nostrum,
3404 667 3598 723 Filium
3628 675 3776 721 tuum

2187 764 2265 836 (α)
2292 778 2392 819 una
2424 773 2599 819 tecum
2627 764 2845 819 adorem
2879 781 2891 816 :
2920 772 3163 817 sanctum
3199 760 3459 831 Spiritum
3485 769 3653 827 tuum,
3682 763 3775 829 qui

2187 873 2257 913 cx
2286 867 2339 913 te
2362 873 2457 926 per
2487 858 2817 925 unigenitum
2850 864 3459 924 tuumcst,promcrear.
3482 850 3616 919 Quia
3644 850 3774 905 mihi

2192 954 2420 1009 idoneus
2446 953 2513 1009 ad
2543 953 2703 1009 tidem
2728 953 2881 1009 testis
2903 960 3005 1016 est,
3029 950 3215 1006 dicens
3247 967 3259 1002 :
3293 946 3643 1013 Pater,omnia
3664 963 3777 1002 inea

2188 1056 2275 1099 tua
2300 1056 2441 1111 sunt,
2467 1054 2515 1101 et
2543 1055 2634 1100 tua
2661 1060 2777 1100 mea
2818 1042 3001 1116 (Joan.
3033 1057 3160 1108 xvii,
3190 1041 3304 1111 l0),
3338 1040 3593 1096 Dominus
3622 1052 3776 1095 meus

2187 1140 2345 1197 Jesus
2365 1139 2634 1207 Christus,
2662 1154 2887 1196 manens
2917 1141 2971 1193 in
2993 1147 3048 1193 te
3071 1146 3127 1192 et
3147 1152 3216 1192 ex
3241 1147 3291 1191 te
3320 1147 3370 1190 et
3387 1134 3526 1209 apud
3559 1143 3611 1190 te
3630 1148 3743 1190 sem
3759 1164 3776 1174 -

2190 1248 2286 1305 per
2314 1232 2455 1288 Deus
2480 1251 2495 1289 :
2524 1234 2613 1302 qui
2656 1240 2741 1288 est
2767 1230 3083 1287 benedictus
3112 1228 3167 1285 in
3209 1226 3406 1283 secula
3437 1226 3777 1282 saeculorum.

2191 1326 2386 1381 Amen.
2422 1325 2497 1396 (ὁ)

2194 1562 2311 1616 tatis
2336 1562 2551 1632 feliciter
2584 1577 2602 1617 :
2634 1560 2687 1617 in
2711 1558 2845 1616 Silv.
2883 1557 3112 1632 Egplicit
3154 1556 3284 1632 liber
3321 1571 3398 1612 XII
3426 1553 3618 1632 Hilarii
3643 1553 3785 1632 ,ιορὶ-

2193 1626 2424 1705 οεοΡῖάε
2451 1634 2555 1703 ﬁde
2571 1632 2905 1705 sanctissima
2928 1626 3192 1705 trinitatis
3213 1628 3457 1705 adversus
3479 1626 3745 1705 hereticos
3766 1642 3783 1705 ,ς

2194 1706 2246 1759 iu
2273 1697 2555 1761 Vindocin.
2608 1697 2907 1771 Explicuit
2934 1701 3052 1757 libri
3069 1700 3329 1771 illiwncti
3350 1697 3669 1771 inimitabilia
3693 1697 3787 1751 viri

2195 1776 2386 1831 Hilarii
2410 1778 2471 1831 de
2500 1776 2604 1848 ﬁde
2633 1770 2810 1829 Patris
2832 1786 2878 1828 et
2907 1771 3033 1827 Filii
3054 1781 3101 1826 et
3126 1770 3353 1839 Spiritus
3381 1770 3563 1824 sancti.

672 2038 1031 2120 ἠε-ηε
1098 2060 1295 2199 1N
1421 1976 2357 2212 LIBRUM?

2107 1958 3792 2212 iw"

1700 2298 2579 2409 PRZEFATIO.

1529 2506 2178 2551 ——————-—-—===;9

566 2621 607 2675 Ι.
656 2621 756 2677 Ubi
784 2632 831 2678 el
865 2625 1073 2694 quando
1101 2630 1324 2699 scriptus
1351 2627 1418 2681 sit
1448 2627 1533 2683 hic
1560 2626 1855 2683 Tractatum
1883 2657 1952 2667 —
1980 2626 2094 2681 Non

492 2720 579 2768 est
620 2714 987 2786 sejungendus
1026 2736 1056 2771 a
1100 2718 1253 2775 libris
1282 2720 1352 2774 de
1380 2719 1644 2777 Trinitate
1673 2722 1759 2776 hic
1801 2730 2097 2786 tractatus,

493 2821 657 2877 quem
688 2822 821 2863 mss.
856 2824 1026 2881 prope
1052 2825 1243 2868 omnes
1260 2827 1383 2868 cum
1412 2814 1524 2869 illis
1550 2814 1623 2868 ita
1653 2814 2007 2884 coniungunt,
2040 2824 2097 2869 ut

499 2902 558 2955 in
603 2900 817 2957 duobus
842 2900 1171 2960 Colbertinis
1225 2914 1281 2962 et
1323 2905 1716 2971 Germancnsi,
1777 2910 1886 2963 imo
1913 2922 1944 2960 a
1971 2906 2102 2962 Cas-

493 2990 720 3047 siodoro
785 2995 914 3049 liber
958 2996 1186 3051 decimus
1248 3001 1428 3053 tertius
1494 3009 1854 3071 nuncupetnr.
1915 2999 2099 3071 Neque

494 3084 660 3138 etiam
703 3086 869 3141 distat
895 3095 1141 3160 tempore
1172 3098 1265 3145 ant
1294 3092 1541 3147 materia.
1570 3091 1703 3147 Nam
1735 3103 1791 3148 et
1820 3092 1944 3148 ﬁdei
1979 3094 2102 3148 illuc

491 3177 733 3233 stranda:
760 3193 923 3236 causa
954 3194 1242 3253 susceptus
1269 3192 1376 3249 est,
1406 3194 1462 3240 et
1485 3186 1684 3253 exsilii,
1719 3202 1825 3241 non
1853 3200 2012 3243 secus
2037 3201 2100 3241 ac

488 3269 596 3356 illi,
637 3280 819 3341 partus
851 3272 974 3329 fuit.
1000 3274 1122 3330 Jam
1150 3276 1295 3331 enim
1328 3276 1586 3343 Hilarius,
1611 3278 1685 3331 uti
1716 3277 1957 3333 declarat
1986 3278 2101 3351 ipse

2184 2512 2764 2549 W

2200 2627 2403 2684 nirent.
2451 2627 2608 2696 Quod
2657 2640 2786 2685 cum
2836 2641 2981 2683 anno
3020 2624 3128 2683 358
3175 2622 3461 2680 desinente
3530 2626 3794 2675 statutum

2200 2717 2391 2783 fuerit,
2438 2733 2598 2775 nemo
2637 2732 2746 2775 non
2776 2717 2934 2774 lacile
2986 2714 3285 2776 concedet.
3316 2714 3459 2769 hunc
3508 2718 3793 2767 tractatum

2198 2826 2345 2867 anno
2366 2810 2473 2869 559
2494 2811 2735 2877 ineunte,
2765 2810 2851 2866 vel
2878 2810 3043 2865 etiam
3066 2819 3301 2864 exeunte
3326 2806 3456 2871 558,
3489 2804 3655 2862 fuisse
3680 2802 3797 2859 edi~

2199 2914 2335 2960 tum.
2370 2904 2483 2960 lloc
2507 2913 2658 2960 certe
2692 2911 2943 2967 constat,
2989 2912 3045 2959 et
3073 2911 3197 2972 post
3225 2914 3467 2957 mensem
3494 2901 3792 2970 Augustum

2199 3010 2288 3050 an.
2322 2995 2453 3062 358,
2474 3004 2531 3052 et
2559 3002 2684 3053 ante
2711 2995 2909 3053 Maium
2938 3009 3027 3051 an.
3057 2994 3190 3058 359,
3218 2994 3480 3064 epocbant
3507 2991 3653 3048 illius
3674 3004 3795 3047 esse

2199 3085 2490 3158 ligendam.

2272 3175 2339 3233 ll.
2374 3177 2491 3246 Qua
2513 3178 2799 3233 occasione.
2821 3178 2936 3246 Quo
2958 3177 3081 3248 ﬁne.
3101 3206 3175 3220 ο·-
3195 3177 3417 3235 Littera:
3442 3191 3474 3233 a
3503 3173 3795 3236 Gallicanis

2200 3270 2476 3339 episcopis
2503 3271 2664 3340 paulo
2704 3280 2826 3342 post
2851 3270 3160 3330 damnatam
3196 3272 3265 3325 ah
3306 3270 3497 3326 iisdem
3526 3268 3795 3325 Sirmicn-

507 3376 660 3421 num.
690 3363 726 3418 2
752 3374 807 3421 et
833 3364 924 3431 63,
958 3374 1129 3422 totum
1159 3368 1455 3424 triennium
1484 3370 1537 3424 in
1582 3369 1777 3425 exsilio
1817 3378 2102 3440 exegerat,
2132 3360 2178 3423 C
2211 3378 2326 3419 sem
2356 3364 2640 3420 formulam
2671 3364 2996 3430 secundam,
3028 3377 3128 3419 nec
3157 3364 3315 3434 longe
3341 3370 3470 3417 ante
3501 3362 3796 3433 Ancyrame

495 3464 552 3509 et
584 3455 760 3512 adhuc
796 3458 933 3513 intra
978 3459 1165 3515 decem
1192 3460 1338 3516 Asiae
1381 3461 1693 3532 provincias
1734 3462 2097 3528 consistebat,

494 3561 620 3602 cum
672 3548 819 3604 illum
871 3550 1063 3606 edidit.
1110 3552 1377 3619 Quocirca
1427 3552 1719 3624 postremis
1764 3552 1923 3622 hujus
1977 3553 2100 3609 libri

495 3639 679 3696 verbis
722 3639 917 3698 fratres
943 3658 1073 3699 suos
1092 3684 1107 3709 ,
1140 3653 1200 3699 ut
1243 3646 1294 3699 in
1323 3645 1663 3701 orationibus
1692 3647 1897 3700 sanctis
1924 3646 2099 3701 exsilii
2140 3714 2146 3721 ‘

494 3735 579 3787 sui
626 3748 900 3790 memores
948 3738 1092 3801 sint,
1138 3748 1311 3806 rogat.
1347 3738 1403 3791 Si
1437 3746 1616 3793 tamen
1659 3737 1960 3793 Scultetum
2005 3738 2099 3809 (in

495 3828 720 3899 analysi,
747 3846 867 3899 pag.
904 3828 1034 3900 3593)
1063 3830 1273 3892 audias.
1301 3831 1524 3900 scriptus
1545 3841 1616 3886 est
1643 3833 1726 3884 Iu'c
1751 3832 1879 3887 liber
1899 3834 1976 3887 uel
2002 3831 2099 3888 Sc-

496 3919 675 3975 lencra:
707 3939 763 3974 tn
792 3923 1025 3991 .ynodo,
1059 3923 1135 3977 vel
1174 3921 1638 3995 ConstantinOpoli,
1672 3926 1749 3979 uel
1790 3926 1841 3977 in
1868 3927 1983 3997 ipsa
2020 3940 2101 3977 re-

496 4012 804 4083 formatione
832 4013 1163 4069 ecclesiarum
1186 4012 1513 4079 llalicarunt,
1545 4031 1659 4068 cum
1672 4016 1787 4086 jam
1815 4016 1878 4068 ab
1909 4014 2099 4069 Orien-

494 4103 560 4157 tis
609 4104 867 4169 partibus,
915 4104 967 4156 in
1011 4106 1195 4173 quibus
1233 4106 1585 4172 exsulmmat,
1632 4106 1881 4163 rediisset.
1918 4106 2099 4177 Usque

494 4194 635 4250 adeo
663 4196 861 4251 animis
886 4196 1197 4253 dominatur
1226 4196 1413 4253 inolita
1443 4200 1514 4255 de
1540 4200 1732 4263 rebus.
1764 4215 1872 4256 non
1904 4215 2099 4256 secun-

496 4285 627 4341 dum
657 4287 832 4355 ipsas,
860 4287 955 4343 sed
996 4288 1296 4344 secundum
1324 4289 1539 4360 propria
1567 4292 1795 4361 placita,
1819 4292 2099 4362 iudicandi

495 4378 861 4436 consuetudo!
915 4380 1116 4437 Eodem
1160 4382 1293 4437 vitio
1333 4383 1640 4451 implicatus
1684 4385 1942 4440 Erasmus
1991 4400 2096 4441 non

496 4474 728 4529 multum
772 4475 1003 4530 attendit
1040 4474 1168 4545 quid
1208 4474 1441 4541 diceret,
1474 4492 1598 4533 cum
1642 4493 1805 4548 quem
1835 4491 2099 4535 memorat

495 4566 864 4638 Hieronymus
891 4567 1079 4623 Hilarii
1102 4567 1297 4623 librum
1318 4569 1680 4626 Ariminensis
1705 4580 1761 4627 et
1782 4572 2095 4628 Seleucien-

494 4658 577 4713 sis
623 4659 839 4715 concilii
890 4658 1173 4714 historiam
1219 4659 1621 4725 continentem,
1678 4662 1802 4716 huic
1871 4663 2092 4718 forsitan

2202 3455 2394 3527 synodi
2426 3455 2884 3523 celebrationem,
2916 3455 3161 3527 adeoque
3198 3457 3340 3510 circa
3372 3468 3614 3514 mensem
3657 3453 3797 3508 hlar-

2204 3548 2336 3603 tium
2365 3547 2495 3604 anni
2525 3548 2632 3605 358
2658 3557 2896 3619 accepta:
2918 3590 2937 3615 ,
2984 3549 3252 3619 rescripto
3291 3546 3415 3604 huic
3455 3547 3795 3603 occasionem

2202 3640 2571 3711 praebuerunt.
2614 3641 2782 3713 Cujus
2830 3655 3063 3713 scapus,
3096 3642 3153 3697 ι’
3176 3640 3574 3697 communionis
3614 3638 3791 3695 domi-

2203 3738 2336 3791 nicte
2369 3735 2599 3793 reddere
2628 3736 2837 3800 vicem;
2864 3735 2928 3790 2'
2956 3735 3338 3791 nonnullorum
3377 3733 3578 3804 optatis
3616 3730 3797 3787 facere

2200 3831 2363 3894 satis,
2391 3828 2484 3899 qui
2508 3828 2643 3900 quid
2676 3828 2966 3883 Orientales
3009 3828 3065 3881 in
3104 3826 3230 3896 ﬁdei
3268 3824 3667 3896 professionibus
3707 3840 3796 3895 ge-

2199 3932 2317 3976 rant
2346 3933 2437 3975 aut
2462 3929 2748 3991 gessmnt,
2777 3920 2977 3993 quidve
3002 3935 3157 3987 super
3188 3918 3422 3971 omnibus
3444 3932 3620 3970 eorum
3645 3916 3795 3969 dictis

2200 4018 2317 4085 ipse
2346 4016 2613 4081 sentiret,
2644 4015 2846 4070 rescire
2874 4012 3183 4082 cupierant;
3211 4011 3269 4066 5'
3299 4008 3352 4066 id
3386 4008 3699 4074 elaborare,
3735 4018 3795 4063 ut

2198 4109 2505 4165 Orientales
2544 4116 2603 4162 et
2631 4106 2804 4173 Galli,
2844 4105 2936 4175 qui
2963 4114 3153 4161 contra
3194 4110 3569 4173 erumpentem
3606 4102 3792 4157 novis-

2197 4200 2336 4255 sime
2364 4198 2752 4254 Anommorum
2782 4196 3036 4252 bmresim
3078 4195 3485 4264 conspirarent,
3526 4192 3624 4249 sed
3668 4208 3790 4248 mn-

2200 4290 2305 4345 tuis
2348 4298 2529 4345 tamen
2561 4287 2705 4343 inter
2748 4300 2809 4342 se
2854 4285 3250 4356 suspicionibus
3297 4283 3641 4349 laborantes,
3683 4283 3789 4337 etsi

2199 4381 2337 4435 forte
2375 4395 2484 4435 non
2512 4377 2805 4435 admodum
2846 4377 3172 4442 sententiis,
3204 4387 3354 4432 certe
3394 4376 3571 4435 verbis
3610 4373 3789 4430 adhuc

2197 4470 2557 4546 αΊ-ιιο
2592 4470 2949 4537 dissidebant,
2982 4469 3037 4525 in
3064 4469 3289 4542 synodis
3308 4468 3560 4541 proxime
3577 4468 3787 4523 baben-

2196 4567 2281 4621 dis
2322 4566 2434 4637 jam
2465 4568 2518 4621 in
2565 4580 2731 4621 unum
2757 4564 3151 4629 convenirent,
3182 4579 3248 4618 ae
3287 4563 3600 4633 suspicione
3640 4564 3788 4619 omni

2198 4660 2441 4731 deposita
2474 4660 2635 4715 tidem
2660 4674 2825 4717 unam
2853 4658 3362 4728 complecterentur.

493 4749 752 4805 tractatui
797 4749 1096 4805 admixtum
1142 4751 1533 4822 pronuntiavit.
1573 4751 1714 4819 Quid
1747 4754 1891 4807 enim
1942 4754 1995 4807 in
2026 4769 2094 4810 eo
2125 4741 2173 4803 Ι)
2272 4754 2360 4810 lll.
2394 4754 2535 4810 Libri
2575 4771 2801 4810 summa.
2825 4784 2897 4795 -—-
2924 4752 3095 4822 Huius
3144 4754 3220 4808 rei
3246 4754 3459 4821 gratia,
3507 4762 3789 4823 postquam

493 4844 724 4913 reperit,
754 4844 897 4913 quod
925 4859 1031 4899 non
1059 4853 1185 4899 ante
1213 4845 1465 4913 praadicta
1494 4845 1721 4903 concilia
1748 4848 1821 4902 sit
1842 4856 2053 4919 gestuin
2080 4891 2092 4913 ,

495 4936 750 5007 autquod
776 4952 871 5007 per
890 4952 949 4993 se
965 4937 1033 4993 ad
1055 4953 1242 4992 eorum
1268 4939 1550 4996 historiam
1570 4941 1839 5011 pertineat
1859 4940 2093 5015 (Emam.

495 5032 703 5102 puefat.
735 5032 791 5084 in
832 5030 1077 5101 Ilium)?
1105 5031 1309 5088 Verum
1355 5049 1423 5089 ex
1468 5033 1658 5090 Hilarii
1704 5034 1874 5107 ipsius
1918 5037 2097 5092 verbis

495 5138 650 5178 num.
678 5124 735 5192 8,
765 5127 1109 5195 perspicuum
1139 5135 1245 5194 est,
1275 5128 1537 5196 scriptum
1562 5143 1685 5184 esse
1706 5131 1847 5185 hunc
1871 5129 2092 5196 librum,

496 5228 620 5269 cum
642 5214 755 5284 jam
784 5226 1005 5285 propter
1032 5225 1192 5272 terra:
1221 5227 1449 5283 motum,
1478 5220 1571 5287 qni
1595 5233 1684 5273 an.
1714 5219 1841 5283 358,
1868 5221 1958 5276 die
1980 5222 2092 5275 Au-

496 5308 637 5377 gusti
664 5307 759 5374 ει,
787 5309 1111 5380 contigerat,
1136 5311 1422 5366 concilium
1444 5311 1797 5380 Nicomediae,
1822 5312 1909 5369 vel
1929 5314 2091 5369 etiam

496 5400 694 5457 Nicaea:
740 5400 796 5458 in
842 5402 1093 5473 Bithynia
1143 5404 1509 5474 congregandi
1563 5406 1901 5462 immutatum
1950 5419 2098 5466 esset

496 5494 871 5566 propositum;
920 5510 1155 5567 cumque
1200 5497 1437 5553 nondum
1486 5497 1762 5554 decretum
1806 5509 1987 5568 esset,
2037 5509 2096 5557 ut

498 5601 691 5642 omnes
717 5596 981 5659 quotquot
1020 5580 1570 5658 possent'Ariminum
1599 5599 1757 5661 atque
1789 5591 2090 5648 Seleuciam

500 5680 977 5753 cogerentur;sed
1006 5690 1212 5738 tantum
1238 5693 1295 5737 ut
1316 5683 1539 5750 biniaut
1559 5684 1756 5754 singuli
1778 5699 1845 5740 ex
1866 5685 2094 5756 singulis

498 5773 820 5843 provinciis,
865 5772 1012 5845 iique
1056 5776 1327 5848 Ancyram
1374 5786 1536 5846 atque
1566 5757 1867 5831 Ariminum
1897 5790 2095 5834 conve-

2198 4845 2369 4903 Gallis
2395 4845 2465 4901 de
2491 4846 2661 4901 illaesa
2687 4855 2743 4899 et
2767 4846 3035 4900 constanti
3063 4844 3279 4900 illorum
3311 4844 3416 4900 tide
3450 4846 3628 4900 verbis
3657 4846 3791 4900 ami-

2201 4939 2437 4996 cissimis
2474 4947 2559 4995 est
2598 4939 2931 5009 gratulatus,
2977 4938 3208 5009 primum
3251 4938 3605 4994 Sirmiensctn
3646 4937 3791 4993 blas-

2201 5033 2473 5103 phemiam
2517 5032 2685 5088 relert
2714 5022 2875 5102 eique
2897 5033 3120 5103 opponit
3159 5047 3295 5102 quas
3338 5030 3645 5090 Orientales
3675 5034 3788 5088 An-

2198 5139 2344 5196 cyra:
2371 5132 2559 5180 contra
2589 5124 2884 5181 Anommos
2924 5124 3209 5180 ediderant
3252 5125 3377 5181 ﬁdei
3408 5125 3785 5192 deﬁnitiones;

2197 5216 2263 5272 iis
2293 5226 2471 5272 tamen
2492 5215 2819 5287 suppressis,
2852 5230 2985 5288 quas
3011 5231 3198 5272 eorum
3224 5218 3381 5289 legati
3411 5218 3666 5274 Sirmium
3692 5234 3787 5275 ve-

2198 5310 2410 5367 nientes
2453 5310 2801 5368 reticuerant.
2844 5310 2979 5366 Tum
3022 5312 3150 5380 ﬁdes
3192 5328 3364 5367 omnes
3402 5312 3621 5382 subiicit
3667 5320 3790 5385 post

2196 5412 2439 5461 sanctam
2475 5405 2742 5479 synodum
2771 5403 3043 5460 Nicanam
3090 5403 3323 5461 diversis
3364 5405 3698 5476 temporibus
3732 5413 3790 5461 et

2191 5498 2328 5554 locis
2370 5500 2736 5570 conscriptas,
2784 5499 3177 5556 Antiochenam
3224 5500 3474 5557 videlicet
3513 5516 3604 5556 an.
3650 5501 3775 5567 3H,

2196 5591 2802 5661 pseudo-Sardicensetn
2835 5609 2925 5649 an.
2955 5594 3083 5660 ΞΠ,
3112 5602 3168 5650 et
3204 5594 3553 5650 Sirmicnsem
3593 5601 3782 5649 contra

2195 5682 2481 5761 Plautinum
2508 5699 2598 5739 an.
2630 5685 2770 5763 551..
2789 5699 2924 5760 quas
2952 5700 3142 5759 omnes
3168 5700 3292 5747 sese
3334 5685 3620 5757 complecti
3665 5686 3783 5757 epi-

2192 5777 2342 5846 scopi
2385 5778 2615 5848 Ancyrae
2659 5779 2969 5849 congregati
3018 5778 3070 5835 in
3114 5793 3214 5836 sua
3250 5779 3508 5852 synodica
3556 5778 3783 5851 epistola
