4266 6462
424 335 527 392 ί-Ῐῧ

420 451 560 521 apud
595 452 950 523 Epipbatiiutn
978 452 1109 507 liter.
1138 467 1328 517 Lxxnt,
1358 467 1391 505 ιι
1447 453 1501 515 :2,

420 543 672 601 ﬁcantur.
705 544 815 599 Hos
853 546 998 601 enim
1029 545 1365 615 potissimum
1394 544 1623 599 Hilarius
1650 544 2005 600 Orientalium

416 638 636 696 nomine
677 638 943 711 intelligit.
975 639 1121 709 Quos
1151 641 1324 695 amice
1349 640 1416 695 ad
1446 641 1725 695 veritatem
1751 654 2010 695 rewtcare

415 731 642 788 studens
662 774 676 796 ,
721 733 793 788 ita
822 732 1005 787 laudat
1046 748 1165 796 eos,
1196 733 1286 803 qui
1318 735 1458 787 avita
1487 742 1542 787 et
1568 733 1860 801 apostolica
1907 732 2008 787 iide

414 826 658 881 contenti
686 828 905 895 scriptas
948 826 1079 895 ﬁdes
1123 828 1380 891 nesciunt,
1412 835 1469 881 ut
1510 835 1685 882 tamen
1719 826 2008 895 professio-

418 934 544 976 num
572 920 932 991 pluralitatetn
961 930 1210 986 excuset,
1239 928 1296 975 et
1321 919 1582 991 quidquid
1607 920 1657 975 in
1686 922 1766 974 eis
1790 919 2006 975 defendi

416 1023 596 1085 potest
657 1012 886 1083 benigne
930 1013 1316 1084 interpretetur
1359 1023 1521 1083 atque
1561 1011 1836 1068 defendat.
1895 1012 2008 1067 Imo

415 1105 673 1178 quidquid
710 1118 896 1161 contra
926 1106 1202 1178 ὁμοαύσιον
1227 1108 1367 1161 solet
1399 1104 1634 1176 opponi,
1680 1120 1787 1161 non
1830 1112 2000 1170 tacet;

412 1213 517 1255 nec
537 1196 843 1254 dissimulat
864 1198 1007 1268 quod
1034 1201 1087 1255 in
1125 1199 1353 1270 gratiam
1384 1199 1532 1255 verbi
1586 1198 1876 1269 ὁμοιοὺσιον
1906 1213 2004 1269 po-

412 1301 522 1348 test
548 1292 751 1350 afferri.
782 1293 1129 1350 Postmodum
1155 1304 1335 1350 tamen
1360 1295 1605 1365 subjecto
1623 1294 1839 1351 Nieteno
1860 1310 2009 1367 sym-

410 1384 567 1453 bolo,
607 1386 952 1444 retinendum
990 1401 1111 1443 esse
1151 1388 1423 1459 ὀμοούσιον
1454 1386 1801 1444 validissimis
1840 1387 2005 1444 ratio-

408 1494 537 1536 num
563 1482 853 1537 momentis
874 1480 1092 1537 conﬁcit
1121 1490 1282 1550 atque
1306 1480 1598 1536 concludit.

480 1572 571 1629 IV.
615 1572 738 1630 Non
762 1574 861 1647 {sit
887 1588 1061 1630 versus
1086 1589 1115 1628 e
1149 1589 1346 1644 greco,
1376 1573 1465 1628 sed
1507 1583 1705 1629 tantum
1758 1574 2004 1645 Symbola

412 1664 775 1721 Orientalium.
805 1664 1053 1737 Synhalo
1091 1666 1185 1720 illa
1211 1665 1280 1720 ad
1306 1666 1526 1721 litteram
1553 1667 1721 1720 vertit.
1752 1697 1821 1705 —
1849 1665 2001 1721 Haud

404 1756 520 1813 scio
580 1772 648 1813 an
706 1768 928 1829 propter
976 1757 1261 1830 prtedictas
1316 1755 1443 1813 ﬁdei
1494 1758 1869 1813 confessiones
1920 1757 2003 1812 la~

1847 332 2236 392 PREFATIO.

1539 467 1642 508 non
1666 452 1832 506 semel
1862 451 2013 506 testi-
2038 460 2093 516 Α
2116 452 2219 508 nis.
2267 450 2469 508 Saltem
2514 451 2695 523 negari
2730 451 2917 522 nequit
2945 451 3294 507 Sirmiensem
3319 494 3335 517 ,
3368 466 3487 523 quae
3518 454 3708 523 prmci-

3603 337 3707 391 474

2120 560 2283 617 puum
2314 546 2367 601 in
2398 546 2497 600 hoc
2530 546 2668 601 libro
2700 546 2873 601 locum
2902 545 3145 612 obtinet,
3193 560 3300 601 non
3327 554 3519 601 contra
3550 545 3706 600 Aria-

2114 655 2232 705 nos,
2265 639 2358 695 sed
2388 648 2573 693 contra
2601 640 2912 705 Pltotiuum,
2945 638 3333 694 Antiochenam
3361 654 3491 695 vero
3520 646 3706 693 contra
3783 648 3788 653 ‘

2113 732 2491 792 Athanasium,
2522 747 2583 785 ae
2625 730 2841 787 demum
2876 730 3490 801 pseudo-Sardicensem
3516 731 3709 785 adver-

2110 842 2203 881 sus
2243 824 2493 880 eumdem
2538 824 2779 895 aliosque
2822 824 3124 880 catholicos
3162 824 3503 881 convenisse.
3534 823 3707 879 Minus

2111 920 2251 975 male
2276 920 2330 974 in
2350 918 2726 988 antiquissimo
2750 919 2985 975 basilicm
3007 918 3282 974 Vaticana:
3303 919 3491 975 codice
3515 919 3706 973 inscri-

2112 1014 2282 1068 bitur:
2302 1011 2449 1066 Liber
2472 1012 2739 1066 ralholicrt'
2760 1012 2879 1081 ﬁdei
3285 1024 3464 1065 contra
3485 1012 3707 1064 Arianae

2110 1118 2156 1163 ct
2181 1123 2337 1180 prter.
2366 1108 2570 1162 Arionis
2586 1109 2959 1179 acquiestentes
2987 1124 3005 1160 :
3036 1106 3271 1162 maxime
3294 1120 3416 1161 cum
3444 1120 3550 1159 non
3576 1118 3705 1159 con-

2109 1203 2273 1258 tineat
2293 1204 2383 1257 ille
2399 1202 2591 1266 codex,
2616 1202 2716 1256 nisi
2748 1202 2977 1271 primam
3007 1199 3167 1271 hujus
3193 1198 3315 1255 lihrl
3342 1207 3549 1269 partem
3578 1213 3701 1254 cum

2108 1298 2411 1368 Ancyranze
2446 1294 2570 1349 ﬁdei
2615 1293 3046 1357 deﬁnitionibus,
3077 1294 3272 1364 quibus
3309 1301 3559 1348 auctores
3585 1292 3703 1349 Sir-

2107 1388 2331 1446 miensis
2355 1387 2705 1457 blaSphcmiae
2732 1388 2901 1457 iisque
2930 1386 3339 1456 acquiescentes
3362 1384 3698 1440 refelluntur.

2104 1482 2292 1555 Neque
2330 1480 2686 1538 sufﬁcientem
2715 1481 2837 1536 libri
2869 1479 3029 1550 hujus
3056 1479 3303 1535 notitiam
3356 1486 3578 1549 prastat
3615 1476 3703 1532 in-

2105 1577 2330 1646 scriptio
2355 1576 2419 1630 de
2443 1574 2817 1645 Synodis,qua2
2842 1574 2895 1627 in
2924 1587 3051 1627 mss.
3079 1574 3149 1627 ab
3170 1573 3325 1627 annis
3346 1570 3451 1627 500
3473 1570 3698 1625 obtinet.

2108 1671 2276 1740 Hujus
2302 1679 2576 1724 auctorem
2608 1683 2730 1723 esse
2762 1667 3131 1737 coujectamus
3159 1665 3579 1736 Hieronymum,
3610 1665 3701 1736 qni

2104 1779 2225 1818 cum
2258 1777 2364 1817 non
2389 1761 2609 1817 haberet
2634 1776 2741 1831 quo
2768 1762 2986 1815 nomine
3014 1759 3113 1815 hoc
3136 1758 3283 1829 Opus
3306 1758 3543 1813 breviter
3562 1755 3706 1812 iudi-

408 1850 520 1906 tine
571 1847 843 1915 redditas,
891 1865 921 1904 a
972 1849 1217 1907 Sculteto
1254 1859 1377 1919 post
1425 1849 1697 1906 Gillotium
1750 1852 1997 1922 (prmfat.
2031 1860 2285 1922 Bcnret,
2335 1854 2616 1925 appellarit
2646 1852 2711 1906 de
2751 1852 3011 1923 Synodis,
3055 1859 3181 1923 puta
3228 1850 3295 1905 ad
3346 1848 3701 1906 imitationem

403 1942 459 1997 in
514 1940 735 2013 Hilar.)
779 1942 989 1999 dicatur
1045 1944 1131 1999 hic
1175 1943 1310 1999 liber
1366 1960 1541 1998 versus
1604 1945 1667 1997 de
1721 1944 1881 1998 latino
1946 1946 2000 1997 in

407 2050 671 2108 graecum,
718 2052 819 2091 non
872 2039 1113 2107 appensis
1158 2036 1358 2105 verbis,
1407 2036 1497 2093 sed
1544 2038 1747 2093 reddito
1798 2054 1951 2093 sensu
1990 2053 2001 2091 :

410 2125 568 2198 longe
606 2129 787 2185 minus
825 2140 1040 2187 constat
1076 2144 1144 2187 an
1193 2130 1450 2188 Erasmus
1492 2130 1683 2187 eadem
1726 2130 1886 2188 etiam
1935 2130 2005 2187 de

409 2233 568 2277 causa
615 2222 779 2277 veluti
828 2237 929 2293 pro
977 2230 1260 2292 comperto
1306 2233 1513 2279 asserat
1552 2240 1564 2277 :
1607 2222 1762 2278 Hunc
1806 2223 2002 2280 librum

406 2313 671 2381 Hilarius,
702 2325 760 2370 ιιι
785 2317 897 2387 ipse
934 2326 1170 2382 testatur,
1203 2317 1351 2371 vertit
1378 2332 1403 2370 ε
1444 2332 1634 2388 greco,
1666 2318 1756 2372 sed
1795 2318 1896 2372 Itac
1935 2318 2003 2370 li-

407 2405 627 2471 bertate,
657 2417 714 2463 tu
732 2409 918 2479 tibique
942 2410 1179 2482 neglectis
1208 2409 1370 2464 verbis
1389 2409 1686 2465 sententiam
1714 2412 1867 2464 malo
1886 2410 2005 2465 red-

408 2502 534 2566 dat,
562 2510 611 2556 et
650 2501 737 2557 tibi
782 2502 924 2558 locus
965 2504 1179 2569 invitat,
1212 2503 1407 2573 aliquid
1437 2502 1502 2557 de
1544 2518 1640 2557 suo
1678 2502 2002 2559 admisceat:

406 2610 561 2666 quam
586 2594 868 2651 libertatem
908 2595 1005 2652 sibi
1043 2597 1288 2667 permittit
1327 2607 1374 2649 ct
1415 2597 1471 2650 in
1515 2597 1727 2667 psalmis
1757 2594 2002 2651 scribens.

407 2689 527 2746 Non
548 2690 693 2746 enim
720 2690 824 2747 fert
847 2692 1153 2747 communis
1178 2690 1448 2746 sermonis
1480 2704 1606 2745 usus
1624 2730 1641 2757 ,
1677 2699 1737 2745 ut
1762 2705 1899 2760 opus
1929 2691 2006 2745 Ia-

408 2782 581 2837 tinum
608 2780 821 2838 dicatur
846 2796 880 2837 e
906 2798 1085 2854 graeco
1111 2798 1350 2848 versum,
1380 2782 1525 2849 quud
1554 2782 1798 2853 quedam
1824 2782 2005 2837 moni-

408 2888 588 2932 menta
632 2876 911 2932 contineat
963 2892 996 2934 e
1038 2891 1214 2947 graeco
1243 2878 1524 2932 translata.
1570 2875 1715 2943 Sed,
1757 2877 2008 2947 quamvis

409 2967 554 3024 aliud
573 2968 799 3025 omnino
818 2977 1013 3026 sonent
1039 2969 1250 3025 Erasini
1280 2970 1579 3040 prmsertim
1608 2970 1790 3035 verba,
1814 2970 2005 3023 demus

410 3068 591 3115 tamen
617 3073 716 3115 eos
753 3059 808 3115 in
853 3073 987 3116 unas
1026 3060 1383 3115 Orientalium
1416 3059 1676 3115 formulas
1711 3059 1835 3114 huic
1864 3060 2006 3115 libro

409 3152 686 3209 admixtus
702 3154 1033 3224 respexisse.
1054 3152 1207 3210 Unde
1229 3153 1447 3216 habent,
1469 3152 1725 3208 Hilarium
1746 3154 2003 3223 neglectis

2106 1949 2228 2005 libri
2279 1946 2558 2003 Athanasii
2608 1945 2797 1999 cadent
2849 1944 3063 2000 ratione
3110 1942 3388 2013 inscripti,
3434 1956 3556 1997 cum
3596 1955 3703 2012 quo

2105 2041 2392 2116 quamdam
2448 2039 2651 2095 habere
2702 2038 2918 2094 videtur
2979 2036 3317 2093 afﬁnitatem.
3369 2036 3701 2107 Quamquam

2103 2134 2246 2205 apud
2290 2132 2640 2189 Athanasium
2692 2130 2944 2202 specialis
2995 2136 3081 2186 est
3130 2129 3318 2184 titulus
3362 2127 3427 2181 de
3478 2127 3704 2199 Synodis

2108 2228 2416 2286 Ariminensi
2439 2239 2486 2283 rt
2511 2225 2826 2283 Seleuciensi
2840 2241 2860 2289 ;
2883 2224 2951 2280 de
2972 2223 3166 2297 quibus
3188 2226 3421 2296 primum
3446 2223 3557 2296 agit
3576 2220 3702 2277 data

2104 2338 2301 2395 opera,
2344 2336 2409 2377 ac
2456 2331 2644 2392 postea
2691 2320 2838 2374 velut
2885 2334 2949 2375 ex
2996 2319 3281 2373 occasione
3311 2318 3494 2388 plures
3535 2314 3704 2371 refert

2108 2417 2233 2473 ﬁdei
2260 2415 2631 2473 confessiones
2663 2432 2676 2468 ;
2711 2429 2817 2468 non
2847 2422 2905 2467 ut
2938 2425 3032 2467 eas
3072 2411 3319 2483 quidem,
3353 2408 3704 2482 Quemadmo-

2106 2513 2237 2569 dum
2264 2510 2521 2577 Hilarius,
2556 2508 2789 2579 benigue
2812 2515 3063 2572 excuset;
3092 2503 3185 2560 sed
3212 2514 3265 2559 ut
3297 2504 3618 2559 Arianorum
3647 2508 3700 2557 in

2108 2606 2215 2662 ﬁde
2256 2604 2671 2659 inconstantiam
2710 2601 3067 2654 demonstret.
3112 2596 3262 2652 Unde
3295 2595 3375 2661 ﬁt,
3404 2606 3460 2651 ut
3490 2594 3699 2650 etiamsi

2108 2701 2387 2767 utriusque
2415 2697 2563 2767 Opus
2588 2698 2641 2749 in
2688 2696 2789 2749 hoc
2829 2694 3006 2748 simile
3032 2692 3130 2753 sit,
3161 2691 3308 2763 quod
3349 2691 3507 2746 ambo
3544 2690 3701 2746 exhi-

2108 2791 2273 2848 beant
2302 2790 2486 2860 plures
2506 2786 2862 2847 Orientalium
2899 2785 3023 2840 ﬁdei
3054 2784 3397 2839 deﬁnitiones
3426 2802 3438 2836 :
3467 2797 3587 2838 eum
3618 2791 3700 2838 ta-

2107 2896 2231 2939 men
2270 2881 2550 2948 utriusque
2581 2877 2735 2933 Valde
2760 2877 3031 2932 diversum
3061 2877 3133 2930 sit
3158 2876 3476 2941 consilium,
3508 2890 3608 2930 nec
3639 2876 3706 2929 ti-

2108 2975 2250 3031 tulus
2296 2972 2580 3030 Athanasii
2629 2971 2767 3027 libro
2812 2978 3145 3041 pramotatus
3206 2968 3271 3023 ad
3319 2984 3437 3024 eam
3489 2970 3703 3040 proprie

2109 3076 2317 3139 partem
2346 3065 2639 3137 pertineat,
2666 3077 2788 3133 qua:
2817 3075 2938 3116 cum
2968 3062 3070 3115 hoc
3100 3059 3283 3115 Hilarii
3313 3060 3488 3130 Opere
3512 3060 3705 3115 similis

2107 3166 2362 3231 apparet;
2395 3159 2557 3212 unius
2594 3155 2874 3227 inscriptio
2901 3170 3010 3209 non
3040 3153 3231 3209 debeat
3258 3169 3379 3207 esse
3416 3166 3604 3208 norma
3628 3153 3705 3206 al-

411 3244 611 3315 ubiquc
657 3246 839 3300 verbis
888 3246 1264 3301 tantummodo
1312 3243 1616 3301 reddidisse
1668 3246 2005 3300 sententias?
2032 3255 2076 3317 C
2112 3252 2300 3307 terius.
2332 3250 2515 3317 Itaque
2547 3249 2651 3303 hoc
2679 3248 2826 3318 Opus
2858 3262 2964 3301 non
2993 3246 3101 3299 alio
3132 3246 3348 3300 nomine
3372 3244 3441 3298 ab
3464 3245 3583 3313 ipso
3611 3242 3703 3299 Ili-

412 3337 656 3395 Afferunt
683 3338 897 3409 quidem
939 3339 1081 3409 quod
1116 3346 1342 3392 testatur
1369 3352 1518 3391 num.
1547 3336 1602 3399 9.
1636 3351 1694 3392 se
1722 3337 2004 3403 Aneyrana

410 3430 632 3487 decreta
664 3430 851 3486 verbis
873 3446 1032 3500 quam
1063 3430 1257 3498 poterit
1284 3428 1703 3485 ahsolutissimis
1725 3428 2006 3499 expositu-

410 3537 563 3587 rum;
597 3537 703 3577 non
734 3521 877 3591 quod
924 3538 1033 3576 non
1064 3521 1131 3576 ab
1160 3522 1277 3575 aliis
1303 3520 1413 3590 jam
1462 3518 1665 3575 fuerint
1708 3520 1848 3575 edita
1870 3562 1884 3586 ,
1916 3521 2008 3573 sed

410 3616 551 3686 quod
577 3630 642 3670 es
666 3630 835 3686 greco
868 3616 923 3668 in
952 3614 1169 3668 inlinunt
1192 3614 1260 3667 ad
1290 3614 1494 3669 verbum
1522 3629 1761 3684 expressa
1786 3616 2007 3669 transla‘

410 3709 483 3762 llo
508 3705 661 3775 σίδη
684 3706 982 3777 pleramque
1004 3706 1386 3769 obscuritatem,
1418 3706 1538 3758 dum
1560 3705 1812 3760 custodita
1832 3708 2007 3760 verbo-

409 3796 525 3854 rum
551 3798 758 3853 collatio
784 3800 1011 3851 eumdem
1037 3798 1407 3853 absolutionem
1443 3813 1544 3851 non
1573 3808 1736 3865 potest
1756 3800 1825 3850 ad
1851 3800 2007 3853 incl-

411 3889 635 3962 ligentitc
678 3889 1054 3959 simplicitatem
1092 3904 1413 3943 conservare.
1458 3890 1527 3944 At
1558 3891 1732 3959 primo
1761 3890 1829 3943 de
1876 3890 2008 3945 solis

411 3984 714 4054 Ancyram:
738 3980 930 4054 synodi
958 3980 1359 4036 deﬁnitionibus
1378 3995 1685 4036 sermonem
1710 3981 1797 4035 hic
1822 3981 1995 4036 habet

412 4074 618 4130 Deinde
642 4087 956 4145 expressam
981 4073 1046 4127 ad
1078 4075 1303 4129 verbum
1334 4074 1737 4128 translationem
1772 4073 1998 4144 plerum.

410 4181 519 4237 que
562 4165 847 4223 obscuram
900 4180 1021 4222 esse
1064 4166 1339 4231 insinuat,
1392 4181 1500 4221 non
1549 4180 1814 4236 quatenus
1845 4168 2006 4222 verba

412 4258 624 4323 reddit,
666 4259 763 4315 sed
791 4267 1062 4330 quatenus
1088 4261 1338 4337 qtmdem
1366 4261 1655 4316 verborum
1688 4276 1971 4316 numerum
1990 4304 2006 4328 ,

411 4351 657 4409 ordinem
710 4350 1237 4424 eollocationemque
1300 4353 1669 4422 scrupulosius
1725 4354 2005 4409 custodit:

411 4444 558 4515 quod
588 4452 776 4515 aperte
804 4443 860 4501 in
888 4444 1034 4501 Psai.
1062 4461 1228 4509 van,
1260 4461 1316 4501 ιι.
1350 4446 1439 4511 2t,
1471 4445 1734 4511 declarat,
1763 4460 1823 4502 se
1854 4448 2007 4500 nimi-

412 4550 531 4592 rum
553 4535 663 4606 jam
690 4537 986 4602 monuisse,
1008 4536 1615 4609 plerumqneinterpretcs
1631 4549 1860 4603 cunctos,
1884 4541 2008 4594 dum

2111 3346 2246 3401 lario
2266 3344 2583 3413 inscriptum
2615 3350 2863 3411 putamus
2881 3383 2896 3404 ,
2924 3355 3082 3410 quam
3108 3354 3296 3393 comm
3318 3338 3383 3393 ad
3410 3351 3545 3408 quos
3573 3336 3703 3390 illud

2110 3440 2275 3495 misit.
2310 3437 2380 3492 Et
2407 3436 2620 3507 quidem
2653 3437 2705 3490 in
2746 3434 2999 3489 omnibus
3029 3433 3213 3503 proba:
3244 3442 3386 3489 notte
3410 3446 3542 3487 mss.
3575 3431 3705 3485 sim-

2112 3532 2321 3603 pliciter
2348 3528 2565 3599 epistola
2605 3536 2944 3595 nuncupatur
2969 3545 2979 3579 :
3015 3540 3189 3595 neque
3218 3526 3377 3579 aliter
3400 3522 3649 3577 laudatur
3674 3537 3702 3574 a

2111 3622 2367 3680 Facundo
2392 3622 2693 3687 Hermiam,
2726 3620 2820 3674 lib.
2847 3635 2903 3682 κ.
2928 3634 2979 3675 c.
3007 3618 3039 3672 6
3069 3634 3081 3669 :
3114 3616 3175 3670 Ii.
3209 3616 3476 3680 Hilarius,
3508 3614 3700 3683 inquit,

2110 3717 2425 3771 Arianorum
2458 3715 2835 3782 potentissimus
2874 3722 3024 3780 atque
3055 3710 3335 3763 acerrimus
3361 3718 3702 3778 expugnator,

2109 3820 2156 3863 et
2176 3808 2616 3863 constantissimus
2638 3806 2758 3873 fidei
2783 3804 3090 3857 Christiana!
3109 3802 3366 3869 defensor,
3389 3803 3444 3853 in
3483 3800 3700 3869 epistola

2109 3919 2262 3973 quam
2293 3903 2357 3955 tle
2384 3882 2563 3955 exsilio
2598 3902 2801 3969 scripsit
2842 3899 3094 3970 epismpis
3134 3896 3422 3952 Germania:
3450 3899 3630 3965 prima!
3659 3908 3705 3951 et

2110 3995 2397 4052 Germania.-
2421 3997 2680 4055 secundm,
2713 4001 2815 4046 etc.
2844 3991 3041 4045 Verum
3067 4000 3124 4043 ut
3151 3990 3291 4044 absit
3316 3990 3569 4044 novitatis
3588 4003 3704 4042 ruo-

2110 4088 2263 4144 lestia
2286 4128 2299 4151 ,
2327 4086 2540 4140 titulum
2575 4093 2850 4153 receptum
2877 4085 2939 4137 de
2980 4082 3207 4149 Sttnodt's
3249 4095 3357 4134 non
3389 4088 3656 4135 mutamus
3688 4098 3701 4133 :

2110 4180 2197 4236 cui
2230 4190 2407 4234 tamen
2437 4180 2749 4248 adjicimns,
2781 4194 2869 4229 seu
2898 4178 2960 4228 de
2989 4177 3092 4245 ﬁde
3137 4175 3508 4239 Orientalium,
3555 4184 3613 4228 ut
3652 4173 3703 4227 in

2112 4274 2289 4328 fronte,
2335 4270 2529 4325 haheat
2576 4270 2745 4323 lector
2788 4268 3005 4322 brevem
3044 4281 3231 4320 eorum
3278 4280 3397 4335 qua!
3430 4264 3702 4320 tractzmda

2109 4375 2233 4419 sunt
2257 4364 2506 4418 indicem.

2185 4455 2271 4511 VI.
2290 4454 2559 4509 Tractatns
2587 4452 2670 4507 hic
2696 4453 3000 4506 auctoritate
3025 4452 3427 4506 commendatur.
3453 4478 3523 4492 —-
3552 4448 3704 4503 Ilnnc

2113 4552 2421 4612 tractatum,
2451 4562 2609 4616 quem
2636 4545 2896 4624 orationis
2924 4544 3154 4598 fructum
3172 4585 3187 4610 ,
3220 4544 3367 4612 pacis
3395 4557 3581 4598 semen
3602 4583 3619 4607 ,
3647 4550 3703 4597 et

412 4632 798 4687 collocationem
838 4628 1169 4702 ordinemque
1193 4632 1459 4687 rerborum
1487 4632 1748 4686 demutare
1790 4650 1851 4687 ac
1878 4644 2006 4689 tem-

2111 4656 2332 4712 germen
2373 4640 2613 4693 caritatis
2656 4638 3039 4708 cognominare
3086 4639 3231 4697 licet.
3256 4636 3511 4707 Vigilium
3534 4634 3693 4705 Taps.

414 4740 596 4795 perare
616 4740 719 4780 non
744 4724 952 4791 audent,
1000 4723 1168 4778 minus
1198 4724 1422 4779 dilucide
1449 4726 1809 4795 proprietatem
1837 4726 2009 4780 decla-

411 4832 555 4873 rasse
577 4816 851 4872 dictorum.
881 4815 1164 4873 Postremo
1192 4818 1281 4887 qui
1307 4831 1481 4887 grteca
1508 4818 1753 4887 exempla
1783 4833 1905 4873 cum
1933 4818 2007 4871 la-

414 4910 526 4966 tina
554 4908 737 4965 Hilarii
767 4910 1017 4965 versione
1038 4908 1353 4973 contendet,
1386 4908 1541 4965 fat-ile
1568 4909 1893 4965 assentietur
1918 4910 2004 4963 vix

414 5002 578 5059 ullam
603 5000 845 5073 potuisse
869 5000 1064 5058 conﬁci
1088 5001 1280 5061 litterae
1307 5003 1637 5057 tenaciorem
1664 5020 1675 5055 :
1705 5011 1758 5057 et
1785 5002 2007 5072 perinde

416 5096 723 5162 Erasmum,
751 5094 1028 5153 Gillotium
1056 5104 1216 5165 atque
1246 5093 1542 5152 Scultetum
1570 5095 1642 5151 de
1678 5109 1737 5150 re
1764 5094 1868 5150 sibi
1900 5109 2006 5149 non

414 5202 691 5263 comperta
714 5191 875 5248 verba
904 5191 1083 5247 facere
1104 5192 1362 5247 voluisse.

489 5286 554 5342 V.
586 5287 805 5343 Titulus.
836 5317 907 5331 —
927 5287 984 5344 Si
1007 5287 1167 5343 etiam
1219 5290 1439 5358 propius
1467 5289 2005 5358 iuspesissenttotius

417 5377 579 5450 hujus
604 5376 800 5448 Operis
829 5379 1121 5445 rationem,
1155 5378 1521 5448 displicuisset
1557 5381 1640 5437 eis
1664 5382 1913 5451 vulgatus
1945 5383 2011 5436 ti-

418 5473 595 5537 tulus,
637 5471 718 5528 De
756 5474 967 5546 synodis
1011 5473 1133 5543 ﬁdei
1175 5473 1441 5530 catholicae
1481 5485 1659 5531 contra
1704 5476 1920 5531 Arianos
1964 5488 2009 5531 et

417 5566 835 5639 prevaricatorcs
863 5565 1071 5620 Arionis
1089 5566 1479 5634 acquiescentes.
1520 5568 1686 5637 Quasi
1718 5584 1848 5624 vero
1880 5584 2007 5641 syn-

416 5658 506 5715 odi
524 5700 541 5725 ,
568 5673 795 5730 quarum
823 5660 1188 5731 expositiones
1230 5660 1630 5729 complectitur,
1661 5676 1690 5716 a
1719 5661 2008 5717 Catholicis

416 5758 607 5811 contra
634 5749 869 5808 Aristius
896 5751 1093 5821 habitae
1138 5752 1370 5819 fuerint,
1398 5762 1456 5809 et
1482 5770 1590 5810 non
1624 5756 1799 5825 potius
1824 5755 1893 5811 ab
1933 5756 2011 5827 ip-

416 5844 605 5903 sismet
635 5844 924 5902 maximam
953 5855 1160 5913 partem
1193 5847 1403 5903 Arianis
1432 5855 1517 5902 aut
1546 5859 1694 5904 certe
1720 5848 2011 5905 Semiaria—

2108 4732 2311 4787 vidisse
2335 4731 2501 4800 liquet
2524 4746 2587 4785 ex
2617 4729 2757 4785 libro
2783 4730 2950 4799 ipsius
2973 4746 3002 4782 v
3018 4739 3203 4784 contra
3229 4728 3528 4801 Eutychen,
3550 4744 3697 4782 num.

2108 4828 2164 4893 3,
2193 4841 2293 4881 nec
2333 4826 2463 4879 satis
2506 4824 2803 4879 advenisse
2828 4838 2939 4894 quo
2976 4830 3262 4891 spectaret.
3295 4822 3553 4877 Eumdem
3589 4822 3703 4875 lau-

2108 4920 2255 4974 davit
2299 4917 2585 4973 Faeundus
2630 4933 2737 4970 non
2803 4918 2976 4970 solum
3028 4915 3121 4969 lib.
3161 4932 3231 4981 x,
3271 4931 3391 4985 cap.
3433 4918 3485 4981 6,
3518 4915 3610 4971 sed
3648 4925 3701 4970 et

2111 5014 2203 5069 lib.
2229 5026 2331 5077 xn,
2358 5025 2478 5079 cap.
2504 5010 2557 5077 3,
2586 5007 2915 5079 Augustinus
2938 5022 3067 5063 vero
3091 5009 3251 5079 epist.
3280 5023 3435 5071 xcnt,
3459 5024 3607 5062 num.
3632 5008 3694 5062 3t

2107 5121 2162 5165 et
2190 5109 2281 5173 59.,
2313 5108 2572 5163 adversus
2622 5106 2965 5161 Vincentium
3013 5103 3344 5171 Rogatistam
3388 5104 3693 5159 vindicavit.

2109 5201 2269 5258 Tanti
2296 5210 2472 5254 autem
2504 5199 2653 5252 illum
2680 5198 2805 5251 iecit
2830 5197 3185 5267 Hieronymus
3205 5237 3221 5259 ,
3253 5207 3309 5250 ut
3338 5200 3551 5265 propria
3577 5210 3699 5250 eum

2112 5306 2272 5347 manu
2303 5290 2669 5359 descripserit.
2713 5288 2983 5341 Proliawtm
3010 5289 3187 5351 valde,
3224 5290 3395 5357 inquit
3425 5289 3584 5358 epist.
3628 5303 3699 5352 vt,

2110 5384 2177 5440 ad
2229 5382 2596 5446 Florentium,
2646 5381 2829 5435 librum
2874 5382 2937 5433 de
2986 5380 3212 5451 Synndis
3260 5384 3417 5434 sancti
3470 5380 3701 5443 Hilarii,

2108 5492 2254 5547 quem
2286 5477 2331 5529 ei
2358 5474 2499 5545 apud
2525 5472 2757 5525 Treviros
2797 5487 2953 5525 manu
2997 5488 3109 5525 meo
3150 5472 3257 5539 ipsc
3298 5472 3663 5541 descripserant
3688 5514 3700 5535 ,

2101 5586 2254 5637 teque
2280 5580 2336 5621 ut
2364 5568 2487 5620 mihi
2518 5569 2799 5637 transferas
2826 5576 2961 5638 peto.

2185 5660 2293 5716 VII.
2325 5658 2607 5726 Speculum
2635 5668 2705 5712 est
2730 5660 2973 5711 virtutum
3015 5657 3224 5714 Hilarii.
3262 5658 3553 5714 Prtrsertim
3579 5662 3700 5714 (cni-

2111 5758 2256 5810 lotis.
2280 5752 2556 5823 —-Neque
2594 5752 2667 5805 ob
2692 5752 2803 5807 .ltoe.
2850 5752 3025 5807 solum
3074 5752 3533 5813 commendandus
3578 5763 3659 5809 est
3689 5794 3703 5817 ,

2112 5848 2255 5913 quod
2289 5848 2438 5919 plura
2468 5847 2711 5901 continet
2739 5856 2886 5916 gesta
2928 5860 3049 5914 qua:
3093 5844 3369 5899 historiam
3399 5843 3701 5913 illustrant,
