4266 6478
515 304 620 363 475

1741 305 1804 361 IN
1845 302 2102 362 ιιιιιιυιι
2145 301 2233 360 BF.
2271 303 2566 363 SVNODIS

3701 311 3802 364 ΠΕ

517 422 610 475 sed
638 429 692 476 et
719 421 862 492 quod
896 437 1074 476 veram
1103 436 1164 475 ac
1190 422 1364 478 tivam
1396 436 1506 492 prae
1530 435 1590 476 se
1617 419 1752 478 terat
1778 419 2100 476 sanctissimi
2131 420 2176 481 Α
2279 417 2346 473 Χ.
2379 422 2458 475 Au
2483 422 2585 476 sint
2611 425 2934 496 fragmenta,
2963 440 3032 479 ait
3069 433 3224 478 nota.
3256 425 3332 480 An
3362 424 3560 480 uultum
3577 425 3803 496 mplius

517 505 771 570 Prsesulis
810 514 1066 586 efﬁgiem.
1103 517 1159 572 In
1187 531 1256 572 eo
1281 517 1426 572 enim
1457 531 1568 571 uno
1607 521 1836 571 tractatu
1875 512 2020 569 velut
2051 513 2104 567 iu

518 606 738 676 speculo
777 607 1126 679 resplendent
1171 623 1342 678 prope
1382 622 1574 664 onmcs
1621 605 1808 662 Hilarii
1848 607 2106 672 virtutes,

521 699 826 772 prudentia,
853 703 1154 758 constantia
1175 743 1192 768 ,
1221 701 1384 758 animi
1409 699 1722 772 magnitudo
1747 699 1906 756 simul
1931 708 1988 755 et
2010 697 2108 755 dc-

521 792 712 846 xniasio
740 806 836 847 seu
863 791 1139 850 humilitas
1165 791 1491 860 Christiana,
1523 803 1704 850 matus
1724 806 1878 848 amor
1902 791 2110 863 patriae,

522 898 790 938 summum
824 887 970 955 pacis
998 884 1234 942 studium
1259 927 1274 949 ,
1309 884 1432 940 lidei
1475 887 1761 942 sinceritas
1789 894 1950 956 atque
1973 883 2116 940 inte-

522 963 722 1046 gritas,
759 987 865 1032 etc.
898 977 1126 1044 Itasime
1155 986 1336 1040 autem
1377 979 1590 1049 egregia
1636 978 1724 1034 illa
1761 976 2116 1032 conciliandis

525 1070 627 1124 sibi
673 1070 915 1126 omnium
961 1071 1157 1128 animis
1205 1081 1326 1127 nata
1379 1071 1572 1128 leuitas
1620 1081 1783 1142 atque
1831 1070 2114 1138 modestia,

528 1177 631 1232 qua
677 1164 959 1232 praiditum
1003 1179 1129 1220 eum
1190 1165 1356 1223 tuisse
1415 1173 1643 1220 testatur
1693 1163 1920 1221 Ruﬁnus
1949 1163 2116 1234 (66.1

535 1255 701 1318 "in.
729 1276 776 1314 c.
808 1256 920 1330 5t),
952 1259 1087 1312 adeo
1111 1259 1312 1330 ubique
1334 1259 1538 1322 elucet,
1571 1267 1632 1314 ut
1658 1257 1994 1314 soluendum
2026 1271 2119 1311 nu-

529 1349 642 1402 dito
673 1351 850 1406 linlini
882 1351 1686 1422 testimonio,'prarconccptani
1723 1350 1864 1420 vulgi
1905 1351 2116 1418 opinio-

533 1457 691 1508 ιιιτιιι,
722 1457 828 1512 qua
873 1443 1042 1498 animi
1087 1459 1208 1498 eum
1261 1441 1420 1511 paulo
1463 1441 1830 1500 concitatioris
1865 1457 1928 1497 ac.
1955 1441 2122 1502 vehe-

533 1537 812 1592 nn-utioris
840 1536 1007 1592 fuisse
1033 1547 1240 1607 putant,
1275 1537 1458 1592 statim
1486 1537 1888 1594 excusserimus
1916 1536 1989 1589 uti
2022 1535 2122 1594 lal-

531 1645 648 1686 satn
693 1640 748 1686 et
778 1633 1035 1702 iniquam.
1065 1631 1182 1700 Qua
1226 1631 1278 1686 in
1321 1633 1586 1686 sententia
1629 1647 1736 1687 non
1781 1631 2127 1688 mediocriter

533 1725 921 1780 conlirmatnur
935 1743 1001 1781 ex
1024 1725 1226 1781 sedatis
1240 1740 1304 1780 ac
1320 1726 1478 1780 melle
1505 1725 1737 1780 conditis
1761 1726 2037 1795 responsis
2057 1724 2126 1780 ad

2209 512 2625 570 desidet-endam.
2651 543 2726 558 ο-
2756 515 2832 573 De
2875 517 2960 572 his
3003 517 3280 587 ambigere
3325 520 3482 582 licet.
3530 521 3804 576 sclecuine

2211 603 2320 659 sint
2364 605 2644 677 amplioris
2675 608 2942 680 apologus
2971 608 3268 680 [rosulenta
3295 625 3326 665 a
3349 611 3596 669 studio”
3621 613 3808 682 aliquo

2212 696 2326 752 suis
2371 697 2506 753 locis
2537 707 2752 771 aptata,
2789 715 2857 754 ιιιι
2893 715 3024 756 vero
3051 701 3162 757 sint
3205 709 3412 758 tantnm
3441 711 3588 758 nota
3611 711 3668 760 et
3704 719 3808 772 ap-

2216 788 2470 860 pendices
2493 790 2562 846 ad
2589 790 2936 849 illustrandae
2961 795 3122 864 hujus
3151 793 3270 850 libri
3301 794 3481 858 locos.
3507 796 3597 866 qui
3625 810 3813 866 repre-

2217 881 2466 938 hensiuui
2513 883 2688 940 locum
2727 883 3022 953 dederant,
3075 889 3144 942 ab
3181 887 3412 959 ipsumet
3457 888 3660 946 Ililario
3716 890 3811 944 ad—

2219 983 2411 1040 testac,
2461 987 2516 1030 et
2543 979 2608 1034 ad
2636 993 2890 1035 censores
2930 995 3056 1038 suos
3085 996 3210 1037 cum
3253 983 3392 1038 libro
3428 983 3496 1039 iis
3523 984 3666 1042 notis
3693 985 3814 1039 illn-

2218 1079 2391 1125 strato
2440 1071 2641 1127 misse.
2697 1072 2982 1132 Probabile
3029 1083 3208 1132 tamen
3258 1083 3538 1147 pommus.
3585 1077 3734 1132 illum
3783 1093 3815 1132 a

2221 1161 2470 1217 Lucifero
2487 1162 2558 1218 de
2578 1163 2646 1222 iis
2665 1179 2786 1236 quc
2809 1175 2920 1220 tum
2940 1166 3066 1234 sibi,
3091 1179 3206 1222 tum
3227 1168 3348 1222 aliis
3371 1168 3427 1224 in
3447 1168 3550 1224 hoc
3564 1169 3818 1224 Tractatu

2220 1254 2606 1324 displieut-raut
2646 1256 3017 1320 adtuonitutu.
3061 1262 3316 1314 eumdem
3361 1259 3464 1332 ipsi
3507 1261 3820 1317 Tractatum

2224 1347 2476 1404 brevibus
2496 1349 2604 1404 illis
2626 1351 2904 1420 responsis
2923 1362 3140 1408 auctum
3164 1354 3398 1420 misisse,
3419 1354 3614 1424 quibus
3631 1371 3822 1411 nunties

2225 1439 2293 1494 de
2322 1440 2448 1496 lidei
2473 1458 2583 1496 sum
2613 1444 2925 1500 sinceritate
2949 1446 3214 1501 certiores
3237 1445 3461 1504 taceret.
3489 1448 3572 1502 Au
3599 1461 3729 1503 vero
3755 1461 3823 1502 ex

2227 1533 2332 1589 illis
2363 1533 2637 1604 responsis
2665 1535 2874 1590 nullum
2897 1538 3129 1608 auiplius
3153 1537 3572 1594 desideraudum
3595 1543 3690 1604 sit,
3715 1554 3825 1594 non

2226 1627 2399 1680 ausim
2427 1641 2675 1682 asserere
2703 1646 2719 1684 :
2747 1628 2796 1684 si
2819 1629 3036 1700 quidem
3065 1629 3148 1684 vel
3177 1645 3244 1686 ex
3275 1632 3363 1699 iis,
3387 1647 3510 1703 quas
3537 1647 3682 1687 nurse
3711 1635 3827 1703 pri-

2231 1735 2376 1775 mum
2405 1719 2660 1786 eduntur,
2701 1720 2920 1777 codices
2961 1721 3055 1776 alii
3095 1721 3202 1777 alia
3247 1721 3488 1790 habent.
3527 1725 3708 1782 uultus
3734 1726 3830 1797 qui

535 1835 621 1884 cu,
650 1833 772 1890 qua:
803 1820 854 1871 in
885 1819 1050 1874 hocce
1088 1833 1190 1872 suo
1217 1825 1446 1874 tractatu
1487 1817 1730 1874 nonnulli
1769 1817 1910 1874 male
1949 1831 2134 1888 repre-
2160 1818 2208 1879 Β
2233 1812 2434 1867 omnia.
2461 1812 2518 1868 In
2540 1813 2722 1868 multis
2739 1811 2948 1869 nullum
2967 1815 3224 1870 occurrit.
3249 1816 3304 1872 In
3329 1818 3574 1887 pluribus
3593 1819 3833 1888 reperire

539 1909 864 1964 henderuut.
917 1909 973 1965 In
1022 1911 1088 1965 iis
1132 1911 1278 1967 enim
1325 1910 1471 1967 clare
1519 1915 1746 1979 apparet
1798 1909 1992 1966 invicta
2043 1909 2132 1967 illa

538 2002 703 2059 animi
732 2002 1111 2072 tranquillitas,
1141 2017 1245 2072 qua
1275 2005 1446 2072 potuit
1470 2005 1634 2057 etiam
1669 2002 1858 2064 lsrsus,
1893 2011 2132 2072 pacatam

538 2092 803 2150 dictorum
837 2096 1099 2150 rationem
1124 2093 1421 2158 reddendo,
1453 2109 1580 2150 suos
1607 2093 1836 2148 delinire
1855 2107 2134 2158 censores.

541 2185 699 2240 irasci
729 2189 944 2256 propria
977 2187 1028 2240 in
1059 2201 1220 2242 causa
1257 2200 1478 2256 prorsus
1517 2185 1768 2244 nescivit.
1801 2185 1908 2241 Scd
1933 2185 2002 2238 de
2028 2183 2138 2242 illis

540 2279 854 2347 responsis,
899 2293 1022 2348 qum
1065 2293 1206 2336 nunc
1239 2278 1473 2345 primum
1513 2292 1546 2334 θ
1575 2279 1816 2337 tenebris
1853 2284 2140 2344 eruuntur,

544 2369 788 2427 nonnihil
816 2371 904 2432 hie
927 2371 1390 2442 prailuquendnm.

617 2463 753 2520 V’Ill.
797 2463 947 2521 Unde
981 2473 1129 2519 eruta
1185 2465 1287 2520 sint
1327 2466 1646 2536 apologatiru
1695 2465 1854 2539 hujus
1897 2464 2016 2522 libri
2061 2481 2143 2522 rr-

546 2572 752 2624 aponso.
799 2586 871 2598 -—
917 2557 976 2615 lu
1032 2556 1220 2612 codice
1269 2556 1591 2616 Carnutensi
1642 2557 1900 2616 Romanis
1949 2557 2146 2616 littoris

546 2648 751 2719 scripto
771 2658 896 2708 ante
915 2662 1106 2716 annos,
1131 2649 1210 2706 uti
1230 2649 1592 2718 videtur.900,
1611 2665 1818 2710 necnon
1842 2652 1897 2707 in
1919 2649 2146 2710 licita.-

549 2742 661 2799 liuu
684 2741 824 2799 hunc
847 2741 1042 2796 librum
1067 2740 1372 2799 invenimus
1394 2741 1558 2800 variis
1585 2742 1638 2802 in
1663 2742 1794 2805 locis
1821 2743 2140 2800 auctiorem.

551 2835 659 2898 lia,
707 2834 902 2905 quibus
939 2835 1208 2892 auctiores
1230 2843 1388 2900 sunt.
1423 2850 1602 2905 neque
1646 2836 1878 2895 orationi
1923 2835 2148 2907 reliqua)

550 2926 681 2984 satis
710 2929 1007 2994 colut‘rent,
1035 2942 1209 2996 neque
1237 2927 1460 2984 cumino
1511 2927 1580 2987 ad
1631 2925 1984 3002 “rm
2029 2942 2148 2990 eain

553 3035 659 3074 nun
684 3020 977 3089 pertinent,
1014 3019 1276 3075 llilarinm
1308 3035 1439 3076 vero
1470 3035 1693 3090 prorsus
1722 3023 1927 3091 spirant
1947 3059 1964 3086 .
1987 3035 2150 3091 quem

553 3112 811 3169 exhibent
844 3127 941 3182 pro
983 3127 1044 3168 se
1073 3113 1293 3184 proprio
1319 3113 1537 3170 neruine
1567 3113 2002 3184 respondentem.
2047 3113 2152 3170 Ea-

2233 1911 2320 1958 est
2365 1904 2595 1973 primum
2645 1903 2767 1960 sine
2807 1905 2928 1960 aliis
2969 1922 2986 1960 :
3021 1904 3322 1962 secundum
3367 1919 3548 1964 autem
3593 1911 3686 1964 uni
3726 1924 3831 1965 tns.

2232 1995 2291 2052 S.
2325 1995 2466 2052 I'etri
2495 1997 2562 2050 tle
2586 1996 2731 2052 Urbe
2757 1997 3018 2054 deben'ius
3049 2018 3062 2052 :
3093 1999 3330 2070 denique
3358 2005 3412 2056 in
3436 2000 3757 2058 Carnutensi
3779 2014 3840 2060 et

2234 2090 2377 2152 aliis.
2393 2089 2448 2144 in
2459 2089 2654 2160 quibus
2663 2099 2860 2147 caetera
2872 2101 3110 2158 exstant,
3121 2093 3498 2150 desltlorantur
3509 2095 3618 2150 duo
3629 2097 3834 2165 prium.

2312 2180 2404 2237 XI.
2449 2180 2598 2239 Unda
2632 2200 2687 2238 ac
2713 2194 2897 2256 purget
2931 2181 3186 2242 Hilarius.
3215 2217 3284 2230 ——
3313 2187 3534 2260 Singula
3562 2199 3744 2244 autem
3769 2189 3838 2244 ad

2239 2274 2578 2345 suspiciones
2603 2274 2931 2332 amovendus
2973 2291 3042 2332 eo
3088 2278 3260 2348 magis
3285 2286 3416 2335 sunt
3441 2279 3634 2336 idenm
3651 2321 3668 2347 ,
3695 2281 3842 2351 quod

2239 2380 2308 2423 ea
2340 2367 2408 2422 iis
2432 2367 2566 2438 ipsis
2604 2367 2741 2424 locis
2769 2383 2892 2424 sese
2919 2379 3115 2442 purget
3143 2369 3412 2438 Hilarius,
3443 2375 3498 2428 in
3529 2373 3724 2443 quibus
3749 2389 3842 2428 re-

2243 2459 2541 2530 prehensus
2568 2459 2766 2516 fuerat.
2794 2459 3173 2518 Necessarium
3210 2475 3359 2520 certe
3401 2473 3518 2520 erat
3552 2464 3659 2520 boc
3683 2479 3844 2522 scan-

2241 2555 2428 2612 dalum
2457 2572 2474 2612 :
2503 2566 2562 2611 ut
2587 2556 2659 2611 ab
2701 2560 2820 2627 ipso
2847 2571 2971 2612 cum
3010 2557 3251 2628 iucunda
3288 2558 3522 2628 quadam
3559 2559 3728 2614 animi
3753 2558 3844 2614 ud-

2245 2651 2531 2707 miratione
2549 2649 2884 2712 audiremus.
2907 2661 3110 2722 quanta
3133 2654 3188 2706 in
3211 2652 3580 2723 temperandis
3593 2652 3848 2708 otttiubns

2247 2741 2372 2799 libri
2395 2741 2480 2798 sui
2509 2743 2692 2800 verbis
2729 2742 3014 2813 prudentia
3051 2758 3183 2798 usus
3205 2753 3374 2798 esset.
3401 2744 3536 2812 Quia
3563 2745 3710 2800 enim
3735 2744 3852 2815 laus

2249 2849 2356 2890 non
2383 2835 2610 2891 miretur
2635 2835 2798 2890 simul
2821 2843 2877 2890 et
2896 2845 3044 2890 amet
3064 2835 3554 2900 demonstrantem.
3581 2850 3643 2890 se
3661 2836 3856 2892 Orien-

2251 2929 2388 2984 tales
2417 2926 2640 2996 quidcm
2665 2926 2954 2994 laudasse,
2986 2928 3081 2983 sed
3107 2928 3314 2998 absque
3341 2927 3668 2982 adulationis
3699 2927 3854 2992 vitio,

2245 3028 2442 3092 utpote
2467 3033 2606 3088 quos
2633 3018 2921 3090 objurgare
2965 3032 3068 3075 suo
3091 3019 3214 3074 loco
3253 3035 3362 3074 mm
3408 3020 3764 3090 preter-ierit;
3793 3035 3856 3074 ac

2253 3111 2382 3167 licet
2405 3110 2628 3166 blandos
2652 3124 2748 3166 eos
2771 3123 3028 3166 sermone
3053 3111 3320 3166 allocutus
3339 3111 3432 3176 sit,
3462 3111 3515 3166 id
3543 3125 3602 3166 se
3627 3125 3856 3180 prmer-

551 3203 678 3259 dem
703 3205 1069 3260 additamenta
1101 3205 1289 3261 iisdem
1319 3203 1374 3260 in
1405 3205 1538 3262 locis
1578 3219 1692 3277 pra
1718 3219 1780 3262 so
1810 3205 1990 3267 lerunt
2015 3219 2147 3264 mss.
2179 3199 2226 3266 C
2258 3204 2353 3258 tim
2385 3202 2578 3258 iecisse
2597 3243 2614 3270 ,
2646 3210 2706 3257 ut
2747 3201 2994 3272 procacia
3033 3201 3298 3274 cll‘ngicns
3325 3203 3600 3268 convicia,
3644 3202 3858 3258 omnia

553 3296 888 3354 'l‘ellerianus
926 3307 980 3352 et
1007 3297 1278 3356 recentior
1303 3296 1688 3364 Carnutcusis.
1723 3297 1820 3360 sed
1859 3297 1928 3359 ad
1955 3301 2154 3367 margi-

555 3404 678 3448 nem
713 3388 994 3446 dumtaxat
1037 3388 1329 3460 adscripta.
1377 3387 1728 3458 lictnigianua
1767 3403 1898 3450 vero
1939 3389 2045 3448 alia
2099 3389 2153 3450 in

554 3483 674 3551 ipso
704 3491 874 3544 textu,
904 3483 1009 3538 alia
1037 3482 1092 3538 in
1118 3497 1212 3540 ora
1245 3481 1367 3538 libri
1393 3481 1574 3546 habet.
1607 3483 1884 3553 przetuissa
1909 3481 2156 3542 admoni-

556 3575 704 3632 tione
744 3574 888 3645 quod
919 3589 982 3629 ea
1013 3583 1228 3632 exstent
1272 3573 1324 3628 in
1366 3573 1686 3643 quibusdam
1729 3573 2151 3645 escitiplartbus.

568 3665 806 3736 Denique
833 3667 886 3722 in
927 3675 1236 3737 pert'ctttsto
1263 3665 1500 3726 basilicae
1529 3667 1798 3729 Vaticana:
1825 3667 2120 3740 exemplari
2137 3708 2154 3733 ,

564 3761 708 3830 quod
746 3761 974 3832 primam
1005 3767 1212 3819 tantum
1259 3759 1417 3828 hujus
1457 3760 1581 3816 libri
1631 3767 1835 3830 partem
1877 3761 2157 3821 continete

560 3853 670 3924 jam
697 3852 961 3920 diximus,
1005 3852 1113 3908 duo
1156 3851 1460 3922 hujusmodi
1503 3851 1868 3916 additamenta
1914 3853 2156 3924 reperire

560 3956 640 3999 est
673 3943 772 4014 ipsi
804 3945 970 4005 textui
999 3945 1200 4014 pariter
1233 3947 1457 4001 inserta.

637 4040 724 4095 ΙΧ.
771 4039 968 4096 Eorum
1017 4041 1234 4096 utilitas.
1277 4069 1350 4082 —-
1383 4039 1460 4097 Ea
1509 4049 1692 4098 autem
1738 4041 1917 4098 omnii
1969 4041 2156 4100 llilaril

562 4148 685 4188 esse
715 4141 822 4186 tam
855 4133 1200 4202 perspicuum
1237 4141 1352 4200 est,
1385 4141 1442 4188 ut
1474 4131 1528 4191 id
1555 4133 1783 4203 probare
1807 4134 1946 4192 velle
1969 4149 2160 4204 super-

567 4243 858 4282 vncaneum
907 4227 1172 4286 videatur.
1205 4225 1277 4283 At
1320 4227 1461 4283 sicut
1507 4225 1636 4298 ipsis
1682 4228 1805 4286 libri
1857 4227 2018 4286 dictis
2061 4229 2159 4284 ὶιιιο

567 4323 755 4389 mixta,
787 4337 974 4378 eorum
1007 4321 1249 4378 ordinem
1295 4319 1658 4388 confundunt;
1691 4321 1760 4378 ita
1789 4322 2018 4380 senrsitn
2048 4324 2162 4384 suis

567 4415 702 4470 lucis
745 4417 952 4485 posita,
1005 4429 1202 4486 magno
1252 4413 1507 4484 praesidio
1555 4414 1798 4473 sunt..ad
1850 4415 2163 4472 enodandas

565 4509 893 4580 qtnesliones
935 4510 1242 4576 nonnullas,
1273 4508 1342 4564 de
1369 4509 1566 4580 quibus
1587 4509 1887 4567 etiamnum
1913 4510 2148 4580 disputa-

2256 3309 2445 3352 eorum
2485 3294 2884 3364 expositionum
2923 3293 3179 3350 scandala
3207 3294 3394 3349 utilius
3421 3293 3618 3350 deinde
3657 3295 3858 3365 prodo~

2257 3398 2342 3445 ret
2369 3407 2386 3444 :
2419 3405 2594 3460 neque
2625 3404 2754 3445 vero
2781 3404 2842 3444 se
2877 3404 3094 3445 omnem
3125 3391 3195 3444 ab
3219 3391 3300 3445 eis
3337 3389 3704 3461 suspicionem
3731 3391 3858 3446 ade-

2258 3485 2452 3548 misse,
2485 3497 2624 3554 quos
2651 3498 2756 3536 nou
2783 3497 2954 3537 ueram
2980 3484 3166 3551 Μειιι,
3201 3483 3296 3538 sed
3329 3492 3537 3539 unitum
3577 3500 3709 3539 uerte
3737 3484 3860 3553 [ich

2255 3579 2554 3636 reuocanda
2576 3594 2720 3648 apem
2745 3579 2981 3634 attulisse
3002 3577 3206 3634 dixerit
3230 3597 3245 3634 :
3277 3594 3337 3634 sc
3363 3578 3601 3648 denique
3630 3579 3858 3634 intumu-

2255 3675 2368 3729 siou
2397 3674 2628 3728 invitum
2655 3687 2722 3730 ac
2747 3671 2870 3728 solo
2897 3671 3046 3742 pacis
3073 3671 3274 3739 studio,
3305 3687 3374 3726 ne
3405 3671 3656 3728 videlicet
3686 3687 3718 3726 a
3749 3671 3863 3727 Lu-

2256 3766 2426 3822 cifero
2471 3765 2604 3821 illud
2657 3762 2987 3836 prctlicante
3033 3763 3358 3832 dissideret,
3402 3763 3616 3820 cautela
3659 3773 3862 3835 quanta

2257 3858 2492 3914 titaaima
2511 3855 2854 3926 suscepisse?

2329 3949 2444 4004 XII.
2493 3945 2650 4002 Falso
2695 3945 2923 4002 creditur
2971 3943 3264 4002 Orientales
3306 3954 3364 4001 ut
3405 3945 3722 4004 orthodoxae
3761 3946 3858 4002 ba-

2261 4042 2446 4097 buisse.
2475 4069 2549 4084 -——
2573 4039 2651 4094 Ex
2677 4037 2878 4108 quibus
2905 4037 3012 4108 iam
3050 4036 3338 4094 manifeste
3377 4037 3646 4098 reiellitur
3673 4036 3861 4106 veha-

2261 4133 2338 4190 tis
2367 4131 2573 4203 opinio,
2605 4145 2712 4202 qua
2754 4130 2988 4185 llilarius
3025 4127 3368 4196 Orientales,
3413 4132 3506 4201 qui
3535 4129 3862 4186 Bomiarioui

2261 4228 2422 4298 vulgo
2471 4229 2944 4298 cognominantur,
2993 4223 3159 4298 velut.
3191 4221 3528 4281 orthodoxae
3571 4223 3859 4289 habuisse,

2264 4335 2561 4390 eorumque
2595 4318 2856 4374 lortquaa
2893 4325 3168 4387 tamquam
3209 4315 3505 4374 catholicas
3531 4315 3864 4388 approbasse

2265 4414 2626 4470 existimatur.
2653 4409 2800 4468 Vidit
2836 4411 3054 4481 quidem
3083 4425 3179 4466 eos
3209 4409 3278 4466 ad
3318 4424 3502 4466 veram
3539 4409 3700 4466 ﬁdem
3743 4426 3867 4481 ιιι-υ-

2267 4519 2514 4576 grcssum
2542 4505 2752 4568 lacera,
2784 4501 2918 4558 sidit
2955 4517 3144 4557 eorum
3185 4499 3448 4557 formulas
3473 4514 3638 4557 sensu
3677 4502 3869 4556 cotton-

569 4610 679 4657 tur.
709 4602 902 4672 Aliqua
938 4602 1100 4658 etiam
1148 4617 1246 4656 nos
1289 4601 1488 4658 docent
1519 4600 1704 4659 Ililarii
1735 4611 1884 4672 gesta
1915 4605 2055 4660 scitu
2083 4603 2165 4660 di-
2187 4596 2243 4662 1)
2271 4601 2374 4656 lico
2399 4599 2698 4655 intellectas
2734 4595 2970 4668 quodam
3010 4593 3172 4650 modo
3201 4593 3334 4650 torri
3360 4607 3554 4663 posse;
3586 4593 3863 4661 taeduit,

570 4695 849 4766 gnissima,
865 4709 986 4766 quat
1003 4695 1261 4752 hactenus
1282 4694 1570 4761 latuerant,
1587 4695 1842 4752 nimirum
1865 4696 2166 4768 piissimum

575 4787 866 4844 I’rzcsulem
911 4786 1052 4843 male
1091 4788 1235 4859 apud
1277 4785 1538 4858 quosdam
1585 4787 1658 4844 ob
1687 4787 1832 4843 hunc
1877 4795 2167 4852 tractatum

573 4882 830 4950 audiisse,
862 4895 1094 4952 eumque
1121 4880 1438 4936 nominatim
1467 4895 1497 4935 a
1528 4878 1800 4947 Lucifero,
1831 4877 1980 4939 haud
2003 4881 2169 4940 dubie

573 4975 884 5030 Calaritano
907 4975 1090 5049 (quem
1123 4974 1324 5038 indolis
1355 4975 1516 5044 paulo
1543 4973 1780 5032 durioris
1806 4983 1968 5046 atque
1989 4985 2172 5033 auste-

575 5070 738 5124 rioris
768 5068 931 5125 fuisse
958 5083 1118 5125 nemo
1147 5067 1362 5140 nescit),
1393 5068 1666 5139 culpatum
1697 5067 1866 5128 fuisse
1893 5078 2168 5140 tantqlmu

577 5161 728 5218 verbi
787 5162 1076 5236 ὁμοιούσιον
1114 5162 1562 5231 approbatorem,
1611 5169 1667 5216 et
1693 5159 2032 5221 adulatorem
2080 5162 2168 5224 nl-

577 5257 852 5324 miumquc
881 5255 1211 5310 laudatorem
1234 5253 1608 5316 Orientalium.
1631 5255 1952 5326 quibuscum
1981 5257 2173 5312 remis-

580 5348 693 5401 sius
713 5362 912 5418 agens,
947 5348 1064 5402 illos
1096 5347 1257 5402 veluti
1291 5361 1432 5402 verae
1463 5345 1588 5403 lidei
1615 5347 2002 5418 praedicatores
2029 5348 2176 5405 celes-

583 5439 810 5494 biasset.
841 5437 1025 5508 Neque
1050 5453 1080 5490 ει
1120 5438 1416 5508 majoribus
1446 5439 1684 5494 auditum
1713 5448 1862 5506 erat,
1889 5456 2010 5496 eum
2037 5455 2173 5512 apo—

580 5533 870 5600 lngetieuau
919 5545 1056 5601 opus
1102 5531 1446 5586 instituisse:
1487 5530 1630 5601 quod
1677 5531 1869 5586 saltem
1916 5547 1982 5588 ex
2023 5542 2176 5602 parte

584 5628 740 5703 nobis
776 5635 1164 5696 roprtescntant
1200 5627 1457 5696 praulicta
1486 5624 1773 5682 corollaria
1794 5667 1809 5692 ,
1842 5641 1962 5697 qum
1991 5627 2177 5692 apolo-

599 5726 760 5792 gatim
785 5721 854 5776 nd
877 5721 1262 5791 reprehensores
1287 5721 1406 5778 libri
1433 5723 1496 5776 de
1524 5720 1752 5799 Synodia
1779 5737 2022 5796 responsa
2045 5725 2182 5782 titin-

591 5830 788 5885 cnpare
819 5817 1013 5884 placet.

2269 4699 2326 4747 ct
2342 4699 2604 4761 quantum
2625 4691 2802 4760 potuit
2821 4684 3091 4756 promovit
3114 4683 3460 4750 accedentes,
3483 4685 3656 4757 iisque
3679 4699 3865 4740 rerum

2271 4783 2673 4842 confessionum
2701 4795 2922 4838 suarum
2943 4793 3164 4838 uotum
3189 4777 3275 4850 (ut
3303 4779 3375 4833 ita
3393 4777 3597 4849 dicam)
3619 4778 3864 4848 digessit,

2271 4887 2328 4934 et
2360 4875 2510 4946 (ιιιαεί
2543 4873 2805 4944 liquatum
2845 4870 3042 4928 blande
3084 4869 3389 4941 propinavit
3419 4886 3435 4922 :
3467 4877 3524 4924 at
3563 4879 3616 4924 ut
3650 4883 3872 4940 pret-siut

2271 4969 2570 5026 catholicos
2613 4967 2802 5026 habuit
2837 4979 3128 5038 numquam
3147 5005 3162 5032 .
3191 4979 3370 5036 neque
3409 4963 3777 5037 suspicionetu
3804 4962 3877 5020 ob

2273 5065 2354 5120 eis
2379 5063 2624 5121 adimere
2645 5063 2833 5118 voluit.

2343 5155 2714 5232 βψω.
2763 5153 2902 5212 XIII.
2953 5151 3114 5210 Falso
3157 5154 3392 5209 creditur
3436 5153 3502 5208 de
3543 5166 3720 5207 eorum
3765 5151 3879 5222 {or-

2272 5255 2426 5310 mutia
2464 5253 2666 5308 diuersa
2705 5250 2770 5306 ob
2809 5248 3095 5304 Athanasio
3143 5246 3380 5304 emisse.
3433 5241 3754 5300 Caicitietur
3797 5243 3880 5297 di.

2275 5361 2420 5404 aerea
2470 5345 2736 5414 utriusque
2779 5338 3020 5409 [edundi
3065 5339 3201 5394 ratio
3245 5353 3311 5394 ex
3375 5338 3520 5408 accpi
3557 5335 3872 5394 diurnitate.

2274 5465 2348 5480 --
2372 5437 2506 5493 Ilinc
2545 5447 2762 5506 quoque
2795 5429 3092 5495 evanescit,
3136 5427 3284 5500 quod
3333 5443 3507 5501 prope
3537 5429 3592 5483 iu
3635 5427 3880 5484 omnium

2283 5528 2482 5588 animis
2510 5523 2822 5590 insederat.
2855 5522 3117 5582 llibtrium
3157 5522 3214 5577 in
3253 5520 3360 5577 hoc
3403 5527 3638 5577 tractatu
3663 5517 3734 5575 de
3770 5519 3882 5578 tor-

2287 5619 2452 5678 rutilis
2481 5618 2838 5678 Orientalium
2863 5615 3080 5676 diversa
3107 5615 3176 5670 ab
3209 5611 3511 5674 Athanasio
3539 5613 3594 5668 in
3623 5611 3762 5674 libre
3787 5627 3886 5682 pa-

2303 5716 2437 5776 riter
2465 5713 2530 5768 de
2545 5711 2773 5784 Spuodia
2795 5708 3054 5780 inscripto
3073 5708 3333 5774 sensisse,
3356 5717 3412 5764 et
3429 5703 3576 5778 quod
3592 5703 3683 5766 illo
3699 5713 3889 5777 aperte

2301 5805 2526 5865 damnat
2564 5804 2832 5864 laudasse.
2868 5801 2926 5862 Si
2955 5801 3100 5858 enim
3128 5814 3257 5868 eos,
3287 5799 3378 5872 qui
3402 5797 3630 5872 Ancyra:
3659 5810 3888 5868 congre-
