4266 6462
433 299 538 356 439

1207 310 1408 367 LIBER
1454 310 1538 367 Dii
1571 311 1874 384 SYNODIS,
1916 314 2046 372 SEU
2091 315 2178 373 DE
2223 315 2378 374 FIDE
2416 316 2624 375 URIEN
2646 318 2909 377 Mill)“.

3620 331 3729 387 490

433 431 481 474 et
516 420 708 475 Filium
745 425 1015 492 quomodo
1039 426 1250 496 genitus
1277 431 1343 483 sit
1372 445 1398 483 a
1425 430 1604 487 Patre.
1658 433 1808 489 Nulla
1853 434 2022 490 amhi-
2051 439 2092 496 Α
2127 451 2197 492 cn;

2145 436 2501 494 :undi-ierttnt.
2533 438 2639 493 Sed
2661 439 2782 511 quin
2811 441 3061 510 frequens
3091 441 3246 498 nobis
3272 447 3604 516 nuncupatio
3633 464 3723 504 es.

431 515 606 584 guitas
641 524 758 580 est.
791 519 1048 588 majorem
1077 536 1200 577 esse
1229 523 1469 580 Patrem.
1514 525 1656 582 Nulli
1701 537 1880 598 potest
1923 529 2025 585 du-

432 607 575 664 hium
615 625 738 667 esse
761 652 776 678 ,
803 610 1017 669 Patrem
1051 614 1256 672 honore
1279 659 1296 683 .
1326 618 1616 690 dignitate.
1651 620 1728 694 (α)
1759 622 2027 689 claritate.

430 704 732 773 majestate,
762 715 817 763 et
839 705 959 778 ipso
984 707 1203 766 nomine
1228 710 1397 779 patris
1419 711 1679 783 majorem
1707 728 1828 769 esse
1853 713 2026 783 Filio,

431 795 548 866 ipso
573 805 825 867 testante.
858 797 1050 868 Quinte
1074 803 1236 869 misit,
1265 807 1434 876 major
1451 820 1531 860 me
1553 815 1626 860 est
1662 804 1683 876 (
1703 803 1865 862 Joau.
1897 821 1988 861 xrv
2010 850 2024 875 ,

429 887 544 955 9.8).
565 889 634 946 Et
660 888 762 948 hoc
782 891 1108 951 catholicum
1135 911 1280 964 esse,
1303 912 1467 954 nemo
1489 899 1720 970 ignorat,
1745 899 1882 958 duas
1909 916 2028 972 per—

431 996 597 1040 sonas
637 999 759 1041 esse
785 983 960 1042 Patris
1002 996 1059 1044 et
1087 987 1207 1045 Filii
1237 1029 1252 1055 ,
1293 993 1550 1062 majorem
1581 989 1748 1066 Q66
1771 993 1984 1051 Patrem
2011 1036 2026 1064 ,

433 1076 626 1133 Filium
657 1077 734 1152 (ὸ)
763 1080 1065 1150 subjectum
1091 1097 1212 1139 cum
1242 1073 1496 1142 omnibus
1527 1085 1612 1142 his
1634 1102 1753 1158 qnze
1781 1087 1884 1158 ipsi
1923 1088 2029 1144 Pa-

433 1180 515 1228 ter
538 1172 788 1244 subjecit.
822 1173 1039 1232 Patrem
1068 1174 1280 1234 initium
1302 1193 1410 1234 non
1440 1177 1680 1246 habere,
1702 1178 2030 1258 invisibilem

429 1281 583 1332 esse.
626 1266 988 1326 immortalem
1015 1281 1172 1338 esse.
1205 1268 1279 1343 (ε)
1318 1270 1704 1342 impassibilem
1753 1287 1894 1330 esse.
1947 1272 2030 1330 Fi-

433 1354 560 1414 lium
588 1367 766 1416 autem
796 1369 980 1418 natum
1007 1376 1131 1419 esse
1155 1377 1222 1420 ex
1246 1362 1427 1431 Patre,
1459 1363 1630 1421 Deum
1658 1380 1732 1422 ex
1760 1366 1876 1423 Deo
1900 1407 1916 1433 ,
1945 1367 2031 1421 lu-

434 1466 557 1506 men
585 1465 656 1506 ex
691 1451 915 1509 lumine.
943 1450 1111 1522 Cujus
1138 1452 1265 1510 Filii
1293 1455 1701 1526 generationem
1735 1497 1752 1522 .
1805 1467 1866 1513 ut
1906 1465 2034 1515 ante

433 1543 636 1602 dictum
665 1558 770 1616 est,
802 1548 1074 1605 nemiuem
1102 1549 1242 1606 scire
1265 1549 1370 1607 nisi
1396 1551 1613 1608 Patrem
1635 1567 1815 1608 suum.
1849 1551 2029 1624 ipsum

434 1648 613 1697 autem
634 1637 832 1696 Filium
860 1640 956 1698 Dei
986 1641 1274 1698 Dominum
1296 1653 1353 1702 et
1374 1643 1542 1700 Deum
1574 1651 1842 1712 nostrum.
1873 1644 2032 1702 sicuti

436 1731 632 1806 legitur
649 1773 668 1802 ,
697 1748 918 1791 carnem
946 1733 1030 1790 vel
1057 1747 1276 1805 corpus,
1318 1733 1372 1791 id
1397 1743 1503 1803 est.
1544 1734 1822 1793 hominem
1850 1750 2036 1794 susce-

2131 531 2322 586 Sentia:
2353 547 2415 585 ac
2443 535 2761 588 substantiae
2793 535 3095 590 necessaria
3119 544 3242 599 est;
3289 539 3725 607 Cognoscmulum

2133 624 2375 696 estquid
2402 624 2678 696 significet
2699 627 2934 682 essentia
2960 667 2977 693 ,
3028 641 3099 684 ne
3144 628 3215 683 de
3256 630 3420 685 rebus
3458 629 3687 688 locuturi
3714 673 3729 698 .

2133 732 2246 771 rem
2278 716 2567 772 verborum
2593 719 2922 775 nesciamus.
2967 719 3214 775 Essentia
3252 729 3338 778 est
3363 738 3453 778 res
3477 738 3601 794 qua:
3627 734 3731 792 est,

2135 807 2222 862 vel
2255 809 2335 881 (ί)
2366 824 2434 864 ex
2471 808 2668 878 quibus
2695 818 2774 866 cst
2800 851 2816 877 .
2868 819 2922 866 et
2964 827 3085 882 qure
3131 814 3185 867 in
3229 830 3297 869 eo
3332 813 3478 884 quod
3521 826 3734 872 maneat

2132 901 2397 958 subsistit.
2441 901 2554 957 Dici
2584 912 2763 959 autem
2791 905 3028 960 essentia
3054 945 3068 970 .
3096 913 3152 962 ct
3178 916 3367 963 natura
3394 949 3410 971 .
3443 917 3497 963 et
3526 924 3693 979 genus
3719 953 3734 978 ,

2133 1003 2185 1050 ct
2208 995 2508 1051 substantia
2535 997 2960 1069 uniuscujusque
2981 1000 3059 1055 rei
3093 1000 3310 1069 poterit.
3365 1001 3591 1074 Proprie
3640 1019 3734 1058 au-

2136 1097 2242 1143 tem
2273 1089 2508 1144 essentia
2541 1088 2745 1146 idcirco
2775 1089 2851 1162 (g)
2877 1100 2960 1147 est
2988 1089 3133 1148 dicta
3157 1133 3176 1160 ,
3215 1094 3339 1163 quia
3386 1109 3604 1166 semper
3628 1106 3732 1152 est.

2135 1178 2265 1248 Qute
2295 1180 2500 1236 idcirco
2526 1182 2690 1238 etiam
2721 1182 3021 1239 substantia
3052 1195 3138 1240 est
3158 1228 3173 1252 ,
3205 1187 3330 1255 quia
3361 1201 3448 1242 res
3476 1203 3595 1258 qum
3627 1197 3730 1250 est.

2132 1269 2295 1347 E57
2326 1288 2550 1331 necesse
2577 1282 2659 1330 est
2685 1275 2942 1330 subsistat
2971 1275 3024 1331 in
3053 1291 3175 1332 sese
3199 1293 3214 1339 ;
3265 1278 3524 1349 quidquid
3553 1293 3732 1336 autem

2135 1365 2384 1423 subsistit
2404 1407 2422 1434 ,
2475 1366 2596 1423 sine
2637 1365 2805 1423 dubio
2834 1368 2888 1423 iu
2933 1383 3138 1440 genere
3164 1369 3250 1425 vel
3281 1381 3470 1427 natura
3497 1371 3584 1427 vei
3611 1375 3738 1429 sub—

2136 1460 2334 1516 stantia
2365 1469 2603 1515 maneat.
2625 1459 2761 1517 Cum
2791 1474 2924 1532 ergo
2944 1462 3238 1519 essentiam
3269 1461 3502 1519 dit-imus
3531 1466 3736 1535 signifi—

2135 1565 2262 1607 care
2283 1564 2531 1607 naturam
2555 1552 2641 1608 vel
2660 1567 2834 1624 genus
2859 1553 2956 1644 arei
2976 1554 3358 1626 substantiam,
3389 1556 3741 1629 intelligimus

2136 1642 2255 1714 ejus
2302 1645 2384 1701 rei
2426 1659 2548 1717 qua:
2576 1642 2632 1701 in
2664 1643 2750 1702 his
2783 1642 3039 1704 omnibus
3063 1662 3282 1716 semper
3306 1662 3431 1704 esse
3457 1648 3738 1706 subsistat.

2136 1735 2292 1792 Nunc
2316 1735 2479 1808 igitur
2507 1736 2855 1810 prtescriptas
2881 1738 2951 1796 ab
2976 1739 3343 1798 Orientalibus
3373 1740 3497 1799 fidei
3546 1741 3742 1800 defini-

440 1827 582 1899 pisse
608 1841 677 1884 ex
701 1836 861 1884 utero
889 1825 1112 1899 virginis
1139 1823 1323 1884 Maria:
1353 1867 1369 1894 ,
1399 1826 1806 1900 sicutAngeius
1830 1825 2032 1900 pradi-
2062 1841 2112 1903 Β
2138 1831 2315 1887 tiones
2337 1829 2418 1904 (It)
2450 1844 2856 1889 recenseamus.

439 1923 581 1979 cavit
601 1919 751 1994 (Luc.
783 1936 823 1986 ι,
846 1917 960 1993 5|).
990 1917 1063 1977 Ut
1079 1930 1259 1977 autent
1283 1919 1580 1994 Scriptura:
1599 1934 1792 1977 omnes
1813 1919 2034 1984 docent.

440 2027 495 2072 ct
523 2017 792 2087 prrccipue
817 2014 934 2086 ipse
961 2013 1217 2085 magister
1242 2013 1484 2086 gentium
1516 2012 1828 2086 Apostolus.
1861 2011 2037 2070 itumi-

441 2125 565 2165 nem
591 2110 898 2182 suscepisse
925 2108 994 2164 de
1040 2107 1203 2165 Maria
1234 2106 1456 2180 Virgine
1477 2150 1495 2177 .
1548 2123 1642 2180 per
1678 2123 1838 2179 quem
1888 2124 2036 2164 eom-

443 2221 633 2274 passus
655 2213 760 2262 est.
792 2204 886 2260 Illa
908 2213 1085 2261 autem
1131 2203 1216 2277 (ά)
1234 2205 1475 2262 clausula
1515 2215 1602 2262 est
1630 2208 1795 2261 totius
1833 2204 1952 2262 fidei
1983 2213 2039 2261 et

443 2296 534 2353 illa
559 2298 919 2366 continuatio,
951 2297 1095 2370 quod
1127 2296 1363 2354 Trinitas
1391 2313 1609 2371 semper
1634 2298 1901 2354 servanda
1931 2306 2034 2364 est,

443 2389 583 2448 sicut
619 2391 845 2465 legimus
893 2389 948 2447 in
978 2389 1304 2463 Evangelia:
1357 2388 1439 2446 Ite
1473 2399 1521 2445 et
1568 2389 1822 2462 baptizate
1862 2405 2039 2445 ontncs

445 2496 616 2557 gentes
664 2487 719 2542 in
770 2489 974 2543 nomine
1020 2485 1195 2541 Patris
1235 2493 1287 2542 et
1325 2483 1456 2542 Filii
1496 2495 1547 2542 et
1591 2485 1824 2556 Spiritus
1873 2483 2040 2540 sartcti

445 2578 662 2652 (Matth.
696 2579 1022 2652 xxvtn,19).
1065 2579 1310 2652 integer.
1341 2578 1613 2652 perfectus
1639 2593 1896 2635 numerus
1919 2576 2039 2634 Tri-

449 2674 633 2731 nitatis
661 2683 768 2731 est.
804 2671 879 2748 (e)
909 2673 1221 2734 Paracletus
1249 2683 1427 2732 autem
1453 2673 1689 2746 Spiritus
1715 2687 1814 2745 per
1839 2671 2038 2729 Filium

447 2779 530 2827 est
553 2785 572 2839 ς
599 2767 692 2843 qui
715 2770 914 2829 missus
935 2771 1084 2827 venit
1106 2769 1260 2841 juxta
1290 2767 1636 2842 promissu,
1665 2775 1724 2825 ut
1747 2767 2042 2840 Apostolus

447 2871 503 2920 et
525 2878 714 2921 omnes
741 2864 1027 2922 credentes
1051 2864 1366 2929 instrueret.
1387 2864 1631 2929 doceret,
1653 2861 2037 2919 saneticaret.

520 2957 610 3016 12.
658 2956 895 3015 Essentia
920 2967 970 3014 et
996 2957 1281 3015 substantia
1314 2957 1460 3030 quid.
1488 2955 1767 3031 Ancyram:
1795 2955 2044 3028 Synodtts

446 3052 712 3112 συιηῶὅᾶ
745 3051 914 3110 Filius
938 3062 996 3109 ut
1019 3054 1191 3126 imago
1219 3068 1321 3108 non
1341 3050 1452 3108 solo
1478 3051 1682 3108 nomine
1705 3051 1843 3108 alius
1867 3067 1900 3105 α
1930 3048 2040 3104 Ρα-

448 3155 541 3202 tre.
569 3177 643 3188 —
667 3145 763 3204 [iis
787 3146 972 3220 itaque
1001 3155 1080 3204 tot
1106 3155 1163 3204 et
1187 3145 1350 3204 tantis
1370 3142 1664 3217 impietatis
1691 3141 2046 3215 professioni-

2211 1923 2252 1978 i.
2293 1941 2314 1976 ι
2351 1923 2407 1979 Si
2449 1923 2573 1995 quis
2617 1923 2846 1981 audiens
2891 1924 3183 1999 imaginem
3231 1941 3355 1983 esse
3404 1927 3598 1985 Filium
3647 1929 3744 1986 Dei

2139 2015 2424 2073 invisibilis
2451 2059 2468 2083 .
2515 2017 2659 2075 idem
2685 2018 2831 2075 dicat
2855 2033 2979 2076 esse
3004 2017 3296 2092 imaginem
3326 2021 3422 2078 Dei
3448 2062 3466 2090 ,
3507 2022 3652 2094 quod
3688 2031 3746 2080 et

2141 2113 2307 2168 Deum
2337 2111 2664 2169 invisibilem
2691 2131 2705 2168 :
2755 2111 2909 2185 quasi
2938 2127 3050 2170 non
3072 2114 3341 2172 confitens
3368 2130 3496 2174 vere
3536 2117 3703 2173 lilium
3724 2160 3741 2188 ,

2139 2205 2424 2262 anathema
2453 2206 2527 2262 sit
2575 2205 2666 2279 (i).
2715 2224 2737 2260 ι

2214 2299 2301 2355 15.
2344 2298 2477 2354 Item
2515 2299 2653 2357 alius
2679 2309 2789 2367 est,
2828 2309 2886 2354 ut
2919 2301 3176 2376 accipiens
3215 2317 3250 2356 a
3287 2298 3450 2359 Patre
3472 2301 3646 2358 vitam.
3673 2333 3743 2346 ~—

2143 2390 2375 2448 Exciusa
2419 2401 2504 2448 est
2546 2394 2776 2450 assertio
2822 2391 3120 2450 volentium
3173 2394 3486 2452 nominibus
3537 2405 3743 2452 tantum

2143 2485 2358 2544 Patrem
2401 2495 2458 2543 et
2498 2485 2696 2544 Filium
2743 2485 3086 2558 pradicare;
3127 2503 3254 2544 cum
3297 2488 3518 2560 quando
3568 2489 3746 2562 imago

2141 2581 2340 2651 omnis,
2359 2583 2479 2653 ejus
2499 2579 2569 2638 ad
2597 2597 2759 2655 quem
2781 2582 3179 2654 coimaginetnr
3200 2585 3410 2654 specibs
3435 2583 3748 2640 indifferens

2143 2675 2233 2730 sit.
2261 2673 2447 2746 Neque
2471 2674 2617 2731 enim
2648 2673 2765 2745 ipse
2807 2673 3228 2751 sibi’quisquam
3261 2675 3438 2746 imago
3475 2683 3600 2743 est;
3648 2677 3744 2732 sed

2143 2781 2291 2832 eum.
2319 2767 2477 2836 cujus
2517 2767 2696 2839 imago
2718 2775 2823 2833 est,
2851 2781 3076 2824 necesse
3101 2778 3184 2824 est
3211 2778 3269 2824 ut
3303 2769 3482 2841 imago
3523 2769 3750 2826 dctnono

2145 2867 2300 2918 stret.
2349 2859 2536 2931 imago
2561 2862 2740 2934 itaque
2764 2870 2844 2916 est
2880 2861 2956 2917 rei
2982 2861 3050 2917 ad
3079 2877 3193 2919 rem
3219 2863 3570 2936 comquanda:
3612 2863 3751 2919 ima-

2144 2953 2325 3026 ginata
2351 2961 2409 3011 et
2435 2953 2722 3010 indiscreta
2751 2953 3068 3010 similitudo.
3123 2954 3222 3011 Est
3257 2971 3388 3030 ergo
3417 2957 3581 3014 Pater
3604 3001 3620 3024 ,
3667 2969 3753 3016 est

2145 3054 2204 3102 et
2230 3044 2404 3102 Fiiins
2427 3064 2442 3101 :
2466 3047 2589 3118 quia
2621 3048 2798 3117 imago
2827 3047 3002 3102 Patris
3027 3057 3108 3104 est
3137 3046 3344 3117 Filius;
3367 3057 3424 3105 et
3449 3050 3542 3122 qui
3572 3051 3752 3123 imago

2146 3146 2261 3207 est,
2287 3135 2356 3214 (j)
2376 3145 2436 3193 nt
2461 3138 2539 3195 rei
2571 3138 2748 3211 imago
2771 3138 2863 3206 sit,
2892 3140 3131 3209 speciem
3154 3155 3378 3198 necesse
3397 3150 3484 3198 est
3512 3151 3568 3200 et
3596 3151 3754 3199 natu-

449 3238 548 3296 bus
572 3237 732 3298 editis
755 3281 774 3310 ,
821 3237 922 3297 has
969 3253 1184 3297 rursum
1209 3253 1242 3296 e
1267 3239 1546 3296 contrario
1567 3235 1875 3294 Orientales
1923 3233 2045 3305 epi-
2072 3245 2121 3312 ο
2151 3247 2267 3288 ram
2291 3239 2348 3288 et
2371 3230 2684 3300 essentiam,
2725 3230 3021 3288 secundum
3049 3229 3194 3302 quod
3235 3231 3413 3305 imago
3434 3241 3521 3290 est
3540 3273 3559 3302 ,
3605 3234 3662 3292 in
3687 3250 3749 3292 se

447 3335 597 3408 scopi
625 3334 680 3394 in
721 3349 887 3393 unum
923 3334 1233 3410 congregati
1278 3335 1672 3390 sententiarum
1702 3327 2048 3387 definitiones

522 3496 600 3570 (α)
617 3495 734 3570 Hoc
757 3496 933 3568 ipsum
960 3491 1181 3570 totidem
1211 3490 1391 3570 verbis
1415 3508 1478 3550 ex
1489 3491 1668 3562 primit
1689 3491 2046 3570 thbadius.

452 3566 632 3627 Athe
653 3566 967 3624 dua—voces
995 3568 1252 3632 claritate,
1274 3566 1572 3637 majestate.
1605 3580 1708 3620 una
1730 3580 1906 3637 graca
1932 3567 2048 3621 θεὸ-

451 3665 565 3703 run
584 3640 724 3712 apud
750 3639 1010 3712 Athanas.
1036 3647 1093 3694 et
1119 3637 1330 3712 Socrat.
1360 3636 1679 3712 redduntur.

527 3707 792 3784 (b)_Apud
820 3709 1082 3784 Athanas.
1128 3707 1592 3784 sugjectuut__Patri
1630 3707 1829 3763 Filium
1857 3750 1871 3774 ,
1913 3722 2049 3780 quo-

453 3774 616 3842 modo
636 3774 835 3854 legisse
862 3780 1078 3854 videtur
1102 3791 1159 3838 et
1187 3774 1535 3854 P’ltmhadius.

523 3857 594 3930 (ε)
625 3849 928 3911 Prudenter
970 3852 1026 3930 in
1065 3851 1573 3930 iuec_i_’_it(ehadius:
1623 3849 1747 3905 licet:
1779 3850 2051 3930 ideoproo

453 3922 670 3997 ponunt.
693 3934 749 3981 ut
771 3926 1034 3997 contrria
1059 3925 1138 3979 his
1170 3922 1313 3979 Filio
1337 3923 1632 3997 adscribunt
1657 3962 1673 3976 .
1696 3962 1710 3976 .
1735 3962 1750 3977 .
1773 3924 1921 3997 quisi
1946 3923 2047 3997 iui-

452 3995 578 4054 tium
608 4000 794 4054 habere
816 3996 1059 4070 probatur
1087 4039 1102 4058 .
1149 3998 1330 4070 merito
1359 3996 1590 4070 mortalis
1613 4036 1629 4060 ,
1667 3995 1848 4070 merito
1866 3996 2046 4070 passi-

451 4071 570 4127 bilis
614 4065 882 4127 credetur.
934 4067 1168 4123 Primam
1211 4067 1589 4122 luereticorum
1645 4065 2044 4122 confessionem

453 4142 613 4201 simili
634 4150 751 4198 arte
775 4149 1082 4196 contextam
1106 4137 1335 4193 advertit
1357 4153 1421 4193 ac
1446 4139 1656 4192 monuit
1682 4147 1867 4192 noster
1894 4137 2044 4192 lida-

454 4215 566 4271 rins
595 4214 687 4270 lih.
710 4227 766 4272 tv
792 4221 847 4267 et
877 4227 932 4267 vt
965 4211 1037 4267 de
1054 4210 1204 4265 Trin.
1232 4208 1462 4265 Maxime
1497 4225 1629 4265 vero
1645 4207 1863 4264 laudato
1879 4207 2042 4265 Phot-

454 4287 613 4343 badio
654 4283 946 4356 displicent
991 4282 1232 4356 subjecta
1273 4279 1724 4356 inferiuagverba
1757 4296 1849 4351 per
1894 4295 2044 4356 quem

454 4350 758 4427 contpassas'
781 4365 856 4411 est
875 4369 895 4410 :
921 4358 1073 4426 quasi
1094 4350 1222 4408 ‘scil.
1253 4351 1588 4427 dimitterint
1617 4350 1917 4427 patientes,
1938 4350 2046 4427 bo—

455 4445 546 4510 mo
571 4421 984 4508 assumptumet
1006 4439 1285 4480 assumens
1312 4422 1501 4480 Filius.
1524 4421 1678 4480 Unde
1691 4421 2041 4489 Athanasius,

456 4500 550 4556 lib.
592 4499 662 4556 de
708 4501 926 4554 sahttart
953 4497 1200 4553 Adventu
1250 4494 1301 4551 ι.
1332 4493 1395 4550 C.
1450 4511 1571 4556 pag.
1601 4493 1743 4556 643.
1795 4507 1892 4552 eos
1920 4509 2041 4550 cum

479 4511 550 4557 ΙΙ).
592 4511 662 4556 de
708 4511 926 4554 ιειιιιπι
953 4511 1200 4553 Αιινειὶιιι
1250 4511 1301 4551 ιι.
1332 4511 1395 4550 υ.
1450 4511 1571 4558 βεια.
1601 4511 1743 4558 ΜΟ.
1795 4511 1892 4552 €05
1920 4511 2042 4550 cum

456 4511 550 4557 ho.
592 4511 662 4556 de
708 4511 926 4554 sanitart
953 4511 1200 4579 Adventu
1250 4511 1301 4551 ι.
1332 4511 1395 4550 υ.
1450 4511 1571 4620 pag.
1601 4511 1743 4558 osa.
1795 4511 1892 4552 eos
1920 4511 2042 4550 eum

455 4571 671 4628 Arianis
704 4568 1080 4640 blaspbcmare
1105 4574 1315 4640 incusat
1339 4608 1355 4632 ,
1385 4582 1475 4636 qui
1552 4582 1689 4640 etum
1711 4582 1803 4640 per
1839 4581 2044 4640 camera

456 4659 665 4714 passum
709 4636 880 4714 esseet
905 4640 1244 4696 resurrexisse
1263 4638 1485 4714 dicunt;
1509 4653 1626 4692 cum
1651 4636 1924 4714 Scriptura
1951 4638 2046 4690 do-
2070 4641 2126 4704 1)

456 4710 586 4780 cent,
620 4730 709 4785 per
733 4711 901 4770 Deum
928 4715 982 4766 in
1002 4727 1156 4766 carne
1177 4714 1289 4785 ejus
1318 4712 1604 4778 passionem
1617 4710 1910 4781 contigisse,
1941 4725 2042 4764 non

459 4786 626 4842 Deum
653 4801 742 4853 per
766 4800 970 4840 carnem
1000 4799 1205 4853 passum
1232 4798 1358 4837 esse.

532 4857 612 4930 (ά)
653 4851 711 4914 in
743 4856 972 4925 vulgatis
996 4851 1012 4922 ,
1038 4856 1218 4930 etas-is.
1267 4853 1488 4909 Rectius
1515 4853 1568 4908 in
1598 4866 1733 4907 mss.
1760 4851 1995 4930 eiausula
2025 4891 2042 4918 ,

461 4927 510 4986 id
542 4925 641 4992 est.
673 4945 871 4982 summa
894 4943 912 4980 :
950 4929 1095 4996 quod
1115 4939 1291 4996 grzeee
1319 4938 1534 4980 versum
1555 4934 1639 4978 est
1664 4925 1951 4996 κιφαλαῖᾳν.

530 5003 607 5069 (e)
644 4999 700 5056 In
730 5013 862 5055 mss.
893 4995 1204 5053 eot’tstanter
1239 4995 1560 5069 Parnasius.
1587 5007 1680 5050 aut
1713 4995 2042 5069 I’araclytus.

532 5065 610 5146 (Ι)
647 5073 868 5146 supple.
898 5086 979 5124 res
1006 5085 1197 5146 cornei.
1251 5066 1363 5146 [ioc
1389 5068 1564 5146 altero
1587 5065 1849 5146 orationis
1876 5081 2049 5146 mem-

461 5137 565 5200 bro
587 5137 884 5215 explicatur
919 5141 1152 5198 essentia
1189 5139 1369 5211 genita
1392 5178 1408 5206 ,
1451 5138 1588 5196 sicut
1632 5137 1898 5212 superiori
1943 5151 2052 5194 non

461 5225 603 5272 nata.

535 5286 617 5360 (9)
657 5284 787 5360 Non,
826 5284 984 5360 aliam
1006 5290 1236 5360 praestat
1257 5279 1587 5360 Pltmbaditts
1612 5280 1930 5360 substantiae
1956 5293 2054 5334 πο..

464 5351 662 5416 ιίοὶῖειιι
690 5377 702 5412 :
753 5351 1049 5413 Substautia
1073 5356 1228 5419 enim.
1270 5355 1459 5421 inquit.
1483 5353 1675 5407 dicitur
1693 5352 1750 5406 id
1767 5351 1906 5422 quod
1923 5367 2055 5406 sent-

461 5447 554 5501 per
570 5445 633 5486 ea:
652 5444 762 5486 sese
777 5439 874 5495 est,
893 5431 985 5501 hoc
1005 5437 1102 5494 est;
1123 5425 1262 5501 quod
1283 5427 1492 5498 propria
1516 5426 1650 5501 intra
1665 5439 1719 5501 se
1729 5425 1916 5501 uirtute
1940 5423 2058 5501 sub-

463 5493 628 5557 sistit:
653 5515 767 5570 ante
789 5493 865 5554 eis
888 5500 978 5555 uni
1004 5509 1052 5554 et
1080 5493 1175 5570 sati
1217 5493 1324 5551 Deo
1353 5493 1607 5570 ςοηψριὶι.
1665 5494 1825 5550 Vocis
1855 5493 2059 5570 utrius-

464 5588 570 5645 que
599 5565 846 5645 dtstineta
877 5571 1017 5645 ratio
1036 5569 1334 5639 explicatur
1354 5565 1760 5645 {metuentem
1795 5583 1847 5619 n.
1877 5567 1967 5645 3:1.

543 5644 622 5717 (It)
662 5644 805 5713 Quas
843 5642 960 5698 scil.
996 5636 1343 5717 tincyrtcan.
1373 5638 1480 5694 553
1507 5681 1520 5704 .
1552 5639 1728 5717 paulo
1758 5650 1879 5717 ante
1909 5636 2051 5717 diem

467 5706 1016 5784 Pasciuecongregati
1039 5706 1579 5784 conscripseruntad‘
1595 5706 2054 5784 comprimendam

469 5781 853 5844 Anummornm
887 5781 1235 5853 impietatem.
1261 5781 1564 5838 ’Eudoxius
1613 5782 1759 5853 enim
1808 5796 1932 5837 cum
1963 5793 2056 5833 an-

469 5859 635 5916 disset
663 5855 788 5930 quid
819 5850 998 5911 Sirmii
1030 5856 1265 5926 egissent
1293 5853 1548 5911 Ursacius
1573 5896 1587 5918 ,
1639 5850 1830 5908 Valens
1876 5865 1941 5906 ac
1969 5865 2049 5907 suo

833 5953 911 6013 Pa
933 5969 1106 6012 [μοι.
1165 5949 1248 6010 Χ.

2155 3324 2353 3384 habeat
2374 3324 2632 3382 auctoris.

2155 3491 2223 3548 cii
2249 3532 2266 3558 ,
2312 3493 2540 3547 multum
2573 3488 2699 3546 inde
2735 3487 2816 3546 eis
2854 3487 3150 3558 gratulatus
3175 3529 3191 3553 .
3241 3485 3355 3558 ipse
3401 3487 3564 3544 etiam
3613 3489 3756 3546 Aetii

2157 3563 2430 3628 hmresim.
2463 3571 2722 3634 quantum
2758 3567 3004 3634 poterat,
3038 3573 3359 3634 promovere
3383 3560 3608 3617 studuit.
3638 3561 3752 3630 Qua

2156 3636 2227 3692 de
2261 3650 2322 3691 re
2349 3678 2364 3701 ,
2389 3630 2497 3706 qui
2514 3630 3102 3706 ecclesiae'dedieauda-
3130 3631 3297 3706 gratia
3315 3634 3594 3706 Ancyram
3623 3647 3756 3688 con-

2160 3701 2448 3771 venerant.
2476 3703 2697 3776 Georgii
2726 3702 3013 3762 Laudiceni
3046 3701 3240 3758 litteris
3264 3701 3523 3776 admoniti
3551 3745 3566 3769 ,
3589 3713 3754 3774 quot-

2155 3787 2286 3850 quot
2297 3776 2581 3850 commode
2593 3771 2885 3849 potuerunt
2906 3787 3228 3850 convocare.
3243 3771 3346 3850 sibi
3369 3771 3750 3850 adiunxerunt,

2157 3843 2215 3904 tit
2233 3849 2455 3904 Eudoxii
2483 3843 2709 3904 conatus
2738 3845 3110 3903 retundereut.
3137 3843 3367 3900 Basilius
3385 3847 3542 3915 epist.
3571 3861 3753 3910 Lxxtv.

2153 3919 2382 3978 Coneilii
2413 3921 2572 3990 hujus
2597 3919 2865 3980 meminit.
2899 3927 3164 3990 vocatque
3190 3917 3472 3990 σύλλογον
3497 3933 3618 3986 qum
3645 3933 3752 3973 vox

2156 4008 2263 4048 non
2287 4032 2304 4058 ,
2352 4003 2412 4047 ut
2453 3988 2605 4064 putat
2628 3990 2877 4064 viralias
2916 3989 3200 4064 eruditus.
3227 3988 3541 4059 colloquium
3570 4000 3749 4064 sonat.

2153 4064 2246 4118 sed
2287 4059 2588 4119 conuentum
2611 4103 2626 4124 .
2681 4063 2949 4132 nimirum
2973 4076 3001 4114 a
3035 4059 3750 4132 ὸ-υλὶλγωὴεωζοοεοηϐεειίι

2154 4136 2298 4192 illius
2323 4145 2508 4190 narrat
2532 4134 2869 4190 Sozomeuus
2899 4131 2996 4188 iiii.
3025 4145 3079 4186 tv
3099 4173 3116 4196 ,
3141 4129 3204 4187 εξ
3227 4131 3312 4185 i3.
3368 4129 3752 4186 Consulendus

2152 4221 2215 4263 ea
2246 4207 2315 4264 de
2335 4222 2394 4262 re
2414 4205 2768 4277 Epiphanius.
2799 4204 2928 4277 ιω.
2960 4201 3337 4277 Lxxttt._n._2.
3368 4212 3474 4277 etc.
3498 4201 3602 4271 Qui
3633 4203 3753 4277 qui—

2151 4279 2276 4333 dem
2303 4278 2398 4346 ibi,
2429 4272 2576 4333 num.
2606 4277 2679 4334 10
2725 4284 2780 4331 et
2806 4276 2868 4331 Η
2899 4316 2914 4340 ,
2943 4273 3134 4346 synodi
3167 4273 3335 4346 hujus
3350 4272 3566 4346 decreta
3599 4274 3748 4341 plura

2146 4349 2314 4406 refert
2337 4344 2498 4420 quam
2529 4356 2715 4404 noster
2743 4344 3018 4420 Hilarius:
3050 4347 3175 4420 quia
3202 4344 3451 4420 videlicet
3473 4359 3535 4401 ea
3560 4359 3751 4420 re_ccn~

2145 4431 2231 4476 set
2271 4415 2393 4493 qua:
2420 4419 2811 4493 Ancyrtesunt
2831 4416 3011 4482 edita.
3060 4415 3296 4470 ililarius
3341 4429 3505 4493 vero.
3555 4416 3744 4493 pti__ex

2145 4501 2273 4549 uota
2292 4485 2556 4562 sequenti
2575 4490 2749 4562 palam
2782 4489 2877 4545 tiet
2897 4527 2915 4554 .
2965 4501 3083 4560 quae
3123 4501 3154 4541 a
3190 4486 3382 4557 synodi
3410 4485 3602 4556 legatis
3626 4485 3745 4543 Sir-

2147 4565 2314 4646 mium
2334 4563 2518 4646 delata
2551 4573 2606 4618 et
2637 4562 2923 4646 publicata.
3105 4631 3117 4641 .

2223 4636 2288 4708 (i)
2332 4635 2582 4690 Proxime
2606 4627 2732 4705 post
2758 4633 3035 4688 anathema
3071 4631 3140 4685 sit
3160 4672 3176 4697 ,
3227 4627 3367 4698 apud
3397 4627 3529 4685 Bad.
3557 4668 3573 4692 .
3608 4629 3699 4685 Er.
3730 4669 3748 4694 .

2150 4706 2270 4783 Mir.
2302 4717 2356 4760 et
2384 4707 2437 4762 in
2469 4713 2778 4776 pervetusto
2821 4718 2926 4783 ms.
2967 4703 3028 4756 S.
3079 4701 3222 4783 Petri
3259 4700 3440 4783 _\‘_atic.
3489 4703 3592 4756 sub
3637 4716 3749 4783 uno

2149 4779 2454 4848 eodemque
2469 4771 2726 4832 contextu
2745 4774 2991 4846 sequitur
3014 4789 3042 4848 :_
3074 4771 3434 4848 Expositiones
3464 4787 3638 4828 omnes
3656 4813 3679 4848 ,_
3703 4773 3748 4826 si

2149 4851 2275 4922 quid
2303 4842 2755 4922 habenterimtais.
2777 4842 2993 4922 intrare
3021 4842 3244 4922 habent;
3268 4851 3506 4922 cateruas
3528 4858 3631 4922 non
3659 4844 3752 4896 Ita-

2151 4915 2268 4976 ὗσε
2298 4921 2354 4975 in
2382 4921 2589 4991 publica
2626 4919 2762 4991 (acie
2777 4917 3158 4991 existimantur.
3201 4916 3305 4969 Sed
3337 4915 3457 4981 quia
3477 4915 3752 4991 scirem‘ea

2151 4994 2264 5048 sola
2287 4985 2533 5047 Sirinium
2552 4985 2664 5047 esse
2698 4988 2891 5044 delata.
2924 4987 3033 5041 llac
3058 4985 3226 5041 altera
3258 4993 3384 5041 nota
3412 4986 3754 5056 apologetica

2152 5064 2392 5120 declarat
2435 5061 2702 5128 Hilarius,
2734 5061 2909 5117 nullas
2940 5057 3312 5114 definitionum
3339 5071 3526 5128 earum
3553 5097 3570 5119 .
3612 5070 3752 5128 quas

2153 5133 2303 5192 solas
2325 5135 2396 5191 ab
2420 5127 2961 5206 Ancyranaesyuodi
2998 5129 3189 5197 legatis
3212 5127 3470 5206 Sirmium
3499 5127 3756 5206 essede-

2158 5207 2296 5263 iatas
2326 5207 2509 5267 sciret.
2537 5196 2596 5259 in
2623 5196 2834 5276 publica
2863 5201 2999 5258 facie
3038 5196 3100 5276 et
3121 5197 3434 5276 secundum
3452 5196 3752 5276 verborum
3814 5237 3830 5257 .

2156 5290 2324 5334 sonos
2347 5319 2362 5340 .
2397 5267 2713 5348 quidquam
2733 5273 2932 5348 habere
2958 5271 3101 5348 quod
3132 5267 3643 5348 reprebendendum
3674 5269 3757 5325 vi-

2158 5351 2350 5405 deatur
2374 5389 2391 5414 .
2413 5340 2660 5420 quamvis
2687 5344 2932 5420 fraudem
2959 5340 3061 5398 sub
3080 5340 3348 5420 speciosis
3379 5340 3558 5420 verbis
3586 5340 3758 5420 laten-

2161 5431 2268 5478 tem
2300 5410 2406 5475 non
2435 5410 2615 5490 neget.
2674 5417 2804 5485 Quae
2833 5424 2958 5490 uota
2989 5410 3130 5490 male
3157 5411 3374 5490 quidem
3403 5413 3455 5468 in
3481 5410 3766 5490 praedictis

2162 5491 2316 5548 iihris
2357 5484 2533 5548 locum
2565 5490 2616 5543 in
2646 5484 2796 5544 textu
2817 5484 3088 5542 obtinuit:
3133 5485 3228 5540 sed
3274 5491 3451 5539 tamen
3497 5498 3603 5538 non
3633 5484 3755 5538 sine

2163 5563 2354 5631 injuria
2387 5579 2415 5616 a
2443 5561 2627 5634 Lipsio
2653 5573 2874 5634 prorsus
2903 5569 3197 5634 suppressa
3240 5552 3369 5634 fuit._
3406 5553 3546 5634 Cum
3571 5563 3755 5634 aptent

2163 5623 2314 5705 aeque
2335 5623 2591 5705 respiciat
2618 5623 2808 5705 omnes
2835 5623 3152 5705 Ancir'anas
3164 5623 3762 5705 deiini_tiones_iufer_ius

2162 5693 2381 5770 reiatas;
2409 5693 2601 5775 prima}
2622 5701 2745 5775 huic
2767 5716 2872 5755 non
2893 5693 3154 5775 postponi
3179 5695 3386 5775 debuit.
3432 5693 3527 5750 sed
3563 5695 3764 5775 potius

2163 5766 2440 5841 autumni.
2470 5772 2637 5844 Magis
2665 5773 2826 5828 etiam
2857 5766 3204 5844 placeretne
3222 5768 3361 5844 solas
3387 5807 3400 5820 .
3435 5807 3448 5819 .
3478 5805 3492 5820 .
3538 5766 3762 5844 delatas.

2233 5838 2311 5920 (Ι)
2335 5845 2512 5907 iiditi,
2545 5838 2600 5899 ut
2623 5859 2736 5898 vero
2758 5838 2929 5915 imago
2953 5843 3038 5897 sit.
3078 5838 3400 5912 Expressius
3428 5850 3583 5904 mss.,
3615 5844 3665 5888 ut
3687 5839 3762 5893 rei

3255 5929 3326 5987 i6
