4266 6506
517 295 622 349 Sii-I

1716 287 1961 348 SANCTI
2005 283 2254 343 llilu‘ti‘til
2299 280 2600 341 EPISCOI'I

3701 274 3812 335 520

515 419 690 464 tamen
711 449 727 475 ,
759 415 818 462 ut
845 409 1110 481 sttitjt-ctio
1140 407 1372 465 nominis
1415 409 1799 482 proprietatem
1858 407 2114 465 naturals
2142 413 2193 470 Α
2221 411 2405 456 sancto
2437 397 2767 470 nuncupatio
2793 393 3116 454 damnabilis
3141 394 3264 452 est?
3293 391 3444 465 Quod
3478 402 3655 450 tamen
3687 395 3810 464 quia

511 511 668 571 atque
701 501 1055 557 iudili'eretttis
1088 512 1308 559 testatur
1342 509 1612 561 essentne.

580 591 747 664 ω
767 591 952 649 XVIII.
981 613 999 644 ι
1022 595 1078 648 Si
1105 596 1227 666 quis
1253 595 1470 650 Patrem
1498 605 1554 652 et
1578 596 1771 651 Filium
1801 611 1957 650 unam
1988 611 2110 666 pero

512 697 702 737 sonam
734 683 902 740 dicit:
933 684 1221 742 anathema
1253 687 1341 741 sit.
1376 706 1398 740 ι

583 775 677 830 .52.
709 772 869 831 Pater
896 787 946 832 et
977 776 1148 834 Filius
1177 795 1278 834 non
1305 796 1411 836 una
1437 797 1678 851 persona.
1709 812 1780 824 --
1807 781 1923 838 Non
1957 783 2118 839 habet

525 868 900 924 necessitatem
923 869 1330 927 contradicendi
1355 872 1458 930 sibi
1481 874 1731 931 absoluta
1761 875 2114 946 perversitas:

519 967 578 1015 et
609 971 785 1016 tamen
815 961 1015 1018 stultus
1045 963 1400 1049 quorumdam
1433 963 1583 1022 furor
1611 965 1666 1022 itt
1689 967 1740 1022 id
1762 967 2038 1039 prorupit,
2063 977 2122 1023 ut

519 1068 808 1124 personam
832 1069 994 1110 unam
1023 1054 1186 1112 duum
1215 1057 1492 1114 nominum
1516 1072 1680 1116 ausus
1705 1059 1777 1115 sit
1801 1061 2115 1132 praedicare.

593 1147 736 1205 XIX.
767 1149 867 1207 ιδὶ
915 1150 1040 1222 quis
1083 1151 1342 1222 Spiritum
1389 1161 1634 1210 sanctum
1681 1154 2012 1224 paracletum
2039 1155 2122 1210 di.

519 1255 650 1298 cens
671 1283 688 1309 ,
717 1243 1092 1299 innascibilem
1117 1245 1285 1301 Deum
1317 1245 1494 1302 dicat:
1519 1245 1806 1303 anathema
1839 1249 1928 1302 sit.
1956 1266 1974 1298 ι

592 1333 686 1390 55.
716 1335 950 1406 Spiritus
977 1319 1184 1392 sam-tus
1215 1355 1314 1392 non
1341 1339 1657 1395 iunusct'bt'lis
1683 1336 1845 1395 Deus.
1879 1339 2025 1396 Alius
2053 1349 2123 1394 est

520 1444 562 1482 tt
585 1425 746 1484 Filio.
769 1459 842 1471 -——
862 1427 1110 1500 Adfectio
1142 1446 1284 1486 nunc
1313 1431 1610 1500 Paraclcti‘,
1650 1431 1982 1488 anathemati
2023 1433 2124 1489 obo

524 1521 742 1576 noxiam
788 1521 914 1577 facit
953 1523 1284 1580 innasciluilis
1322 1526 1374 1580 in
1415 1541 1483 1582 eo
1526 1511 1621 1583 Dei
1661 1525 2121 1596 praedicationem.

522 1611 900 1685 lmpiissimum
929 1617 1072 1673 enim
1097 1629 1178 1674 cst
1197 1660 1212 1684 ,
1242 1617 1614 1676 innascibilem
1639 1620 1806 1675 Deum
1832 1637 1952 1676 cum
1977 1621 2082 1676 dici
2107 1663 2122 1688 ,

523 1708 614 1778 qui
641 1708 708 1764 ad
739 1711 1162 1768 consolationem
1190 1722 1432 1770 nostram
1461 1722 1548 1770 est
1573 1714 1768 1770 missus
1796 1733 1824 1771 τι
1858 1717 2012 1772 Filio.

2219 494 2458 550 h-rretici
2490 494 2708 556 dicunt,
2741 501 2888 548 recte
2925 489 3178 546 catholici
3219 488 3604 546 condemnant.

2289 586 2509 643 XXIIIJ
2533 586 2591 644 Si
2615 586 2739 656 quis
2767 587 2913 657 quod
2935 584 3140 642 dictum
3163 590 3269 651 est,
3299 581 3412 654 Ego
3433 581 3572 638 Deus
3599 581 3820 652 primus,

2215 688 2264 734 et
2289 695 2383 752 ego
2413 681 2552 734 Deus
2597 679 2924 746 nouissimus,
2973 686 3024 732 et
3067 686 3252 748 printer
3277 693 3356 732 nte
3399 692 3506 730 non
3550 685 3624 730 est
3677 673 3824 730 Deus

2219 773 2240 845 (
2257 772 2402 830 Esai.
2433 789 2580 838 xuv,
2607 776 2642 830 6
2661 776 2703 846 ),
2734 772 2802 829 ad
2828 773 3256 830 destructionem
3299 769 3570 828 idolorum
3607 769 3822 826 dictum

2218 876 2273 922 et
2291 879 2479 922 eorum
2501 865 2592 938 qui
2617 881 2724 921 non
2751 873 2877 920 sunt
2903 864 3000 930 dii,
3019 865 3074 919 in
3103 863 3526 926 destructionem
3555 861 3824 935 unigeniti

2219 967 2346 1015 ante
2371 959 2566 1014 sucula
2595 958 2688 1014 Dei
2707 957 2924 1029 iudaice
2961 958 3162 1013 dictum
3195 955 3500 1029 intelligat:
3533 955 3822 1012 anathema

2222 1057 2314 1112 sit.
2341 1073 2360 1108 ι

2293 1150 2383 1207 57.
2415 1147 2582 1217 Illud,
2597 1164 2704 1205 non
2733 1159 2818 1204 est
2845 1147 2985 1203 Deus
3013 1155 3208 1220 pra-ter
3233 1160 3341 1212 me,
3379 1142 3572 1200 Filium
3603 1159 3704 1198 non
3731 1157 3824 1197 nc-

2222 1255 2314 1318 gnt
2341 1244 2528 1300 Deum.
2549 1275 2622 1288 -—
2641 1243 2875 1301 Deorum
2905 1244 3300 1299 numerositate
3325 1241 3600 1306 damnata,
3627 1249 3680 1293 et
3715 1239 3828 1294 Deo

2223 1347 2436 1396 tantum
2465 1355 2576 1396 uno
2605 1339 2939 1411 praedicam.
2971 1337 3160 1409 negari
3207 1335 3350 1391 Deus
3389 1333 3536 1390 Illius
3575 1329 3671 1388 Dci
3711 1345 3820 1388 non

2224 1441 2425 1504 potest.
2447 1431 2646 1488 Verum
2673 1442 2878 1488 natum
2905 1431 3046 1488 istud
3069 1438 3290 1502 prtestat
3309 1427 3544 1501 genuina
3567 1427 3815 1498 proprie-

2225 1532 2330 1593 tas,
2364 1534 2422 1581 ut
2451 1540 2674 1590 nomen,
2704 1523 2848 1596 quod
2874 1533 3106 1596 negatur
3130 1521 3198 1578 ad
3225 1535 3538 1586 numero,
3563 1518 3829 1576 debeatur

2224 1619 2513 1684 essentia);
2545 1626 2602 1674 et
2633 1618 2718 1682 id,
2747 1617 2891 1689 quod
2919 1632 3022 1672 non
3049 1626 3126 1672 est
3163 1613 3304 1670 Deus
3347 1623 3534 1684 praeter
3560 1629 3678 1680 nte,
3719 1625 3830 1667 non

2226 1713 2398 1782 possit
2427 1711 2566 1768 i-‘ilio
2594 1711 2810 1768 auferre
2836 1709 2981 1782 quod
3013 1710 3152 1765 Deus
3179 1717 3296 1764 cst:
3327 1707 3452 1778 quia
3479 1705 3622 1763 Deus
3643 1703 3822 1772 alius,

593 1800 814 1860 XX.cSi
841 1804 987 1876 quis,
1013 1805 1170 1860 sicuti
1187 1806 1373 1863 docuit
1397 1821 1496 1864 nos
1517 1806 1795 1875 Dominus,
1821 1825 1926 1864 non
1954 1811 2122 1867 alium
2151 1801 2200 1864 Β
2227 1811 2427 1878 printer
2454 1819 2614 1874 quant
2643 1803 2737 1875 qui
2767 1812 2853 1859 est
2877 1819 2944 1858 ex
2975 1801 3108 1867 Deo,
3141 1801 3324 1856 nullus
3345 1807 3452 1856 est.
3479 1799 3546 1854 Et
3570 1813 3668 1869 per
3692 1796 3836 1851 hanc

520 1893 668 1950 dicat
693 1895 1032 1952 l'aracletum
1055 1913 1086 1953 a
1115 1897 1284 1964 Filio;
1313 1900 1447 1956 dixit
1469 1899 1651 1956 enim:
1680 1899 1750 1954 Et
1775 1903 1993 1956 alterum
2019 1901 2126 1956 Pa-

520 1986 774 2043 raeietunt
797 1989 961 2043 mittet
983 1989 1123 2046 vobis
1145 1989 1326 2056 Pater,
1351 2008 1499 2063 quan
1523 1995 1716 2066 rogabo
1734 2009 1870 2068 ego:
1893 1995 2125 2052 anathe-

523 2093 610 2134 ma
631 2081 758 2134 sit.-

591 2175 680 2230 54.
712 2175 816 2230 Cur
835 2176 1040 2231 dicatur
1059 2177 1192 2233 mitti
1213 2193 1244 2238 α
1271 2176 1446 2234 Patre.
1465 2209 1538 2220 --
1554 2181 1596 2236 Α
1624 2178 1764 2236 Filio
1789 2180 2124 2238 Paracletum

523 2269 747 2326 missum
788 2273 1170 2336 meminimus,
1214 2281 1272 2326 et
1314 2273 1366 2327 in
1410 2275 1672 2344 principio
1703 2276 1806 2330 huc
1838 2276 1968 2332 tidcs
2010 2277 2125 2348 ipsa

521 2363 790 2433 exposuit.
822 2363 932 2420 Sed
955 2365 1078 2434 quia
1107 2363 1420 2434 frequenter
1450 2363 1618 2422 Filius
1645 2381 1744 2436 per
1771 2367 2126 2425 indifferentis

531 2463 737 2509 natura:
781 2456 1032 2512 virtutem
1065 2473 1229 2528 opera
1258 2471 1355 2514 sua
1385 2473 1550 2530 opera
1579 2459 1755 2516 Patris
1795 2477 1918 2517 esse
1955 2461 2123 2526 dixit,

529 2548 750 2605 dicens:
801 2547 915 2622 Ego
955 2567 1113 2620 opera
1157 2549 1331 2606 Patris
1359 2553 1459 2607 mei
1487 2555 1626 2625 facio
1654 2553 1851 2629 (Joau.
1879 2571 1912 2610 ι
1939 2595 1956 2622 ,
1981 2557 2052 2614 37
2073 2555 2125 2628 ),

523 2641 792 2696 missurus
819 2656 1034 2712 quoque
1061 2641 1404 2698 Paracletum
1425 2683 1444 2710 ,
1473 2645 1634 2700 sicuti
1666 2643 1974 2718 frequenter
1997 2663 2128 2717 spo-

527 2731 746 2804 pondit,
770 2731 1040 2789 interdum
1064 2749 1187 2789 eum
1230 2743 1287 2790 et
1325 2735 1646 2792 mittendum
1685 2737 1822 2793 dixit
1858 2753 1888 2792 a
1926 2737 2086 2795 Patre
2109 2777 2128 2806 ,

523 2825 652 2881 dum
680 2840 842 2882 omne
868 2826 1012 2898 quod
1037 2837 1221 2899 ageret
1237 2869 1252 2894 ,
1281 2828 1370 2900 pie
1399 2827 1602 2887 rcl’erre
1630 2828 1706 2902 (α)
1732 2838 1818 2886 est
1843 2829 2036 2886 solitus
2061 2830 2130 2887 ad

525 2919 762 2976 Patrem.
790 2919 868 2976 Ex
888 2935 998 2992 quo
1021 2919 1260 2978 haeretici
1290 2923 1628 2980 occasionem
1656 2925 1968 2997 frequenter
1989 2925 2129 2980 arri-

528 3013 720 3084 piunt,
746 3019 806 3070 ut
835 3013 1010 3086 ipsum
1039 3027 1160 3072 esse
1189 3013 1382 3071 Filium
1409 3016 1746 3074 Paraeletum
1771 3017 1984 3075 dicant:
2008 3032 2131 3076 cum

523 3107 580 3161 in
603 3119 692 3170 eo.
719 3107 866 3177 quod
893 3108 1059 3163 alium
1089 3108 1426 3165 Paracletum
1460 3111 1778 3168 mittendum
1810 3125 1838 3165 a
1868 3111 2031 3168 Patre
2059 3111 2130 3166 sit

2228 1911 2416 1954 vocem
2449 1896 2541 1951 Dei
2575 1896 2744 1966 patris
2771 1911 2877 1950 non
2911 1901 3088 1965 potest
3114 1908 3226 1950 non
3257 1893 3399 1949 Deus
3435 1905 3594 1960 esse,
3633 1890 3724 1962 qui
3763 1901 3832 1944 ex

2233 1987 2314 2059 (bl
2339 2004 2398 2044 se
2425 1987 2753 2044 indilierenti
2781 1986 2848 2041 ad
2882 1995 3128 2041 naturatn
3157 1999 3313 2040 suam
3339 1991 3426 2040 est
3453 1990 3616 2038 natus
3640 1995 3836 2038 essen-

2229 2079 2322 2136 tia.
2351 2079 2504 2149 Quod
2533 2079 2740 2134 idcirco
2769 2078 2940 2134 Judtei
2987 2077 3053 2132 ad
3102 2077 3356 2132 unionem
3405 2075 3500 2132 Dei
3543 2073 3830 2142 referunt,

2227 2173 2356 2244 quia
2385 2173 2722 2243 unigenitum
2759 2171 2926 2227 Deum
2959 2170 3230 2228 nesciunt.
3273 2167 3382 2226 Sed
3411 2183 3512 2224 nos
3539 2183 3664 2224 cum
3695 2165 3838 2222 duos

2227 2267 2360 2324 deos
2391 2281 2683 2338 negamus,
2709 2265 3080 2323 diversitatem
3113 2265 3168 2319 in
3204 2263 3364 2320 Patre
3387 2272 3446 2320 et
3493 2261 3636 2319 Filio
3677 2269 3836 2316 natu-

2229 2361 2362 2418 ralis
2409 2359 2786 2416 abominamur
2837 2359 3090 2415 essentia:
3135 2373 3148 2410 :
3179 2357 3307 2428 quia
3337 2355 3425 2423 id,
3455 2355 3602 2427 quod
3631 2371 3732 2410 non
3761 2364 3836 2410 est

2229 2453 2375 2508 Deus
2404 2465 2591 2524 preter
2615 2469 2724 2520 me,
2767 2449 2988 2522 impiam
3026 2451 3096 2507 de
3136 2449 3288 2505 falsis
3323 2449 3428 2506 diis
3467 2449 3686 2521 perimit
3717 2448 3838 2519 opi-

2229 2547 2472 2603 nionem.
2501 2543 2634 2599 Cum
2661 2559 2796 2599 vero
2823 2557 2992 2600 unum
3027 2543 3196 2599 Deum
3237 2540 3595 2606 conﬁtentes,
3637 2539 3835 2597 Filium

2228 2649 2446 2711 queque
2477 2639 2645 2696 Deum
2677 2638 2940 2704 dicimus;
2975 2638 3106 2692 nihil
3137 2640 3412 2696 diversum
3453 2651 3552 2708 per
3579 2635 3834 2693 substan-

2231 2733 2360 2789 tiam
2392 2735 2446 2790 in
2475 2741 2709 2805 utroque
2735 2731 2840 2788 sub
2867 2747 2978 2788 uno
3004 2732 3226 2789 nomine
3249 2730 3632 2804 pradicamus.

2305 2825 2499 2884 XXIV.
2549 2845 2568 2880 ι
2615 2825 2675 2882 Si
2715 2826 2839 2898 quis
2883 2823 3160 2883 voluntate
3207 2825 3304 2882 Dei
3349 2833 3620 2896 tamquam
3667 2839 3836 2880 unum

2233 2918 2436 2992 aliquid
2475 2917 2544 2974 dc
2571 2925 2820 2975 creatura
2861 2915 3054 2974 Filium
3094 2917 3294 2975 factum
3333 2918 3511 2974 dicat:
3551 2917 3837 2972 anathema

2307 3103 2404 3160 58.
2435 3101 2609 3160 Filius
2632 3119 2698 3162 ea:
2727 3101 2823 3159 Dei
2845 3101 3158 3172 substantia,
3181 3117 3286 3160 non
3307 3112 3364 3160 ut
3387 3113 3638 3160 creatam
3659 3119 3724 3159 ea:
3745 3118 3838 3160 tto-

529 3210 871 3271 procaturns,
903 3199 1262 3258 ditioreutiatn
1290 3202 1440 3260 missi
1468 3205 1814 3277 rogantisque
1839 3203 2128 3276 signiticet.
2159 3189 2208 3255 α
2237 3198 2454 3253 lttutate.
2475 3228 2548 3244 -
2571 3195 2835 3254 Omnibus
2877 3195 3143 3254 creaturis
3183 3195 3544 3256 substantiam
3585 3195 3839 3254 voluntas

596 3289 743 3349 XXI.
769 3311 788 3346 t
807 3293 864 3350 Si
890 3294 1013 3365 quis
1042 3293 1303 3364 Spiritum
1335 3305 1582 3353 sanctum
1607 3305 1820 3369 partem
1847 3299 1994 3355 dicat
2023 3297 2126 3354 Pa-

525 3385 627 3442 tris
654 3385 740 3442 vel
771 3385 930 3442 Filii:
963 3389 1250 3443 anathema
1279 3389 1369 3444 sit.
1392 3405 1413 3442 ο

601 3479 692 3536 53.
729 3479 852 3536 Non
881 3492 958 3536 est
990 3498 1111 3552 pars
1141 3480 1320 3538 Patris
1344 3493 1437 3538 aut
1469 3481 1618 3539 Filii.
1649 3513 1721 3525 —
1750 3483 1986 3542 Stultitia
2017 3482 2131 3538 Ita:-

529 3574 686 3630 retiei
715 3574 914 3629 furoris
937 3575 1054 3629 inec
1073 3574 1254 3646 coegit
1273 3576 1326 3630 in
1349 3576 1548 3648 scripta
1574 3576 1806 3642 referre,
1831 3593 1938 3633 non
1954 3593 2132 3650 quaes-

535 3668 630 3724 tio.
664 3664 800 3723 Nam
856 3681 978 3721 cum
1009 3665 1248 3738 Spiritus
1301 3667 1476 3725 sancti
1505 3684 1702 3726 nomen
1742 3667 1939 3726 habent
1977 3685 2130 3726 suam

533 3759 1018 3830 signiﬁcationem,
1059 3769 1117 3818 et
1151 3760 1390 3830 Spiritus
1429 3773 1650 3818 sanctus
1685 3765 1990 3833 paracletus
2031 3763 2128 3818 ha-

531 3853 660 3910 beat
687 3854 1004 3910 substantire
1033 3868 1146 3911 sua:
1173 3863 1232 3911 et
1257 3853 1494 3911 ol'ticium
1522 3867 1576 3912 et
1603 3856 1850 3913 ordinem
1876 3897 1889 3920 ,
1922 3865 1978 3912 et
2005 3871 2132 3912 cum

534 3945 736 4016 ubique
788 3944 1194 4002 indemutahilis
1241 3947 1404 4002 Pater
1452 3957 1507 4004 et
1555 3946 1720 4004 Filius
1767 3948 2127 4021 pr:cdicetur:

533 4039 808 4110 quomodo
839 4055 962 4110 pars
993 4055 1116 4096 esse
1144 4049 1237 4096 aut
1267 4041 1442 4096 Patris
1470 4049 1564 4096 aut
1591 4039 1714 4097 Filii
1741 4039 1972 4111 Spiritus
2001 4057 2130 4096 san-

534 4141 653 4189 ctus
683 4131 988 4190 asserituri
1021 4134 1126 4191 Sed
1159 4135 1278 4204 quia
1309 4137 1450 4192 sicut
1477 4135 1622 4190 inter
1650 4145 1846 4193 caetera
1889 4135 2128 4192 insania-

533 4239 654 4281 rum
691 4241 926 4297 genera,
968 4227 1130 4283 etiam
1179 4227 1279 4282 hoc
1323 4241 1536 4298 quoque
1579 4225 1806 4298 proferri
1847 4227 1917 4284 ab
1953 4225 2130 4299 impiis

535 4318 716 4382 solet;
751 4319 952 4376 idcirco
978 4335 1004 4373 a
1038 4323 1245 4376 sanctis
1269 4320 1455 4378 debuit
1496 4319 1810 4391 improbari.

601 4409 768 4486 ωε
795 4410 963 4468 XXII.
987 4431 1006 4464 ι
1030 4413 1088 4467 Si
1118 4415 1238 4483 quis
1261 4412 1474 4470 Patrem
1493 4423 1551 4469 et
1570 4411 1764 4469 Filium
1793 4421 1850 4469 et
1869 4413 2130 4486 Spiritum

532 4513 782 4560 sanctum
814 4515 929 4562 tres
959 4505 1091 4561 dicit
1119 4506 1282 4562 deos:
1315 4506 1600 4561 anathema
1626 4507 1716 4562 sit.
1749 4526 1768 4559 ι

2235 3289 2334 3347 Dei
2359 3290 2572 3346 attulit:
2599 3289 2696 3347 sed
2722 3297 2968 3346 naturam
2993 3287 3138 3346 Filio
3161 3286 3312 3347 dedit
3333 3303 3400 3348 ex
3427 3288 3749 3360 impascibiu
3775 3303 3842 3346 ac

2233 3397 2342 3440 non
2381 3393 2509 3440 nata
2557 3383 2859 3440 substantia
2904 3381 3142 3454 perlecta
3187 3381 3469 3439 nativitas.
3497 3380 3652 3438 Talia
3691 3381 3839 3437 enim

2233 3487 2426 3535 cuncta
2456 3486 2639 3536 creata
2669 3485 2828 3546 sunt,
2857 3477 3038 3547 qualia
3078 3491 3203 3533 esse
3244 3477 3383 3536 Deus
3425 3475 3626 3532 voluit:
3668 3475 3840 3533 Filius
3897 3527 3906 3535 .

2235 3581 2416 3630 autem
2443 3585 2600 3628 natus
2626 3587 2695 3628 ex
2719 3573 2830 3629 Deo
2851 3572 2976 3628 talis
2999 3570 3272 3638 substitit,
3294 3571 3467 3642 qualis
3489 3579 3548 3627 et
3569 3571 3709 3626 Deus
3733 3579 3834 3626 est.

2233 3665 2346 3722 Nec
2391 3664 2710 3722 dissimilem
2735 3665 2816 3720 sui
2847 3662 3019 3721 edidit
3045 3673 3240 3722 natura
3287 3674 3532 3720 naturam
3571 3683 3582 3716 :
3635 3663 3728 3720 sed
3769 3679 3839 3720 ex

2234 3759 2537 3815 substantia
2561 3759 2652 3814 Dei
2679 3759 2894 3830 genitus
2919 3769 3128 3814 natura:
3151 3755 3444 3814 secundum
3473 3757 3736 3829 originem
3757 3766 3840 3812 at-

2237 3851 2357 3906 tulit
2374 3891 2389 3917 ,
2423 3867 2528 3906 non
2559 3851 2853 3907 secundum
2873 3859 3178 3916 creaturas,
3201 3850 3496 3907 voluntatis
3521 3850 3835 3908 essentiam.

2307 3943 2508 4000 Mitte
2530 3943 2742 4016 Siquis,
2767 3942 2984 4000 nolente
3017 3943 3197 4010 Patre,
3231 3953 3414 4000 natum
3444 3941 3836 4000 dicatFilium:

2232 4037 2516 4094 anathema
2545 4037 2637 4094 sit.
2665 4034 2780 4094 Non
2809 4037 2954 4096 enim
2981 4035 3202 4094 nolente
3231 4043 3382 4104 patre
3407 4043 3628 4094 coactus
3655 4033 3836 4102 Pater,

2234 4134 2318 4189 vel
2351 4133 2584 4189 naturali
2613 4133 2938 4190 necessitate
2965 4131 3180 4198 ductus,
3207 4129 3374 4208 ιω
3399 4147 3521 4190 cum
3550 4131 3720 4188 nollet
3746 4145 3839 4202 ge-

2235 4225 2599 4294 nuitFtlium;
2627 4225 2720 4283 sed
2751 4241 2875 4282 mox
2899 4227 3095 4297 voluit,
3127 4225 3243 4282 sine
3269 4237 3513 4297 tempore
3546 4235 3602 4283 et
3641 4224 3836 4296 impas-

2233 4319 2464 4376 sibiliter
2486 4334 2552 4375 ex
2579 4334 2641 4376 se
2659 4335 2784 4376 eum
2807 4321 3138 4390 unigenitum
3165 4317 3576 4375 demonstravit.
3599 4336 3619 4372 ι

2307 4411 2399 4467 59.
2433 4410 2556 4467 Non
2582 4421 2750 4468 tamen
2797 4428 2861 4468 ex
2887 4412 3047 4468 inrito
3071 4410 3234 4467 Patre
3259 4409 3450 4468 Filius.
3474 4440 3546 4452 —
3566 4407 3700 4468 Cum
3728 4425 3835 4466 non

2236 4519 2301 4561 ex
2329 4503 2627 4570 voluntate,
2657 4511 2716 4561 ut
2739 4515 2934 4561 cratera
2953 4545 2966 4570 ,
3005 4503 3172 4561 Filius
3199 4501 3499 4562 subsistere
3525 4503 3832 4574 doceretur,

605 4597 694 4653 56.
729 4595 818 4653 Dii
857 4608 960 4654 tres
999 4608 1273 4671 negantur.
1297 4599 1561 4656 —Duttm
1601 4597 1828 4656 deorum
1866 4599 2134 4672 professio
2159 4593 2215 4656 D
2239 4613 2308 4653 ne
2337 4599 2634 4653 secundum
2664 4595 2992 4654 voluntatem
3021 4605 3264 4666 tantum,
3297 4611 3404 4654 non
3441 4597 3604 4656 etiam
3644 4614 3838 4656 secun-

531 4705 656 4747 cum
685 4690 988 4762 irreligioso
1016 4693 1124 4758 sit,
1149 4693 1272 4763 quia
1310 4707 1570 4763 nusquam
1613 4693 1716 4748 nisi
1756 4709 1923 4749 unum
1963 4694 2131 4750 Deum

533 4783 887 4856 prredicatutn
937 4785 1347 4842 meminerimus
1397 4797 1446 4838 οι
1481 4785 1884 4856 prtediet-mus:
1931 4797 2136 4859 quanto

533 4878 706 4949 magis
750 4878 912 4935 trium
955 4878 1186 4935 deorum
1239 4880 1292 4935 in
1343 4879 1502 4936 Patre
1547 4890 1601 4936 et
1645 4879 1784 4935 Filio
1827 4889 1882 4936 et
1927 4881 2134 4954 Spiritu

606 5033 686 5119 ςα)
901 5047 1118 5119 prtestat
1155 5037 1310 5119 salva
1335 5047 1539 5094 natura:
1560 5037 2037 5119 sonumqualitate.
2070 5039 2143 5096 Ut

534 5106 681 5164 enim
713 5107 938 5161 habetur
967 5109 1018 5162 in
1049 5109 1194 5164 Psal.
1221 5125 1472 5166 cxxxvttt
1500 5153 1512 5174 ,
1557 5127 1613 5164 n.
1643 5109 1748 5165 28:
1781 5106 2138 5166 Contestutam

535 5178 600 5234 de
626 5195 683 5252 se
707 5187 1004 5248 potestatem
1029 5197 1121 5252 per
1149 5184 1442 5237 reverentia:
1470 5185 1712 5235 honorent
1741 5181 1822 5244 ei,
1853 5183 1937 5235 cui
1965 5183 2140 5236 omnia

536 5251 836 5322 tttemittergt
861 5250 1158 5318 conﬁtenda
1177 5294 1192 5320 ,
1222 5253 1438 5322 subjecit
1465 5293 1480 5314 ,
1507 5269 1609 5308 non
1633 5253 1731 5306 sibi
1753 5252 1985 5308 adiutem
2003 5257 2140 5318 quod

537 5320 727 5378 similia
760 5317 909 5394 Patri
935 5317 1106 5392 posset
1127 5364 1143 5388 ,
1173 5317 1263 5377 sed
1289 5317 1406 5377 eum
1437 5340 1527 5392 per
1555 5340 1703 5392 quem
1743 5324 1932 5378 similia
1970 5317 2140 5394 posset

543 5393 830 5448 ostendens.
857 5391 995 5448 Vide
1023 5404 1178 5448 tract.
1207 5395 1350 5449 I‘sal.
1379 5391 1496 5449 om
1515 5437 1530 5460 ,
1559 5391 1613 5450 n.
1645 5395 1696 5450 6.

612 5461 689 5589 ἦ)
720 5459 1054 5588 νένεὲδηιυηι
1092 5481 1146 5520 se
1185 5465 1274 5520 hic
1309 5465 1596 5537 atljicinuts
1633 5466 1954 5522 auctoritate
1994 5483 2124 5522 mss.

612 5555 618 5586 l
685 5575 696 5587 .
729 5551 758 5588 e
861 5551 998 5589 erm.

539 5533 696 5592 Colit.
729 5543 782 5588 et
812 5533 998 5590 Germ.

611 5603 788 5681 (c)_It_a
814 5621 947 5664 mss.
972 5603 1044 5681 _At
1065 5607 1230 5674 editi,
1263 5609 1486 5665 naturali
1513 5610 1624 5681 lrge
1647 5618 1850 5666 coactus
1875 5610 2030 5666 inrito
2054 5627 2128 5676 se,

537 5686 645 5752 etc.
668 5675 874 5752 Filium
905 5677 1184 5752 voluntate
1213 5688 1396 5752 natum
1427 5682 1532 5734 dici
1562 5675 1638 5736 "co
1667 5697 1829 5736 sensu
1870 5675 2134 5752 permittit

537 5747 809 5826 Hilarius,
837 5764 946 5821 quo
983 5749 1078 5826 lib.
1137 5749 1314 5826 sude
1356 5750 1508 5807 Trin.
1532 5769 1598 5826 it.
1630 5753 1736 5816 50,
1777 5762 1833 5808 et
1860 5747 2132 5826 superius,

540 5835 594 5877 n.
633 5819 731 5887 I7,
764 5819 1167 5894 generationem
1199 5821 1341 5878 illius
1377 5825 1707 5880 creationem
1749 5819 1942 5880 vocari
1971 5825 2132 5890 sinit,

2242 4691 2368 4748 dum
2400 4699 2643 4746 naturam
2675 4690 2901 4746 haberet
2923 4691 3251 4758 essentiam;
3279 4689 3402 4746 data
3435 4690 3702 4748 hmrcticis
3739 4707 3834 4746 oe-

2236 4789 2386 4845 casio
2409 4787 2708 4856 videbatur,
2727 4797 2788 4843 ut
2807 4786 3184 4844 necessitatem
3209 4786 3320 4844 Deo
3343 4787 3478 4858 patri
3497 4786 3748 4860 gignendi
3770 4803 3834 4845 cx

2239 4900 2300 4940 se
2329 4883 2456 4940 Filii
2483 4882 2892 4952 adscriberent,
2925 4889 3197 4954 tamquam
3231 4882 3304 4956 (c)
3333 4891 3540 4941 natura:
3579 4882 3700 4956 lege
3738 4899 3835 4941 co-

2243 5039 2310 5113 ad
2342 5041 2726 5113 removendam
2757 5041 2878 5097 scil.
2909 5057 3124 5098 omnem
3159 5040 3332 5098 Patris
3372 5039 3424 5113 in
3466 5041 3586 5099 Filii
3615 5055 3838 5113 genera-

2245 5112 2393 5168 tione
2429 5112 2734 5183 passionem
2775 5126 2866 5169 aut
2899 5115 3340 5185 repugnantiam.
3384 5111 3665 5169 Verendunt
3704 5117 3841 5170 enim

2241 5195 2392 5251 esset,
2411 5185 2586 5250 inquit
2611 5187 2858 5256 apposite
2882 5183 3173 5254 Gregorius
3201 5183 3352 5250 Nam,
3383 5185 3476 5242 0r.
3506 5201 3668 5250 xxxv,
3697 5203 3750 5240 n.
3781 5187 3836 5250 2,

2243 5271 2305 5311 ue
2325 5266 2554 5311 coactam
2573 5257 2850 5324 quamdam
2875 5256 3250 5327 generatione»:
3265 5257 3632 5324 inveheremus,
3651 5275 3712 5312 ac
3739 5261 3839 5314 τρι-

2242 5335 2298 5380 ut
2326 5327 2845 5406 naturoic‘quoddaut
2867 5339 3270 5406 earumearum
3298 5327 3641 5406 (περίττωμα)
3668 5341 3838 5406 reten-

2244 5407 2396 5469 tttquc
2423 5398 2628 5470 difﬁcile
2649 5399 2748 5470 ,rin
2777 5400 3092 5470 divinitatem
3119 5399 3331 5454 minime
3355 5398 3636 5470 quadrans.
3668 5400 3836 5456 Paulo

2235 5470 2394 5525 aliter
2415 5469 2646 5524 subinde
2673 5469 2836 5524 locuti
2869 5478 2995 5524 sunt
3017 5469 3301 5540 Tlteologi,
3322 5469 3458 5540 quos
3479 5473 3620 5528 inter
3647 5483 3838 5527 auctor

2235 5540 2331 5613 lib.
2359 5541 2858 5597 deTrinit.etunit.
2889 5541 3006 5606 Dei,
3036 5541 3178 5609 apud
3205 5540 3585 5608 Augustinum,
3618 5559 3736 5613 cap.
3764 5543 3832 5598 :2:

2237 5609 2350 5668 Nec
2373 5613 2636 5668 uaiuutate
2657 5628 2750 5666 nec
2780 5614 3076 5668 necessitate
3097 5613 3270 5683 genuit
3297 5613 3456 5668 Pater
3479 5609 3704 5670 Filium}
3733 5633 3834 5670 non

2235 5685 2555 5744 rtecessitate,
2582 5685 2706 5748 quia
2733 5683 3006 5740 necessitas
3033 5685 3090 5738 iu
3117 5683 3226 5738 Deo
3251 5701 3354 5740 non
3381 5696 3490 5751 est;
3519 5701 3621 5741 non
3651 5687 3832 5742 uolun-

2237 5763 2359 5830 tute,
2379 5755 2500 5830 quin
2521 5755 2753 5810 uoluntas
2773 5756 2958 5828 prurire
2975 5757 3280 5830 sapientiam
3303 5773 3402 5811 non
3423 5768 3608 5830 potest,
3627 5774 3743 5826 quin
3761 5768 3836 5812 est

2241 5824 2287 5878 F
2291 5825 2430 5882 ilius.
2463 5824 2634 5897 Igitur
2653 5824 2798 5899 prius
2823 5838 2898 5884 est
2925 5824 3301 5883 rationabiliter
3326 5824 3506 5901 strpere
3522 5869 3538 5897 ,
3566 5824 3720 5900 quem
3748 5846 3834 5882 itt-
