4266 6458
456 277 555 334 521

1251 278 1456 337 LIBER
1496 280 1584 337 DE
1624 280 1932 351 SYNODIS,
1972 279 2102 342 δεῖ]
2125 278 2218 338 DE
2258 278 2415 339 FIDE
2453 278 2947 339 ORIENTALIUM.

3635 282 3746 342 522

451 400 611 462 gente
643 392 840 449 invitus
868 391 1111 451 ediderit.
1157 394 1263 452 Sed
1307 398 1421 453 inre
1464 400 1772 469 passionum
1815 417 1920 458 non
1962 411 2047 457 est
2072 403 2121 464 Α
2150 407 2471 455 conventum
2520 413 2666 467 erat,
2718 397 3057 471 espositione
3104 393 3268 453 totius
3334 396 3462 454 ﬁdei
3528 398 3615 455 cui
3650 401 3747 457 ad-

452 488 504 539 in
527 483 636 539 Deo
661 494 812 558 patre
834 487 1103 543 conditio;
1128 488 1204 563 (ιι)
1224 506 1343 546 cum
1371 494 1709 549 inenarrabili
1737 504 1789 547 et
1819 494 2053 564 perfecta

452 578 729 636 nativitate
752 578 911 650 Filii,
942 596 1042 639 nec
1073 582 1321 639 voluntas
1347 587 1465 642 sola
1493 590 1682 657 genuit
1701 588 1743 643 F
1752 588 1896 644 dium
1916 632 1929 653 ι
1956 604 2055 643 nec

449 667 726 728 demutata
757 680 849 730 aut
877 686 1064 732 coacta
1094 674 1323 748 imperio
1352 679 1614 735 naturalis
1652 680 1785 752 legis
1815 682 2053 738 essentia

450 775 554 823 est.
585 765 697 824 Nec
724 768 792 825 ad
820 768 1150 843 gignendum
1187 773 1415 845 quaesita
1448 774 1748 832 substantia
1791 787 1870 831 est
1894 816 1910 843 ,
1953 791 2053 833 nec

447 861 712 933 gignentia
734 863 787 919 in
806 866 989 936 genito
1015 864 1227 922 diversa
1252 875 1443 923 natura
1466 874 1554 924 est
1570 908 1586 935 ,
1608 882 1709 925 nec
1728 869 1783 924 in
1812 880 2054 941 tempore

448 955 658 1026 paterni
688 955 927 1013 nominis
954 956 1232 1015 solitudo:
1272 957 1372 1016 sed
1410 966 1538 1015 ante
1577 970 1822 1032 tempora
1867 960 2051 1016 omnia

449 1049 609 1106 Pater
632 1064 699 1107 ex
726 1059 930 1108 natura:
956 1065 1071 1109 sua:
1094 1041 1330 1110 essentia
1352 1094 1367 1121 ,
1400 1052 1809 1125 impassibiliter
1837 1053 2049 1121 volens,

448 1139 586 1199 Filio
613 1141 767 1201 dedit
793 1143 1055 1202 naturalis
1084 1143 1159 1219 (lt)
1189 1144 1489 1202 nativitatis
1518 1146 1833 1204 essentiam.

517 1239 708 1298 XXVI.
732 1259 752 1293 ι
773 1239 829 1298 Si
855 1240 977 1316 quis
1002 1243 1372 1301 innaseibilem
1399 1255 1453 1301 et
1475 1243 1595 1302 sine
1616 1245 1772 1302 initio
1796 1244 1941 1303 dicat
1962 1243 2049 1302 Fi-

445 1332 610 1401 lium;
648 1346 919 1408 tamquam
943 1335 1050 1393 duo
1076 1338 1194 1395 sine
1220 1338 1485 1411 principio
1506 1348 1560 1396 et
1579 1337 1687 1395 duo
1713 1340 2050 1397 innaseibilia

443 1438 498 1486 et
521 1430 630 1486 dno
658 1430 835 1487 innata
862 1429 1074 1501 dicens,
1101 1430 1237 1488 duos
1261 1431 1420 1489 faciat
1444 1433 1610 1490 deos:
1640 1431 1927 1491 anathema
1954 1434 2045 1492 sit.

445 1524 618 1594 Caput
645 1523 830 1593 enim,
860 1524 1004 1596 quod
1043 1533 1129 1584 est
1164 1526 1489 1598 principium
1525 1527 1798 1595 omnium,
1840 1526 2045 1593 Filius;

442 1629 602 1690 caput
625 1626 839 1685 autem,
867 1618 1013 1694 quod
1035 1629 1121 1678 est
1147 1619 1467 1692 principium
1494 1618 1731 1688 Christi,
1760 1620 1940 1688 Deus;
1968 1622 2048 1679 sic

444 1712 587 1770 enim
617 1712 684 1770 ad
724 1729 889 1771 unum
932 1713 1006 1787 (c)
1050 1713 1464 1782 ininitiabilem,
1508 1715 1749 1771 omnium
1792 1715 2043 1780 initium,

442 1824 542 1882 per
569 1809 767 1868 Filium
796 1812 1051 1869 universa
1082 1811 1390 1870 referimus.
1420 1833 1439 1867 ι

512 1902 606 1960 60.
636 1903 837 1961 Filium
861 1905 1219 1962 innascibilent
1248 1908 1421 1963 unitas
1451 1905 1549 1963 Dei
1588 1923 1703 1963 noro
1730 1908 1947 1980 patitur.
1974 1936 2046 1951 -

443 1994 635 2053 Filium
665 1996 1037 2054 innascihilem
1069 1997 1351 2067 conﬁteri,
1385 1998 1760 2069 impiissimum
1790 2010 1893 2058 est.
1924 2000 2044 2058 Jam

442 2090 588 2147 enim
618 2107 725 2148 non
755 2093 861 2148 erit
902 2092 1045 2150 Deus
1085 2109 1257 2149 unus:
1290 2093 1416 2166 quia
1447 2095 1614 2149 Deum
1649 2110 1813 2149 unum
1847 2095 2045 2166 pradi-

441 2183 556 2240 eari
586 2193 778 2242 natura
808 2185 972 2242 unius
999 2185 1335 2243 innaseibilis
1376 2188 1474 2244 Dei
1514 2186 1701 2256 exigit.
1739 2187 1874 2244 Cum
1915 2203 2046 2261 ergo

443 2292 583 2333 unus
614 2278 755 2336 Deus
792 2280 900 2347 sit,
928 2279 1037 2337 duo
1077 2280 1423 2338 innascibiles
1461 2293 1585 2338 esse
1626 2296 1734 2337 non
1779 2290 2041 2352 possunt;

441 2385 563 2426 cum
594 2370 795 2431 idcirco
827 2371 970 2430 Deus
999 2388 1139 2431 unus
1185 2373 1257 2429 sit
1300 2372 1448 2447 (cum
1479 2382 1536 2430 ct
1574 2381 1729 2444 pater
1762 2374 1903 2431 Deus
1931 2375 2042 2442 sit,

441 2470 498 2519 et
525 2462 671 2520 ﬁlius
701 2464 794 2521 Dei
828 2464 971 2522 Deus
999 2464 1117 2539 sit).
1152 2466 1276 2536 quia
1304 2464 1697 2525 inuaseibilitas
1725 2467 1843 2523 sola
1874 2480 2046 2539 penes

443 2571 607 2614 unum
637 2558 730 2615 sit.
759 2557 930 2615 Filius
957 2566 1139 2615 autem
1169 2558 1373 2615 idcirco
1403 2559 1582 2624 Deus,
1612 2559 1736 2630 quia
1766 2575 1833 2615 ex
1865 2559 2044 2614 innas-

441 2648 589 2707 cibili
627 2649 866 2708 essentia
903 2658 1063 2708 natus
1099 2649 1346 2707 exsistat.
1391 2649 1622 2722 Respuit
1647 2665 1779 2723 ergo
1809 2650 2048 2707 innasci-

444 2747 606 2805 bilem
649 2746 845 2805 Filium
885 2746 1171 2820 pratdicari
1213 2745 1350 2804 ﬁdes
1388 2754 1613 2815 sancta;
1645 2754 1705 2803 ut
1743 2761 1839 2819 per
1879 2762 2043 2803 unum

446 2840 816 2898 innascibilem
846 2840 1013 2898 Deum
1032 2883 1049 2910 ,
1082 2856 1247 2897 unum
1275 2840 1445 2898 Deum
1473 2839 1765 2912 pradicet:
1799 2847 1858 2895 ut
1887 2849 2046 2895 natu-

444 2950 560 2991 ram
585 2934 914 3007 unigenitam
937 2976 953 3002 ,
979 2950 1049 2993 ex
1076 2934 1382 2993 innascibili
1405 2936 1644 3008 genitam
1675 2934 1754 3009 (ιι)
1785 2935 2044 3004 essentia,

448 3029 503 3087 in
534 3046 643 3089 uno
669 3030 1003 3089 innascibilis
1034 3029 1131 3088 Dei
1159 3030 1379 3088 nomine
1417 3030 1829 3101 complectatur.
1871 3029 2049 3104 Caput

443 3127 589 3186 enim
622 3129 866 3187 omnium
887 3127 1069 3187 Filius
1094 3138 1183 3187 est
1209 3171 1224 3197 ,
1253 3128 1351 3186 sed
1388 3139 1554 3201 caput
1588 3128 1899 3203 FiliiﬂDeus
1935 3137 2042 3187 est.

2153 494 2471 551 versabatur
2495 536 2511 561 ,
2544 494 2778 564 oportuit
2804 512 2817 547 :
2846 510 2967 565 qua:
2993 490 3203 546 initium
3235 488 3329 547 Dei
3360 491 3456 547 ﬁlii
3512 507 3575 548 ex
3622 509 3747 564 par-

2156 597 2211 643 tu
2244 587 2475 660 Virginis
2512 588 2891 645 mentiebatur.
2940 585 3053 643 Hoc
3091 586 3235 641 enim
3275 584 3398 641 ﬁdei
3430 594 3633 641 nostra:
3658 601 3746 641 sc-

2155 681 2387 739 cundum
2409 681 2773 753 evangelicum
2810 690 2865 737 et
2891 679 3241 752 apostolicam
3268 678 3569 736 doctrinam
3596 678 3745 750 prin-

2153 774 2326 846 cipale
2345 784 2447 842 est,
2476 775 2760 833 Dominum
2792 781 3034 829 nostrum
3064 772 3250 829 Jesum
3272 772 3545 828 Christum
3577 774 3743 829 Deum

2152 876 2210 925 et
2236 867 2333 926 Dei
2379 867 2548 924 ﬁlium
2592 883 2624 923 a
2654 866 2811 923 Patre
2854 881 2956 923 nec
2994 864 3219 923 honoris
3246 864 3610 933 confessione,
3646 882 3747 923 nec

2151 962 2366 1019 virtutis
2390 967 2679 1034 potestate.
2713 975 2813 1018 nec
2834 959 3154 1017 substantia:
3178 958 3515 1027 diversitate,
3538 975 3637 1016 nec
3664 962 3747 1017 itt-

2150 1054 2379 1111 tervallo
2406 1054 2664 1125 temporis
2691 1053 2953 1125 separari.

2222 1144 2313 1203 62.
2343 1144 2645 1219 Difﬁcultas
2664 1146 2729 1201 de
2753 1142 2859 1201 Deo
2886 1146 3068 1217 paucis
3095 1144 3744 1218 loquendi.--Multifarie,

2150 1248 2211 1295 ut
2240 1240 2577 1313 intelligitur,
2603 1241 2981 1312 episc0porum
3005 1240 3250 1296 consiliis
3269 1252 3431 1312 atque
3458 1244 3747 1300 sententiis

2150 1334 2374 1407 quaesita
2403 1334 2604 1392 veritas
2625 1345 2729 1402 est,
2754 1344 2810 1391 et
2829 1334 3199 1407 intelligentia:
3219 1337 3359 1392 ratio
3386 1335 3630 1409 exposita
3661 1346 3747 1393 est

2152 1443 2250 1498 per
2279 1428 2516 1501 singulas
2538 1429 2757 1499 scripta:
2787 1427 2909 1484 ﬁdei
2950 1428 3317 1499 professiones
3339 1448 3353 1483 :
3378 1431 3604 1501 singulis
3628 1431 3747 1503 qui-

2151 1518 2358 1592 busque
2378 1520 2667 1592 generibus
2681 1520 2860 1590 impia:
2881 1518 3281 1591 prmdicationis
3303 1522 3610 1580 exstinctis.
3626 1522 3745 1581 Non

2151 1614 2293 1673 enim
2318 1616 2555 1673 inﬁnitus
2576 1626 2629 1673 et
2653 1617 2949 1683 immensus
2967 1616 3107 1674 Deus
3126 1615 3378 1674 brevibus
3392 1617 3609 1675 humani
3634 1634 3749 1675 ser-

2150 1709 2328 1767 monis
2352 1709 2584 1780 eloquiis
2619 1709 2705 1765 vel
2734 1707 2960 1782 intelligi
2992 1709 3194 1780 potuit,
3221 1709 3307 1766 vel
3333 1708 3565 1769 ostendi.
3589 1711 3750 1769 Fallit

2074 1809 2124 1871 B
2150 1804 2295 1861 enim
2342 1804 2659 1875 plerumque
2697 1810 2753 1859 et
2788 1802 3073 1860 audientes
3118 1810 3175 1859 et
3211 1801 3472 1861 docentes
3510 1804 3748 1863 brevitas

2146 1898 2435 1957 verborum
2472 1907 2571 1955 :et
2615 1897 2941 1969 compendio
2967 1912 3280 1955 sermonum
3306 1908 3400 1954 aut
3435 1914 3543 1955 non
3591 1900 3750 1956 intelo

2146 1993 2238 2065 ligi
2267 2001 2442 2065 potest
2469 1991 2613 2064 quod
2649 1990 2982 2063 requiritur,
3038 1999 3132 2047 aut
3177 1991 3342 2047 etiam
3381 1993 3747 2064 corrumpitur

2148 2085 2290 2157 quod
2325 2084 2683 2158 signiﬁcatum
2711 2084 2917 2156 magis,
2964 2097 3123 2154 quam
3152 2090 3488 2152 enarratum,
3518 2085 3747 2143 rationis

2145 2179 2488 2237 absolutione
2527 2194 2635 2235 non
2678 2185 2912 2234 constat.
2948 2176 3015 2232 Et
3045 2176 3249 2233 idcirco
3272 2177 3513 2250 episcOpi
3556 2176 3627 2251 (e)
3658 2178 3746 2234 in-

2149 2274 2461 2346 telligentia
2484 2286 2645 2329 sensu
2678 2272 2979 2343 loquentes,
2997 2270 3067 2325 ob
3083 2269 3457 2326 difﬁcultatem
3487 2272 3749 2328 naturalis

2148 2366 2555 2438 intelligentim,
2589 2374 2645 2422 et
2671 2363 2919 2435 plurimis
2945 2361 3350 2419 deﬁnitionibus
3383 2372 3435 2420 ct
3480 2364 3749 2437 copiosiu-

2146 2462 2299 2520 ribus
2327 2461 2511 2518 verbis
2538 2460 2622 2516 usi
2643 2466 2771 2515 sunt
2791 2457 2860 2513 ad
2872 2456 3177 2513 docendum
3202 2474 3217 2510 :
3250 2465 3382 2513 utet
3406 2473 3623 2515 sensum
3652 2476 3747 2513 au-

2146 2554 2409 2613 dientium
2437 2553 2782 2610 distinctione
2811 2552 2973 2608 edita:
3015 2566 3110 2622 per
3151 2550 3317 2607 multa
3358 2553 3604 2609 veritatis
3647 2555 3749 2609 im-

2146 2650 2407 2714 buerant,
2435 2656 2492 2704 et
2517 2646 2587 2703 de
2615 2645 2813 2703 divinis
2842 2645 3004 2702 rebus
3044 2644 3175 2701 nihil
3205 2644 3274 2718 (f)
3306 2645 3450 2700 aliud
3483 2649 3749 2717 periculo-

2148 2757 2269 2798 sum
2294 2749 2386 2797 aut
2416 2740 2705 2797 obscurum
2738 2736 2791 2793 in
2824 2737 2925 2794 hac
2973 2737 3289 2795 multimoda
3345 2739 3578 2811 plurium
3622 2759 3745 2799 sen-

2149 2833 2438 2890 tentiarum
2465 2830 2805 2888 absolutione
2837 2830 3206 2901 loquerentur.

2218 2926 2305 2981 65.
2342 2924 2495 2981 Fides
2522 2924 2578 2979 in
2606 2923 2831 2979 Oriente.
2864 2921 3180 2993 Frequenter
3203 2924 3468 2995 exposita;
3488 2926 3543 2980 in
3573 2928 3754 2995 paucis

2145 3037 2295 3077 sana.
2328 3020 2501 3076 Urius.
2528 3017 2681 3073 Fidei
2724 3027 2915 3072 coacta:
2939 3017 3358 3089 subscriptiones.
3396 3016 3753 3077 Occidentales

2148 3116 2363 3187 scriptas
2376 3114 2503 3184 ﬁdes
2515 3109 2986 3169 ncsciunt.-Nihil
3002 3120 3185 3168 autem
3205 3112 3582 3168 mirumvideri
3599 3114 3754 3169 vobis

445 3220 517 3279 Et
546 3223 616 3281 ad
659 3238 826 3307 unum
855 3224 1025 3284 Deum
1054 3226 1239 3283 omnia
1266 3222 1372 3282 hoc
1393 3222 1564 3298 gradu
1592 3201 1754 3297 atque
1784 3223 1889 3283 bac
1910 3235 2082 3290 eon~t

2149 3208 2331 3274 debet,
2356 3206 2573 3263 Fratres
2593 3203 2918 3271 charissimi,
2946 3202 3089 3275 quod
3120 3212 3227 3258 tam
3250 3201 3563 3276 frequenter
3583 3204 3754 3280 ‘98

449 3315 687 3376 fessione
711 3317 1049 3377 referuntur:
1072 3334 1196 3377 cum
1217 3319 1286 3378 ab
1304 3334 1373 3377 eo
1392 3328 1610 3376 sumant
1628 3320 1879 3377 universa
1902 3319 2053 3391 prin-

455 3410 657 3483 cipium
680 3453 698 3478 ,
724 3412 814 3470 cui
841 3412 958 3484 ipse
983 3412 1306 3484 principium
1337 3412 1408 3469 sit
1431 3411 1579 3486 (scil.
1610 3412 1748 3470 Deus
1774 3413 1974 3485 pater).

521 3504 734 3561 XXVII.
757 3524 777 3559 ι
803 3504 876 3563 Et
901 3506 1099 3564 iterum
1129 3506 1515 3563 continuantes
1539 3504 1937 3563 Cbristianismi
1970 3508 2052 3563 in-

448 3596 820 3665 intellectum,
874 3598 1129 3666 dicimus,
1184 3600 1451 3668 Quoniam
1506 3600 1551 3655 si
1604 3599 1726 3666 quis
1774 3597 2047 3657 Christum

453 3693 620 3750 Deum
641 3734 658 3762 ,
691 3693 861 3750 filium
902 3694 998 3752 Dei
1039 3705 1166 3751 ante
1195 3693 1394 3751 smcula
1421 3692 1584 3768 497
1624 3694 2006 3751 subsistentem
2031 3734 2046 3762 ,

447 3794 505 3843 et
532 3786 930 3844 ministrantem
969 3786 1115 3844 Patri
1143 3787 1211 3844 ad
1243 3788 1485 3843 omnium
1514 3785 1903 3858 perfectionem
1938 3802 2045 3843 non

448 3882 629 3947 dicat;
680 3881 776 3939 sed
826 3897 896 3940 ex
948 3899 1055 3954 quo
1102 3881 1172 3937 de
1222 3881 1387 3938 Maria
1429 3890 1591 3938 natus
1627 3890 1743 3949 est,
1778 3898 1845 3939 ex
1887 3896 1953 3936 eo
1992 3888 2053 3937 et

448 3976 723 4034 Christum
751 3986 807 4033 et
836 3976 1004 4033 ﬁlium
1038 3976 1372 4033 nominatum
1412 3992 1567 4042 esse,
1610 3986 1664 4033 et
1704 3976 1918 4032 initium
1955 3990 2051 4033 ac-

448 4070 660 4142 cepisse
688 4080 750 4126 ut
777 4070 845 4126 sit
875 4070 1020 4127 Dens
1047 4068 1219 4126 dicat:
1253 4069 1539 4126 anathema
1568 4069 1658 4124 sit.
1684 4087 1705 4121 ι
2024 4116 2027 4119 .

519 4162 606 4218 ﬁl.
669 4160 882 4218 Photini
935 4162 1164 4219 heresis.
1209 4161 1363 4217 Fidei
1408 4171 1595 4217 nostra:
1636 4158 1945 4232 principale.
1981 4188 2054 4201 --

446 4253 704 4312 Concludi
772 4253 1047 4312 damnatio
1101 4254 1219 4326 ejus
1286 4253 1545 4318 haeresis,
1629 4261 1851 4324 propter
1892 4264 2053 4323 quam

449 4418 755 4475 tionnbiliter
787 4418 935 4474 velle.
980 4418 1131 4477 Unde
1163 4435 1254 4476 nec
1280 4419 1574 4481 voluntate,
1606 4430 1696 4471 nec
1726 4414 2047 4480 necessitate,

449 4494 537 4545 sed
562 4490 863 4548 naturaliter
888 4491 998 4546 sola
1023 4492 1274 4555 salientia
1299 4489 1459 4546 Pater
1484 4489 1660 4561 genuit
1692 4485 1905 4541 Filium.

522 4562 596 4633 (ll)
628 4562 682 4617 lu
716 4577 845 4619 mss.
876 4563 1026 4619 Coib.
1057 4571 1113 4619 et
1138 4562 1345 4629 Gcrm.,
1375 4568 1482 4629 cui,
1527 4576 1633 4616 non
1664 4574 1793 4613 cum.

528 4638 602 4702 (ὑ)
631 4633 791 4703 Editi,
817 4635 1130 4692 nativitatem
1153 4635 1403 4689 essentiaz.

524 4696 681 4791 {cilia
712 4696 943 4791 vulgatis
965 4750 978 4771 ,
1018 4707 1361 4791 ininitiabile_:
1388 4703 1543 4791 quod
1571 4702 1779 4791 referre

453 4771 787 4851 principium,
809 4771 997 4850 idque,
1030 4788 1089 4833 ut
1111 4792 1272 4851 supra
1294 4771 1643 4851 observatum
1672 4780 1786 4834 est.
1814 4771 2051 4851 postulat

453 4845 660 4917 armetis
688 4845 904 4926 sermo.
923 4857 992 4905 At
1016 4865 1139 4926 cum
1171 4849 1313 4926 idem
1338 4849 1560 4926 verbum
1611 4845 1845 4926 ἄναρχον
1895 4861 1949 4899 ιι.
1980 4846 2049 4926 iit)

455 4936 667 4977 versum
697 4922 767 4976 sit
794 4924 881 4992 qui
908 4932 982 4977 est
1007 4923 1117 4976 sine
1148 4922 1433 4991 principio,
1468 4934 1573 4975 non
1604 4922 1744 4984 quod
1771 4926 1846 4971 est
1865 4958 1882 4983 ,
1915 4922 2045 4971 reti-

455 5008 642 5049 nemus
668 5008 791 5048 cum
818 5008 947 5048 mss.
968 4993 1341 5048 ininitinbilent.

528 5064 608 5135 (tl)
643 5064 699 5120 ln
732 5078 865 5120 mss.
895 5066 1183 5121 essentiam.
1212 5063 1371 5119 Fides
1398 5071 1582 5135 saneta
1626 5063 1676 5116 in
1732 5074 1840 5135 uno
1891 5058 2049 5135 inna-

455 5130 661 5195 scibilis
688 5136 782 5191 Dei
811 5138 1025 5192 nomine
1046 5146 1291 5193 naturam
1307 5134 1635 5205 unigenitum
1650 5130 2051 5205 complectitur,

456 5209 542 5335 ﬁni
571 5208 660 5264 Dei
708 5222 908 5265 nomen
951 5208 1021 5265 ita
1051 5208 1272 5277 tribuit,
1320 5219 1378 5264 ut
1403 5201 1600 5262 'tamcn
1649 5201 1873 5275 respuat
1916 5201 2055 5257 duos

497 5294 610 5335 eos.

497 5294 610 5335 COS.

528 5351 599 5423 (e)
627 5350 685 5425 in
708 5351 967 5424 vulgatis,
994 5351 1345 5425 intelligentitc
1376 5366 1501 5425 sum.
1533 5349 1702 5425 Abest
1729 5362 1836 5402 sua:
1860 5361 1900 5425 a_
1919 5360 2027 5425 mss

527 5416 602 5494 (Γ)
644 5421 719 5478 lla
756 5416 996 5495 potiores
1033 5416 1265 5481 msszt
1303 5422 1470 5489 editi,
1501 5421 1632 5476 nihil
1660 5430 1749 5475 aut
1792 5416 2053 5492 periculo-

463 5513 574 5551 sum
585 5540 595 5549 .

530 5568 609 5642 (9)
639 5567 1102 5642 Hincmarus,l_i_b.
1126 5567 1196 5642 de
1218 5583 1323 5624 non
1355 5564 1500 5642 trina
1523 5565 1687 5642 Deis,
1717 5575 1767 5617 c.
1803 5561 1893 5642 1οᾹ
1918 5559 2050 5642 rela-

437 5630 704 5712 tis'bisce
731 5642 910 5698 verbis
939 5630 1121 5699 addit:
1152 5638 1374 5712 Propter
1400 5638 1559 5712 stylos
1586 5637 1759 5706 plures
1795 5648 1826 5686 a
1854 5632 1932 5712 8.¹
1952 5630 2001 5683 11
2008 5634 2054 5683 i-

462 5710 593 5766 lario
620 5712 773 5768 dicte:
796 5722 915 5770 sunt
938 5712 1128 5782 plurali
1155 5705 1364 5767 nurnero
1391 5705 1540 5780 ﬁdes,
1567 5705 1612 5785 et
1651 5705 2058 5785 ηνορέθνλπὲιῖπ·

463 5785 653 5839 litatem
682 5776 1053 5858 scriptionum,
1106 5803 1209 5841 non
1250 5776 1455 5857 propter
1492 5776 1814 5837 credulitatis
1841 5776 2055 5830 divisio—

464 5870 596 5911 item.

756 5906 1055 6016 Parnm.
1108 5951 1184 6013 Χ.

2154 3296 2440 3373 exponi(g)
2472 3297 2602 3353 tides
2617 3304 2809 3368 erepta:
2835 3304 2997 3351 sunt:
3029 3293 3411 3351 necessitatem
3443 3294 3582 3351 banc
3602 3299 3754 3354 turor

2156 3392 2440 3451 lmreticus
2483 3391 2729 3462 imponit.
2762 3387 2895 3445 Nam
2930 3395 3134 3443 tantum
3167 3385 3531 3443 Ecclesiarum
3555 3387 3748 3444 Orien-

2154 3487 2338 3545 talium
2368 3483 2668 3557 periculum
2709 3490 2815 3549 est,
2848 3489 2907 3536 ut
2952 3494 3131 3536 rarum
3162 3479 3232 3535 sit
3266 3478 3426 3549 hujus
3449 3479 3573 3536 ﬁdei
3606 3478 3751 3553 (qua:

2154 3580 2328 3655 qualis
2353 3580 2442 3649 sit,
2490 3593 2585 3633 vos
2604 3574 2867 3649 iudicate)
2914 3583 3008 3629 aut
3032 3571 3345 3630 sacerdotes
3372 3582 3465 3628 aut
3492 3575 3752 3646 p0pn|um

2157 3671 2407 3731 inveniri.
2435 3669 2520 3744 (It)
2550 3670 2685 3726 Male
2699 3669 2844 3725 enim
2877 3683 2972 3738 per
2997 3664 3257 3737 quosdam
3280 3665 3539 3737 impietati
3563 3677 3750 3722 aucto-

2155 3769 2288 3824 ritas
2313 3764 2437 3821 data
2468 3772 2554 3821 est
2579 3780 2593 3820 :
2626 3770 2682 3820 et
2703 3762 2909 3819 exsiliis
2934 3761 3334 3832 episcoporum,
3364 3773 3592 3829 quorum
3622 3774 3749 3814 cau-

2150 3879 2265 3921 sam
2297 3878 2403 3917 nun
2430 3858 2711 3934 ignoratis,
2728 3856 2873 3910 vires
2893 3861 3062 3909 aucta:
3084 3861 3209 3907 sunt
3240 3850 3605 3923 profanorum.
3633 3853 3751 3908 Non

2154 3954 2443 4030 peregrina
2470 3954 2681 4021 loquor,
2716 3960 2889 4017 neque
2917 3945 3160 4017 ignorata
3199 3941 3383 3999 scribo
3416 3960 3427 3997 :
3461 3943 3640 3998 audiri
3688 3959 3753 3999 ac

2153 4055 2261 4110 vidi
2292 4050 2421 4108 vitia
2451 4044 2796 4120 praesentium
2825 4060 2840 4108 ;
2896 4055 3003 4097 non
3034 4039 3314 4105 laicorum,
3344 4037 3439 4094 sed
3466 4039 3752 4110 episcOpn-

2157 4162 2297 4204 rum.
2327 4144 2459 4199 Nam
2498 4141 2705 4211 absque
2732 4137 2988 4208 episcopo
3012 4132 3075 4205 (ἰ)
3096 4131 3313 4188 Eleusio
3340 4141 3394 4187 et
3422 4132 3605 4203 paucis
3627 4147 3749 4187 cum

2160 4258 2245 4312 eo,
2276 4255 2341 4298 ex
2382 4234 2574 4307 majori
2623 4239 2774 4301 parte
2802 4228 3019 4286 Asiana:
3047 4226 3237 4283 decem
3270 4226 3580 4297 provinciae,
3611 4226 3754 4283 intra

2256 4402 2307 4477 1ο)
2318 4402 2466 4477 _Mss.
2483 4394 2658 4477 _C0rl).
2672 4432 2685 4457 ,
2719 4390 2890 4477 Ρωιη
3098 4426 3122 4477 ,2
3144 4384 3344 4477 1
3361 4382 3516 4477 ila-ll
3565 4476 3570 4477 γ
3590 4389 3745 4477 finiet.

2256 4404 2307 4477 1ο)
2338 4404 2466 4457 Mss.
2497 4404 2685 4457 Corh.,
2720 4404 2890 4453 t'rat.,
2932 4404 3121 4466 item“
3159 4404 3344 4466 rana,
3378 4404 3547 4439 arum
3590 4404 3745 4443 enim.

2229 4404 2290 4549 ii)
2318 4470 2591 4549 Eleusium
2612 4478 2787 4519 tamen
2816 4459 3745 4549 ἱιιιρίξ-ὃθιιιιι[ιαέιρξιιῖςοηξιεξμνι-

2156 4528 2405 4619 phituiius,
2434 4543 2564 4597 haer.
2598 4550 2759 4593 cum
2782 4576 2797 4601 ,
2835 4550 2889 4586 ιι.
2916 4530 3008 4619 ἓῦ..
3055 4529 3123 4619 Et
3172 4543 3200 4581 a
3238 4528 3459 4619 Socrate
3510 4531 3752 4613 quidem,

2365 4599 2415 4672 0..
2465 4613 2537 4669 40
2560 4655 2573 4674 θ
2626 4599 2792 4663 “cum
2816 4602 3264 4684 repl‘t'ilsltdtllll',
3296 4599 3438 4684 quod
3469 4604 3754 4684 :rgerrimc

2156 4671 2583 4749 fé}}éi'mnovari
2612 4677 2983 4737 Enetenioruni
3015 4674 3195 4749 ﬁdem,
3226 4672 3312 4725 cui
3339 4671 3604 4749 Nicmnatn
3638 4675 3755 4744 ipse

2159 4744 2523 4836 iioslvliaberct.
2555 4751 2870 4836 Liberiutut
2904 4745 3220 4836 lturpousiun
3246 4753 3545 4836 respueret,
3576 4744 3752 4836 ipstttn

2156 4818 2278 4893 cum
2326 4832 2449 4887 aliis
2488 4836 2760 4884 auctorem
2792 4820 2955 4893 l'uijse
2982 4818 3313 4893 Sozottrenns
3354 4818 3513 4893 testis
3538 4827 3620 4869 est
3659 4820 3749 4893 lih.

2156 4884 2415 4977 nihil"
2436 4884 2501 4977 t5
2529 4941 2543 4967 ο
2575 4896 2664 4977 qui
2700 4908 2828 4977 ρυηι
2857 4884 3226 4977 sterili“:
3260 4886 3758 4977 ":_f:._§§:.§c'i”?}‘

2437 4949 2752 5028 Macedonio
2783 4949 3143 5036 eonjunetum
3168 4966 3232 5036 _et
3281 4949 3755 5036 crudelitatem__il-

2158 5029 2554 5107 liusviltnitatnm
2586 5056 2726 5095 esse.
2765 5029 2930 5088 immo
2957 5076 2969 5098 ,
3020 5032 3060 5084 si
3097 5029 3271 5107 tidem
3302 5032 3619 5107 _b‘oztmieiio
3659 5032 3751 5089 lib.

2160 5099 2455 5182 δῖοί*νίοέ
2474 5112 2721 5169 habenda
2753 5107 2912 5172 ﬁdes,
2937 5099 3420 5182 consubstantialis
3440 5100 3759 5182 defensores

2160 5166 2447 5250 δ’ίζιξέεξῖί
2478 5166 2816 5253 Quamquam
2842 5166 3025 5253 Av'alde
3055 5171 3331 5253 probabile
3359 5183 3449 5253 est
3469 5213 3496 5253 ,_
3540 5176 3675 5230 hanc
3704 5178 3756 5232 ei

2366 5243 2586 5317 Socrate
2619 5243 2727 5309 tuin
2769 5271 2798 5305 ει
2836 5249 3141 5321 Sozomeno
3165 5243 3394 5321 inustam
3426 5243 3589 5321 fuisse
3628 5263 3755 5301 cm.

2428 5341 2609 5385 notam
2640 5326 2710 5379 ob
2732 5338 2815 5385 ea,
2853 5336 2971 5394 qua:
2997 5316 3067 5394 ad
3100 5314 3427 5394 Nmmtianos
3454 5317 3754 5394 reprime"-

2431 5401 2509 5478 ⁸Ει
2528 5399 2723 5478 fatetur
2751 5386 3637 5478 (llilSlFDHDSODt-tltitilttlfilililljlptt.
3660 5392 3755 5457 20,

2160 5459 2361 5539 Eiai'é’t
2400 5470 2712 5531 Macedonio
2754 5459 3043 5525 mitiorem,
3074 5469 3130 5539 et
3164 5459 3269 5539 vita
3303 5459 3437 5539 bona
3467 5470 3519 5513 et
3553 5462 3757 5531 inteng

2160 5529 2450 5610 Eiéiiifssé.
2478 5544 2631 5603 Hune
2654 5541 2832 5611 igitur,
2856 5532 3157 5611 quernvitac
3186 5529 3461 5611 integritas
3482 5529 3757 5611 enuntien-

2162 5599 2449 5685 ξιῦ
2474 5599 2539 5671 iis
2564 5616 2651 5685 qui
2671 5599 2853 5665 'Dcum
2870 5599 3157 5685 :tiescirep't.
3178 5599 3455 5668 excipiens
3485 5601 3717 5685 l-lilarius
3737 5648 3755 5673 ,

2163 5663 2700 5761 ngnusic-stpectalttit,
2720 5689 2775 5736 ut
2798 5678 2885 5748 qui
2918 5679 3073 5760 iidem
3099 5663 3370 5761 Nicaeus-tn
3396 5663 3756 5761 prpﬁtt-relur;

2161 5742 2269 5824 ξεξά·
2284 5742 2341 5821 .1“
2355 5742 2494 5833 an.“
2520 5742 2587 5813 .d
2633 5742 2753 5833 at...
2785 5742 3024 5833 ius...
3055 5742 3473 5833 ,πράξω-εει
3502 5742 3763 5833 satiras

2164 5815 2743 5897 :A-Iiointiiosacerrime
2771 5815 3093 5881 decertaret.
3126 5815 3260 5869 Cum
3307 5815 3451 5873 enim
3490 5815 3679 5874 Aetius
3709 5823 3762 5879 in

3170 5910 3244 5970 17
