4266 6460
546 295 652 350 52?»
1746 287 1990 350 SANCTI
2032 286 2288 346 lllLABil
2325 285 2628 348 EPISCUPI

3721 293 3824 348 3‘24

547 419 682 476 quas
697 398 960 468 consisto,
983 411 1113 458 vere
1139 397 1308 456 Deum
1333 398 1410 472 (a)
1433 398 1698 456 nesciunt.
1720 397 1896 470 Atque
1925 402 2127 457 utinam
2157 405 2211 464 Α
2233 403 2446 473 genitus
2466 402 2609 457 Deus
2637 410 2740 466 est;
2769 415 3001 473 namque
3029 401 3180 474 origo
3208 417 3306 458 sua
3341 402 3672 468 itittﬁlsciiaijis
3702 407 3834 461 sul}-

546 498 760 568 penitus
789 493 1083 556 nescirent;
1110 506 1232 548 cum
1265 491 1587 564 procliviore
1612 493 1754 548 enim
1782 494 1937 548 Venia
1980 494 2132 564 igno-

545 599 752 656 rarent,
782 601 942 660 quam
983 587 1365 643 obtrectarent.
1391 585 1501 642 Sed
1528 587 1723 642 horum
1752 587 2134 657 episcoporum

545 683 706 740 dolor
730 695 790 738 se
820 681 960 736 intra
984 677 1262 735 silentium
1291 693 1400 735 non
1434 677 1718 738 continens
1737 717 1751 743 ,
1781 678 2038 735 unitatem
2071 679 2128 732 ll-

545 775 632 832 tlei
665 773 826 844 hujus
846 770 1058 844 quzrrit,
1083 785 1243 842 quam
1271 769 1380 840 jam
1411 771 1618 842 pridem
1649 784 1750 840 per
1775 770 1912 826 alios
1934 770 2132 824 amisit.

547 868 677 923 Nam
713 867 798 920 illa
828 865 902 938 (it)
942 865 994 919 in
1019 863 1193 934 primo
1217 864 1427 919 COHJtm
1455 861 1808 933 expositionis
1833 863 1967 917 ﬁdes
1997 859 2138 916 hanc

545 957 730 1016 habuit
757 955 1134 1012 necessitatem
1160 972 1174 1010 :
1204 955 1332 1026 quia
1357 955 1496 1025 apud
1527 953 1782 1010 Sirmium
1811 967 1908 1022 per
1944 953 2136 1009 imme-

547 1066 756 1109 morem
784 1057 1059 1121 gestorum
1087 1062 1308 1104 suorum
1339 1046 1716 1118 dictorumque
1747 1045 1936 1102 Osium
1983 1059 2138 1102 nova:

545 1157 602 1206 et
641 1155 822 1202 tamen
852 1145 927 1217 (ο)
970 1151 1278 1216 suppuratio
1316 1143 1427 1214 jam
1456 1141 1548 1199 diu
1577 1141 1868 1213 impietatis
1891 1139 2135 1196 doctrina

544 1247 887 1314 proruperat.
934 1236 1044 1295 Sed
1083 1237 1154 1293 de
1178 1251 1243 1292 eo
1263 1233 1344 1308 (ά)
1376 1235 1449 1290 nil
1475 1235 1688 1306 loquor,
1710 1233 1801 1305 qui
1825 1232 2028 1290 idcirco
2056 1242 2138 1289 est

541 1341 894 1401 reservatus,
943 1345 1014 1387 ne
1053 1329 1261 1402 judicio
1289 1328 1524 1385 humano
1571 1329 1910 1398 ignoraretur
1965 1326 2139 1399 qualis

543 1439 671 1486 ante
697 1429 945 1486 vixisset.
979 1426 1188 1496 Ubique
1211 1433 1390 1482 autem
1417 1421 1696 1490 scandala,
1725 1423 1925 1495 ubique
1959 1419 2136 1479 schis-

543 1529 726 1586 mata,
773 1520 969 1590 ubique
1009 1515 1248 1588 perﬁdia:
1283 1525 1428 1572 sunt.
1480 1516 1612 1572 lliuc
1653 1515 1786 1572 illud
1815 1523 1929 1583 est,
1972 1523 2032 1570 ut
2071 1513 2140 1570 ad

543 1613 940 1687 professionem
980 1609 1386 1666 subscribendte
1433 1607 1554 1664 ﬁdei
1590 1607 1753 1679 aliqui
1797 1611 2016 1672 eorum,
2046 1605 2139 1678 qui

545 1720 673 1765 ante
720 1705 865 1764 aliud
907 1704 1280 1776 scripserant,
1332 1710 1674 1773 cogerentur.
1706 1699 1820 1757 Nec
1843 1713 2044 1772 queror
2071 1699 2140 1757 de

2239 499 2434 550 stantia
2455 505 2550 550 est.
2585 496 2702 552 Non
2731 512 2892 554 unum
2919 496 3300 553 subsistentem
3320 540 3335 564 ,
3361 499 3456 552 sed
3483 501 3551 570 (fl
3577 502 3833 555 substan-

2237 589 2366 642 tiam
2395 604 2502 644 non
2531 588 2887 646 diﬁ'erentem.
2925 589 3040 644 Non
3071 606 3236 644 unum
3275 591 3326 645 in
3353 591 3707 648 dissimilibus
3733 608 3834 648 na-

2237 683 2373 737 turis
2395 681 2492 738 Dei
2513 695 2733 748 nomen,
2761 681 2855 737 sed
2878 683 3038 738 unius
3067 683 3301 738 nominis
3322 692 3486 754 atque
3513 694 3720 741 naturte
3745 685 3832 742 iu-

2237 771 2552 828 dissimiletn
2597 773 2910 828 essentiam.
2951 772 3069 831 Non
3113 785 3462 846 praestantem
3503 792 3832 849 quemquam

2236 862 2487 934 cuiquam
2525 879 2726 936 genere
2749 867 3089 932 substantias,
3109 863 3207 922 sed
3247 868 3553 939 subjectum
3595 870 3832 926 alterum

2236 959 2392 1014 alteri
2419 959 2694 1014 nativitate
2724 969 2952 1017 naturae.
2987 960 3203 1017 Patrem
3233 963 3288 1018 itt
3318 977 3383 1017 eo
3415 963 3678 1033 majorem
3709 979 3836 1020 esse

2237 1048 2382 1121 quod
2408 1059 2558 1121 pater
2581 1061 2684 1116 est,
2719 1051 2912 1107 Filium
2935 1055 2987 1108 in
3017 1067 3084 1110 eo
3105 1069 3211 1110 non
3246 1053 3510 1110 minorem
3545 1071 3664 1112 esse
3683 1056 3832 1128 quod

2237 1142 2382 1198 ﬁlius
2405 1153 2508 1199 est.
2563 1143 3020 1215 Signiﬁcationetn
3067 1145 3364 1214 interesse,
3407 1165 3516 1205 non
3565 1151 3835 1207 interesse

2239 1245 2507 1292 naturam.
2539 1237 2752 1293 Patrem
2781 1253 2888 1296 non
2942 1239 3082 1294 intra
3131 1249 3372 1312 tempora
3411 1243 3682 1310 conﬁteri,
3729 1241 3830 1299 scd

2237 1328 2717 1398 eointemporalem
2744 1329 2888 1386 Patri
2909 1327 3105 1387 Filium
3131 1347 3241 1388 non
3281 1348 3500 1404 negare.
3529 1333 3748 1392 Patrem
3776 1335 3838 1392 in

2240 1417 2380 1476 Filio
2407 1421 2724 1491 praedicare,
2755 1424 2882 1490 quia
2910 1422 3046 1479 nihil
3073 1423 3129 1480 in
3157 1437 3220 1481 se
3239 1423 3443 1490 itabat
3467 1423 3638 1482 Filius
3661 1441 3693 1482 a
3733 1425 3838 1482 Pa-

2241 1522 2324 1570 tre
2349 1513 2610 1572 dissimile
2637 1531 2652 1544 '
2683 1513 2879 1572 Filium
2905 1514 2961 1571 in
2981 1513 3144 1573 Patre
3167 1517 3434 1584 conﬁteri,
3463 1520 3592 1592 quia
3617 1533 3726 1575 non
3747 1528 3839 1577 est

2239 1606 2460 1664 aliunde
2483 1607 2626 1680 quod
2653 1607 2798 1666 ﬁlius
2817 1617 2920 1666 est.
2947 1609 3185 1667 Iutuam
3213 1610 3318 1669 sibi
3347 1625 3415 1670 se
3431 1613 3668 1671 similem
3693 1614 3840 1670 invi-

2241 1712 2356 1754 cem
2379 1709 2626 1756 naturam
2653 1715 2760 1758 non
2803 1701 3017 1758 nescire
3038 1741 3055 1768 ,
3085 1703 3210 1773 quia
3237 1719 3336 1776 par
3361 1705 3434 1762 sit
3467 1704 3657 1778 tquod
3693 1718 3842 1764 unus

547 1800 961 1874 patientissimis
977 1799 1106 1855 viris
1127 1797 1488 1868 Orientalibus
1499 1797 1787 1868 episcopis,
1813 1796 2011 1868 quibus
2027 1792 2214 1880 sui-‘3
2239 1791 2314 1848 sit
2337 1808 2445 1850 non
2471 1793 2801 1864 existimare,
2835 1795 2959 1866 quia
2985 1810 3149 1851 unum
3196 1806 3362 1853 sunt:
3403 1811 3574 1855 unum
3613 1813 3716 1856 eos
3757 1796 3841 1854 sic

547 1893 678 1951 iecit
701 1904 820 1964 post
843 1891 1198 1964 blasphemiae
1222 1890 1555 1948 voluntatem
1575 1897 1777 1945 coactae
1800 1887 1992 1945 saltem
2013 1883 2138 1942 ﬁdei

545 1985 812 2058 professio
839 2001 852 2038 :
883 1981 1262 2056 gratulandum
1296 1981 1440 2038 enim
1470 1980 1688 2036 videtur
1716 1979 1770 2036 in
1817 1988 1963 2034 tanta
1995 1977 2138 2034 blas-

545 2075 916 2147 pltemantiunt
962 2074 1338 2144 episcoporum
1385 2071 1638 2128 haeretica
1687 2069 2012 2143 pertinacia,
2041 2069 2142 2125 ali-

547 2185 706 2242 quem
723 2185 784 2224 ex
809 2167 889 2225 his
911 2167 1108 2239 suscipi
1131 2164 1502 2238 ptenitentem.
1517 2165 1623 2223 Sed
1646 2166 1786 2222 inter
1807 2167 1945 2231 huic,
1967 2165 2141 2222 obea-

547 2269 632 2318 tos
654 2277 750 2315 vos
779 2261 830 2316 in
863 2261 1088 2316 llomino
1117 2268 1173 2316 et
1214 2258 1502 2332 glorias-os,
1532 2258 1622 2332 qui
1653 2259 1945 2328 perfectam
1977 2269 2140 2330 atque

545 2353 900 2425 apostolicam
931 2351 1092 2409 ﬁdem
1118 2352 1192 2426 (ε)
1221 2353 1570 2409 conscientia:
1613 2349 1779 2424 ωε
1805 2351 2141 2422 professione

543 2449 863 2514 retinentes,
883 2447 1218 2517 conscriptas
1245 2445 1379 2504 ﬁdes
1407 2445 1705 2517 hucusque
1734 2445 1990 2502 nescitis!
2022 2445 2140 2501 Non

544 2545 691 2601 enim
725 2543 952 2615 eguistis
973 2528 1179 2608 littera,
1207 2541 1301 2613 qui
1321 2541 1512 2612 Spiritu
1545 2533 1920 2598 aliundabatis.
1949 2539 2140 2613 Neque

543 2637 781 2694 cilicium
805 2651 1000 2692 manus
1023 2635 1093 2691 ad
1109 2635 1456 2691 scribendum
1483 2635 1856 2704 desiderastis,
1885 2635 1974 2706 qui
1995 2633 2141 2706 quod

542 2733 710 2791 corde
733 2747 766 2788 a
792 2733 947 2790 vobis
985 2731 1330 2800 credebatur,
1365 2725 1462 2787 ore
1497 2731 1568 2787 ad
1595 2731 1824 2788 salutem
1851 2729 2142 2804 proﬁteba—

545 2831 699 2886 mini.
754 2829 864 2886 Nec
892 2827 1260 2884 necessarium
1303 2826 1566 2883 habuistis
1617 2827 1857 2900 episcopi
1911 2826 2098 2897 legere
2119 2865 2138 2894 ,

547 2923 691 2996 quod
723 2921 1026 2993 regenerati
1075 2919 1331 2993 neophy'ti
1365 2919 1650 2976 tenebatis.
1703 2919 1811 2976 Sed
1841 2919 2142 2975 necessitas

547 3013 996 3075 consuetudinem
1020 3012 1219 3078 intulit,
1242 3012 1440 3084 exponi
1463 3011 1620 3078 ﬁdes,
1648 3019 1706 3069 et
1727 3011 1985 3083 expositis
2011 3013 2140 3070 sub-

551 3107 738 3166 scribi.
773 3103 875 3164 Ubi
905 3105 1048 3162 enim
1080 3117 1270 3160 sensus
1295 3101 1644 3161 conscientia:
1667 3103 2032 3177 periclitatur,
2075 3103 2141 3158 il-

2239 1900 2338 1957 per
2356 1885 2696 1944 indissimili:
2723 1895 2930 1945 natura:
2957 1887 3376 1948 indiﬂ'erentiam
3419 1893 3743 1965 praedicare,
3771 1909 3841 1950 ne

2241 1993 2379 2034 unus
2409 1979 2500 2036 sit.

2309 2069 2401 2128 65.
2435 2069 2643 2130 Hilario
2680 2071 2862 2130 desunt
2887 2079 3060 2138 verba.
3089 2091 3193 2132 non
3227 2093 3426 2134 sensus.
3449 2107 3523 2122 —
3545 2076 3785 2150 Exposui
3821 2121 3838 2148 ,

2241 2163 2558 2222 Cbarissimi
2587 2209 2604 2234 ,
2656 2175 2913 2238 quantum
2938 2169 3160 2226 immani
3199 2171 3473 2228 sermonis
3503 2173 3842 2232 consuetudo

2243 2259 2544 2330 patiebatur
2565 2303 2580 2330 ,
2631 2273 2688 2318 et
2717 2263 2976 2319 Dominus
3001 2263 3133 2320 mibi
3161 2263 3238 2339 (g)
3263 2279 3480 2337 semper
3507 2273 3570 2322 ut
3597 2267 3712 2337 ipse
3737 2267 3844 2324 scit

2241 2371 2274 2410 a
2301 2371 2388 2412 me
2413 2363 2602 2413 oratus
2623 2355 2876 2421 indulsit.
2905 2357 3212 2416 communis
3251 2357 3378 2416 ﬁdei
3419 2359 3836 2417 conscientiam.

2245 2448 2312 2504 Et
2341 2450 2388 2506 si
2426 2450 2556 2522 quid
2585 2451 2796 2520 minus,
2827 2451 2994 2510 immo
3037 2452 3163 2525 qia
3197 2453 3376 2511 minus
3403 2467 3470 2512 ac
3493 2468 3663 2528 prope
3705 2453 3838 2510 nilnil

2239 2541 2442 2598 dictum
2461 2551 2568 2612 est,
2598 2550 2926 2601 mementote
2954 2557 3064 2600 non
3093 2558 3314 2601 sensum
3345 2545 3480 2603 mihi
3499 2587 3517 2615 ,
3542 2547 3641 2604 sed
3671 2547 3842 2603 verba

2241 2635 2454 2694 deesse.
2480 2637 2718 2707 Argnam
2756 2637 2896 2693 forte
2924 2638 2978 2694 in
3003 2653 3073 2694 eo
3091 2647 3339 2716 naturam
3363 2653 3539 2696 meam
3557 2681 3575 2706 ,
3615 2655 3726 2698 non
3755 2649 3842 2697 ta-

2241 2745 2367 2788 men
2395 2745 2614 2803 arguam
2635 2734 2968 2788 voluntatem
2995 2749 3010 2785 :
3037 2743 3094 2789 et
3121 2732 3346 2805 ignosro
3367 2742 3598 2802 natura,
3617 2734 3666 2790 si
3693 2733 3846 2807 loqui

2241 2824 2312 2883 de
2339 2827 2449 2883 Deo
2477 2826 2616 2898 quod
2647 2827 2762 2884 vult
2801 2843 2906 2902 non
2931 2835 3136 2900 potest,
3159 2828 3317 2901 cujus
3352 2827 3586 2887 suiﬁciat
3607 2829 3680 2886 ad
3699 2830 3844 2889 salu-

2243 2926 2377 2984 tem.
2409 2917 2708 2977 credidisse
2733 2933 2857 2992 quas
2881 2917 2976 2976 Dei
3003 2929 3150 2977 sunt.

2315 3012 2407 3070 66.
2443 3013 2649 3070 Transit
2672 3013 2744 3070 ad
2765 3015 2983 3071 alterum
3003 3014 3166 3071 libelli
3187 3023 3408 3087 partem.
3438 3014 3568 3073 Ante
3591 3016 3746 3087 ﬁnem
3774 3035 3840 3075 ne

2233 3109 2518 3181 judicetur.
2550 3137 2618 3154 --
2657 3107 2810 3166 Nune
2839 3113 2962 3182 quia
2993 3103 3077 3184 (lt)
3103 3109 3238 3168 ﬁdes
3267 3125 3387 3168 mea
3415 3119 3582 3184 atque
3621 3121 3798 3168 vestra
3827 3154 3843 3179 ,

548 3204 620 3260 lie
645 3203 821 3260 littera
851 3200 1174 3272 postulatur.
1203 3197 1316 3257 Nec
1341 3213 1472 3257 sane
1516 3199 1682 3257 scribi
1721 3199 1966 3272 impedit,
1993 3197 2140 3272 quod
2167 3217 2215 3284 ο
2245 3213 2502 3276 quantum
2525 3203 2657 3260 mihi
2681 3205 2932 3262 conscius
2953 3219 3093 3270 sum,
3115 3204 3260 3276 apud
3309 3203 3480 3262 Deum
3524 3204 3690 3280 βω
3733 3219 3846 3266 non

551 3297 787 3355 salutare
807 3303 894 3352 est
911 3291 1179 3352 conﬁteri.

617 3389 709 3448 64.
737 3389 928 3444 Hilarii
949 3388 1076 3458 ﬁdes
1097 3392 1162 3442 de
1193 3383 1348 3444 Patre
1369 3395 1414 3442 et
1433 3384 2144 3444 Fitio.~Conﬁtemursane

551 3489 604 3543 in
635 3485 806 3542 sancti
835 3483 1069 3555 Spiritus
1093 3481 1237 3538 dono
1258 3496 1473 3553 semper
1493 3483 1833 3550 innocentes,
1860 3487 1920 3538 et
1943 3479 2138 3538 scribi-

549 3593 670 3635 mus
691 3576 953 3644 volentes,
999 3591 1106 3630 non
1133 3573 1266 3630 deos
1296 3574 1452 3642 duos,
1479 3575 1578 3633 sed
1599 3575 1769 3631 Deum
1795 3589 1960 3632 unum
1991 3592 2008 3628 :
2045 3591 2142 3630 ne-

549 3687 654 3744 que
681 3685 777 3744 per
803 3668 855 3725 id
883 3685 989 3724 non
1017 3677 1072 3724 et
1093 3668 1264 3724 Deum
1293 3667 1386 3724 Dei
1420 3669 1623 3736 ﬁlium;
1653 3677 1738 3727 est
1763 3669 1906 3726 enim
1935 3682 2002 3725 ex
2031 3667 2146 3726 Deo

549 3767 710 3823 Deus.
743 3761 860 3819 Non
894 3761 1241 3818 innascibiles
1274 3760 1434 3829 duos,
1460 3763 1586 3834 quia
1612 3763 1935 3819 auctoritate
1962 3761 2146 3818 innas-

551 3857 831 3916 cihilitatis
859 3857 1002 3913 Deus
1043 3868 1182 3910 unus
1211 3863 1296 3911 est
1325 3874 1338 3912 :
1371 3870 1546 3928 neque
1577 3871 1674 3926 per
1703 3855 1754 3912 id
1785 3873 1894 3914 non
1934 3865 1989 3914 et
2014 3855 2148 3914 Uni-

545 4044 733 4129 Syria...
752 4047 810 4129 et
843 4037 1180 4129 Ριιίξιὲηξξθέη
1199 4037 1988 4129 fluitantibusretinetis
2013 4037 2137 4129 ιῖ.ί.ι.ίί

546 4109 882 4172 divinitatem
933 4113 1146 4180 penitus
1199 4109 1546 4184 reiecissent;
1580 4109 1853 4183 episcopi,
1897 4113 1988 4184 qui
2029 4113 2140 4168 illis

548 4189 792 4259 impense
818 4185 1162 4259 restiterunt.
1177 4197 1205 4236 a
1223 4183 1436 4259 postris
1459 4183 1640 4259 haberi
1666 4183 1948 4254 cmperunt
1975 4185 2139 4239 velttti

545 4251 796 4315 catholici
824 4263 880 4311 et
903 4254 1196 4310 divinitatis
1217 4251 1417 4308 Christi
1445 4251 1768 4311 defensorei
1790 4274 1805 4307 ε
1834 4267 1888 4308 et
1913 4269 2046 4321 tum,
2080 4265 2142 4311 ut

547 4331 784 4402 loquitur
809 4327 1102 4402 Gregorius
1123 4325 1229 4402 Νη
1262 4367 1276 4390 ,
1294 4323 1390 4402 _0r.
1417 4341 1538 4392 ιιι,
1562 4345 1618 4381 n.
1641 4327 1714 4382 45
1745 4345 1757 4382 :
1785 4327 1940 4383 levior
1959 4329 2143 4399 impie-

549 4397 634 4458 tas
653 4404 850 4472 pietatis
870 4397 1162 4472 opinionem
1183 4397 1393 4472 ferebat.

625 4467 702 4547 (ὸ)
737 4471 850 4528 iioc
869 4467 1128 4547 locoolim
1157 4467 1476 4547 abutebatur
1489 4467 1802 4547 Vincentius
1826 4469 2137 4540 Rogatista:

546 4544 614 4600 ad
635 4540 798 4614 quem
823 4541 1170 4614 Augustinus,
1195 4541 1352 4614 epist.
1376 4540 1510 4614 alias
1537 4556 1716 4606 XLVIII,
1749 4540 1889 4614 nunc
1917 4558 2136 4614 sctum.

546 4619 611 4673 21
644 4611 665 4671 τ’
693 4614 881 4669 Hilarii
931 4613 1084 4666 libros
1127 4611 1254 4664 mihi
1292 4612 1527 4680 opponis,
1575 4614 1650 4666 nti
1679 4629 1828 4682 neges
1857 4613 2141 4669 Ecclesium

553 4700 856 4742 creat-cutem
887 4687 938 4738 in
979 4683 1211 4737 munibus
1240 4683 1473 4752 gentibus
1512 4699 1669 4754 usque
1695 4687 1746 4738 in
1767 4685 1921 4754 ﬁnem
1941 4687 2135 4740 seculi.

2245 3299 2596 3371 periclitatur;
2623 3309 2676 3355 et
2687 3297 2903 3356 ostendi
2927 3297 3098 3362 vobis.
3115 3299 3255 3355 sicut
3280 3299 3547 3366 voluistis,
3573 3314 3694 3370 qua
3715 3311 3848 3357 ante

2245 3393 2505 3463 exposita:
2534 3392 2669 3450 ﬁdes
2707 3399 2896 3450 essent
2933 3391 3002 3449 ab
3025 3392 3388 3450 Orientalibus
3403 3391 3696 3464 episcopis,
3748 3393 3847 3449 sed

2245 3485 2431 3558 paucis
2486 3485 2752 3557 (repetam
2799 3483 2945 3540 enim
2977 3525 2994 3551 ,
3033 3484 3158 3556 quia
3215 3483 3510 3540 secundum
3559 3498 3846 3539 numerum

2247 3577 2616 3632 Ecclesiarum
2642 3575 3022 3643 Orientalium,
3045 3577 3426 3648 episcoporum
3453 3591 3748 3648 paucorum
3777 3576 3845 3633 ﬁ-

2247 3671 2346 3728 des
2367 3671 2470 3727 ista
2489 3679 2576 3728 est
2597 3673 2651 3744 );
2681 3671 2800 3742 ipso
2823 3685 3061 3743 quoque,
3092 3671 3222 3744 quid
3248 3671 3318 3728 de
3343 3670 3544 3728 divinis
3567 3671 3735 3729 rebus
3755 3687 3847 3729 se-

2247 3765 2482 3820 cundum
2504 3762 2806 3820 doctrinam
2847 3765 3199 3834 apostolicam
3225 3763 3484 3820 sentirem
3509 3805 3525 3832 ,
3563 3749 3848 3837 professus

2249 3871 2368 3916 sum
2391 3875 2406 3912 :
2433 3857 2696 3930 reliquum
2724 3866 2829 3926 est,
2851 3867 2912 3914 ut
2939 3857 3006 3930 (i)
3035 3873 3159 3932 quae
3175 3873 3418 3916 errorem
3453 3858 3612 3916 nobis
3627 3873 3696 3916 ex
3712 3859 3845 3916 sim-

2253 4041 2806 4168 3impietatem
2847 4056 2957 4100 non
3005 4042 3076 4100 de
3121 4041 3252 4101 Osio
3275 4083 3292 4109 ,
3333 4041 3432 4102 sed
3485 4041 3556 4100 de
3600 4041 3847 4102 doctrina

2283 4123 2521 4170 rmdicat.

2245 4130 2763 4256 prfgﬁiimulgatis
2791 4193 2846 4242 et
2874 4187 3080 4256 aliquot
3108 4201 3267 4252 mss.,
3309 4185 3622 4242 conscientia
3647 4197 3695 4242 et
3720 4203 3848 4257 pro-

2245 4257 2488 4326 lessione.
2535 4257 2722 4313 Melius
2751 4259 2801 4312 in
2833 4257 3131 4328 potioribus
3176 4258 3359 4324 Cnlb.,
3413 4259 3604 4320 Carm.
3633 4257 3846 4324 Germ.,

2246 4338 2381 4402 et_c.,
2405 4331 2730 4402 conspicuum
2757 4331 3098 4402 professione.
3131 4329 3376 4402 Namque
3402 4329 3594 4402 alludit
3612 4328 3849 4402 Hilarius

2247 4399 2316 4456 ad
2348 4399 2785 4472 piutn'Ecclesite
2811 4399 3034 4464 morem,
3065 4415 3174 4472 quo
3200 4400 3444 4472 Symboli
3483 4401 3644 4456 ﬁdem
3687 4399 3848 4457 Cum»

2251 4475 2545 4538 petentium
2596 4471 2746 4528 cordi
2807 4488 2915 4528 non
2961 4471 3126 4528 certe
3175 4471 3387 4528 solebat
3433 4473 3841 4528 commendare.

2249 4541 2482 4598 Rursum
2537 4543 2605 4598 ad
2648 4542 2896 4599 eumdem
2938 4559 3143 4601 morem
3174 4544 3396 4610 respicit
3446 4544 3542 4599 lib.
3574 4543 3631 4598 in
3656 4540 3846 4598 Const.

2250 4631 2398 4686 num.
2423 4615 2477 4670 6.
2511 4615 2704 4686 Utique
2731 4625 2912 4672 autem
2942 4613 3018 4670 illi
3047 4616 3169 4672 loco
3189 4613 3512 4686 illustrando
3545 4613 3690 4686 valet
3713 4613 3848 4670 illud

2249 4683 2530 4754 Augustini
2579 4683 2753 4744 Sértn.
2787 4701 2928 4744 ecstt
2959 4727 2974 4754 ,
3027 4705 3083 4740 n.
3125 4687 3200 4744 2:
3237 4685 3348 4740 Nec
3386 4695 3442 4740 ut
3485 4685 3664 4741 eadem
3693 4687 3844 4741 uerba

553 4761 696 4828 Qui'u
718 4777 760 4812 ts
807 4758 894 4811 ille
937 4755 1225 4828 tespoudet
1269 4772 1322 4828 ιι,
1355 4755 1418 4810 51
1440 4753 1623 4828 Δειίδεέ.
1671 4753 1802 4811 Vide
1829 4767 1884 4828 et
1916 4773 2047 4828 Aquae
2075 4771 2139 4812 ea
2167 4766 2224 4828 1)
2251 4753 2488 4828 Symboli
2517 4760 2727 4814 teneatis
2746 4802 2762 4826 ,
2793 4759 2900 4814 ulla
2951 4757 3104 4813 modo
3132 4758 3321 4812 debetis
3345 4757 3566 4822 scribere
3590 4799 3604 4820 ,
3636 4756 3852 4811 sed-nu-

556 4825 623 4886 t‘ic
650 4847 706 4882 rt",
729 4829 1101 4899 :tttttttlttv'tttltlﬁ
1128 4827 1257 4898 (nol.
1306 4826 1339 4899 il
1367 4825 1467 4879 col.
1502 4827 1604 4899 I57
1627 4836 1759 4881 nost.
1787 4825 1958 4899 edit);

628 4903 700 4968 (bl
737 4899 901 4962 Editi,
931 4899 982 4950 in
1017 4897 1183 4963 prium
1214 4897 1414 4953 collata:
1434 4898 1764 4971 rxpositionis
1787 4897 1986 4971 synodo
2011 4899 2142 4967 ﬁdes

555 4967 686 5027 leone
718 4971 890 5025 ltubuit
921 4971 1265 5022 ttecessimtem
1287 5011 1302 5034 ,
1346 4985 1464 5022 cum
1487 4967 1647 5038 npud,
1684 4980 1788 5026 etc.
1815 4967 1894 5026 Ἀι
1923 4987 2051 5028 mss.
2082 4973 2140 5027 ita

556 5047 720 5113 primo
745 5041 976 5112 (uipplo,
1007 5041 1148 5114 Ιιεςυ)
1173 5041 1371 5095 collata:
1395 5037 1580 5114 (Corn.
1605 5039 1910 5114 conlocatae)
1939 5045 2144 5112 exposi-

552 5110 705 5175 tionis
733 5110 879 5184 ﬁdes.
907 5125 1012 5167 etc.
1046 5110 1141 5184 llic
1162 5110 1486 5184 excusantur
1505 5114 1592 5182 qui
1623 5111 1852 5184 Ancyrae
1875 5110 2142 5172 convene-

553 5197 696 5250 rnut,
731 5182 872 5255 quod
898 5197 1085 5237 novatn
1119 5182 1238 5238 ﬁdei
1266 5185 1662 5253 expositionem
1691 5182 1869 5242 adorsi
1895 5188 2022 5242 sittt.

627 5261 704 5322 (ιτ)
737 5257 1082 5312 Recentiores
1109 5270 1240 5308 mss.
1262 5265 1536 5324 saporatis.

629 5331 711 5404 (tl)
736 5329 790 5384 ln
819 5325 1218 5404 excuziftnihil
1240 5343 1444 5404 queror.
1471 5325 1605 5382 Cum
1639 5343 1951 5396 persuasum
1981 5330 2148 5404 hahe-

553 5397 918 5459 rct'llilarius.
959 5397 1080 5452 lidei
1111 5399 1513 5458 perversitatem
1545 5414 1608 5454 ex
1642 5413 1851 5455 morum
1881 5402 2146 5460 scaturit-8

553 5473 841 5544 pret-itam,
862 5468 998 5524 adeo
1023 5479 1079 5522 ut
1101 5467 1422 5544 Fragmenta
1451 5486 1502 5533 li,
1531 5484 1586 5544 tt.
1623 5469 1705 5534 I9,
1729 5471 1873 5526 dicat
1897 5492 1910 5526 ς
1947 5471 2012 5526 Et
2047 5474 2144 5528 hoc

551 5542 624 5598 itu
651 5553 917 5616 smpe‘rst,
941 5550 992 5595 ut
1021 5557 1138 5594 cum
1167 5542 1732 5616 incrmnentauitiorum
1763 5543 2063 5616 detrimenta
2083 5547 2138 5600 in

552 5613 733 5670 τριταί-ε’
767 5613 860 5670 Dei
891 5613 1115 5685 fecerunt
1141 5653 1160 5685 ,γ
1194 5628 1434 5667 vesanum
1462 5614 1752 5681 depravatis
1777 5615 2004 5672 scientia!
2032 5626 2138 5670 stu-

554 5692 698 5744 ltitim
727 5682 971 5742 increscat
995 5700 1016 5738 :
1049 5682 1202 5739 facile
1226 5685 1452 5740 credidit
1495 5687 1633 5741 hanc
1678 5687 1790 5743 Osii
1849 5687 2140 5743 inﬁdelita-

553 5769 658 5814 tem
691 5774 794 5814 non
819 5758 983 5813 fuisse
1008 5755 1386 5829 subitam,_sed
1427 5755 1680 5829 latentem
1715 5759 1826 5829 jam
1853 5759 1946 5816 diu
1971 5759 2136 5816 animi

551 5833 868 5902 pravitatem
900 5826 1219 5902 prodidisse.
1249 5827 1580 5900 Quamquam
1606 5826 1746 5890 forte
1769 5830 1910 5892 hanc
1927 5847 2134 5906 suppu-

2249 4829 2437 4883 dmulo
2469 4829 2786 4898 perdiscere;
2818 4847 2904 4884 nec
2931 4846 3053 4886 tum
3094 4829 3384 4885 didiceritis
3407 4872 3422 4894 ,
3475 4830 3726 4894 scribere,
3759 4829 3852 4882 sed

2249 4903 2500 4956 memoria
2527 4918 2726 4972 semper
2754 4915 2924 4957 tenere
2963 4913 3115 4966 atque
3146 4901 3392 4972 recolere.
3423 4899 3575 4972 Quod
3604 4915 3705 4954 non
3733 4899 3850 4954 licet

2249 4973 2425 5049 scribi.
2458 4969 2947 5049 commemoratio!“
2973 4969 3472 5049 promissionispci.
3501 4971 3587 5049 ubi
3615 4988 3706 5049 per
3729 4987 3852 5049 pro-

2250 5043 2454 5116 phetam
2486 5047 2836 5116 praenuntiant;
2869 5039 3250 5116 Tesinmentum
3301 5041 3513 5116 Novum,
3537 5039 3664 5096 dixit
3683 5087 3696 5105 ,
3731 5039 3851 5116 Hoc

2251 5115 2326 5188 est
2354 5115 2729 5183 testamentariis,
2760 5117 2897 5188 quod
2927 5115 3174 5171 ordinatio
3196 5127 3312 5187 post
3338 5116 3449 5188 dies
3473 5115 3594 5170 illos
3613 5157 3628 5180 ,
3678 5115 3852 5188 dando

2251 5187 2414 5258 legem
2440 5206 2602 5242 meant
2623 5191 2675 5243 in
2700 5185 2864 5243 mente
2883 5203 3079 5255 eorum,
3103 5196 3153 5242 et
3170 5185 3225 5242 in
3249 5187 3408 5242 corde
3431 5201 3612 5258 eorum
3631 5185 3853 5258 scribunt

2254 5255 2391 5316 eunt.
2425 5259 2602 5329 Hujus
2630 5261 2702 5315 rei
2743 5259 3098 5330 signiﬁcanda:
3121 5275 3279 5314 causa
3297 5299 3313 5323 ,
3341 5257 3599 5312 audiendo
3628 5255 3852 5330 Symbof

2257 5331 2364 5384 lunt
2391 5327 2621 5398 discitur,
2651 5348 2743 5386 nec
2770 5327 2824 5386 iit
2849 5329 3033 5386 tabulis
3055 5331 3132 5386 uel
3161 5332 3216 5385 in
3253 5331 3433 5402 aliqua
3471 5327 3689 5382 materie
3709 5365 3728 5395 ,
3757 5328 3849 5382 sed

2254 5403 2310 5456 in
2338 5403 2492 5457 corde
2519 5405 2774 5458 scribitur.

2327 5473 2396 5546 (ί)
2428 5475 2565 5530 Editi
2584 5517 2600 5540 ,
2623 5479 2712 5530 sed
2737 5491 2894 5531 unum
2914 5473 3273 5531 substantiam.
3296 5471 3467 5529 Abest
3488 5485 3645 5527 unum
3667 5485 3700 5527 a
3731 5483 3849 5526 uta-

2255 5548 2489 5601 mtscrinl
2502 5548 2564 5600 is.
3335 5548 3344 5555 ’

2329 5567 2704 5690 ἱξῖιέέᾚίωιυε
2728 5618 2918 5685 codex,
2947 5617 3082 5673 alias
3111 5616 3329 5690 Regina:
3350 5614 3640 5690 Christinre
3667 5653 3682 5678 ,
3713 5627 3850 5683 πίννα

2255 5687 2421 5760 (quod
2447 5690 2610 5744 etiam
2635 5689 2796 5746 habet
2821 5691 2952 5746 Silv.
2977 5705 3008 5744 a
3024 5687 3268 5760 secunda
3285 5687 3470 5759 manu)
3496 5703 3604 5743 non
3629 5699 3843 5756 semper.

2327 5761 2411 5832 (lt)
2443 5762 2496 5816 In
2527 5771 2737 5818 vetusto
2765 5777 2868 5817 ms.
2899 5760 3079 5826 Colb.,
3103 5759 3168 5814 de
3195 5758 3298 5832 ﬁde
3321 5758 3454 5813 mea.

2327 5834 2394 5904 (ἒ)
2423 5833 2574 5902 Bad.,
2600 5833 2694 5892 Er.
2717 5843 2775 5892 et
2797 5833 2912 5892 Μὶν.
2937 5851 2951 5889 :
2979 5842 3033 5888 ut
3057 5831 3308 5904 professio
3349 5845 3467 5902 qua:
3494 5842 3726 5888 errorem
3755 5842 3852 5881 no.
