4266 6464
467 339 572 398 323

1237 342 1441 403 ιιιιειι
1481 343 1570 402 DE
1606 344 1915 413 SYNODlS,
1957 345 2090 408 SEU
2133 348 2221 406 ΒΕ
2261 353 2419 410 FIDE
2448 354 2941 415 ORIENTALIUM.

3643 357 3752 416 520

467 453 718 523 plicitatis
743 457 1028 515 securitate
1073 456 1321 525 aderunt,
1349 459 1689 531 cognoscatis
1721 461 1838 517 sine
1875 461 2054 529 b‘ltapi-
2080 464 2123 521 Α

2159 479 2378 536 possunt
2399 469 2565 526 videri
2580 487 2699 528 esse
2713 483 3014 529 consortes.
3038 474 3075 528 Α
3088 472 3235 544 tqttin
3250 474 3318 530 ita
3336 488 3441 528 una
3457 474 3755 529 substantia

464 549 619 605 cionc
662 549 867 621 aliqua;
913 553 1035 624 quia
1063 553 1173 622 jam
1205 568 1304 609 nec
1353 554 1539 608 relicta
1581 562 1663 610 est
1690 553 1964 610 audiendi.
1991 553 2062 608 Et

464 658 786 714 quamquam
812 644 925 717 jam
951 661 1056 702 non
1087 662 1272 703 verear
1293 647 1362 701 de
1387 660 1474 702 me
1508 644 1738 718 judicari
1763 647 2058 704 secundum

465 737 857 808 expositionem
881 739 1045 796 totius
1067 740 1212 809 ﬁdei;
1233 746 1409 796 tamen
1434 739 1704 810 patimini,
1723 741 1879 812 (a)ut
1900 739 2061 797 velim

464 832 533 889 de
562 850 647 889 me
676 831 872 902 adhuc,
898 833 1002 891 nisi
1027 833 1291 891 absolutis
1311 834 1584 901 omnibus,
1606 834 1861 904 iudicari.

534 930 625 982 67.
659 926 978 983 Uomousion
1014 929 1220 1001 quando
1248 938 1382 984 recte
1406 928 1966 1000 pradicetnr.—Ilulti
1992 942 2061 984 ex

469 1021 648 1086 nobis,
676 1019 894 1078 Fratres
921 1021 1248 1086 charissimi,
1280 1022 1348 1077 ita
1381 1038 1540 1077 unam
1573 1023 1926 1079 substantiam
1956 1022 2058 1077 l’a-

467 1115 561 1170 tris
588 1123 644 1170 et
673 1113 794 1170 Filii
822 1116 1138 1185 prcedicant,
1165 1127 1221 1170 ιιι
1247 1113 1414 1171 videri
1441 1116 1648 1186 possint
1673 1133 1780 1175 non
1805 1119 1978 1190 magis
2001 1116 2052 1174 id

467 1207 552 1277 pie
579 1221 738 1276 quam
763 1205 927 1277 impie
960 1207 1252 1276 praedicare
1285 1226 1297 1260 :
1330 1206 1492 1262 habet
1515 1210 1662 1262 enim
1697 1208 1800 1264 hoc
1837 1211 2061 1264 verbum

466 1297 519 1354 in
549 1312 610 1355 se
635 1309 692 1354 ct
717 1299 839 1355 ﬁdei
866 1301 1278 1366 conscientiam,
1306 1313 1360 1356 et
1380 1300 1620 1357 fraudem
1640 1312 1904 1370 paratam.
1927 1301 2061 1357 Nam

464 1390 510 1446 si
539 1385 840 1447 secundum”
871 1398 1076 1447 natura:
1104 1391 1490 1463 proprietatem
1518 1407 1579 1448 ac
1608 1392 2018 1450 similitudinem
2042 1435 2058 1460 ,

467 1494 525 1542 ut
549 1485 842 1542 similitudo
866 1502 971 1540 non
997 1488 1235 1556 speciem
1259 1482 1338 1557 (ὁ)
1361 1484 1531 1542 solam
1544 1483 1755 1554 allerat,
1773 1486 1869 1544 sed
1891 1502 2066 1559 genus

466 1586 680 1644 teneat;
739 1578 994 1649 religiose
1041 1595 1202 1635 tinam
1261 1578 1618 1636 substantiam
1659 1581 2014 1652 przedicamus
2041 1622 2060 1649 ,

464 1669 760 1726 dummodo
788 1689 949 1728 unam
992 1673 1348 1730 substantiam
1379 1675 1726 1744 proprietatis
1756 1675 2065 1732 similitudi-

464 1780 590 1820 nem
612 1765 1009 1836 intelligamus,
1042 1777 1099 1820 ut
1129 1765 1272 1837 quod
1303 1782 1466 1821 unum
1493 1777 1652 1832 sunt,
1694 1784 1801 1822 non
1828 1768 2064 1840 singula-

2161 556 2334 615 Patris
2361 572 2415 616 et
2442 561 2560 618 Filii
2588 565 2896 635 praedicata,
2925 575 3016 621 aut
3044 582 3206 621 unum
3250 569 3341 638 qui
3381 567 3516 623 duas
3547 583 3754 623 nuncu-

2162 653 2403 720 patioaes
2429 653 2624 711 habeat
2652 657 3036 714 subsistentem
3064 660 3366 731 signiﬁcat;
3412 670 3499 716 aut
3527 661 3757 720 divisam

2161 757 2322 799 uuam
2352 746 2731 816 substantiam,
2762 750 2896 805 duas
2913 751 3258 821 imperfectas
3291 752 3481 809 fecisse
3505 753 3759 809 substan-

2163 835 2284 902 tias;
2314 849 2409 893 aut
2436 841 2647 896 tertiam
2677 841 2908 912 priorem
2936 842 3316 912 substantiam,
3341 859 3465 915 quin
3489 863 3517 898 ει
3547 845 3760 902 duobus

2161 941 2216 987 et
2244 943 2498 1003 usurpata
2525 935 2597 990 sit
2619 944 2674 991 et
2694 946 2990 1008 assumpta,
3020 953 3138 1008 qua!
3167 938 3374 994 ideirco
3400 953 3503 995 una
3525 937 3752 1006 dicatur,

2161 1027 2288 1098 quia
2308 1027 2360 1083 iu
2377 1027 2508 1084 duas
2537 1043 2636 1084 una
2652 1028 2865 1086 desecta
2889 1031 2978 1086 sit.
3001 1029 3070 1085 Et
3090 1031 3177 1086 ubi
3200 1031 3453 1101 posthaec
3469 1031 3758 1086 nativitas?

2163 1117 2264 1174 Ubi
2290 1119 2470 1186 Pater,
2491 1121 2578 1177 tibi
2609 1120 2774 1178 Filius
2800 1121 3148 1194 intelligitur;
3183 1123 3227 1178 si
3251 1121 3466 1178 Patrem
3493 1122 3755 1178 etFilinm

2164 1214 2246 1267 vel
2274 1214 2514 1270 desectio
2548 1216 2726 1284 potius
2751 1257 2766 1280 ,
2811 1215 2893 1270 vel
2921 1215 3208 1271 anterioris
3252 1215 3568 1272 substantiae
3600 1231 3755 1271 Colit-

2165 1308 2369 1372 tnunio,
2400 1325 2562 1379 quam
2592 1319 2797 1366 natura:
2827 1311 3081 1366 nativitas
3110 1309 3456 1382 praedicabit?

2237 1403 2326 1459 (i9.
2361 1401 2682 1460 Ilontousion
2703 1422 2803 1472 quo
2830 1406 2943 1460 loco
2970 1413 3078 1458 tuto
3099 1403 3413 1475 proleratur.
3461 1432 3535 1446 -—
3584 1403 3640 1458 In
3672 1402 3760 1459 his

2163 1494 2326 1568 igitur
2360 1505 2437 1551 tot
2465 1505 2520 1550 et
2549 1507 2657 1550 tam
2687 1496 2940 1566 gravibus
2969 1495 3092 1552 ﬁdei
3125 1495 3379 1566 periculis
3400 1537 3415 1560 ,
3459 1496 3753 1552 verborum

2164 1586 2399 1644 brevitas
2423 1588 2773 1659 temperanda
2799 1597 2882 1645 est
2907 1605 2922 1652 ;
2974 1604 3042 1645 ne
3065 1589 3226 1658 impie
3251 1587 3356 1644 dici
3385 1588 3757 1656 existimetur,

2166 1682 2306 1754 quod
2339 1683 2426 1754 pie
2452 1681 2772 1753 intelligitur
2796 1700 2808 1736 :
2833 1698 2902 1738 ne
2916 1696 3102 1738 secura
3127 1689 3288 1751 atque
3310 1681 3596 1736 innocente
3623 1694 3761 1734 cou-

2165 1774 2411 1840 sizientia,
2442 1789 2537 1843 per
2557 1775 2898 1830 occasionem
2927 1774 3235 1828 lt.ercticam
3262 1814 3278 1840 ,
3303 1788 3425 1829 reus
3452 1787 3632 1829 sermo
3662 1771 3758 1827 sit.

464 1869 576 1912 rem
606 1855 1270 1928 δίεηῖηεοίοδειίωειυθιθπο
1291 1842 1676 1928 Αεῖειυθιίωιιέω
1701 1858 1844 1924 ⁴¹ξω.
1875 1858 1927 1916 id
1955 1868 2061 1925 est.
2093 1850 2140 1911 Β
2170 1867 2417 1923 Dicturus
2436 1842 2594 1924 unam
2613 1866 2916 1922 catholicus
2941 1866 3294 1922 substantiam
3325 1866 3505 1922 Patris
3524 1875 3578 1921 et
3609 1865 3765 1934 Filii.

465 1944 878 2005 iudiﬁ‘erentiam
929 1949 1321 2020 similitudinis,
1367 1962 1426 2007 ut
1465 1950 1768 2007 similitudo
1797 1951 2064 2008 habeatur

460 2039 782 2113 aequalitas;
835 2043 1113 2113 aquilinis
1145 2041 1462 2098 verounum
1497 2037 1716 2120 ideirco
1755 2042 2065 2118 (e)'dicatur

460 2152 604 2202 esse,
633 2138 758 2207 quia
787 2151 888 2208 par
913 2136 1004 2202 sit;
1030 2152 1196 2192 unum
1225 2146 1425 2200 autem.
1462 2138 1652 2207 in'quo
1670 2151 1766 2208 par
1793 2136 2062 2206 signiﬁca-

463 2241 570 2297 tur,
601 2244 713 2285 non
734 2229 800 2284 ad
823 2229 1042 2284 unicum
1065 2228 1400 2291 veridicetur.
1419 2227 1533 2285 Una
1557 2229 1718 2301 igitur
1734 2231 2060 2296 substantia,

459 2321 508 2377 si
547 2336 654 2380 non
684 2337 969 2388 personant
998 2321 1392 2381 subsistentem
1434 2324 1702 2396 perimat,
1757 2339 1858 2382 nec
1905 2340 2062 2380 unam

459 2417 818 2472 substantiam
848 2417 1098 2486 partitam
1131 2416 1185 2471 in
1212 2417 1350 2472 duos
1375 2414 1580 2472 dividat
1599 2457 1615 2482 ,
1643 2417 1898 2490 religiose
1928 2433 2052 2488 pric-

460 2508 729 2567 dicabitur
763 2525 777 2561 :
807 2524 931 2580 qua:
972 2523 1043 2565 ex
1072 2508 1367 2566 nativitatis
1395 2509 1744 2579 proprietate,
1786 2518 1842 2566 et
1866 2525 1933 2566 ex
1970 2525 2063 2564 na—

460 2611 594 2657 tura:
642 2598 995 2657 similitudine
1047 2600 1121 2656 ita
1172 2598 1487 2658 iitditl‘erens
1517 2601 1624 2671 sit,
1668 2609 1728 2657 ut
1770 2617 1876 2657 una
1910 2601 2062 2658 dica-

466 2704 572 2747 Uir.

528 2783 622 2842 68.
656 2782 811 2841 Vocis
833 2785 1061 2858 ejusdem
1082 2785 1270 2854 triplex
1295 2801 1475 2841 sensus
1503 2801 1716 2856 pravus.
1739 2817 1807 2828 -—-
1831 2785 1902 2842 At
1935 2803 2062 2843 vero

425 2904 428 2906 τ
459 2883 505 2938 si
536 2880 740 2939 idcirco
761 2881 922 2938 unius
949 2880 1267 2937 substantiae
1292 2881 1448 2936 l’atcr
1468 2891 1522 2934 et
1549 2879 1719 2935 Filius
1744 2879 1976 2947 dicatur,
2007 2890 2064 2936 ιιι

461 2974 550 3031 hic
571 2973 893 3042 subsistens,
915 2974 1018 3030 sub
1029 2973 1422 3046 signiﬁcatione
1441 2971 1743 3028 licetduum
1758 2973 2058 3038 nominum,

463 3081 604 3140 unus
645 3081 708 3122 ac
752 3065 904 3124 solus
949 3065 1065 3121 sit:
1107 3064 1415 3120 confessum
1453 3065 1671 3121 nomine
1699 3063 1894 3120 Filium
1925 3080 2058 3119 con-

461 3161 686 3216 scientia
712 3173 820 3216 non
843 3170 1116 3223 tenemus,
1144 3158 1190 3216 si
1222 3174 1380 3213 unam
1411 3157 1768 3213 substantiam
1800 3154 2062 3212 conﬁten-

2166 1974 2274 2014 non
2303 1958 2431 2014 inde
2467 1959 2720 2028 incipiat:
2767 1974 2943 2029 neque
2979 1957 3083 2016 hoc
3135 1960 3286 2032 quasi
3334 1960 3629 2016 niaximum
3677 1968 3760 2015 te-

2165 2057 2324 2114 neat,
2375 2060 2644 2122 tamquam
2694 2051 2814 2107 sine
2842 2051 2946 2107 hoc
2991 2067 3116 2106 vera
3147 2050 3281 2106 ﬁdes
3305 2050 3448 2108 nulla
3479 2052 3569 2109 sit.
3615 2050 3760 2106 Tuto

2166 2158 2326 2198 unam
2354 2141 2712 2198 substantiam
2765 2141 2944 2208 dicet,
2980 2158 3104 2200 cum
3146 2150 3270 2198 ante
3311 2142 3546 2206 dixerit.
3597 2142 3762 2198 Pater

2167 2235 2436 2305 ingenitus
2486 2243 2608 2303 est;
2657 2231 2825 2289 Filius
2865 2241 3025 2290 natos
3056 2244 3171 2304 est,
3202 2233 3448 2290 subsistit
3475 2249 3540 2290 ex
3570 2232 3757 2303 Patre,

2168 2326 2312 2384 Patri
2342 2327 2534 2382 similis
2551 2333 2639 2383 est
2661 2328 2881 2393 virtute,
2914 2326 3140 2394 honore,
3164 2335 3375 2382 natura.
3427 2325 3571 2382 Patri
3625 2326 3758 2382 sub-

2158 2419 2342 2490 jectus
2368 2428 2474 2485 cst,
2506 2431 2564 2474 ut
2584 2421 2789 2474 auctori
2815 2437 2828 2472 :
2887 2434 2990 2476 nec
3017 2435 3077 2476 sc
3107 2434 3202 2492 per
3227 2421 3466 2491 rapinam
3495 2419 3627 2487 Deo,
3659 2435 3758 2476 cu-

2162 2511 2248 2582 jus
2275 2511 2328 2566 in
2350 2511 2520 2567 forma
2551 2513 2821 2576 manebat,
2850 2511 3122 2582 tequavit;
3182 2511 3443 2567 obcdiens
3487 2526 3655 2583 usque
3684 2510 3754 2566 ad

2166 2611 2392 2658 mortem
2424 2603 2545 2658 fuit.
2605 2602 2720 2659 Non
2769 2613 2850 2658 est
2891 2617 2959 2658 ex
2997 2602 3196 2668 nihilo,
3246 2601 3341 2656 sed
3387 2600 3460 2673 (ί)
3509 2601 3765 2659 nativitas.

2165 2704 2267 2752 est.
2314 2695 2429 2750 Non
2456 2705 2544 2751 est
2568 2695 2938 2764 innascibilis,
2984 2695 3078 2750 sed
3124 2695 3583 2765 cointemporalis.
3634 2695 3758 2752 Non

2165 2798 2246 2842 est
2274 2798 2446 2857 pater,
2481 2787 2570 2842 sed
2599 2804 2662 2842 ex
2691 2802 2757 2843 eo
2783 2786 2924 2841 ﬁlius
2950 2775 3056 2842 est.
3086 2785 3201 2841 Non
3235 2793 3320 2842 est
3347 2786 3522 2854 portio
3550 2786 3755 2858 aliqua,

2165 2880 2262 2936 sed
2295 2891 2439 2935 totos
2466 2890 2568 2937 est.
2617 2880 2730 2935 Non
2777 2886 2860 2935 est
2883 2890 3070 2934 auctor
3093 2881 3206 2949 ipse
3236 2923 3249 2947 ,
3294 2880 3389 2935 sed
3431 2881 3606 2952 imago
3628 2891 3712 2937 est
3741 2897 3754 2934 :

2166 2975 2341 3044 imago
2371 2974 2462 3031 Dei
2508 2990 2573 3029 ex
2599 2974 2708 3029 Deo
2749 2974 2800 3029 iu
2835 2972 3000 3029 Deum
3030 2984 3178 3029 nata.
3226 2973 3338 3028 Non
3371 2985 3450 3031 est
3481 2985 3755 3046 creatura,

2163 3067 2256 3122 Sed
2288 3065 2428 3120 Deus
2455 3073 2556 3123 est.
2628 3064 2740 3122 Non
2769 3066 2906 3120 alter
2936 3065 3075 3121 Deus
3107 3066 3158 3119 in
3189 3081 3388 3135 genere
3411 3068 3752 3136 substantiaz,

2162 3159 2256 3213 sed
2290 3173 2425 3214 unus
2450 3157 2589 3212 Deos
2607 3171 2704 3228 per
2724 3157 3038 3213 substantiae
3058 3157 3413 3214 indifferentis
3439 3161 3752 3217 essentiam.

463 3263 547 3310 tes
576 3253 752 3325 ipsum
777 3251 882 3309 sibi
911 3252 1128 3308 unicum
1157 3265 1222 3306 ac
1259 3249 1586 3320 singularem
1613 3261 1668 3306 et
1697 3249 1910 3306 Patrem
1937 3263 2061 3306 ese
2084 3237 2131 3304 C
2165 3250 2279 3306 Non
2313 3264 2540 3322 persona
2577 3249 2716 3305 Deus
2743 3265 2880 3304 unus
2911 3258 3014 3312 est.
3063 3249 3158 3304 sed
3193 3261 3382 3304 natura
3410 3267 3423 3303 :
3465 3252 3590 3322 quia
3617 3252 3756 3308 nihil

460 3345 694 3404 dicimus
718 3356 778 3404 et
804 3344 1020 3402 Filium.
1043 3341 1365 3413 Quinetiam
1394 3353 1448 3400 et
1471 3343 1630 3414 huius
1659 3344 1741 3415 (Δ)
1764 3345 1948 3400 statim
1971 3359 2059 3400 cr-

465 3440 605 3498 rovis
623 3438 859 3496 occurrit
878 3436 1093 3494 occasio
1115 3477 1130 3503 ,
1172 3445 1232 3493 ut
1252 3435 1459 3492 divisus
1481 3451 1510 3490 a
1527 3450 1652 3494 sese
1677 3436 1836 3492 Pater
1862 3436 2058 3493 intelli-

456 3546 632 3608 gatur,
662 3544 717 3590 et
742 3541 948 3606 partem
994 3530 1308 3588 exsecuisse
1333 3548 1448 3600 qui-
1495 3539 1644 3586 esset
1677 3530 1779 3587 sibi
1810 3532 1969 3587 titius.
1999 3529 2056 3586 Id

458 3627 604 3686 enim
636 3625 872 3684 lucretici
925 3641 1088 3680 uuam
1125 3623 1478 3680 substantiam
1522 3622 1877 3693 praedicantes
1917 3636 2052 3680 con-

460 3718 688 3778 tendunt
711 3736 732 3773 -:
764 3727 822 3775 et
843 3717 926 3774 liis
957 3718 1184 3774 multum
1213 3716 1316 3787 pia:
1337 3713 1694 3772 confessionis
1724 3726 1922 3771 nostra:
1943 3731 2057 3771 scr-

459 3830 551 3870 mo
573 3812 866 3878 blanditur,
888 3820 948 3868 ιιι
967 3810 1093 3866 dum
1124 3809 1226 3865 hoc
1242 3809 1464 3866 verbum
1485 3808 1764 3890 itidellttita
1796 3810 2056 3866 brevitate

461 3907 683 3964 dubium
711 3915 814 3972 est,
841 3904 1081 3976 proﬁciat
1111 3903 1176 3959 ad
1198 3919 1461 3959 errorem.
1495 3903 1591 3959 Est
1619 3914 1880 3974 prseterea
1903 3919 2056 3960 error

461 4000 550 4056 hic
576 3999 734 4073 501
759 3999 970 4063 tertius,
988 4008 1048 4053 ut
1065 4012 1190 4054 cum
1215 3997 1373 4052 unius
1391 3996 1703 4054 suilslatllitl:
1715 3997 1875 4054 Pater
1895 4005 1952 4056 et
1974 3997 2059 4054 Fi-

456 4095 567 4150 lius
604 4108 728 4149 esse
771 4092 999 4157 dicatur,
1050 4088 1338 4161 signiﬁcari
1388 4091 1730 4146 existimetur
1754 4091 2055 4148 substantia

461 4187 628 4257 prior,
656 4199 816 4256 quam
853 4184 994 4239 inter
1021 4198 1080 4238 se
1105 4183 1210 4239 duo
1253 4197 1408 4252 pares
1438 4181 1672 4240 habeant
1697 4201 1708 4238 :
1742 4199 1807 4240 ac
1833 4184 1912 4240 sic
1941 4193 2056 4240 tres

460 4293 553 4336 res
581 4292 762 4356 sermo
787 4273 1072 4347 signiﬁcet,
1087 4274 1442 4330 subStantiam
1468 4290 1653 4341 uuam,
1673 4285 1726 4329 et
1747 4273 1883 4332 duos
1899 4277 2054 4331 unius

459 4368 775 4427 substantia:
797 4367 942 4422 velut
970 4365 1304 4423 coheredes.
1333 4365 1402 4422 Ut
1434 4367 1922 4443 euituroltmredes
1949 4367 2055 4424 duo

458 4471 602 4528 sunt,
631 4469 687 4515 et
713 4459 998 4515 hateri-ditas
1027 4457 1264 4514 anterior
1290 4468 1374 4515 est
1397 4464 1553 4526 cujus
1575 4460 1683 4516 duo
1719 4471 1845 4516 sunt
1871 4460 2040 4517 mlta:-

458 4555 614 4612 redes
643 4574 658 4609 :
686 4553 760 4610 ita
787 4553 944 4608 unius
969 4551 1286 4609 substantiae
1313 4554 1600 4611 atttcrioris
1643 4554 1751 4610 duo
1795 4553 1867 4629 (ι’)
1898 4571 2054 4626 pares

2160 3343 2213 3398 in
2245 3360 2305 3400 se
2321 3343 2595 3399 diversum
2618 3357 2682 3397 ac
2703 3341 2966 3397 dissimile
2992 3340 3189 3396 habent
3215 3352 3371 3397 natus
3390 3351 3444 3398 et
3462 3358 3750 3414 generatis.

2163 3435 2229 3492 Et
2259 3446 2376 3505 post
2408 3439 2522 3490 tunc
2545 3477 2559 3501 ,
2615 3449 2774 3490 unam
2819 3431 3174 3488 substantiam
3224 3431 3397 3489 Patris
3439 3443 3495 3490 et
3519 3432 3638 3490 Filii
3667 3433 3752 3491 di-

2159 3527 2351 3596 cendo,
2397 3534 2722 3583 uouerrat:
2771 3532 2864 3580 aut
2885 3539 3045 3580 unam
3071 3524 3428 3582 substantiam
3475 3525 3745 3597 negando,

2155 3622 2264 3693 jam
2296 3629 2499 3693 pecrat.

2235 3720 2321 3775 70.
2356 3717 2437 3772 Ne
2458 3714 2592 3770 aude
2611 3726 2660 3770 et
2679 3721 2795 3768 ante
2816 3712 2918 3768 alia
2941 3712 3269 3784 pradicetnr.
3293 3742 3364 3754 ——
3382 3710 3556 3770 Nemo
3573 3713 3753 3784 itaque

2159 3828 2318 3868 unam
2343 3808 2696 3867 substantiam
2720 3805 2901 3878 negari
2932 3821 2959 3858 a
2985 3805 3138 3860 nobis
3161 3814 3345 3876 putet:
3368 3806 3523 3876 cujus
3552 3804 3754 3862 idcirco

2159 3903 2299 3959 ratio
2327 3900 2632 3959 ostenditur
2660 3941 2675 3966 ,
2721 3914 2788 3952 ne
2831 3905 3073 3967 urgetur.
3113 3895 3283 3952 Nemo
3310 3913 3470 3953 unam
3499 3897 3751 3954 substan-

2161 3995 2286 4050 tiam
2311 3994 2460 4049 brevi
2481 4007 2544 4048 ae
2571 3989 2711 4046 nudo
2741 4001 2992 4044 sermone
3023 3996 3174 4058 putet
3209 3989 3642 4070 praedicandam:
3686 4001 3748 4046 ut

2159 4087 2589 4160 possitreligiose
2615 4084 2719 4142 dici
2736 4099 2838 4140 una
2863 4097 2986 4141 esse
2999 4084 3319 4139 substantia.
3349 4083 3464 4139 Non
3484 4086 3629 4142 enim
3643 4100 3746 4157 ego

2156 4181 2338 4247 autlio,
2357 4177 2604 4234 Christus
2643 4193 2708 4233 ex
2737 4175 2898 4232 Maria
2924 4187 3080 4230 natus
3107 4174 3268 4250 502
3289 4185 3402 4242 est;
3433 4179 3534 4234 nisi
3573 4188 3628 4233 et
3653 4195 3750 4234 au-

2156 4274 2298 4330 diant
2326 4317 2340 4340 ,
2399 4270 2466 4326 1η
2488 4269 2740 4342 principio
2769 4278 2877 4324 erat
2915 4267 3132 4323 Verbum
3155 4278 3203 4324 et
3223 4267 3362 4325 Deus
3382 4281 3492 4325 erat
3527 4268 3750 4326 Verbum

2157 4365 2336 4442 (Jomi.
2387 4362 2528 4434 1,1).
2573 4358 3614 4434 Nonaudiam,(1|iristus(y)csurlvit;
3644 4361 3750 4419 nisi

2157 4469 2276 4532 pust
2305 4455 2656 4530 quadraginta
2689 4454 2899 4510 dierum
2933 4453 3194 4526 jejunium
3234 4454 3473 4522 audiam,
3528 4454 3652 4511 Non
3690 4457 3747 4511 in

2155 4570 2286 4628 pane
2309 4553 2420 4608 solo
2446 4551 2564 4605 sivit
2595 4550 2745 4604 homo
2773 4547 2989 4621 (Matth.
3016 4564 3087 4616 tv,
3113 4546 3195 4619 4).
3237 4546 3355 4605 Non
3387 4547 3623 4615 audiam,
3673 4549 3750 4606 sl-

459 4718 532 4772 bis
558 4729 824 4785 aspergi"
850 4712 1046 4767 videtur
1072 4711 1420 4781 sintplicitotis
1449 4729 1511 4768 ea:
1547 4729 1778 4769 sermone
1803 4717 1912 4770 sine
1931 4733 2042 4770 ιιιι-
2071 4720 2126 4782 Ι)
2223 4713 2296 4785 (c)
2337 4714 2394 4770 In
2446 4711 2721 4782 vulgatis,
2755 4711 2963 4785 dicitur.
3005 4709 3201 4785 Verius
3238 4711 3292 4769 in
3337 4727 3470 4774 mss.
3520 4713 3745 4782 dicatur,

494 4791 656 4843 icione
692 4784 886 4857 aliqua,
916 4785 1037 4854 quin
1056 4784 1168 4850 iam
1205 4789 1299 4838 nec
1337 4785 1502 4838 relata
1523 4796 1628 4852 est,
1660 4787 1917 4840 audienda
1956 4790 2036 4840 sit.

504 4863 602 4931 ips.
633 4868 688 4914 ct
717 4860 838 4931 Pas.
865 4870 879 4908 ε
906 4863 962 4910 ιιι
1003 4870 1120 4925 qua:
1142 4873 1365 4931 errorem
1391 4857 1563 4931 vobis
1593 4874 1655 4931 ea.
1700 4857 2044 4931 simplicitatis

457 4927 724 4988 securitate
749 4927 994 4996 alierum,
1018 4928 1336 4998 cognoscatis
1355 4929 1466 4984 sine
1484 4929 1832 5000 sciscitatione
1849 4932 2039 5000 aliqua,

493 5006 577 5058 uia
596 5005 706 5075 jam
732 5017 820 5075 nec
843 5000 1018 5054 relicta
1042 5010 1115 5075 est
1147 5000 1428 5054 audit-mia.
1461 4999 1886 5075 castiganturcx
1911 4999 2040 5057 mss.

491 5069 679 5130 iitnéns
710 5073 964 5135 llilarius,
996 5085 1060 5125 tte
1087 5069 1226 5126 forte
1267 5069 1645 5136 ntaleaudiat,
1689 5071 1778 5127 ubi
1803 5073 2045 5130 hominu-

459 5153 577 5204 siou
607 5148 776 5218 prima
801 5144 976 5218 fronte
1004 5143 1633 5218 approbarevidebitur,
1658 5145 1899 5218 quamvis
1930 5157 2047 5213 post

459 5231 566 5276 tam
609 5213 866 5273 disertam
897 5213 1020 5269 ﬁdei
1057 5228 1171 5270 sua:
1219 5215 1640 5272 declarationem
1676 5213 1816 5270 nulla
1860 5219 2045 5272 relicui

459 5293 530 5346 sit
572 5292 714 5345 male
751 5285 999 5346 audiendi
1044 5286 1280 5350 occasio,
1316 5286 1400 5343 bis
1449 5287 1626 5343 verbis
1653 5302 1868 5342 omnem
1917 5304 1946 5342 a
1994 5305 2053 5342 se

461 5363 821 5433 suspicionem
858 5372 1110 5433 amovere
1139 5367 1316 5433 curat.

533 5428 612 5507 (is)
637 5437 727 5491 Sic
756 5446 886 5507 mss.
932 5428 1037 5484 nisi
1075 5431 1219 5507 quod
1246 5437 1300 5487 in
1331 5430 1632 5489 recentiore
1651 5429 1840 5494 Carn.,
1869 5441 1922 5486 ιιι
1955 5448 2054 5486 non

462 5502 634 5562 velini.
668 5508 732 5560 Αι
753 5503 906 5568 editi,
930 5512 987 5556 ut
1009 5502 1186 5556 nolim.

533 5580 611 5648 (lt)
651 5576 792 5648 Par,
818 5584 936 5644 post
963 5571 1224 5648 bipsiutn,
1254 5575 1472 5646 speciem
1499 5571 1932 5648 auum._Rcctius
1965 5575 2052 5648 alii

463 5644 610 5712 libri,
659 5647 876 5719 speciem
921 5644 1121 5719 “lam;
1162 5644 1362 5719 ideal,
1405 5663 1565 5702 unam
1612 5646 1968 5719 substantiam
2011 5647 2056 5700 si

465 5716 824 5792 pra-dicamus
845 5731 968 5772 cum
985 5716 1354 5792 similitudine,
1384 5734 1503 5790 quze
1527 5735 1630 5774 non
1654 5718 1879 5772 formam
1905 5720 2058 5772 ilum-

468 5787 614 5848 iasat
639 5803 941 5852 externam,
973 5787 1068 5843 sed
1099 5797 1153 5844 et
1178 5805 1348 5860 genus
1373 5787 1435 5849 ac
1458 5803 1707 5848 naturatn
1739 5800 1943 5859 teneat,
1976 5806 2060 5846 re-

469 5864 658 5936 ligiose
685 5860 1062 5934 pl‘dldlt‘atlltls.

2154 4783 2441 4859 ριιιιρηειιίι
2474 4787 2618 4855 prius
2649 4783 2910 4854 particula
2935 4793 2989 4837 ut
3017 4783 3070 4845 id
3101 4785 3428 4854 postulante.

2221 4879 2299 4950 (ιι)
2341 4877 2431 4932 Sic
2460 4891 2588 4932 mss.
2621 4876 2687 4930 At
2717 4875 2869 4950 editi,
2901 4875 3058 4950 lnijns
3079 4877 3219 4950 tanti
3244 4877 3452 4950 erroris.
3473 4876 3617 4950 μοι
3647 4893 3745 4950 ερ.

2280 4949 2461 5076 ltum;
2493 4963 2555 5001 ex
2579 4963 2630 5002 se
2652 4949 2888 5001 secuisse.
2914 4945 3133 5013 confer,
3177 4947 3221 5002 si
3259 4946 3431 5014 lubet,
3472 4947 3564 5005 lib.
3597 4965 3648 5004 tv
3676 4949 3745 5008 de

2200 5039 2300 5077 rm.
2332 5037 2385 5075 ιι.
2461 5060 2474 5074 .

2200 5039 2300 5078 I'lll.
2332 5037 2385 5075 η.
2422 5037 2474 5076 4.

2224 5111 2294 5183 (ρ’)
2339 5110 2449 5166 νοτ
2479 5124 2626 5183 pares
2647 5124 2766 5166 cum
2795 5108 3038 5179 sequenti
3074 5111 3238 5168 verbo
3262 5127 3370 5167 esse
3403 5110 3748 5170 desideratur

2156 5185 2209 5240 itt
2237 5181 2388 5254 prius
2419 5181 2666 5250 vulgatis.

2229 5275 2300 5348 if)
2332 5275 2565 5344 Lipsius,
2600 5291 2672 5348 ae
2693 5283 2812 5342 post
2833 5289 2954 5326 eum
2984 5270 3133 5348 Pota,
3165 5277 3256 5330 sed
3286 5290 3437 5331 natus
3468 5290 3542 5334 est
3588 5299 3608 5338 :
3635 5299 3740 5341 ηοη

2160 5345 2290 5404 ³Ιίιῖ
2323 5362 2487 5403 sensti
2519 5387 2534 5412 ,
2583 5345 2675 5400 sed
2737 5346 3167 5416 tametialisque
3220 5353 3556 5408 auctoritate.
3618 5355 3763 5412 Pes?

2161 5422 2294 5477 sime
2332 5428 2510 5474 autem
2548 5428 2730 5488 postea
2758 5416 3154 5488 contempurulia
3192 5435 3313 5474 cum
3341 5424 3560 5495 reliquis
3583 5427 3744 5484 editis

2161 5501 2343 5559 habet.

2235 5572 2313 5644 (9)
2350 5570 2536 5626 Obiter
2563 5567 2852 5644 observare
2875 5575 2976 5628 est.
3007 5583 3164 5640 quam
3198 5586 3302 5626 non
3332 5583 3490 5644 neget
3518 5575 3750 5632 llilat-ius

2162 5639 2439 5698 Christum
2465 5639 2740 5701 esnriisse,
2764 5639 2968 5700 sitisse.
2987 5639 3040 5696 et
3058 5654 3274 5710 pastu-at
3306 5639 3427 5700 esse
3450 5649 3746 5704 secundum

2168 5714 2438 5769 hominem
2467 5730 2479 5762 τ
2510 5713 2635 5765 dum
2665 5714 2778 5764 lucc
2809 5713 2880 5765 ita
2911 5713 3243 5769 «:onsiderari
3270 5720 3401 5778 vult,
3445 5729 3502 5771 ιιι
3533 5717 3672 5772 aliud
3699 5721 3751 5774 itt

2170 5804 2248 5865 cii
2265 5783 2598 5865 atinudntnr.
2652 5779 2795 5852 quod
2824 5795 3042 5852 prorsus
3075 5799 3264 5855 expers
3298 5799 3414 5843 erat
3441 5785 3749 5865 httjusntodi

2173 5856 2536 5914 allectionum.
