4266 6460
419 304 526 362 59.9

1224 306 1427 367 LIBER
1469 306 1556 367 DE
1596 309 1908 382 SYNODIS,
1951 309 2085 370 εει]
2118 312 2208 370 DE
2246 313 2404 372 FIDE
2440 314 2931 379 ORiENTALliiM.

418 433 474 481 et
494 422 853 496 :equalitalem
884 424 1106 482 (litierre
1132 426 1321 481 dicunt
1346 444 1359 492 ;
1418 442 1603 499 quiero
1630 428 1772 486 unde
1797 444 2017 503 compa-
2041 430 2097 494 Α
2122 440 2213 487 aut
2233 432 2376 489 aliud
2404 434 2605 505 aliquid
2630 437 2769 494 inter
2793 440 2969 495 simile
2995 441 3175 497 tlili'ert
3194 483 3210 507 ,
3240 451 3297 498 et
3321 442 3559 514 aequale;
3592 458 3715 499 cum

419 526 568 575 retur
590 520 891 590 inqualitas.
962 520 1204 591 Namque
1231 521 1280 576 si
1310 522 1604 579 secundum
1633 525 1925 580 essentiam
1954 533 2009 580 et
2108 540 2231 596 quae
2258 528 2509 584 similiter
2532 530 2667 586 ﬁunt
2689 573 2705 599 ,
2752 533 2942 590 eadem
2983 534 3101 591 ﬁeri
3134 536 3538 608 intelligantur?
3590 532 3708 597 Nisi

415 611 668 668 virtutem
695 622 751 669 et
797 614 1023 683 gloriam
1066 624 1119 668 ct
1161 623 1371 685 tempus
1401 614 1576 671 Patris
1605 615 1779 671 Filius
1815 616 2006 672 similis

416 714 530 771 est;
588 704 863 776 interrogo
890 722 955 762 ex
984 722 1093 778 quo
1114 719 1221 762 non
1251 705 1498 764 videatur
1526 704 1690 779 ὅθι
1717 705 1795 780 (a)
1816 723 2002 780 requa-

415 797 503 855 iis.
532 796 667 854 Nam
692 799 859 855 etiam
891 797 1008 855 bzec
1036 798 1091 855 in
1115 799 1381 871 superiori
1409 799 1515 856 ﬁde
1539 802 1829 856 constituta
1853 799 2005 856 dam-

414 890 563 949 natio
585 901 711 948 est:
761 902 819 949 ut
840 894 1130 950 anathema
1150 904 1318 960 esset,
1350 892 1441 965 qui
1474 893 1685 949 Patrem
1715 893 1995 951 dissimilis

411 985 515 1041 sibi
526 979 785 1043 essentia
802 984 1009 1044 diceret
1029 997 1261 1059 patrem.
1309 984 1365 1043 Si
1394 1003 1527 1057 ergo
1549 996 1795 1043 naturam
1828 1004 2000 1059 neque

409 1077 594 1145 aliam.
625 1094 804 1151 neque
826 1077 1145 1137 dissimilem
1173 1079 1255 1147 ei,
1284 1094 1446 1151 quem
1474 1080 1877 1150 impassibiliter
1900 1097 1997 1152 ge-

410 1173 863 1240 nerabat,dedit;
924 1190 1031 1231 non
1059 1181 1235 1247 potest
1253 1176 1413 1230 aliam
1443 1175 1686 1238 dedisse,
1740 1176 1840 1231 nisi
1876 1192 1997 1245 pro-

407 1268 599 1340 priam.
644 1268 720 1326 Its
746 1268 1047 1326 similitudo
1090 1272 1394 1340 proprietas
1422 1279 1538 1335 est,
1595 1272 1896 1342 proprietas
1924 1287 1997 1326 m—

404 1362 637 1431 qualitas
660 1372 778 1430 est,
830 1371 891 1419 et
910 1362 1193 1435 aequalitas
1234 1363 1367 1418 nihil
1411 1361 1610 1419 dili‘ert.
1654 1363 1784 1432 Quae
1814 1373 1993 1422 autem

403 1454 538 1512 nihil
583 1453 859 1523 dilerunt,
906 1470 1071 1513 unum
1124 1465 1287 1522 sunt;
1343 1469 1450 1513 non
1494 1456 1695 1513 unione
1725 1471 1991 1529 personae,

400 1548 498 1604 sed
520 1548 830 1619 aequalitate
848 1556 1078 1605 natura.

470 1640 561 1697 75.
613 1638 745 1697 Filii
786 1650 836 1695 et
889 1639 1067 1697 Patris
1113 1641 1290 1696 eadem
1318 1641 1502 1697 uirtus.
1540 1670 1612 1681 --
1657 1638 1989 1713 Quamquam

396 1749 528 1791 vero
549 1744 607 1792 et
630 1735 903 1793 communi
928 1748 1112 1801 sensu,
1138 1743 1197 1791 et
1221 1734 1421 1790 divinis
1444 1735 1877 1802 auctoritatibus,
1911 1737 1990 1792 in-

400 1837 480 1884 tur
505 1826 913 1884 similitudinem
942 1839 997 1884 et
1017 1828 1385 1899 aequalitatem
1414 1827 1549 1883 nihil
1572 1827 1795 1884 diﬁ‘erre
1823 1828 1979 1885 intel-
2014 1842 2062 1903 Β

395 1919 591 1992 ligatur
616 1937 630 1985 ;
686 1922 887 1992 quippe
915 1935 1039 1976 cum
1066 1921 1359 1977 secundum
1381 1918 1602 1992 Moysen
1639 1930 1692 1977 et
1714 1919 1977 1976 Joannem

392 2013 535 2071 Patri
559 2013 724 2071 Filius
752 2023 807 2070 et
830 2013 1025 2071 similis
1048 2016 1140 2080 sit,
1178 2023 1235 2070 et
1258 2012 1524 2086 aequalis:
1579 2021 1759 2070 tamen
1799 2013 1979 2070 videa-

391 2123 511 2165 tnus
538 2124 608 2166 an
637 2108 918 2176 Dominus,
947 2109 1150 2167 Judaeis
1179 2108 1541 2167 irascentibus
1578 2106 1723 2182 quod
1756 2108 1975 2165 Patrem

383 2199 491 2259 sibi
519 2202 684 2259 Deum
708 2200 943 2259 dicendo
970 2202 1081 2259 Deo
1108 2216 1169 2257 se
1212 2207 1563 2274 comqua’sset,
1609 2217 1672 2259 se
1712 2216 1838 2260 esse
1876 2204 1975 2260 do-

385 2294 561 2351 cuerit
591 2296 699 2351 Deo
730 2295 1013 2367 aequalem.
1042 2294 1133 2350 Ait
1156 2295 1321 2362 enim,
1364 2293 1486 2349 Non
1525 2304 1688 2365 potest
1718 2294 1888 2351 Filius
1913 2300 1976 2351 ab

384 2405 439 2445 se
460 2392 628 2461 facere
652 2388 934 2461 quidquam
957 2430 973 2458 ,
1024 2389 1125 2445 nisi
1161 2392 1299 2461 quod
1329 2388 1510 2445 viderit
1544 2388 1755 2447 Patrem
1782 2392 1976 2461 facien-

382 2493 480 2539 tem
511 2481 687 2555 (Joan.
722 2499 778 2549 ν,
810 2482 924 2555 19).
981 2485 1270 2539 Auctorem
1296 2483 1550 2539 discrevit
1577 2498 1700 2539 eum
1724 2485 1819 2552 ait,
1853 2483 1975 2540 Non

382 2589 548 2651 potest
573 2579 638 2636 ab
676 2596 733 2634 se
764 2583 972 2650 facere:
1020 2578 1097 2652 (ὁ)
1142 2578 1505 2635 obedientiam
1544 2578 1813 2650 signiﬁcat
1848 2591 1971 2635 cum

378 2673 547 2741 addit,
591 2674 691 2729 nisi
711 2674 848 2745 quod
874 2673 1058 2729 uiderit
1088 2672 1299 2728 Patrem
1328 2673 1617 2744 facientem.
1687 2671 1806 2729 Non
1828 2672 1971 2729 enim

379 2766 924 2827 virtutisdiilerentia
954 2774 1075 2832 est,
1111 2780 1218 2822 non
1247 2779 1409 2837 posse
1448 2765 1549 2821 nisi
1576 2765 1791 2833 videat;
1844 2768 1970 2837 quia

379 2859 628 2915 virtutem
656 2858 825 2931 magis
849 2866 1069 2929 praestat
1099 2866 1308 2923 natura,
1338 2873 1497 2929 quam
1523 2857 1673 2913 visus
1759 2868 1812 2913 at
1840 2874 1971 2913 vero

377 2955 665 3028 obscquela
693 2963 799 3019 est,
832 2964 958 3009 tunc
982 2967 1145 3024 posse
1170 2967 1293 3007 cum
1324 2954 1523 3009 videat.
1568 2954 1742 3024 Atque
1769 2954 1844 3009 ita
1876 2969 1970 3025 per

376 3047 451 3113 id,
474 3048 617 3119 quod
634 3057 763 3105 tunc
787 3055 967 3120 potest
982 3063 1104 3104 curn
1130 3045 1294 3114 videt,
1325 3045 1592 3117 significat
1621 3062 1727 3103 non
1755 3062 1822 3103 ex
1851 3047 1967 3103 visu

372 3157 434 3200 se
463 3142 706 3213 accipere
731 3140 987 3197 virtutem
1015 3182 1031 3208 ,
1088 3140 1187 3198 sed
1217 3140 1538 3196 auctoritate
1586 3142 1734 3197 visus
1763 3155 1963 3212 praesu-

2110 617 2252 676 torte
2273 622 2559 693 quisquam
2614 640 2733 696 quae
2781 628 2971 683 eadem
2992 639 3140 695 sunt.
3192 630 3410 701 negabit
3438 631 3667 704 aqualis
3694 651 3711 701 ε

2108 723 2166 768 ut
2195 728 2317 783 qum
2340 715 2540 771 similia
2565 726 2711 784 sunt,
2735 734 2844 775 non
2870 720 3119 778 dicantur
3140 723 3403 795 aequalia:
3431 738 3556 781 cum
3588 740 3712 797 quae

2104 806 2357 862 similiter
2381 807 2518 864 ﬁunt
2540 851 2555 877 ,
2612 826 2719 867 non
2747 814 2913 871 modo
2955 815 3182 887 mqualia
3211 816 3355 886 ﬁeri,
3386 818 3483 876 sed
3509 818 3707 877 eadem

2108 900 2491 971 (medicentur.

2174 1015 2336 1089 505
2357 1016 2448 1073 76.
2468 1017 2806 1077 Homusion
2824 1033 2958 1078 recte
2972 1024 3079 1079 dies
3091 1024 3498 1096 posse—Caret
3519 1028 3705 1100 igitur,

2101 1108 2343 1177 Fratres,
2387 1113 2687 1170 similitudo
2719 1124 2927 1171 natura:
2964 1119 3313 1175 contumelia:
3349 1122 3699 1192 suspicione:

2099 1220 2202 1261 nec
2233 1212 2411 1275 potest
2440 1207 2609 1264 videri
2641 1208 2809 1265 Filius
2842 1212 3043 1268 idcirco
3069 1214 3121 1268 in
3153 1216 3487 1285 proprietate
3516 1226 3701 1287 pater-

2098 1312 2184 1353 na:
2209 1308 2416 1355 naturae
2448 1315 2553 1356 non
2585 1316 2728 1368 esse,
2765 1304 2891 1375 quia
2938 1305 3131 1361 similis
3151 1317 3267 1362 est.-
3300 1322 3424 1364 cum
3448 1310 3706 1366 similitu-

2097 1392 2168 1449 do
2209 1394 2353 1448 nulla
2400 1395 2489 1459 sit,
2523 1396 2625 1451 nisi
2654 1412 2722 1453 ex
2763 1399 3071 1469 aequalitate
3120 1410 3366 1468 natum;
3422 1405 3703 1474 :equalitas

2095 1497 2272 1544 autem
2297 1500 2503 1546 natura;
2534 1508 2638 1548 non
2664 1501 2841 1562 potest
2869 1496 3133 1559 esse,nisi
3164 1512 3270 1551 una
3296 1497 3400 1562 sit,
3435 1512 3541 1554 una
3570 1514 3701 1555 vero

2101 1599 2207 1639 non
2236 1600 2489 1656 personae
2518 1588 2743 1653 unitate,
2776 1588 2870 1642 sed
2898 1590 3133 1659 generis.
3172 1589 3297 1645 Ilaec
3317 1590 3453 1647 ﬁdes
3479 1593 3565 1663 pia
3593 1604 3699 1661 est,

2094 1678 2213 1734 haec
2250 1680 2580 1736 conscientia
2618 1681 2866 1752 religiosa
2889 1725 2904 1749 ,
2950 1682 3037 1737 hic
3084 1684 3338 1739 salutaris
3384 1700 3567 1743 sermo
3591 1698 3697 1752 est,

2091 1788 2252 1827 unam
2280 1775 2633 1830 substantiam
2667 1775 2842 1830 Patris
2870 1784 2923 1830 et
2953 1776 3074 1831 Filii
3108 1776 3310 1833 idcirco
3333 1792 3439 1833 non
3469 1794 3690 1850 negare,

2086 1870 2211 1936 quia
2257 1867 2447 1921 similis
2494 1876 2610 1922 est:
2661 1866 2892 1922 similem
2944 1881 3074 1924 vero
3133 1868 3204 1925 ob
3249 1868 3302 1925 id
3358 1871 3686 1942 praedicare,

2078 1959 2202 2030 quia
2227 1973 2394 2016 unum
2422 1968 2561 2016 sunt.

2158 2072 2247 2130 77.
2296 2074 2567 2146 Exposita,
2618 2077 2954 2146 Charissimi,
3006 2078 3164 2133 unius
3186 2078 3521 2147 substantias,
3555 2094 3679 2152 quae

2082 2182 2261 2239 graece
2292 2166 2611 2224 homousion
2640 2169 2860 2238 dicitur,
2891 2179 2947 2227 et
2974 2170 3168 2226 similis
3197 2169 3532 2240 substantiae,
3564 2188 3689 2245 qum

2082 2260 2422 2318 liommusion
2442 2264 2761 2334 appellatur,
2817 2264 2960 2321 ﬁdeli
2991 2280 3053 2321 ac
3082 2263 3166 2335 pia
3191 2264 3575 2336 intelligentia,
3610 2266 3689 2341 (e)

2080 2365 2134 2411 et
2159 2358 2322 2425 vitiis,
2346 2374 2465 2429 qua:
2490 2374 2553 2415 ex
2586 2359 2875 2415 verborum
2904 2358 2988 2415 vel
3018 2360 3283 2418 brevitate
3314 2360 3563 2429 subdola,
3591 2362 3677 2418 vel

2078 2449 2383 2519 periculosa
2438 2451 2678 2507 nuditate
2716 2450 2965 2509 accidere
3014 2456 3242 2522 possint,
3279 2456 3685 2513 absolutissimc

2074 2543 2462 2600 demonstratis
2502 2563 2515 2600 :
2543 2545 2788 2616 reliquus
2816 2544 2950 2601 mihi
2981 2560 3165 2601 sermo
3193 2547 3258 2603 ad
3289 2557 3506 2604 sanctos
3533 2548 3685 2605 viros

2073 2633 2381 2693 Orientales
2411 2638 2699 2708 episcopos
2722 2636 3037 2709 dirigendus
3068 2649 3149 2693 est
3175 2656 3188 2704 ;
3222 2648 3282 2695 ut
3310 2640 3435 2711 quia
3462 2642 3573 2710 jam
3606 2641 3676 2698 de

2076 2728 2183 2784 ﬁde
2227 2736 2409 2785 nostra
2451 2718 2587 2785 nihil
2618 2730 2760 2785 inter
2789 2744 2887 2785 nos
2932 2731 3256 2800 suspicionis
3288 2732 3538 2789 relictum
3567 2742 3674 2801 est,

2072 2838 2137 2878 ea
2164 2838 2284 2892 qua:
2313 2822 2487 2879 adhuc
2512 2824 2564 2878 in
2594 2823 2955 2893 suspicionem
2988 2839 3052 2879 ex
3080 2824 3259 2879 verbis
3284 2825 3517 2881 .venlunt
3549 2841 3678 2896 pur-

2073 2924 2301 2985 gentur:
2336 2924 2390 2971 et
2411 2914 2617 2971 dabunt
2642 2916 2878 2980 veniam,
2915 2932 2984 2972 es
3037 2917 3343 2974 communis
3394 2919 3679 2979 conscien-

2070 3008 2159 3065 tire
2185 3007 2291 3064 ﬁde
2314 3023 2499 3066 secum
2529 3009 2750 3065 liberius
2782 3010 3049 3065 locuturo.

2140 3146 2231 3202 78.
2276 3144 2620 3202 Orientalium
2662 3146 2774 3200 laus
2801 3146 2863 3201 ob
2914 3146 3150 3201 heresim
3205 3148 3499 3204 coercitam.
3528 3180 3599 3191 —
3626 3151 3673 3208 Ο

372 3252 521 3293 mere
550 3244 893 3310 potestatem.
939 3233 1056 3291 Non
1084 3250 1213 3305 ergo
1250 3232 1429 3290 differt
1467 3245 1672 3290 natura:
1703 3235 1872 3291 virtus
1908 3235 1960 3289 in
1991 3242 2037 3308 ρ
2068 3239 2294 3295 studiosi
2332 3238 2548 3296 tandem
2575 3239 2886 3311 apostolica:
2916 3250 3081 3309 atque
3103 3240 3432 3311 evangelica:
3460 3242 3669 3299 doctri-

373 3331 533 3388 Putre
550 3338 608 3388 et
634 3327 809 3391 Filio:
837 3329 923 3384 cui
955 3327 1058 3385 hoc
1087 3343 1247 3399 posse
1273 3327 1419 3399 quod
1442 3326 1602 3382 Pater
1631 3328 1823 3397 possit,
1855 3342 1963 3383 non

370 3440 439 3479 ex
470 3425 807 3482 incremento
832 3421 1014 3493 aliquo
1039 3430 1247 3477 natura:
1275 3420 1547 3493 profectus
1579 3420 1821 3487 tribuat,
1866 3420 1963 3476 sed

372 3513 447 3589 (ιε)
487 3514 724 3573 auctoris
761 3514 1090 3584 exemplum.
1164 3512 1409 3583 Denique
1459 3510 1746 3579 honorem,
1801 3526 1962 3583 quem

371 3609 637 3681 Stibjectio
666 3607 1027 3673 conservavit,
1060 3616 1267 3663 natura:
1286 3605 1455 3661 virtus
1483 3608 1735 3676 :cquavit.
1773 3604 1965 3677 Subie-

371 3700 447 3757 cit
473 3702 614 3758 enim
642 3719 657 3756 :
704 3700 1052 3771 Quacumque
1075 3699 1208 3755 enim
1234 3697 1325 3753 ille
1348 3699 1489 3769 facit,
1525 3697 1700 3754 eadem
1725 3707 1771 3753 et
1795 3697 1965 3753 Filius

369 3796 602 3852 similiter
631 3796 751 3867 facit
774 3794 1041 3868 (Ibidem).
1098 3793 1366 3865 Numquid
1415 3791 1712 3849 similitudo
1743 3792 1825 3866 (ά)
1855 3809 1961 3849 non

370 3906 524 3964 requa
547 3891 671 3949 est?
713 3889 892 3964 aliqua
920 3892 1079 3962 plane
1105 3901 1185 3946 est
1206 3889 1418 3947 etiamsi
1443 3904 1701 3960 negemus
1740 3907 1753 3942 :
1788 3889 1963 3944 eadem

370 3988 514 4043 enim
538 3986 773 4043 similiter
793 3986 938 4058 facit.
997 3984 1263 4057 Numquid
1287 3984 1537 4040 similiter
1565 3984 1701 4038 facta
1736 4000 1844 4038 non
1870 3998 1963 4038 ea-

370 4079 494 4136 dem
518 4079 687 4136 sunt?
728 4088 823 4137 aut
867 4079 1058 4136 eadem
1103 4095 1210 4135 non
1251 4079 1517 4150 rccipiunt
1548 4078 1959 4150 aequalitatem?

443 4218 522 4286 (α)
568 4217 803 4273 Rursum
858 4216 1020 4273 ltiein
1045 4217 1294 4285 vulgatis,
1327 4216 1596 4287 aequalitas
1627 4227 1717 4270 est.
1768 4216 1961 4273 Verbis

368 4290 721 4371 sequentibus
749 4289 998 4345 laudatur
1022 4292 1318 4360 Ancyram:
1349 4287 1540 4361 synodi
1565 4287 1807 4344 deﬁnitio
1834 4305 1958 4359 sep-

367 4369 517 4506 ωἳῗί
541 4434 874 4491 Obelientiu:
906 4448 1121 4506 nomen,
1139 4430 1281 4506 quod
1310 4430 1396 4506 hic
1418 4445 1549 4506 sane
1572 4446 1739 4506 sensu
1767 4432 1953 4506 admit-

367 4502 689 4562 tit'iltlarius
716 4508 782 4561 ad
812 4502 1217 4576 signiﬁcandam
1252 4503 1373 4576 Filii
1412 4518 1441 4556 τι
1468 4502 1953 4576 Patreptiginetn,

366 4580 686 4661 simpliciter
726 4574 933 4661 respuit
965 4574 1261 4659 Gregorius
1307 4574 1590 4661 lﬁa‘sianz”
1758 4591 1953 4659 xxiv]:

2069 3349 2151 3388 me
2178 3333 2303 3402 viri,
2329 3348 2465 3405 quos
2496 3332 2622 3387 ﬁdei
2663 3332 2813 3387 calor
2850 3333 2904 3387 in
2934 3333 3097 3389 tantis
3124 3334 3361 3389 tenebris
3399 3334 3669 3392 ἣξει-θύετε

2068 3427 2244 3483 noctis
2268 3426 2517 3483 accendit
2541 3429 2555 3481 ε
2584 3425 2849 3493 Quantam
2882 3440 3038 3495 spem
3067 3425 3389 3481 revocanda:
3418 3443 3564 3485 verte
3605 3430 3667 3483 ﬁ-

2066 3520 2153 3576 dei
2181 3521 2457 3586 attulistis,
2501 3529 2814 3576 constanter
2856 3513 3081 3574 auda'cis
3127 3520 3369 3589 perﬁdia:
3409 3522 3667 3595 impetum

2069 3612 2433 3671 retundendo!
2493 3613 2666 3669 Antea
2696 3614 2838 3669 enim
2882 3614 2937 3668 in
2977 3618 3209 3671 obscuro
3234 3624 3392 3685 atque
3421 3615 3478 3671 in
3503 3632 3671 3689 angit»

2068 3706 2136 3762 lis
2167 3706 2426 3762 Dominus
2465 3704 2719 3762 Christus
2767 3704 2863 3761 Dei
2903 3720 3029 3762 esse
3075 3704 3373 3763 secundum
3418 3717 3667 3766 naturam

2068 3798 2210 3855 ﬁlius
2252 3799 2588 3870 negabatur:
2638 3806 2694 3854 et
2717 3798 2968 3853 essentia:
3007 3798 3163 3870 inops
3207 3808 3465 3872 paternae,
3510 3817 3671 3861 acce-

2066 3893 2210 3963 pisse
2247 3908 2369 3948 cum
2414 3894 2679 3948 creaturis
2722 3891 2987 3960 originem
3036 3888 3105 3947 de
3145 3906 3252 3947 non
3317 3894 3666 3951 exstantibus

2064 3983 2476 4055 praedicabatur.
2546 3968 2619 4039 At
2664 3996 2794 4037 vero
2848 3996 2990 4037 nunc
3037 3982 3271 4053 publica:
3319 3986 3665 4043 auctoritatis

2062 4077 2403 4151 professione
2446 4077 2673 4133 incresis
2700 4091 3086 4148 prorumpens,
3113 4076 3166 4133 id
3194 4076 3341 4150 quod
3366 4089 3521 4143 antea
3553 4079 3666 4136 fur.

2070 4218 2371 4287 probarem;
2395 4226 2442 4273 et
2468 4228 2635 4271 tanien
2694 4217 2861 4272 solam
2882 4218 3023 4287 piam
3050 4234 3159 4273 esse
3199 4219 3554 4279 similitudinis
3577 4225 3665 4280 in-

2069 4290 2399 4372 telligentiam
2424 4289 2777 4358 admonerem,
2804 4304 2920 4361 qua:
2943 4292 3187 4346 unitatem
3205 4292 3501 4351 substantia:
3528 4313 3653 4365 prte-

2065 4362 2295 4506 dwﬂ“
2318 4447 2456 4495 ναιο,
2484 4432 2623 4501 quod
2657 4432 2878 4506 laudans
2918 4449 3003 4489 eos
3045 4434 3367 4506 (Orientales
3404 4439 3524 4493 scil.
3560 4438 3655 4495 ho-

2066 4504 2333 4577 mansion
2363 4508 2781 4577 propugnantes)
2801 4505 2854 4558 in
2878 4504 3119 4577 invidiam
3147 4508 3373 4562 deducor
3391 4526 3424 4561 a
3448 4511 3653 4577 quibus-

2066 4576 2219 4650 dam;
2260 4590 2443 4650 parum
2480 4576 2759 4629 intellectus
2808 4592 2944 4631 sum.
2980 4576 3099 4632 Non
3126 4579 3259 4632 enim
3287 4596 3372 4635 eos
3400 4576 3568 4635 veram
3593 4584 3650 4650 ﬁ-

370 4649 437 4705 b’t
458 4635 590 4705 enim
625 4635 867 4715 Verbum,
890 4635 1106 4735 inquit:
1154 4663 1245 4735 nsi:
1274 4647 1512 4733 obediens
1533 4635 1671 4735 erat,
1714 4664 1807 4735 nec
1840 4648 1953 4703 ino-
1983 4635 2036 4697 D
2061 4635 2842 4735 denigsédnsrsupnsvocmne
2879 4664 3037 4703 vena:
3078 4665 3219 4735 stoer
3247 4635 3647 4735 attulisse'dt'sft'.

364 4723 603 4796 bcdt'ens,
640 4725 711 4785 ὥς
735 4724 828 4796 μὲν
851 4716 1128 4796 γάρίλόνος
1155 4716 1544 4796 οὕτςςὺτςήκᾳος,
1575 4716 1691 4773 οὔτε
1721 4723 1951 4796 ἀνήκοος.

436 4793 508 4867 (ε)
541 4790 890 4867 Michaelinus
913 4790 1083 4847 codex
1110 4806 1235 4867 cum
1261 4790 1567 4867 'l‘elleriano
1589 4831 1603 4853 ,
1638 4794 1958 4867 auctoritatis

364 4861 688 4937 exéntplum:
736 4864 1041 4937 quodnon
1079 4861 1757 4937 abhorretAabllilariaua
1810 4863 1955 4937 locu—

366 4933 531 4994 tione.
584 4937 681 4993 llic
707 4933 935 4992 auctoris
961 4933 1046 4988 vel
1076 4933 1396 4989 auctoritatis
1414 4933 1706 5001 exemplum
1736 4935 1957 5003 perinde

365 5020 448 5082 est
478 5052 494 5075 ,
529 5010 671 5082 quod
720 5022 882 5082 supra
928 5006 1208 5082 auctoritas
1236 5004 1423 5082 sisus_,
1463 5004 1607 5074 quod
1664 5005 1759 5059 lib.
1788 5021 1861 5060 vrt
1890 5006 1957 5062 de

366 5080 519 5139 Trin.
546 5077 632 5138 ἠ.
664 5082 762 5139 18ε
794 5077 1014 5135 uirtutis
1051 5094 1113 5132 ac
1156 5077 1438 5132 naturain
1478 5092 1534 5132 se
1577 5086 1804 5145 paterna:
1836 5094 1958 5134 con-

361 5155 595 5210 scientia.

434 5224 523 5300 (d)_
546 5225 693 5297 Lips.
725 5232 783 5279 et
810 5222 933 5279 Par.
954 5263 970 5292 ,
998 5238 1099 5278 non
1119 5236 1267 5292 aqua
1287 5224 1440 5293 plane
1461 5230 1535 5277 est
1562 5221 1719 5277 etiam
1741 5221 1850 5277 sine
1871 5242 1957 5294 (μμ

363 5314 484 5354 nere
496 5298 528 5353 L’
576 5302 849 5365 corrupte.

435 5368 507 5441 (e)
546 5366 608 5425 In
636 5363 947 5441 antiquiore
979 5380 1081 5421 ms.
1104 5363 1347 5441 _C_arnu_t.
1401 5375 1460 5421 et
1483 5364 1823 5441 _|Iicliaeling
1852 5382 1954 5441 una

363 5434 503 5499 serie
529 5442 615 5498 hic
644 5434 933 5505 adtexitur,
977 5436 1117 5509 quod
1162 5438 1219 5492 in
1248 5434 1637 5509 Valtero_Carn.
1679 5453 1744 5493 ac
1780 5436 1949 5493 Telle-

364 5519 516 5570 riano
544 5515 611 5587 ad
647 5512 768 5567 libri
795 5506 1391 5587 oratnAestyejectum:
1420 5506 1559 5587 Non
1589 5517 1713 5577 puto
1760 5525 1955 5587 quent-

361 5602 516 5659 qnum
534 5582 923 5659 admonendum
942 5583 995 5659 in
1013 5581 1115 5659 hoc
1133 5582 1265 5659 loco,
1278 5590 1333 5635 ut
1360 5581 1615 5659 {rependat
1633 5582 1939 5659 quare_di1e-

362 5654 459 5713 Hm
498 5656 685 5713 similis
732 5654 1031 5709 substantia
1062 5654 1200 5722 piam
1248 5654 1656 5721 intelligentiam,
1706 5654 1804 5705 nisi
1832 5657 1952 5721 quia

363 5731 697 5802 intelligerent
723 5738 771 5802 et
795 5726 1039 5802 impiam;
1080 5733 1128 5802 et
1156 5725 1346 5802 idcirco
1395 5725 1610 5778 similem
1637 5741 1754 5802 non
1786 5728 1946 5802 solum

363 5796 631 5877 mqualimt,
661 5798 751 5854 sed
772 5801 921 5877 etiqm
943 5797 1507 5877 canidem_dixissc:_ut
1529 5812 1686 5877 neque
1713 5796 1927 5877 iintilim

366 5866 554 5943 dinem,
578 5888 731 5943 quam
748 5880 824 5942 tu,
846 5870 1003 5940 frater
1026 5866 1257 5938 Lucifer,
1277 5867 1548 5940 prtt’dt'cari
1578 5870 1830 5929 volueras,
1854 5870 1921 5921 im
1936 5900 1951 5910 ς

2066 4728 2121 4773 nt
2149 4721 2279 4774 sicut
2298 4719 2377 4771 illi
2399 4720 2561 4773 auditi
2592 4729 2729 4782 sunt,
2756 4720 2831 4773 ita
2852 4730 2899 4773 et
2923 4736 3015 4773 nos
3043 4737 3107 4774 ea:
3134 4722 3230 4775 hoc
3256 4733 3436 4776 contra
3473 4722 3655 4778 Valen-

2065 4800 2165 4844 tem
2209 4801 2255 4845 et
2307 4788 2581 4864 Ursaeium
2626 4805 2885 4864 possemus
2914 4792 3105 4858 audiri,
3132 4803 3180 4845 et
3211 4791 3289 4864 (in
3329 4809 3457 4849 mss.
3491 4794 3653 4851 Micb.

2063 4862 2404 4935 cooptandus,
2438 4865 2492 4916 in
2526 4860 2863 4935 Carnutensi
2904 4871 3169 4935 autemet
3211 4860 3345 4919 Tell.
3385 4874 3568 4935 coapta
3595 4885 3657 4922 ea

2066 4931 2247 5007 Deus:
2276 4948 2343 5007 a_n
2377 4948 2476 5003 pro
2511 4951 2614 5006 quo
2634 4941 2770 5007 aptte
2796 4933 2875 5007 ad
2892 4950 2996 5007 cos,
3022 4934 3103 5007 vel
3127 4946 3321 5006 emptus
3346 4938 3412 4989 ad
3434 4931 3539 5007 eos)
3570 4940 3655 4994 al-

2067 5004 2339 5059 locutionis
2381 5004 2549 5077 seruio
2576 5005 2797 5058 blandus
2828 5006 2956 5060 nihil
2996 5006 3142 5059 aliud
3168 5004 3321 5074 quam
3362 5004 3657 5077 prosarium

2067 5078 2412 5150 conviciorum
2448 5075 2694 5149 effugeret
2719 5077 3029 5142 fwditutent,
3082 5093 3194 5130 cum
3226 5075 3455 5133 anterius
3500 5092 3655 5150 atque

2065 5154 2219 5203 etiam
2258 5148 2567 5223 probrosius'
2590 5150 2644 5223 in
2691 5150 3107 5223 consequentibus
3145 5151 3345 5205 occulta
3382 5148 3647 5223 expositio-

2060 5236 2184 5274 num
2209 5236 2368 5275 essem
2390 5219 2638 5273 scandala
2665 5220 2981 5289 proditurus.

2132 5292 2300 5349 Adest
2317 5294 2428 5365 jam
2458 5292 2673 5365 tertium
2703 5305 3023 5365 responsum
3062 5292 3185 5348 libri
3213 5292 3373 5363 huius
3394 5294 3653 5365 apologe-

2061 5365 2223 5421 ticum
2311 5364 2467 5431 cujus
2504 5364 2676 5431 prima
2726 5377 2866 5435 pars;
2887 5362 3033 5417 cadit
3080 5365 3133 5417 in
3177 5362 3296 5421 haec
3338 5362 3523 5432 verba,
3559 5362 3655 5435 pia

2056 5436 2413 5509 intelligentia,
2444 5435 2613 5509 altera
2646 5447 2776 5509 vero
2805 5433 2872 5509 ad
2897 5435 3105 5509 numeri
3132 5436 3411 5509 sequentis
3439 5433 3651 5495 initium

2056 5504 2263 5563 attinci.
2308 5506 2385 5561 Ex
2425 5520 2492 5559 eo
2527 5506 2692 5574 liquet
2725 5505 2774 5557 1⁸
2826 5504 2967 5560 hunc
3009 5504 3223 5561 librum
3254 5506 3504 5564 Lucifero
3530 5510 3647 5564 dis-

2056 5579 2312 5652 plicuisse
2340 5578 2475 5652 ,“20
2538 5576 2801 5652 Hilarium
2845 5576 3021 5652 etiam
3066 5578 3374 5652 quibusdam
3430 5592 3651 5650 propter

2059 5648 2309 5707 cumdem
2341 5648 2535 5703 librum
2563 5651 2614 5700 in
2658 5648 3018 5715 suspicionem
3045 5650 3277 5715 venisse,
3318 5652 3381 5705 ὃν
3406 5648 3645 5706 curn‘vc-

2062 5739 2173 5778 ram
2226 5737 2332 5776 non
2374 5720 2709 5775 existimasse
2738 5719 3089 5773 Orientalium
3106 5719 3294 5785 ﬁdem,
3327 5720 3389 5774 ιυ
3418 5737 3525 5790 quo
3552 5740 3648 5778 eos

2062 5794 2289 5849 consilio
2314 5803 2388 5845 tot
2422 5792 2666 5845 laudibus
2695 5792 2987 5854 clletat,ac
3014 5791 3226 5845 demum
3249 5808 3345 5845 cur
3374 5801 3478 5847 tam
3508 5796 3646 5850 tuui-

2064 5877 2114 5923 ta
2140 5867 2403 5921 edisserat
2434 5864 2484 5919 in
2513 5864 2734 5933 gratiam
2758 5859 3119 5919 similitudinis
3143 5862 3413 5919 essentic.
