4266 6480
552 336 662 393 535

1753 326 1997 388 SANCTI
2046 323 2303 382 iilLARll
2353 323 2665 383 El’lSCOPl

3741 324 3849 380 556

554 454 680 509 hinc.
706 466 814 508 non
836 450 1157 507 calumnior.
1187 448 1326 505 Malo
1357 451 1504 506 enim
1534 446 1737 520 aliquid
1772 460 1971 502 novum
1996 459 2143 501 com-
2172 443 2228 505 Α
2251 439 2384 498 huic
2402 443 2639 499 sermoni
2669 452 2859 499 nostro
2888 456 2994 499 non
3026 444 3325 516 irreligioso
3351 443 3671 499 inseremus.

552 560 907 613 memorasse,
935 560 1097 618 quam
1135 543 1297 615 impie
1326 544 1618 615 respuisse.
1650 534 2019 597 Prmt‘ermissa
2044 538 2144 594 ita-

555 658 661 710 que
671 640 967 711 quaestione
980 638 1252 702 novitatis,
1269 651 1336 693 ne
1352 638 1405 691 in
1428 636 1510 692 bis
1530 634 1745 707 quidem
1760 632 1959 689 residet
1973 647 2143 703 quies-

551 739 647 800 tio,
684 751 800 805 qum
830 735 1102 791 communi
1132 732 1371 788 omnium
1397 740 1637 787 nostrum
1651 728 1856 799 judicio
1885 726 2145 783 damnan-

552 838 664 883 tur.
704 826 838 895 Qnis
880 826 1025 880 enim
1075 840 1221 880 same
1274 825 1471 879 mentis
1502 822 1715 878 tertiam
1762 817 2141 883 substantiam,

552 936 675 989 qua:
715 927 770 975 et
796 919 941 975 Patri
972 926 1027 975 et
1053 916 1193 973 Filio
1221 914 1531 971 communis
1558 913 1649 975 sit,
1675 909 2022 983 praedicabit?
2046 907 2144 964 Vel

550 1012 673 1080 quis
702 1011 997 1068 secundum
1036 1010 1437 1073 Samosateum,
1478 1006 1531 1061 in
1562 1004 1781 1059 Christo
1815 1012 2058 1069 renatus,
2091 1012 2148 1057 et

552 1102 748 1159 Filium
771 1101 1053 1157 confessus
1083 1116 1147 1155 ac
1170 1101 1409 1165 Patrem,
1432 1095 1575 1169 quod
1600 1094 1851 1151 Christus
1872 1094 1929 1150 in
1954 1108 2015 1150 se
2043 1094 2144 1149 sibi

554 1204 610 1250 (ιι
634 1206 786 1264 pater
814 1203 869 1250 et
895 1193 1037 1249 lilius
1066 1194 1137 1248 sit
1163 1190 1553 1248 conﬁtebitur?
1580 1190 1682 1245 Par
1708 1190 1890 1260 itaque
1932 1188 1982 1243 in
2013 1202 2144 1242 con-

558 1286 881 1342 damnandis
913 1284 1278 1356 impietatibns
1304 1283 1682 1339 hatreticorum
1715 1289 1899 1337 nostra
1926 1290 2143 1337 senten-

563 1379 630 1432 tia
663 1388 746 1433 cst
779 1396 793 1433 :
824 1388 876 1433 et
918 1376 1057 1433 hanc
1087 1376 1353 1431 homousii
1392 1374 1799 1444 intelligentiam
1832 1388 1939 1428 non
1978 1372 2142 1428 modo

552 1472 783 1543 respuit,
814 1472 907 1527 sed
946 1480 1005 1528 et
1026 1471 1156 1525 odit.
1187 1469 1351 1543 διο
1378 1471 1551 1538 Atque
1586 1468 1655 1522 ita
1685 1484 1794 1522 non
1824 1465 2149 1539 relinquitur

554 1568 761 1621 vitiasze
792 1566 1162 1635 intelligentiae
1190 1564 1439 1635 quaestio,
1464 1561 1558 1619 ubi
1582 1562 1635 1618 in
1664 1560 1778 1617 vitii
1801 1558 2147 1617 damnatione

553 1661 857 1713 communis
878 1673 1132 1714 assensus
1160 1665 1261 1711 est.

624 1749 712 1806 85.
747 1749 900 1817 Quod
925 1750 1006 1819 pie
1030 1768 1062 1803 ιι
1094 1747 1312 1804 Νἱεωιια
1342 1748 1540 1819 synodo
1582 1756 1891 1815 susceptum,
1925 1762 2027 1801 non
2058 1748 2145 1801 de-

2328 553 2346 585 t
2382 534 2668 592 Credimus
2696 536 2749 591 in
2780 550 2944 591 unum
2967 536 3134 592 Deum
3163 547 3367 608 patrem
3388 536 3841 607 omnipotentem,

2246 630 2490 684 omnium
2540 627 2825 685 visibilium
2868 636 2927 685 et
2969 627 3313 685 invisibilium
3358 628 3639 686 factorem.
3685 627 3755 684 Et
3789 630 3844 684 in

2248 739 2413 779 unum
2444 723 2733 779 Dominum
2763 733 3005 779 nostrum
3031 722 3217 780 Jesum
3236 724 3510 781 Christum
3533 725 3698 781 ﬁlium
3721 725 3843 791 Dei,

2248 823 2433 871 natum
2460 830 2526 870 ex
2556 814 2718 872 Patre
2756 816 3111 887 unigenitum,
3143 816 3247 872 hoc
3288 828 3388 884 est,
3429 816 3500 873 tle
3542 817 3846 874 substantia

2249 905 2444 973 Patris,
2467 906 2636 962 Deum
2660 921 2725 961 es
2748 906 2879 971 Deo.
2914 908 3092 965 lumen
3120 923 3186 964 ex
3218 909 3440 974 lumine.
3465 908 3634 965 Deum
3655 925 3842 964 verum

2246 996 2314 1052 de
2356 998 2468 1052 Deo
2498 1013 2641 1064 vero,
2694 1010 2878 1054 natum
2922 1014 3027 1055 non
3060 999 3281 1067 luctum,
3326 1002 3488 1057 unius
3527 1002 3845 1058 substantia:

2246 1106 2369 1146 cum
2409 1090 2589 1157 Patre,
2624 1090 2704 1164 (ά)
2734 1092 2877 1161 quod
2921 1107 3101 1164 grzece
3136 1094 3325 1149 dicunt
3364 1094 3705 1162 homousion,
3747 1110 3847 1165 per

2247 1199 2408 1255 quem
2445 1185 2626 1243 omnia
2654 1185 2793 1243 facta
2831 1195 2958 1244 sunt
2982 1202 3101 1260 quae
3139 1188 3194 1243 in
3227 1188 3366 1245 ctelo
3391 1197 3449 1245 et
3474 1189 3529 1245 in
3555 1199 3725 1257 terra,
3751 1190 3844 1263 qui

2247 1288 2470 1352 propter
2490 1291 2727 1337 nostram
2739 1282 2968 1338 salutem
2990 1282 3268 1341 descendit
3286 1282 3380 1356 (ι’),
3404 1286 3712 1341 incarnatus
3732 1294 3837 1350 est,

2248 1380 2303 1429 et
2332 1372 2494 1429 homo
2521 1374 2682 1449 διι
2702 1372 2877 1430 factus
2898 1385 3004 1439 est,
3031 1386 3087 1431 et
3117 1389 3304 1445 passus
3328 1385 3433 1443 est,
3458 1385 3519 1433 et
3545 1377 3843 1435 resurrexit

2247 1468 2405 1521 tertia
2449 1465 2562 1533 die,
2600 1476 2656 1522 et
2691 1467 2971 1524 adscendit
3012 1469 3065 1523 in
3094 1470 3284 1538 custos,
3314 1479 3575 1527 venturus
3598 1471 3845 1541 judicare

2248 1560 2401 1615 vivos
2435 1571 2491 1617 et
2519 1570 2779 1617 mortuos.
2814 1562 2882 1619 Et
2913 1562 2968 1619 in
2997 1561 3255 1631 Spiritum
3305 1572 3574 1622 sanctum.
3605 1566 3715 1622 Eos
3752 1581 3847 1620 au-

2246 1662 2379 1718 tem,
2402 1653 2492 1725 qui
2515 1652 2723 1720 dicunt,
2754 1653 2883 1710 Erat
2911 1656 3127 1728 quando
3154 1670 3259 1711 non
3286 1664 3424 1725 erat,
3455 1665 3511 1712 et
3533 1666 3659 1713 ante
3680 1671 3842 1729 quam

2248 1756 2565 1802 nasceretur
2587 1760 2694 1802 non
2724 1754 2862 1815 erat,
2895 1758 2949 1805 et
2977 1748 3118 1818 quod
3143 1748 3211 1804 de
3240 1763 3345 1803 non
3374 1742 3712 1805 exstantibus
3733 1750 3845 1807 lac-

553 1844 663 1897 bcnt
692 1844 991 1911 improbari.
1021 1871 1091 1883 -ο
1120 1842 1341 1897 Dictum
1367 1851 1546 1896 autem
1586 1856 1674 1895 me
1705 1838 1920 1893 tandem
1946 1836 2015 1891 de
2041 1844 2148 1892 ter—
2175 1838 2225 1902 Β
2253 1846 2339 1894 tus
2367 1846 2471 1905 est,
2514 1840 2593 1895 vel
2620 1854 2687 1895 ex
2717 1839 2819 1893 alia
2845 1841 3141 1895 substantia
3187 1849 3279 1895 aut
3312 1842 3568 1908 essentia,
3597 1841 3848 1899 dicentes

551 1939 623 1990 tia
651 1938 973 2007 quastione,
1003 1950 1101 1991 oro
1132 1947 1247 2001 vos,
1282 1948 1353 1989 ne
1383 1934 1473 1989 ubi
1502 1946 1605 2005 pax
1645 1929 1995 1987 conscientia:
2037 1937 2144 1994 est,

548 2028 622 2082 ibi
648 2030 720 2084 sit
750 2043 923 2099 pugna
950 2028 1319 2097 suspicionum
1352 2045 1364 2078 ε
1392 2041 1567 2097 noque
1599 2024 1891 2094 quidquam
1924 2036 2012 2079 me
2038 2020 2143 2077 nisi

550 2123 617 2174 ad
669 2122 893 2176 unitatis
948 2120 1245 2192 proiectum
1296 2117 1539 2189 proferre
1587 2114 1931 2172 existimetis.
1984 2114 2147 2169 inane

550 2215 695 2270 enim
739 2223 843 2281 est,
885 2214 1209 2271 calumniam
1258 2212 1411 2268 verbi
1457 2210 1862 2283 pertimescere,
1918 2207 2008 2262 ubi
2054 2220 2146 2261 res

551 2312 687 2376 ipsa,
735 2309 888 2380 cujus
931 2307 1155 2364 verbum
1200 2315 1305 2375 est,
1350 2321 1459 2381 non
1494 2304 1689 2361 habeat
1741 2301 2141 2358 difﬁcultatem.

548 2403 807 2473 Displicet
829 2403 1078 2474 cuiquam
1107 2402 1159 2457 in
1184 2398 1395 2474 synodo
1419 2398 1637 2455 Niczena
1665 2396 1983 2452 homousion
2013 2410 2136 2449 esse

548 2497 905 2567 susceptum?
930 2496 1046 2551 Hoc
1070 2498 1115 2551 si
1157 2495 1244 2551 cui
1275 2493 1545 2563 displicet,
1576 2491 1786 2561 placeat
1815 2503 2039 2545 necesse
2061 2497 2148 2543 est

548 2588 694 2663 quod
724 2590 791 2644 ab
819 2589 896 2661 (ιι)
923 2589 1066 2643 Ariis
1094 2588 1165 2642 sit
1184 2594 1457 2656 negatum.
1488 2583 1749 2655 Negatum
1774 2584 1918 2637 enim
1946 2580 2147 2636 idcirco

550 2692 634 2738 est
661 2683 1001 2743 homousion,
1034 2696 1101 2736 ne
1125 2695 1193 2735 ex
1228 2679 1529 2735 substantia
1579 2677 1675 2732 Dei
1700 2667 1868 2747 patris
1913 2674 2057 2730 Dens
2087 2674 2148 2728 ﬁ-

558 2776 662 2831 lius
696 2785 875 2841 natus,
907 2774 1002 2828 sed
1044 2772 1339 2829 secundum
1375 2770 1652 2826 creaturas
1676 2784 1743 2825 ex
1775 2768 1946 2823 nihilo
1972 2767 2149 2821 condi-

557 2879 645 2923 tus
696 2867 1104 2938 pra-dicaretur.
1145 2865 1289 2921 Nihil
1340 2879 1540 2920 novum
1582 2862 1872 2934 loquimur,
1906 2861 2146 2931 pluribus

549 2961 695 3018 edita
723 2962 914 3016 litteris
946 2960 1064 3031 ipsa
1091 2960 1345 3015 Ariorum
1372 2956 1596 3028 perﬁdia
1625 2956 1728 3013 sibi
1760 2955 1917 3010 testis
1942 2965 2047 3008 est.
2089 2953 2144 3008 Si

551 3063 772 3125 propter
800 3053 1112 3123 negantium
1164 3051 1497 3122 impietatem
1546 3049 1634 3119 pia
1664 3058 1778 3103 tum
1806 3046 1904 3103 fuit
1949 3045 2147 3102 intelli-

550 3147 734 3219 gentia
787 3147 1175 3212 conﬁtentum;
1226 3160 1410 3215 quae
1450 3159 1547 3200 cur
1586 3144 1748 3198 hodie
1788 3142 2143 3208 convellatur,

2249 1931 2659 1987 convertibilem
2679 1940 2735 1987 et
2762 1932 3142 1988 demutabilem
3165 1932 3333 1990 Deum
3366 1952 3380 1988 :
3413 1934 3512 1991 hos
3532 1936 3843 1993 anathema-

2252 2026 2384 2080 tizat
2410 2026 2673 2081 catholica
2704 2025 2968 2081 Ecclesia.
3000 2046 3020 2081 ι

2319 2116 2435 2172 Νοιι
2467 2117 2554 2173 hic
2580 2118 2921 2174 sanctissima
2948 2119 3323 2191 religiosorum
3345 2120 3584 2179 virorum
3608 2123 3848 2193 synodus

2249 2214 2434 2268 nescio
2462 2226 2623 2285 quam
2655 2212 2911 2283 priorem,
2958 2228 3078 2285 qua:
3108 2216 3162 2270 in
3200 2214 3337 2271 duos
3373 2214 3545 2271 divisa
3575 2218 3669 2285 sit,
3714 2219 3846 2273 sub-

2248 2306 2501 2361 stantiam
2530 2305 2843 2372 introducit,
2871 2307 2965 2361 sed
3008 2306 3201 2362 Filium
3231 2315 3415 2363 natum
3444 2308 3513 2364 de
3540 2310 3842 2366 substantia

2250 2398 2443 2456 Patris.
2493 2399 2762 2471 Numquid
2806 2408 2865 2456 et
2916 2414 3017 2476 nos
3065 2400 3363 2471 negamus?
3390 2410 3488 2457 aut
3524 2401 3654 2473 quid
3699 2402 3845 2458 aliud

2248 2493 2607 2549 conﬁtemur?
2631 2492 2700 2548 Et
2728 2502 2849 2564 post
2874 2502 3100 2549 caeteras
3141 2497 3442 2550 communis
3468 2494 3590 2551 ﬁdei
3632 2499 3848 2567 exposi-

2252 2589 2427 2641 tiones
2474 2586 2568 2652 ait,
2616 2604 2635 2639 ι
2665 2584 2858 2641 Natum
2909 2600 3016 2641 non
3056 2585 3278 2654 factum,
3335 2586 3497 2644 unius
3533 2586 3848 2645 substantia:

2249 2694 2371 2733 cum
2396 2676 2575 2743 Patre,
2596 2677 2742 2749 quod
2772 2692 2945 2748 graece
2974 2678 3159 2734 dicunt
3190 2680 3530 2735 homousion.
3559 2700 3582 2734 s
3611 2680 3744 2750 Quae
3760 2680 3849 2737 hic

2250 2772 2461 2825 vitiosae
2492 2770 2861 2839 intelligentitc
2885 2770 3098 2826 occasio
3125 2771 3240 2826 est?
3268 2771 3437 2827 Natus
3460 2787 3583 2830 esse
3610 2773 3680 2829 de
3717 2774 3841 2830 sub—

2250 2864 2446 2919 stantia
2477 2858 2654 2919 Pa'tris
2682 2862 2870 2931 Filius,
2904 2879 3011 2919 non
3042 2864 3210 2919 factus
3237 2865 3563 2937 praulicatur
3596 2886 3608 2919 :
3638 2883 3708 2921 ue
3752 2882 3849 2921 na-

2250 2960 2432 3014 tivitas
2454 2958 2771 3019 divinitatis.
2804 2959 3009 3015 factura
3052 2960 3124 3014 sit
3165 2962 3473 3016 creationis.
3502 2960 3705 3019 Idcirco
3748 2978 3847 3017 au-

2250 3060 2358 3105 tem
2385 3053 2538 3107 unius
2564 3052 2864 3107 substantiis
2884 3068 2903 3107 :
2929 3067 3037 3107 non
3078 3061 3139 3107 ut
3165 3067 3305 3108 unus
3332 3054 3589 3110 subsistat
3633 3064 3729 3111 aut
3753 3070 3845 3112 so-

2248 3144 2356 3209 lus,
2394 3144 2487 3201 sed
2520 3156 2575 3199 ut
2605 3159 2675 3200 cx
2710 3145 3006 3201 substantia
3041 3144 3133 3200 Dei
3164 3156 3457 3233 natusonon
3481 3145 3697 3202 aliunde
3721 3148 3843 3204 sub

554 3242 698 3312 quod
731 3248 842 3296 tum
866 3242 954 3311 pie
984 3247 1293 3311 susceptum
1327 3248 1432 3305 est,
1461 3239 1587 3308 quia
1611 3236 1772 3308 impie
1812 3237 2140 3308 negabatur?
2170 3249 2217 3313 ο
2249 3238 2403 3292 sistat
2436 3279 2450 3301 ,
2509 3253 2682 3310 neque
2720 3248 2777 3292 ut
2833 3238 2886 3293 in
2938 3239 3111 3309 aliqua
3167 3237 3481 3295 dissidentis
3529 3237 3845 3297 substantiae

550 3335 607 3391 Si
638 3334 725 3405 pie
768 3343 1080 3404 susceptum
1110 3342 1193 3388 εει
1226 3347 1362 3387 :eur
1407 3332 1554 3387 venit
1580 3331 1897 3386 constitutio
1928 3330 2142 3400 pietatis

549 3428 603 3483 in
630 3427 858 3492 crimen,
908 3442 1029 3498 quae
1067 3426 1395 3495 impietatem
1437 3426 1525 3495 pie
1564 3439 1662 3494 per
1700 3439 1763 3480 ea
1793 3425 1907 3494 ipsa
1949 3422 2143 3493 quibus

548 3520 625 3593 (ὁ)
656 3520 976 3590 impiabatur
1004 3518 1295 3574 exstinxit?

620 3615 710 3671 8L
741 3612 974 3671 Nicena:
992 3614 1177 3684 synodi
1200 3629 1403 3682 scapus.
1430 3612 1737 3685 Symbolum
1760 3611 1812 3667 Ν
1816 3614 2051 3667 ἱεαήωιι.
2072 3642 2141 3654 —

552 3708 845 3764 Videamus
866 3708 1028 3778 igitur
1063 3706 1190 3777 quid
1217 3706 1432 3763 Nicena
1474 3708 1714 3779 synodus
1737 3707 1810 3779 (c)
1856 3706 2143 3773 studuerit,

556 3800 902 3867 homousion,
938 3798 990 3854 id
1006 3810 1109 3864 est,
1134 3799 1293 3855 unius
1318 3799 1631 3854 substantia:
1660 3798 1969 3855 conﬁtendo
2000 3815 2143 3856 :nou

557 3897 742 3967 utique
784 3894 1033 3951 haeresim
1074 3894 1366 3966 parturire,
1398 3909 1518 3966 quae
1547 3892 1616 3949 de
1647 3894 1913 3949 homousii
1954 3894 2145 3949 vitiosa

551 3989 805 4060 opinione
842 3986 1167 4056 concipitur.
1206 3986 1348 4051 Non,
1390 3985 1609 4056 opinor,
1646 3985 1777 4041 illud
1829 3986 2140 4056 loquentur,

548 4083 692 4154 quod
737 4094 899 4137 unam
934 4080 1269 4138 anteriorem
1309 4080 1667 4136 substantiam
1696 4080 1858 4136 Pater
1887 4091 1937 4135 et
1972 4081 2144 4137 Filius

550 4179 602 4231 in
640 4174 997 4231 substantiam
1023 4189 1175 4230 suam
1208 4173 1495 4246 partiendo
1534 4170 1841 4229 diviserint.
1876 4173 1943 4229 Et
1970 4174 2140 4246 ipsum

541 4270 758 4343 quidem
788 4269 1040 4342 religiose
1068 4277 1179 4325 tum
1230 4267 1483 4339 scriptam
1526 4266 1711 4335 ﬁdem,
1744 4283 1885 4324 nunc
1928 4283 2143 4339 quoque

543 4453 602 4493 ιι.
627 4436 695 4489 14
721 4443 775 4488 et
804 4432 895 4500 l9,
946 4432 998 4487 in
1028 4431 1177 4501 ipsos
1215 4428 1499 4484 haereticos
1528 4427 2090 4501 parite_r_retorqucnt
2122 4444 2135 4480 :

543 4507 744 4578 quippe
767 4507 857 4577 qui
882 4496 1317 4578 'patremdixere
1365 4500 1665 4569 ingenitum,
1696 4496 1889 4551 Filium
1921 4512 2140 4578 veroex

542 4568 653 4633 non
675 4568 808 4639 ante}
832 4568 1016 4630 ct'non
1045 4576 1208 4646 [ltisse
1230 4568 1550 4646 priusquam
1582 4579 1903 4646 nasceretur,
1921 4578 1976 4622 et
2004 4568 2138 4646 alias

2246 3330 2559 3411 diversitate
2599 3330 2877 3388 subsistat.
2923 3331 3031 3388 Aut
3077 3332 3333 3404 numquid
3391 3348 3501 3389 non
3543 3333 3658 3390 haec
3711 3334 3845 3391 ﬁdes

2249 3432 2431 3479 nostra
2463 3432 2565 3488 est,
2606 3433 2793 3480 utnon
2822 3423 3039 3480 aliunde
3077 3426 3358 3493 subsistat,
3386 3440 3562 3498 neque
3585 3426 3729 3496 quod
3754 3426 3841 3483 in-

2246 3517 2524 3573 dissimilis
2560 3516 2853 3575 subsistat?
2899 3517 3008 3574 Aut
3051 3506 3195 3573 aliud
3233 3519 3319 3574 hic
3363 3518 3843 3575 teststurhomon-

2247 3614 2389 3677 sion,
2433 3626 2594 3682 quam
2628 3620 2685 3666 ut
2722 3627 2825 3668 una
2871 3621 3031 3685 atque
3072 3612 3407 3668 indissimilis
3448 3612 3612 3669 duum
3661 3613 3733 3669 sit
3758 3628 3845 3670 se-

2248 3707 2484 3764 cundum
2530 3719 2734 3764 natum:
2774 3706 2843 3782 (ο
2878 3709 3186 3779 progeniem
3212 3710 3473 3776 essentia,
3504 3708 3628 3782 quia
3656 3722 3844 3766 essen-

2252 3804 2323 3856 tia
2353 3801 2473 3857 Filii
2507 3815 2613 3857 nou
2642 3802 2716 3857 sit
2739 3800 2996 3857 aliunde?
3022 3801 3151 3871 00:0
3181 3801 3303 3872 quia
3342 3800 3559 3859 aliunde
3589 3818 3696 3859 non
3732 3810 3841 3871 est,

2245 3899 2404 3955 unius
2427 3906 2575 3955 recte
2598 3912 2718 3955 esse
2747 3897 2909 3954 ambo
2934 3894 3223 3954 credentur
3251 3888 3535 3962 essentize;
3562 3897 3689 3969 quia
3713 3896 3843 3953 sub-

2247 3990 2500 4046 stantiam
2528 3989 2822 4045 nativitatis
2843 3988 3011 4045 Filius
3034 4004 3139 4044 non
3162 3988 3360 4045 habeat
3380 3988 3484 4045 nisi
3508 3988 3577 4045 de
3604 3998 3843 4061 paternas

2245 4085 2568 4141 auctoritate
2596 4092 2820 4141 natura.

2318 4177 2406 4233 85.
2443 4176 2760 4233 Mantousion
2798 4193 2921 4231 num
2948 4176 3366 4247 improbandnm,
3392 4176 3512 4251 quia
3539 4177 3716 4232 vitiose
3756 4193 3838 4230 so-

2243 4272 2345 4327 leat
2392 4272 2628 4346 intelligi.
2666 4301 2729 4314 -—
2756 4262 2863 4329 Sed
2904 4270 3043 4329 forte
3086 4288 3117 4329 e
3162 4273 3436 4329 contrario
3480 4272 3711 4338 dicetur,
3754 4272 3838 4328 id-

2248 4431 2471 4494 ἀσεϐῶ,
2522 4428 2595 4485 id.
2622 4438 2728 4493 est,
2785 4428 3115 4499 impietatem
3150 4445 3332 4499 agere,
3366 4430 3654 4488 conﬁctum
3687 4431 3837 4488 vide-

2250 4512 2355 4558 tnr.
2396 4500 2566 4555 Porro
2614 4500 2745 4557 illud
2788 4503 3097 4569 impiabatur
3137 4500 3203 4557 ad
3250 4502 3547 4559 Samosatei
3590 4506 3834 4561 haeresim

2247 4574 2437 4648 referri
2468 4573 2751 4629 commode
2775 4580 2940 4645 queat
2964 4590 2975 4648 ξ
3005 4582 3063 4648 ut
3091 4588 3191 4642 qua
3215 4574 3304 4648 ille
3334 4590 3467 4631 voce
3494 4574 3636 4648 unde
3664 4580 3834 4648 posita

544 4664 709 4705 voces
727 4638 1106 4718 excogitarunt
1125 4638 1423 4718 Scriptor-is
1447 4656 1667 4718 prorsus
1694 4638 2142 4718 inetigttitas:_Ye-
2168 4639 2221 4701 1)
2249 4646 2577 4714 impietatem
2609 4658 2759 4718 suam
2789 4638 3129 4718 enuntiabat,
3158 4645 3365 4718 ea‘ipsa
3386 4660 3483 4715 per
3509 4646 3644 4702 alias
3664 4638 3834 4718 "supe~

545 4736 687 4784 rum,
720 4727 777 4773 ιιι
804 4710 962 4774 docet
978 4710 1327 4780 Athanasius,
1346 4710 1746 4782 libideSynod.
1775 4710 2137 4781 p.913,ﬂila-

543 4794 628 4847 rio
657 4798 842 4846 nostro
861 4790 951 4844 hic
973 4790 1324 4857 suilragante,
1354 4785 1483 4839 nihil
1500 4785 1556 4837 id
1580 4786 1755 4853 refert,
1783 4785 1827 4857 si
1851 4786 1965 4857 quis
1989 4798 2137 4837 vates

543 4866 599 4917 in
630 4863 903 4931 Scriptura
928 4877 1032 4915 non
1055 4854 1285 4931 repertas
1312 4866 1544 4925 usurpet,
1575 4871 1727 4931 quam
1767 4854 1857 4906 diu
1887 4854 1997 4931 pias
2018 4870 2132 4907 sen-

542 4927 764 4998 tentiasp
794 4927 1165 5001 complectitur.
1217 4927 1408 4984 Contra
1446 4927 1940 5001 haereticustamctsi
1989 4941 2134 4977 voces

542 5022 665 5059 suas
710 5021 738 5058 e
778 4998 941 5059 sacris
987 5004 1172 5058 litteris
1227 5009 1457 5069 usurpet,
1496 4998 1829 5052 nihilominus
1874 5006 2138 5065 suspectus

542 5076 817 5148 animoque
840 5085 1116 5148 corruptus
1141 5072 1315 5128 audiet
1337 5088 1370 5127 a
1397 5070 1620 5142 Spiritu,
1647 5070 1822 5138 Quare
1845 5079 1899 5121 tu
1926 5083 2133 5123 enarrat

533 5145 767 5220 justitias
791 5145 998 5220 meatf
1211 5215 1222 5220 _
1291 5215 1302 5220 _
1361 5216 1428 5220 __
1507 5214 1518 5220 _
1948 5202 1957 5208 _

614 5218 689 5290 ia)
723 5218 917 5275 Exeusi
950 5216 1056 5280 hic,
1085 5215 1222 5290 quod
1249 5215 1312 5290 ab
1339 5214 1543 5290 Arionis
1567 5220 1641 5266 est
1665 5222 1905 5290 iugatum
1928 5227 1943 5272 ;
1966 5220 2021 5265 et
2051 5209 2131 5290 in:

538 5290 645 5354 Ira,
671 5282 1004 5343 'Arianorum
1033 5304 1052 5343 :
1075 5282 1524 5342 dissentientibus
1570 5299 1701 5339 mss.
1749 5282 1839 5336 Sic
1871 5290 1945 5354 ~et
1992 5282 2134 5350 apud

543 5352 901 5418 Phtebadinm
920 5359 1055 5423 Arii,
1088 5374 1194 5412 non
1223 5358 1403 5411 Ariani
1426 5364 1821 5423 nuncupantur.
1852 5352 2135 5418 Quomodo

542 5435 631 5487 hic
650 5432 905 5493 Hilarius.
932 5434 1003 5485 ita
1020 5429 1366 5494 Athanasius,
1391 5429 1481 5485 lib.
1507 5426 1575 5480 de
1600 5426 1735 5496 Syu‘.
1765 5442 1818 5496 p.
1847 5424 1971 5488 9%0,
1992 5423 2134 5496 idem

540 5503 861 5560 vocabulum
884 5503 1203 5557 homousion
1229 5512 1376 5557 recte
1392 5508 1448 5555 et
1476 5498 1545 5554 ab
1568 5494 1904 5553 An‘tiochena
1926 5494 2135 5567 synodo

542 5586 736 5631 contra
779 5575 1152 5632 Samosateum
1192 5573 1476 5642 reiectum,
1521 5580 1575 5625 et
1623 5586 1654 5624 a
1694 5568 1909 5642 Nicaeun
1946 5578 2135 5622 contra

543 5646 774 5702 Arianos
811 5655 1122 5715 susceptum
1161 5641 1351 5715 probat
1380 5657 1446 5698 ex
1476 5656 1644 5711 scopo
1689 5641 1967 5706 utriusque
1999 5653 2129 5694 con-

542 5719 670 5772 cilti.

615 5790 691 5857 (lt)
720 5789 807 5845 Sic
839 5804 969 5844 mss.
1006 5788 1148 5844 Editi
1180 5802 1327 5852 vero,
1359 5786 1691 5857 impfcbatur.
1724 5782 2132 5857 Verbo-impiari

546 5854 683 5919 usus
729 5872 812 5919 est
866 5862 1081 5918 l’lautus
1123 5879 1134 5915 :
1176 5858 1316 5930 quod
1366 5854 1581 5930 quidem
1633 5856 1698 5911 ad
1750 5856 1918 5912 instar
1966 5854 2129 5925 δι’πεί

2240 4720 2415 4773 rinres
2448 4715 2701 4786 exposita
2730 4716 2841 4771 Arii
2872 4716 3203 4786 impietatem
3234 4714 3447 4773 Nicena
3478 4718 3717 4786 synodus
3735 4714 3836 4775 ex-

2237 4785 2652 4843 stinxerit.'Nisi
2682 4785 2839 4842 forte
2867 4785 2987 4857 quis
3018 4787 3204 4843 mallet
3258 4788 3345 4845 hic
3394 4785 3559 4847 olludi
3600 4790 3665 4845 ad
3718 4806 3836 4848 eam

2241 4861 2529 4921 rationem,
2557 4872 2663 4929 qua
2708 4873 2897 4915 vocem
2945 4858 3265 4915 homousion
3313 4859 3571 4918 adversus
3616 4862 3839 4918 Eusebii

2236 4932 2473 5002 argutias
2499 4929 2691 5002 Nirea:
2718 4940 3023 5002 susceptam
3065 4940 3247 4986 narrat
3284 4932 3624 5002 Ambrosius,
3651 4933 3746 4991 lib.
3776 4949 3833 4991 tu

2235 5000 2459 5060 de'Fide
2482 5016 2533 5057 c.
2565 5001 2657 5067 15,
2689 5018 2745 5055 ιι.
2779 5000 2899 5067 lib,
2931 5002 3074 5073 quod
3107 5006 3282 5059 minus
3307 5004 3583 5075 probabile
3610 5000 3722 5061 est.

2316 5094 2389 5164 (ε)
2427 5091 2488 5149 1η
2525 5090 2776 5164 vulgatis.
2825 5093 3081 5150 statuerit.
3125 5091 3320 5151 Verius
3354 5110 3481 5151 mss.
3532 5096 3781 5156 studuerit
3812 5114 3830 5153 :

2239 5163 2363 5221 cum
2393 5179 2498 5221 non
2529 5163 2635 5220 tam
2666 5174 2937 5239 qtneratur
2978 5180 3045 5223 an
3079 5163 3401 5224 homousion
3434 5174 3696 5226 statutum
3734 5171 3827 5239 sit,

2238 5253 2312 5308 qu
2328 5254 2398 5291 tm
2421 5252 2527 5307 quo
2555 5237 2805 5292 consilio.

2312 5331 2391 5402 (tl)
2422 5330 2656 5403 Aliquot,
2680 5345 2811 5388 mss.
2845 5340 2902 5387 ut
2926 5331 3251 5403 [fragmento
3288 5347 3347 5400 tt,
3393 5348 3543 5389 num.
3571 5332 3662 5397 27.
3693 5336 3829 5403 quod

2238 5401 2406 5458 (ἐνωεὶ
2436 5401 2610 5458 dicunt
2636 5401 2959 5459 Itonwusion.
2990 5401 3113 5459 lliec
3137 5414 3316 5459 autem
3339 5403 3502 5461 verba
3532 5422 3637 5463 non
3667 5401 3827 5462 habet

2237 5474 2511 5548 exemplar
2541 5471 2705 5529 Corb.
2749 5474 2961 5548 saeculo
3007 5482 3162 5548 sexto
3201 5487 3511 5543 exaratum,
3550 5478 3693 5548 quod
3728 5479 3828 5534 hoc

2237 5546 2552 5619 Symbolum
2574 5560 2694 5611 cum
2712 5546 2833 5603 aliis
2856 5547 3091 5617 antiquis
3112 5548 3474 5605 monumentis
3491 5546 3752 5606 continet.

2306 5640 2379 5709 (e)
2407 5639 2629 5693 Addunt
2651 5638 2806 5713 editi,
2832 5639 2896 5694 de
2920 5640 3062 5696 caelis
3082 5656 3102 5695 :
3123 5639 3268 5713 quod
3300 5656 3481 5713 neque
3502 5642 3587 5713 hic
3609 5641 3661 5698 in
3691 5658 3820 5699 mss.

2237 5721 2429 5783 exstat,
2472 5726 2645 5779 neque
2686 5711 3011 5783 Fragmeuto
3041 5728 3103 5776 ιι,
3134 5711 3309 5783 neque
3348 5712 3491 5783 apud
3517 5712 3822 5771 Luciferum

2235 5781 2327 5837 ltb.
2362 5785 2426 5833 de
2457 5798 2558 5836 non
2590 5781 2874 5851 parcendo,
2909 5796 3012 5837 etc.

2306 5852 2378 5925 (ι’)
2410 5853 2485 5909 lta
2512 5869 2663 5922 mss.,
2702 5855 2791 5912 tibi
2818 5858 2871 5912 ιιι
2897 5855 3149 5928 vulgatis,
3178 5857 3536 5929 propaginem,
