4266 6454
492 281 607 341 543

965 278 1440 339 APOLOGE'I‘lUA
1480 280 1572 339 AD
1611 276 2097 338 REPREHENSOI

2198 273 2423 335 iLlDRl
2468 276 2558 333 DE
2600 274 2893 336 SYNODIS
2933 272 3317 337 RESPONSA.

3694 271 3803 332 546

498 400 622 455 coeli
661 405 823 470 atque
853 407 1038 463 terrze,
1068 415 1155 455 me
1179 415 1300 455 cum
1328 407 1578 456 neutrum
1611 398 1880 454 audissem
1905 440 1919 466 ,
1952 412 2093 453 sem-
2119 400 2169 462 Α
2268 393 2361 450 93.
2407 395 2668 463 Egressus
2713 412 2831 450 sum
2851 439 2866 463 ,
2899 396 3116 452 Fratres
3162 390 3464 452 cliarissimi
3490 434 3507 459 ,
3550 390 3799 448 humanm

499 506 595 561 per
623 502 798 547 tamen
832 499 1116 564 utrumque
1159 493 1432 557 sensisse,
1461 492 1606 564 quod
1640 492 1715 564 (η)
1745 508 1840 562 per
1868 490 2098 546 homon-

496 584 618 638 sion
671 584 1009 645 hommusion
1061 595 1334 655 oporteret
1382 584 1610 655 intelligi
1655 584 1757 639 :id
1806 593 1921 651 est,
1966 582 2099 639 nihil

498 673 675 732 simile
703 674 805 733 sibi
832 676 1129 734 secundum
1171 685 1417 739 naturam
1446 692 1569 734 esse
1599 692 1757 747 posse
1777 718 1794 740 ,
1827 676 1927 731 nisi
1956 674 2100 748 quod

506 777 654 823 05set
692 784 757 824 ex
794 769 985 826 eadem
1013 778 1226 827 natura.
1254 769 1624 844 Regeneratus
1669 769 1915 840 pridem,
1947 780 2003 825 et
2046 771 2097 824 in

496 861 813 932 episcopatu
867 862 1258 936 aliquantisper
1304 877 1569 931 manens,
1627 862 1786 919 iidem
1831 863 2099 919 Niczenam

504 968 795 1027 numquam
825 955 929 1011 nisi
947 956 1289 1014 exsulaturus
1309 956 1486 1013 audivi
1514 973 1527 1008 :
1555 955 1649 1011 sed
1673 955 1804 1010 mihi
1833 954 2098 1013 liomousii

497 1054 557 1104 et
586 1045 873 1106 hommusii
901 1048 1313 1122 intelligentiam
1344 1047 1636 1121 Evangelia
1663 1058 1720 1103 et
1745 1046 1988 1119 Apostoli
2019 1048 2101 1103 inm

498 1139 845 1200 timaverunt.
874 1141 1028 1201 l‘ium
1054 1152 1137 1199 est
1173 1141 1322 1215 quod
1347 1142 1620 1199 volumus.
1659 1139 1737 1195 Ne
1777 1138 2100 1198 damnemus

498 1249 715 1312 patres,
765 1256 834 1299 ne
861 1240 1164 1298 animemus
1192 1240 1519 1299 hereticos:
1565 1256 1633 1296 ne
1674 1239 1800 1295 dum
1843 1237 2097 1297 hmresim

498 1332 831 1403 apellimus,
873 1332 1122 1391 haeresim
1164 1333 1487 1389 nutriamus.
1528 1330 1872 1402 [interpretati
1918 1339 2096 1402 patres

498 1424 670 1483 nostri
698 1435 828 1485 sunt
864 1433 987 1499 post
1029 1426 1294 1500 synodum
1340 1424 1612 1483 Nicmnam
1658 1422 1928 1481 homousii
1974 1439 2098 1497 pro-

497 1518 785 1591 prietatem
815 1518 891 1595 (ὁ)
923 1519 1209 1593 religiose,
1252 1528 1468 1577 exstant
1512 1519 1672 1587 libri,
1717 1527 1905 1576 manet
1966 1534 2097 1575 con-

498 1611 769 1669 scientia:
798 1611 999 1687 siquid
1027 1612 1094 1670 ad
1121 1613 1619 1685 interpretationem
1645 1606 1951 1668 addendum
1975 1620 2054 1667 est
2075 1652 2091 1677 ,

2201 488 2553 545 conscientire
2601 489 2859 569 pudorem
2904 510 2916 543 :
2966 498 3021 545 et
3069 487 3387 544 humilitatis
3431 500 3569 540 mea:
3611 484 3802 539 imme-

2203 595 2321 635 mor
2346 622 2361 647 ,
2388 579 2458 636 de
2485 582 2647 636 tantis
2670 596 2735 637 ac
2760 592 2866 637 tam
2901 581 3194 636 reconditis
3216 579 3379 634 rebus
3396 620 3411 643 ,
3434 582 3491 633 et
3522 575 3587 631 ad
3630 590 3800 645 usque

2202 672 2341 730 hanc
2365 684 2579 730 nitatem
2607 682 2852 732 nostram
2882 673 3161 731 intentatis
3186 687 3248 729 ac
3271 671 3449 728 tacitis
3470 683 3656 725 amore
3679 683 3801 724 ves—

2205 767 2272 822 tri
2304 773 2523 822 coactus
2552 766 2669 822 iure
2707 767 2935 839 scripsi,
2982 775 3183 837 etquae
3233 766 3349 832 ipse
3390 761 3675 819 credebam
3724 761 3802 817 ιο-

2200 868 2359 915 cutus
2385 875 2505 915 sum
2534 877 2547 913 :
2580 863 2831 916 conscius
2858 858 3024 927 mihi,
3053 861 3157 915 hoc
3182 873 3270 914 me
3309 855 3566 914 Ecclesia:
3595 851 3801 911 militia:

2200 969 2336 1010 meae
2393 955 2721 1025 stipendium
2768 954 3005 1024 debere,
3057 953 3130 1028 (ε)
3181 964 3238 1009 ut
3284 969 3378 1026 per
3421 951 3520 1008 has
3563 948 3801 1017 litteras,
3862 978 3897 1028 v3

2198 1022 2542 1127 episcopatus
2571 1050 2677 1113 mei
2711 1050 2763 1105 in
2810 1022 3030 1109 Christo
3058 1022 3242 1106 vocem
3265 1022 3299 1115 ,ν
3327 1040 3624 1104 secundum
3666 1044 3803 1101 doe-
3868 1022 3895 1111 ,ξ’

2199 1134 2771 1213 ῑτὶηεεέηιιςθιίοιε,
2811 1142 3164 1199 destinarem.
3211 1141 3465 1200 Vestrum
3508 1138 3674 1215 530
3717 1146 3802 1194 est

2199 1235 2256 1291 in
2282 1249 2575 1295 commune
2614 1245 2847 1295 tractare
2875 1251 2940 1295 ac
2977 1235 3266 1311 providere
3305 1242 3465 1309 atque
3506 1250 3696 1307 agere,
3745 1239 3804 1289 ut

2198 1328 2342 1402 quod
2371 1344 2543 1403 usque
2581 1347 2724 1389 nunc
2752 1331 3049 1390 inviolabili
3093 1332 3204 1389 ﬁde
3249 1332 3481 1390 manetis
3502 1373 3516 1396 ,
3548 1329 3798 1402 religiosa

2197 1428 2531 1486 conscientia
2557 1430 2921 1496 conscrvetis,
2953 1439 3007 1486 et
3034 1427 3263 1487 teneatis
3287 1428 3429 1501 quod
3461 1428 3672 1484 tenetis.
3694 1424 3806 1481 Me-

2197 1530 2438 1578 mentote
2480 1521 2655 1578 exsilii
2699 1521 2806 1579 mei
2849 1523 2901 1578 in
2947 1521 3283 1579 orationibus
3328 1519 3578 1577 sanctis:
3624 1533 3653 1572 a
3693 1531 3801 1589 quo

2197 1630 2284 1671 me
2309 1656 2326 1684 ,
2360 1623 2484 1687 post
2528 1616 2921 1687 expositionem
2953 1615 3113 1687 hujus
3150 1615 3308 1683 ﬁdei,
3354 1616 3540 1672 nescio
3580 1630 3649 1670 an
3688 1621 3798 1669 tam

494 1706 862 1763 communiter
904 1705 1274 1763 consulamus.
1306 1704 1491 1761 Potest
1534 1704 1674 1760 inter
1712 1718 1814 1760 nos
1857 1703 2093 1775 optimus
2189 1706 2488 1778 jucundum
2533 1718 2616 1765 est
2658 1708 2725 1764 ad
2771 1723 2867 1765 ros
2908 1707 2989 1783 (Δ)
3037 1710 3089 1763 in
3138 1705 3365 1765 Domino
3399 1706 3529 1765 Jesu
3580 1705 3799 1763 Christo

498 1797 624 1856 lidei
654 1808 828 1856 statua
851 1798 1017 1857 condi
1046 1817 1062 1857 :
1095 1808 1159 1857 ut
1179 1814 1280 1857 nec
1316 1814 1380 1856 ea
1402 1814 1525 1871 quae
1563 1798 1701 1856 bene
1744 1806 1871 1855 sunt
1893 1797 2093 1854 consti-
2125 1803 2173 1865 B
2199 1802 2431 1870 reverti,
2461 1816 2621 1875 quam
2659 1819 2909 1861 securum
2941 1810 3025 1861 est
3062 1804 3223 1863 mori.
3271 1802 3414 1863 Deus
3439 1810 3497 1859 et
3538 1801 3797 1857 Dominus

498 1899 615 1949 tuta
635 1891 801 1968 519
830 1900 1124 1963 vexentur,
1154 1900 1210 1950 et
1234 1907 1355 1965 qua:
1384 1892 1527 1949 male
1550 1900 1679 1949 sum
1702 1890 1975 1949 intellecta
2004 1905 2098 1949 rc-

497 1995 752 2046 secentur
761 2024 778 2041 ο

574 2120 652 2208 (ρ)
690 2120 1059 2208 ἰρηνιιῃωίς..
1107 2139 1199 2208 per
1235 2123 1560 2208 [ωηιωυὶοη
1601 2122 1921 2208 honrousiou.
1952 2122 2089 2208 Qum

496 2195 677 2271 verbis
706 2195 907 2271 Hilarii
922 2195 1084 2253 modo
1121 2196 1299 2271 allatis
1320 2239 1336 2266 ,
1365 2214 1423 2253 se
1450 2214 1542 2271 per
1570 2199 1816 2251 unitatem
1844 2196 2091 2253 similitu-

500 2268 975 2341 dirtem‘rcccpisse,
999 2267 1177 2341 magis
1198 2267 1461 2325 consonat
1488 2268 1808 2341 lectiomss.

573 2340 648 2414 (ὁ)
686 2337 745 2395 1η
768 2337 1004 2414 excusis,
1030 2337 1255 2414 religiosi
1276 2350 1448 2414 extant
1478 2340 1617 2414 libri.
1642 2338 1712 2396 At
1732 2338 1787 2395 in
1817 2353 1947 2414 mss.
1964 2381 1979 2407 ,
2010 2356 2089 2396 re-

499 2409 679 2485 ligiose
700 2427 719 2466 :
746 2410 894 2485 quod
917 2409 1149 2469 refertur
1171 2411 1238 2468 ad
1267 2412 1488 2485 verbum
1516 2412 1834 2485 interpretati
1857 2423 2004 2475 sunt,
2032 2421 2087 2468 et

499 2482 799 2540 illustratur
843 2482 928 2539 his
968 2485 1148 2540 verbis
1191 2500 1245 2537 n.
1273 2484 1342 2539 27
1368 2482 1492 2539 libri
1535 2482 1722 2538 contra
1751 2483 2033 2539 Constant.
2070 2500 2082 2537 :

497 2552 717 2611 Exstant
742 2555 875 2631 enim
905 2554 1113 2622 littera,
1145 2556 1329 2631 quibus
1372 2554 1461 2631 id,
1493 2556 1631 2626 quod
1655 2564 1717 2631 tu
1753 2554 2088 2631 criminosum

499 2635 684 2697 putas,
712 2627 793 2699 pie
820 2635 940 2699 tunc
963 2643 1071 2682 esse
1097 2626 1387 2699 susceptum
1418 2626 1649 2699 docetur.
1685 2626 1855 2699 Porro
1894 2628 2088 2683 etiam-

499 2696 626 2755 num
648 2696 789 2768 apud
816 2696 1095 2755 Socratem
1124 2697 1219 2756 lib.
1243 2714 1294 2765 ι,
1322 2700 1423 2754 sub
1445 2698 1604 2754 linem
1628 2713 1750 2768 cap.
1778 2698 1813 2753 8
1832 2738 1849 2765 ,
1873 2705 2088 2755 exstant

501 2768 719 2828 Eusebii
750 2770 1011 2841 Pamphili
1039 2770 1254 2842 litters,
1276 2771 1472 2839 quibus
1497 2768 1637 2826 hanc
1662 2781 1846 2825 vocem
1876 2771 1979 2826 sibi
2003 2771 2091 2842 pie

495 2856 561 2899 ac
589 2842 842 2915 religiose
867 2841 1168 2914 expositam
1194 2858 1254 2897 se
1279 2843 1587 2912 suscepisse
1614 2842 1824 2900 scribit.

2206 1904 2394 1953 noster
2421 1896 2871 1954 incontaminatos
2892 1911 2991 1954 vos
3018 1905 3075 1955 et
3108 1896 3308 1955 illmsos
3334 1894 3389 1953 in
3417 1893 3561 1953 diem
3589 1894 3797 1952 revela-

2198 1989 2365 2046 tionis
2390 2000 2631 2047 reservet
2655 2002 2784 2063 opto
2802 2034 2817 2061 ,
2849 1988 3067 2049 Fratres
3095 1988 3422 2047 cha‘rissimi.
3449 1987 3527 2061 (σε)

2273 2123 2343 2198 (c)
2380 2125 2523 2182 Editi
2546 2166 2562 2192 ,
2594 2135 2641 2182 et
2686 2138 2784 2198 pro
2816 2136 2871 2181 ut
2889 2142 2909 2191 ;
2935 2135 2989 2183 et
3026 2140 3181 2195 mox,
3224 2127 3480 2182 destinare
3506 2140 3605 2197 pro
3631 2125 3791 2181 desti-

2197 2212 2412 2270 narem;
2443 2200 2786 2270 corriguntur
2828 2212 2896 2255 ex
2944 2214 3076 2257 mss.
3126 2198 3391 2255 Prtelerre
3440 2210 3617 2255 tamen
3662 2199 3793 2254 licet

2198 2283 2318 2323 cum
2362 2268 2517 2327 Colb.
2548 2268 2607 2326 et
2640 2268 2824 2327 Germ.
2857 2270 3035 2327 debere
3080 2288 3171 2343 per
3218 2270 3309 2328 has
3335 2272 3601 2328 litteras...
3633 2270 3793 2325 desti-

2199 2356 2344 2395 nare.

2267 2412 2707 2497 (d)JEr;.,_Mir.,
2753 2412 2902 2497 Lips.
2945 2423 3001 2470 ct
3044 2414 3202 2480 Par.,
3356 2415 3563 2497 domum
3602 2413 3794 2470 Christi

2191 2486 2375 2539 reuerti
2396 2526 2413 2551 ,
2444 2486 2577 2542 Bad.
2609 2498 2663 2542 et
2689 2486 2940 2543 omnibus
2966 2501 3097 2543 mss.
3129 2488 3508 2544 renitentibus.

2268 2557 2341 2627 (e)
2382 2556 2438 2611 in
2469 2558 2859 2615 recentioribus
2889 2573 3021 2613 mss.
3050 2558 3130 2613 sic
3158 2559 3455 2615 absolvitur
3491 2558 3579 2615 hic
3606 2560 3743 2615 liber
3775 2575 3790 2612 :

2196 2625 2519 2701 Ilo‘ntousion
2546 2645 2770 2701 grtrcum
2790 2644 2885 2684 est.
2908 2629 3270 2699 lntcrpretotio
3293 2632 3617 2697 Itontonsion,
3640 2632 3794 2686 anius

2195 2699 2493 2756 substantia:
2517 2699 2610 2756 {et
2632 2702 2939 2757 homwusion
2967 2703 3333 2770 interpretatur
3352 2703 3534 2758 similis
3558 2704 3792 2758 substan.

2196 2771 2439 2845 tite;rse‘d
2478 2789 2569 2844 per
2606 2772 2911 2828 homousion
2974 2781 3170 2842 Oportet
3225 2775 3483 2844 intelligi:
3509 2790 3629 2845 qua:
3674 2785 3793 2831 stu-

2196 2842 2335 2898 diosi
2362 2842 2591 2915 alicujus
2625 2845 2805 2917 potius
2833 2855 2956 2901 nota
2985 2845 3226 2911 videtur,
3259 2842 3418 2918 quam
3449 2842 3705 2903 auctoris.

511 2968 3797 2999 ww

1137 3071 1490 3147 ⁵²¹’⁵²²
1568 3085 2279 3237 SANCTI
2373 3091 3151 3238 HILARII

513 3329 1831 3468 APOLOGETICA
1921 3331 2170 3461 AD
2261 3334 3796 3474 REPREHENSORES

1100 3560 1437 3637 LIBRI
1546 3564 1699 3636 DE

1801 3561 2306 3640 SYNODIS
2396 3569 3015 3646 RESPONSA
3080 3555 3192 3651 (fl.

1520 3719 2826 3775 ψ

501 3830 540 3885 l.
578 3829 646 3885 In
686 3829 793 3886 hac
834 3845 975 3885 nam.
1003 3828 1067 3885 ὃς
1105 3828 1171 3885 Et
1215 3827 1346 3884 licet
1382 3841 1491 3883 non
1521 3823 1641 3881 sine
1675 3820 1856 3893 aliquo
1881 3818 2091 3876 aurium

2198 3817 2362 3916 i’lAll
2400 3820 3019 3897 INTELLIGENTIAM',
3064 3834 3168 3892 nisi
3207 3838 3332 3912 quia
3362 3839 3717 3916 intelligerem
3740 3858 3796 3907 ct

655 3923 1005 3982 scandalum.
1037 3922 1332 3980 restiterim
1357 3920 1643 3976 Orientales
1668 3915 1947 3973 Anomwis.

569 4037 624 4095 Si
656 4037 945 4110 diligenter
987 4037 1248 4093 sententia
1290 4035 1406 4091 haec
1450 4047 1683 4104 expensa
1733 4040 1912 4096 esset,
1959 4027 2096 4084 forte

496 4132 659 4188 totius
691 4139 951 4188 tractatus
974 4130 1078 4186 mei
1106 4129 1244 4201 ratio
1280 4145 1386 4186 non
1418 4128 1605 4183 luisset
1631 4125 1949 4196 suapiciosa.
1976 4121 2093 4177 Non

494 4224 640 4281 enim
667 4224 747 4297 (g)
778 4224 917 4279 tacui
942 4238 1065 4280 esse
1090 4222 1224 4291 illic,
1248 4220 1393 4295 quod
1423 4236 1527 4278 non
1559 4218 1662 4276 nisi
1687 4232 1809 4274 cum
1838 4214 2096 4273 seandalo

495 4329 641 4378 esset
665 4319 1016 4378 audiendum.

494 4436 557 4496 li.
600 4436 761 4494 Initio
798 4452 942 4494 nam.
990 4435 1059 4492 15
1096 4476 1112 4505 ,
1172 4443 1287 4508 post
1316 4432 1662 4490 recitationem
1714 4428 1867 4504 primi
1907 4427 2096 4483 decreti

1010 4528 1317 4605 Ancyram:
1340 4529 1543 4602 synodi.

568 4647 944 4719 Expositiones
984 4658 1178 4701 onmes
1224 4642 1543 4717 (Ant-grana:
1577 4640 1803 4715 synodi,
1848 4654 1963 4713 qua:
2000 4639 2095 4694 hoc

502 4740 629 4797 libro
668 4741 1076 4812 describuntur),
1116 4739 1165 4796 si
1200 4737 1328 4810 quid
1354 4736 1556 4794 habent
1580 4736 1844 4803 criminis,
1874 4735 2009 4790 intra
2033 4749 2095 4791 se

498 4834 736 4903 habent;
766 4844 1022 4892 «ueterum
1052 4849 1158 4889 non
1198 4832 1401 4889 habere
1428 4830 1481 4886 in
1510 4828 1721 4903 publica
1749 4826 1887 4884 facio
1908 4826 2095 4884 existi-

497 4939 731 4987 mantur.
755 4929 863 4987 Sed
880 4929 1000 5002 quia
1030 4927 1228 4985 scirem
1257 4942 1321 4985 ea
1350 4925 1465 4983 sola
1497 4924 1754 4983 Sirmium
1774 4938 1897 4981 esse
1918 4921 2093 4979 delata

500 5022 520 5094 (
549 5026 591 5095 Ῑ.
614 5038 707 5078 cas
738 5022 881 5079 solas
910 5019 1164 5096 delatas).

494 5139 583 5197 Ill.
613 5142 837 5215 Respicit
861 5142 961 5196 ista
990 5156 1133 5195 riunt.
1167 5139 1276 5195 77:
1321 5136 1579 5211 Exposita
1616 5136 1810 5194 similis
1845 5135 2096 5194 substan-

2200 3911 2455 4011 impiam:
2494 3927 2548 3973 ct
2594 3918 2795 3978 idcirco
2830 3924 3095 3994 similem,
3134 3911 3239 3987 non
3284 3936 3460 3993 solum
3493 3911 3754 4011 a'iptalem
3778 3985 3795 4011 ,

2198 4005 2295 4062 sed
2325 4008 2487 4064 etiam
2518 4011 2764 4070 eamdem
2788 4015 3017 4088 dixisse,
3050 4032 3106 4077 ut
3136 4038 3311 4096 neque
3344 4005 3752 4090 similitudinem

2199 4115 2358 4200 quam
2393 4113 2469 4173 tn,
2504 4104 2673 4163 frater
2709 4108 3249 4185 Luciler,pr:edicari
3272 4123 3546 4193 volueras,
3593 4128 3795 4200 impro-

2200 4194 2382 4254 barern
2410 4216 2422 4265 ;
2454 4209 2510 4257 et
2539 4211 2717 4261 tamen
2761 4206 2932 4264 solam
2974 4211 3115 4282 piam
3159 4230 3281 4273 esse
3305 4194 3686 4282 similitudinis
3708 4226 3794 4283 in-

2199 4293 2549 4366 telligentiam
2593 4298 2968 4373 admonerem,
3012 4323 3133 4380 qua)
3178 4313 3437 4372 unitatem
3477 4317 3793 4379 substantia:

2198 4390 2538 4460 prmdicaret.

2198 4502 2288 4562 IV.
2320 4504 2389 4561 In
2411 4524 2534 4563 mss.
2557 4524 2675 4565 cum
2703 4514 2957 4583 superiori
2975 4532 3078 4572 uno
3103 4529 3279 4578 tenore
3299 4525 3651 4584 continuatum
3672 4543 3793 4603 per-

2269 4598 2391 4654 tinet
2410 4601 2479 4655 ad
2498 4600 2594 4657 hoc
2614 4618 2758 4659 num.
2790 4605 2887 4663 78:
2911 4608 2955 4665 0
2980 4611 3211 4668 studiosi
3234 4616 3452 4674 tandem
3482 4598 3794 4693 apostolica:

2268 4700 2432 4765 atque
2455 4696 2783 4791 evangeliea:
2809 4698 3068 4760 doctrina:
3104 4706 3300 4764 viri....
3345 4722 3600 4784 quantam
3640 4733 3793 4791 spem

2269 4786 2585 4843 revocandae
2610 4804 2753 4845 vera:
2781 4790 2901 4848 lidei
2924 4795 3179 4857 attulistis
3199 4802 3225 4856 τ

2268 4876 2327 4933 In
2355 4892 2422 4935 eo
2450 4894 2603 4950 vero,
2630 4882 2775 4953 quod
2802 4884 3027 4943 laudans
3051 4906 3146 4947 eos
3177 4894 3231 4950 in
3266 4896 3522 4957 invidiam
3553 4902 3796 4965 deducor

2199 4983 2229 5023 a
2258 4970 2614 5041 quibusdam;
2656 4991 2842 5046 parum
2871 4978 3174 5041 intellectus
3199 5002 3339 5044 sum.
3372 4990 3489 5050 Non
3516 4997 3661 5054 enim
3695 5015 3794 5059 eos

2200 5074 2385 5118 veram
2417 5063 2575 5120 iidem
2601 5107 2615 5131 ,
2648 5068 2741 5131 sed
2774 5068 2950 5127 SPEM
2982 5073 3426 5141 REVOCANDIE
3455 5086 3667 5147 VERE
3696 5091 3794 5149 Fl-

2202 5154 2314 5211 DEI
2342 5159 2585 5216 attulisse
2608 5159 2716 5216 dixi
2742 5180 2756 5214 :
2794 5171 2856 5218 ut
2874 5164 3013 5223 sicut
3038 5168 3111 5225 illi
3139 5173 3308 5231 auditi
3328 5189 3476 5248 sunt,
3511 5183 3582 5239 ita
3608 5198 3663 5241 et
3692 5203 3794 5246 nos

569 5236 656 5343 iis;
672 5233 1259 5343 ἶ,ιιοιιιιιξιιειίοιι
1314 5231 1648 5305 appellatur,
1711 5228 1854 5287 lideli
1901 5243 1965 5285 ac
2001 5229 2086 5301 Dia
2116 5243 2171 5306 D
2195 5262 2266 5305 ex
2298 5248 2401 5307 hoc
2433 5261 2621 5308 contra
2651 5251 2934 5315 Valentem
2972 5271 3031 5317 et
3064 5228 3663 5343 Ursae—iuni

567 5326 943 5401 intelligentia.

568 5440 682 5497 Non
714 5449 841 5512 puto
868 5454 1191 5511 quemquam
1218 5432 1645 5503 admonendum,
1674 5437 1726 5493 in
1756 5436 1857 5493 hoc
1888 5437 2008 5492 loco
2034 5444 2097 5493 ut

495 5535 801 5606 expendat,
848 5549 1017 5605 quare
1071 5534 1301 5590 dixerim
1356 5531 1608 5590 SliliLlS
1642 5530 2095 5589 SUBSTANTLE

572 5677 651 5752 ll)
686 5679 919 5735 Primum
952 5676 1093 5753 typis
1126 5676 1370 5733 mandata
1402 5675 1455 5733 in
1485 5672 2087 5745 ed.Veronensi,quam

497 5752 826 5809 recudimns.

569 5822 648 5898 (9)
677 5824 787 5881 Hoc
810 5827 878 5881 ita
909 5824 1188 5883 evidenter
1210 5822 1439 5895 postulat
1470 5833 1681 5889 sensus,
1709 5827 1765 5876 ut
1791 5817 2087 5891 praeferen-

2196 5344 2341 5413 diri,
2402 5354 2460 5402 et
2494 5345 2575 5421 (Ιι)
2617 5351 2950 5421 cooptandus
2991 5354 3058 5413 ad
3097 5372 3192 5415 eos
3236 5363 3578 5427 allocutionis
3614 5384 3798 5433 sermo

2196 5436 2427 5496 blandus
2471 5438 2816 5510 nibil;aliud,
2864 5462 3027 5517 quam
3073 5457 3383 5523 procacimn
3420 5464 3791 5529 conviciorum

2196 5531 2456 5605 ell‘ugeret
2484 5533 2782 5594 foeditatem
2806 5558 2823 5601 ι
2868 5557 2990 5599 cum
3017 5550 3259 5608 amarius
3290 5560 3457 5626 atque
3479 5559 3639 5616 etiam
3666 5576 3796 5632 pro-

2196 5672 2955 5759 dnm‘duxerimuszlquamvis
2967 5695 3137 5742 exstet
3157 5688 3209 5743 in
3229 5706 3358 5748 mss.
3378 5696 3650 5756 tacuissem
3665 5702 3771 5759 illic

2266 5747 2353 5837 (ﬁli);
2385 5745 2469 5837 ita,
2491 5745 2783 5837 _ms.‘Mie'l.i.
2820 5754 2889 5809 At
2916 5754 3077 5837 Ca_rn.
3106 5772 3161 5816 et
3189 5745 3333 5837 Tell.
3352 5745 3788 5837 iiiﬁii'éi'iélii

2196 5816 2377 5887 Forte,
2407 5835 2509 5879 otto
2534 5833 2669 5893 apta
2688 5824 2757 5878 ad
2778 5841 2885 5896 eos,
2916 5828 3002 5886 vel
3023 5816 3219 5906 captus
3235 5816 3544 5896 ἆλεδξξτη
3567 5816 3625 5827 τ-
3645 5816 3788 5839 -..ην
