4266 6460
1444 323 1776 384 EPISTOLA
1812 329 1905 385 Alt
1944 326 2178 387 MIRA”
2222 330 2457 392 FILIAM
2490 336 2702 397 SUAM.

848 445 3713 495 NW

1048 552 1405 682 δεεοεεε
1511 572 2227 727 SANCTI
2327 585 3106 731 IIILARII

857 814 1517 908 EPISTOLA
1590 823 1767 908 AD
1837 828 2305 913 ABRAM
2393 829 2852 917 FILIAM
2921 834 3285 920 SUAM

1639 984 1818 1053 (cum
1843 1001 2004 1042 ritis:
2034 1002 2159 1044 astu
2186 988 2295 1046 358
2323 986 2523 1060 mssa.)

433 1223 803 1279 Ιγιὲιυριὶεδίιιιω
848 1222 977 1281 lilia:
1029 1225 1109 1299 (α)
1155 1226 1317 1287 Abt-ag
1373 1229 1610 1289 Hilarius
1681 1233 1737 1289 in
1789 1229 2021 1287 Domino
2046 1238 2096 1298 Α
2124 1224 2232 1282 vidi
2260 1268 2279 1295 ,
2306 1228 2439 1293 tilia,
2482 1230 2590 1285 vidi
2646 1230 2791 1302 quod
2846 1232 3028 1304 eloqui
3056 1248 3164 1290 non
3194 1249 3435 1306 possum.
3470 1237 3737 1311 Numquid

1104 1328 1356 1385 salutem.

507 1418 564 1471 l.
590 1416 728 1473 Atra
754 1419 915 1487 patris
961 1419 1242 1477 absentiam
1285 1423 1444 1478 dolet.
1470 1452 1546 1466 —
1591 1422 1791 1495 Accepi
1826 1424 2031 1479 litteras

430 1520 572 1573 tuas.
604 1513 658 1568 in
687 1512 881 1581 quibus
909 1514 1154 1588 intelligo
1182 1515 1584 1574 desiderantem
1633 1526 1688 1575 te
1723 1520 1831 1574 mei
1856 1534 1977 1576 esse
2012 1533 2027 1571 :

426 1612 483 1658 et
509 1613 716 1661 certum
748 1603 903 1678 (ita.
928 1611 1105 1677 certe)
1132 1606 1204 1662 ita
1234 1608 1427 1667 habeo.
1457 1609 1644 1666 Sentio
1673 1611 1818 1667 enim
1853 1625 2027 1682 quan-

428 1707 538 1753 tum
568 1702 852 1769 praesentia
889 1700 1081 1755 horum
1113 1703 1205 1772 qui
1246 1712 1497 1759 amantur
1520 1702 1777 1775 optabilia
1817 1704 1909 1758 sit.
1962 1703 2033 1758 Et

424 1794 549 1861 quia
569 1806 787 1863 gravem
815 1793 906 1848 tibi
934 1810 1053 1849 eSse
1080 1793 1381 1851 absentiam
1408 1812 1583 1854 meatu
1605 1798 1825 1864 scirem,
1854 1812 1923 1850 ne
1942 1810 2031 1850 me

433 1884 569 1937 forte
600 1886 823 1954 impium
854 1902 974 1941 esse
1004 1904 1130 1955 erga
1163 1898 1214 1943 te
1252 1889 1615 1956 existimares,
1662 1891 1752 1963 qui
1801 1900 1909 1946 tam
1939 1889 2031 1945 diu

427 1993 456 2030 a
481 1988 531 2031 te
564 1981 811 2034 ³1›05›ι·ιιι
848 1997 861 2033 :
898 1997 1158 2041 excusare
1198 1983 1293 2039 tibi
1332 1994 1386 2040 et
1416 1982 1804 2055 profectionem
1855 1999 2032 2040 meam

432 2078 485 2124 et
537 2088 716 2127 moras
770 2074 932 2140 tului,
966 2084 1025 2129 ut
1053 2074 1394 2145 intelligeres
1416 2090 1502 2131 me
1532 2090 1639 2131 non
1689 2076 1854 2147 impie
1911 2075 2030 2141 tibi,

426 2161 520 2215 sed
552 2161 765 2219 utiliter
803 2162 1016 2220 deesse.
1069 2164 1308 2236 Nataque
1352 2181 1475 2222 cum
1521 2176 1599 2228 te.
1642 2166 1773 2233 tilia,
1824 2175 1884 2222 ut
1910 2167 2029 2222 uni.

426 2270 567 2318 czmi,
592 2255 685 2322 ita,
710 2266 973 2327 quantum
1003 2271 1036 2311 a
1063 2271 1153 2312 tuo
1202 2264 1308 2323 est,
1337 2268 1391 2313 et
1429 2259 1736 2313 unanimem
1769 2257 2028 2325 habeam;

426 2347 617 2403 vellent
670 2356 723 2403 te
783 2348 1203 2420 pulcherrimam
1267 2352 1512 2409 omnium
1575 2361 1631 2407 et
1688 2351 2030 2409 saitissimam

431 2442 638 2494 γένει-θ.

493 2530 549 2585 Ξ.
597 2529 831 2586 Hilarius
856 2532 1016 2600 abest,
1046 2542 1103 2588 ut
1132 2544 1313 2590 restent
1332 2545 1378 2590 et
1396 2536 1730 2609 Μαγνήτων
1751 2536 2030 2606 pretiosam

2133 1336 2240 1374 non
2270 1322 2509 1378 sericum
2537 1326 2836 1379 secundum
2866 1325 3219 1383 subtilitatem
3250 1329 3369 1399 ejus
3394 1331 3468 1401 (ε)
3491 1343 3733 1401 spartum

2128 1409 2282 1467 erat?
2326 1412 2596 1486 Numquid
2644 1417 2869 1473 candori
2905 1418 3027 1489 ejus
3068 1419 3221 1477 nives
3254 1434 3585 1493 comparata:
3629 1442 3738 1479 non

2131 1506 2550 1576 nigrescebant?
2579 1509 2848 1580 Numquid
2882 1526 3074 1566 aurum
3116 1515 3268 1583 juxta
3317 1511 3589 1584 fulgorem
3611 1519 3731 1586 ejus

2129 1612 2238 1663 non
2271 1597 2566 1655 lividatur?
2598 1600 2714 1671 Ipsa
2742 1602 2887 1657 enim
2919 1602 3249 1670 multicolor,
3272 1614 3329 1661 et
3353 1607 3485 1661 nihil
3512 1624 3736 1677 prorsus

2131 1701 2506 1760 comparatum
2527 1691 2576 1747 ei
2609 1704 2822 1763 poterat
2847 1696 3070 1765 azquari.
3105 1695 3237 1753 Post
3265 1713 3426 1770 quam
3458 1700 3565 1754 vidi
3590 1718 3739 1757 uiar-

2130 1788 2357 1855 garitam
2386 1806 2401 1841 :
2426 1804 2533 1857 qua
2587 1790 2698 1844 visa
2740 1788 2923 1845 statim
2952 1792 3183 1847 concidi.
3218 1792 3337 1850 Non
3377 1794 3519 1848 enim
3544 1802 3736 1867 potue~

2134 1886 2260 1933 runt
2287 1882 2431 1933 oculi
2464 1880 2571 1936 mei
2620 1881 2889 1936 sustinere
2915 1891 3121 1939 tantum
3150 1883 3269 1955 t‘jus
3310 1886 3570 1941 colorem.
3602 1887 3735 1942 Nam

2131 1989 2235 2029 nec
2251 1976 2400 2042 εαξη,
2431 1991 2530 2033 nec
2553 1977 2707 2044 lucis,
2738 1993 2838 2035 nec
2865 1980 3051 2047 maris,
3080 1995 3179 2036 nec
3208 1991 3366 2045 terrae
3383 1984 3596 2055 species
3618 1984 3739 2056 pul-

2132 2068 2392 2125 eritudiui
2420 2070 2540 2140 ejus
2562 2071 3127 2143 poterat'comparari.

2205 2163 2257 2218 4.
2296 2161 2575 2235 Utriusque
2602 2166 2871 2220 rommoda
2899 2176 2947 2220 et
2969 2167 3132 2222 dotes.
3157 2196 3228 2209 —-
3260 2169 3329 2224 Et
3356 2184 3478 2225 cum
3502 2183 3740 2241 prostra-

2134 2265 2221 2311 tus
2237 2256 2498 2325 jacerem,
2527 2258 2604 2312 ait
2632 2258 2763 2314 tuihi
2785 2260 3004 2331 quidam
3034 2262 3104 2316 de
3127 2260 3530 2331 assistentibus,
3570 2265 3737 2320 Video

2136 2359 2189 2402 te
2216 2340 2508 2405 sollicitum
2537 2360 2592 2405 et
2615 2351 2813 2406 bonum
2841 2363 3046 2422 patrem
3075 2367 3220 2420 esse,
3261 2361 3319 2409 et
3360 2354 3498 2410 hanc
3530 2366 3733 2411 vestem

2134 2448 2300 2511 atque
2334 2442 2472 2496 hanc
2516 2443 2862 2514 inalgaritam
2890 2443 2959 2500 ad
2985 2443 3149 2501 ﬁliam
3190 2456 3337 2502 tuam
3374 2446 3687 2503 desiderare
3721 2466 3735 2503 :

2136 2535 2232 2589 sed
2262 2542 2321 2590 ut
2347 2536 2518 2606 magis
2538 2537 2839 2604 desideres,
2870 2536 3100 2593 ostendo
3134 2539 3229 2593 tihi
3250 2540 3376 2610 quid
3415 2540 3592 2595 adhuc
3621 2541 3736 2596 hare

427 2625 548 2691 ﬁlim
588 2626 877 2694 conquirat.
925 2654 1000 2667 -
1043 2626 1357 2683 Nuntiatum
1400 2642 1532 2701 ergo
1582 2630 1714 2683 mihi
1753 2638 1858 2696 cst,
1909 2643 2033 2684 esse
2063 2627 2110 2686 Β
2140 2630 2307 2683 vestis
2352 2637 2515 2699 atque
2572 2633 2859 2700 margarita
2911 2631 3037 2686 boni
3093 2631 3306 2685 haheat.
3375 2630 3553 2689 Vestis
3623 2634 3736 2688 lucc

423 2720 708 2789 quemdam
732 2718 1012 2791 juvenem,
1044 2721 1333 2777 habentem
1367 2721 1712 2794 margaritam
1741 2732 1797 2777 et
1820 2734 2028 2778 vestem

432 2814 834 2869 ina'stimabilis
862 2815 1021 2887 pretii
1053 2833 1066 2869 :
1096 2831 1256 2889 quam
1286 2818 1333 2872 si
1364 2818 1486 2887 quis
1511 2816 1581 2873 ab
1606 2830 1674 2873 eo
1706 2826 1887 2886 posset
1913 2830 2029 2870 me-

429 2912 556 2973 reri,
587 2924 754 2980 super
777 2910 1041 2965 humanas
1093 2912 1311 2968 divitias
1348 2920 1404 2968 et
1439 2911 1670 2968 salutem
1714 2920 1770 2967 et
1792 2911 1951 2966 dives
1973 2920 2031 2967 et

429 3004 608 3057 salvus
630 3002 807 3060 lierct.
840 3004 919 3061 Ad
949 3005 1091 3058 hanc
1120 3004 1198 3077 (ι)
1229 3005 1312 3060 his
1332 3005 1531 3062 auditis
1559 3004 1836 3078 profectus
1863 3020 1982 3062 sum
2013 3024 2027 3059 :

428 3093 492 3146 ad
522 3111 680 3166 quem
706 3109 831 3150 cum
861 3112 953 3166 per
984 3098 1182 3151 inultas
1222 3105 1280 3153 et
1322 3100 1510 3170 longas
1553 3108 1609 3155 et
1638 3098 1885 3155 difﬁciles
1917 3098 2030 3155 vias

429 3192 715 3254 venissem,
741 3188 934 3246 videns
986 3206 1111 3245 eum
1159 3191 1340 3247 statim
1372 3192 1600 3262 procidi.
1662 3192 1832 3248 Adest
1882 3193 2029 3249 enim

430 3290 538 3336 tant
564 3281 792 3353 pulcher
811 3282 1047 3354 juvenis,
1090 3292 1152 3340 ttt
1184 3294 1307 3339 ante
1338 3292 1687 3354 conspectum
1720 3287 1837 3355 ejus
1867 3302 2030 3341 nemo

426 3373 624 3430 audeat
652 3377 975 3433 consistere.
1006 3376 1108 3444 Qui
1129 3377 1218 3431 ubi
1249 3393 1336 3431 me
1359 3377 1653 3445 procidisse
1680 3379 1838 3446 vidit,
1866 3377 2031 3434 inter-

430 3473 603 3537 lugll‘l
631 3485 720 3526 me
763 3470 931 3543 jussit
972 3471 1100 3542 quid
1130 3472 1344 3538 vellem,
1400 3481 1456 3528 et
1498 3473 1627 3543 quid
1658 3487 1904 3545 rogarem
1940 3486 2032 3530 'et

428 3578 527 3633 rgo
560 3554 839 3634 respondi,
869 3562 1088 3619 audisse
1109 3579 1196 3619 me
1226 3564 1293 3620 de
1335 3574 1486 3620 veste
1507 3580 1602 3620 sua
1631 3574 1687 3620 et
1716 3565 2026 3635 margarita,

427 3667 481 3707 «ιι
499 3658 566 3712 ob
590 3656 643 3713 id
672 3656 922 3724 venisse;
949 3666 1007 3717 et
1032 3660 1080 3715 si
1102 3673 1223 3715 eam
1246 3659 1376 3713 mihi
1403 3659 1721 3730 dignantur
1746 3668 2029 3731 praastare,

429 3765 546 3804 (ssc
596 3748 727 3805 mihi
778 3750 942 3807 tiliam
990 3765 1152 3824 quam
1211 3751 1565 3809 vehementer
1606 3752 1909 3825 diligerem,
1940 3752 2037 3807 cui

429 3838 566 3898 hanc
594 3851 798 3898 vestem
827 3853 989 3914 atque
1018 3843 1360 3914 margaritam
1388 3860 1709 3916 quaererem.
1744 3843 1810 3900 Et
1839 3843 1914 3917 (c)
1944 3845 2029 3900 in-

430 3944 510 3988 ter
536 3934 653 3991 haec
680 3942 981 4006 prostratus
1025 3936 1082 3992 in
1112 3937 1300 3996 laciem
1340 3941 1444 3995 lleo
1475 3940 1788 4009 piurimum,
1811 3948 1866 3994 et
1896 3952 2029 3995 noc-

2136 2736 2429 2792 numquam
2462 2724 2621 2779 tineis
2646 2725 2968 2792 comeditur,
3000 2740 3106 2780 non
3156 2739 3254 2780 usu
3304 2726 3574 2793 atteritur,
3625 2742 3731 2783 non

2132 2815 2293 2871 sorde
2319 2816 2578 2884 inlinitur,
2606 2834 2715 2873 non
2745 2818 2798 2871 vi
2836 2818 3118 2884 scinditur,
3155 2834 3262 2875 non
3293 2819 3491 2875 damno
3531 2821 3738 2876 amitti-

2133 2921 2219 2964 tur
2249 2925 2262 2962 :
2294 2909 2387 2965 sed
2415 2926 2629 2979 semper
2650 2910 2774 2966 talis
2797 2910 2972 2981 qualis
2999 2923 3083 2967 est
3102 2922 3406 2983 permanet.
3430 2911 3735 2984 Matgarita:

2131 3019 2262 3059 vero
2291 3004 2407 3059 hate
2452 3006 2623 3059 virtus
2649 3017 2753 3070 est,
2793 3013 2852 3059 ut
2899 3004 2946 3059 si
2974 3006 3095 3075 quis
3141 3020 3261 3062 eam
3308 3007 3568 3073 induerit,
3623 3023 3734 3064 non

2131 3106 2378 3169 a-grotet,
2413 3113 2518 3152 non
2559 3106 2830 3161 senescat,
2859 3111 2966 3152 non
3009 3099 3294 3154 moriatur.
3336 3096 3481 3154 Nihil
3508 3100 3731 3155 omnino

2134 3190 2186 3243 in
2209 3204 2267 3243 se
2300 3188 2480 3253 habet,
2514 3189 2657 3261 quod
2684 3191 2757 3244 sit
2785 3189 2858 3259 (ί)
2883 3190 3105 3244 noxium
3137 3189 3356 3260 corpori
3396 3208 3407 3218 ·
3440 3189 3538 3246 sed
3568 3193 3740 3246 utenti

2132 3300 2195 3340 ea
2219 3280 2350 3338 nihil
2373 3284 2590 3353 accidit,
2618 3283 2763 3354 quod
2792 3293 2885 3339 aut
2910 3290 3141 3339 mortem
3166 3282 3378 3350 aderat,
3401 3293 3495 3337 aut
3523 3292 3737 3338 aetatem

2132 3376 2397 3441 demutet,
2428 3386 2523 3433 aut
2560 3376 2823 3448 impediat
2868 3379 3176 3432 sanitatem.
3206 3374 3361 3442 Quod
3391 3375 3481 3430 ubi
3528 3375 3731 3442 audivi,

2135 3470 2269 3540 lilia,
2296 3472 2594 3527 exanimari
2636 3471 2806 3542 magis
2832 3470 3105 3526 desiderio
3151 3471 3455 3542 margarita:
3482 3478 3539 3525 et
3568 3472 3734 3525 vestis

2132 3563 2293 3617 istius
2314 3564 2453 3632 coepi
2489 3582 2501 3615 :
2528 3573 2583 3617 et
2615 3562 2759 3618 sicut
2786 3572 3087 3633 prostratus
3104 3562 3376 3633 jacebam,
3409 3560 3741 3617 indelicienti

2133 3654 2263 3708 lletn
2304 3664 2357 3709 et
2401 3655 2603 3708 intenta
2632 3655 2877 3709 oratione
2900 3656 3155 3723 juvenem
3202 3652 3409 3721 precari
3456 3653 3619 3723 coepi,
3651 3653 3738 3707 di-

2135 3764 2267 3805 cens
2294 3766 2308 3802 :
2338 3748 2564 3801 [intuine
2598 3758 2807 3815 sancte,
2843 3749 3103 3803 miserere
3129 3747 3274 3817 preci
3315 3760 3470 3813 mete,
3499 3754 3555 3801 et
3582 3745 3746 3801 mise-

2136 3857 2259 3897 rere
2290 3839 2632 3895 sollicitudini
2664 3850 2717 3893 et
2738 3839 2861 3895 vita:
2893 3854 3047 3895 mete.
3096 3838 3151 3895 Si
3188 3840 3332 3894 enim
3364 3838 3506 3893 hanc
3531 3848 3739 3894 vestem

2139 3936 2270 3990 mihi
2320 3944 2378 3989 et
2426 3934 2771 4004 margaritam
2824 3948 2930 3988 non
2971 3931 3256 3996 concedis,
3314 3934 3480 3986 miser
3529 3930 3744 3986 futurus

430 4027 573 4084 tibus
594 4044 659 4085 ac
681 4029 877 4085 diebus
924 4029 1309 4101 ingemiscens,
1351 4047 1482 4103 rogo
1514 4034 1591 4089 uti
1624 4033 1815 4091 audire
1842 4032 2033 4105 digna-
2056 4012 2105 4078 C
2136 4043 2278 4093 sum,
2305 4027 2579 4097 liliumque
2609 4041 2783 4080 meam
2813 4030 2893 4097 (g)
2932 4026 3202 4080 viventem
3250 4022 3560 4093 perditurus
3594 4041 3607 4076 ι
3636 4039 3739 4093 ego

431 4134 580 4178 retur
610 4139 823 4193 precem
849 4139 1044 4181 meam.

502 4216 557 4270 5.
609 4214 773 4272 Vestis
798 4214 907 4272 hac
932 4226 980 4272 et
1005 4218 1287 4290 margarita
1313 4220 1489 4288 quanti
1514 4220 1773 4291 facienda.
1804 4247 1867 4259 -—
1901 4217 2033 4273 Post

432 4328 573 4383 quae,
619 4313 746 4384 quia
780 4312 954 4369 bonus
978 4322 1063 4369 est
1085 4314 1303 4382 juvenis
1345 4320 1403 4367 et
1428 4313 1512 4386 (ά)
1554 4312 1745 4369 melius
1776 4312 1869 4368 illo
1895 4313 2029 4367 nihil

433 4414 541 4474 est,
588 4406 667 4461 ait
696 4406 850 4474 mihi,
880 4406 1029 4462 Nosti
1060 4406 1199 4462 hanc
1222 4417 1429 4462 vestem
1459 4417 1621 4478 atque
1650 4406 1789 4461 hanc
1816 4420 2031 4477 marga-

434 4512 616 4565 ritam,
643 4515 803 4571 quam
830 4515 863 4555 a
901 4516 989 4558 me
1027 4502 1283 4573 lacrymis
1312 4516 1468 4571 rogas
1500 4502 1576 4555 uti
1615 4517 1735 4558 eam
1770 4501 1895 4554 lilia:
1926 4509 2032 4555 tua:

431 4593 766 4650 concedam?
821 4595 886 4650 l-It
928 4611 1029 4666 ego
1072 4596 1329 4666 respmidi
1386 4594 1502 4663 illi,
1547 4594 1793 4657 Domine.
1848 4594 2033 4649 auditu

431 4686 659 4757 cognmi
703 4687 773 4743 de
802 4688 952 4758 ipsis,
997 4700 1053 4744 et
1099 4688 1202 4743 lide
1239 4688 1443 4745 credidi
1480 4705 1495 4742 :
1540 4697 1597 4744 et
1633 4690 1749 4744 seio
1791 4688 1914 4759 quia
1937 4702 2036 4757 op-

436 4780 580 4834 tima:
610 4789 758 4847 sunt,
792 4790 847 4837 et
882 4782 1028 4837 salus
1057 4796 1182 4838 vera
1238 4792 1320 4837 est
1365 4782 1467 4837 hac
1512 4791 1662 4837 veste
1700 4782 1798 4847 ttti,
1850 4790 1907 4837 et
1939 4783 2038 4834 hac

436 4875 719 4943 margarita
773 4875 977 4930 ornari.
1030 4872 1097 4930 Et
1149 4873 1330 4931 statim
1383 4873 1645 4929 ministris
1722 4874 1836 4928 suis
1890 4888 2031 4943 prae-

435 4967 599 5035 cepit,
627 4976 685 5021 ut
722 4967 853 5023 mihi
892 4976 948 5024 et
976 4978 1182 5023 vestem
1227 4967 1365 5024 hanc
1393 4978 1449 5023 et
1477 4968 1819 5038 margaritam
1852 4978 2035 5021 osten-

434 5058 631 5118 drrcut
664 5070 758 5119 :et
777 5060 1064 5118 confestim
1096 5063 1167 5118 ita
1208 5062 1286 5117 ﬁt.
1316 5068 1393 5117 Ae
1425 5073 1629 5118 vestem
1671 5064 1846 5134 primo
1876 5061 1981 5116 vitii
2020 5078 2033 5115 :

533 5205 589 5277 (ῃ)
633 5204 687 5259 ln
721 5206 1150 5277 plet'isqueimss.
1179 5204 1351 5277 Apim.

535 5275 587 5344 ὁ)
630 5277 685 5330 ln
714 5274 820 5331 uno
850 5274 954 5334 ms.
983 5276 1139 5333 Colb.
1184 5276 1252 5330 ad
1288 5277 1423 5330 hunc
1453 5274 1753 5342 videndum,
1795 5275 1913 5331 sine
1954 5274 2037 5329 Itis

443 5349 657 5403 auditis.

514 5417 585 5490 (c)
626 5420 717 5476 Sic
738 5437 868 5475 mss.
904 5424 971 5476 At
998 5419 1152 5488 editi,
1176 5420 1237 5476 in
1262 5429 1450 5476 terram
1477 5430 1766 5490 prostratus
1802 5417 1954 5483 facie.

513 5489 593 5561 td)
635 5492 890 5561 Exempla
936 5496 1107 5549 sancti
1161 5492 1309 5549 Petri
1360 5490 1429 5548 de
1470 5490 1693 5548 Cultura
1739 5489 2036 5547 Cenoman.

444 5565 619 5618 emetiar
658 5566 748 5618 illo
780 5565 953 5621 nullus
990 5574 1086 5621 est.

515 5634 586 5706 (ι)
629 5636 783 5698 Ιιειι..
831 5637 919 5691 Er.
962 5648 1019 5694 et
1064 5634 1182 5694 Μὶν.
1233 5644 1427 5706 partem
1458 5634 1723 5691 habuerat.
1774 5633 1921 5705 Lips.
1970 5645 2037 5686 ex

448 5704 655 5761 Erasini
677 5709 936 5781 margine,
955 5725 1051 5781 pur
1077 5718 1201 5763 erat.
1224 5704 1521 5763 Novissima
1545 5708 1711 5765 editio
1736 5704 1859 5763 Par.
1891 5719 2041 5781 {par-

446 5794 558 5851 tum
587 5790 713 5835 erat.
737 5775 1022 5849 Beroen'sis
1063 5796 1164 5835 ms.
1208 5788 1557 5851 praeparatum
1578 5796 1681 5835 non
1706 5789 1839 5837 erat.
1883 5775 2037 5832 Otto-

453 5848 658 5918 houius,
687 5856 901 5925 sparum
941 5862 1070 5909 erat.
1101 5848 1379 5924 Signiﬁcat
1418 5851 1672 5922 Hilarius,
1730 5856 2044 5909 monstrata:

2141 4130 2361 4192 propter
2419 4120 2555 4175 hanc
2613 4128 2819 4174 vestem
2886 4127 2942 4173 et
3003 4122 3345 4190 margaritam
3400 4116 3734 4188 peregrinari

2145 4215 2285 4269 volo.
2323 4213 2465 4279 Seis,
2493 4214 2743 4277 Domine,
2772 4214 2894 4282 quia
2921 4212 3018 4265 tibi
3040 4228 3145 4268 nou
3173 4210 3424 4267 mentior.

2212 4310 2370 4382 527
2411 4310 2443 4363 5
2509 4307 2703 4362 Hilarii
2742 4308 2867 4375 ﬁlim
2900 4307 3287 4376 promittuntur,
3320 4305 3472 4359 modo
3500 4321 3633 4360 caua
3659 4323 3743 4362 or-

2141 4414 2381 4457 mtmmta
2411 4402 2637 4473 objiciet.
2668 4430 2738 4441 --
2761 4401 2887 4455 Post
2909 4416 3069 4470 quam
3092 4414 3279 4455 vocem
3308 4415 3483 4455 meam
3510 4400 3738 4467 audivit,

2138 4499 2294 4569 jubet
2322 4512 2408 4551 me
2438 4497 2655 4563 leyare;
2687 4505 2742 4549 et
2762 4497 2839 4548 ait
2870 4493 3021 4558 mihi,
3058 4502 3343 4550 moverunt
3368 4507 3454 4548 me
3478 4508 3667 4563 preces
3690 4504 3745 4549 et

2147 4592 2399 4662 lacrymae
2419 4598 2613 4655 tuamet
2639 4589 2778 4642 bene
2804 4597 2885 4642 est
2916 4587 3059 4658 quod
3079 4586 3180 4642 hoc
3202 4585 3506 4642 credidisti.
3527 4586 3597 4643 Et
3621 4590 3747 4658 quia

2145 4684 2349 4747 dixisti,
2373 4692 2426 4736 te
2448 4696 2543 4751 pro
2573 4680 2673 4736 hac
2698 4682 2983 4749 margarita
3014 4682 3181 4750 ipsam
3213 4679 3377 4734 vitam
3417 4689 3567 4737 tuam
3608 4682 3749 4737 velle

2146 4776 2483 4848 impendere,
2517 4790 2621 4829 non
2654 4789 2873 4844 possunt
2898 4790 3017 4828 eam
3054 4775 3147 4829 tibi
3194 4790 3387 4843 negare
3422 4792 3434 4828 :
3469 4774 3567 4831 sed
3607 4778 3750 4832 scire

2147 4870 2317 4925 debes
2348 4872 2681 4940 propositum
2703 4878 2761 4924 et
2788 4870 3116 4925 voluntatem
3139 4885 3339 4924 meum.
3367 4867 3562 4933 Vestis,
3584 4886 3747 4941 quam

2148 4976 2250 5031 ego
2277 4961 2501 5028 dedero,
2536 4960 2656 5016 talis
2697 4968 2798 5024 est,
2858 4971 2916 5018 nt
2965 4962 3045 5034 (It)
3075 4961 3121 5019 si
3159 4964 3283 5033 quis
3330 4964 3561 5019 voluerit
3600 4974 3752 5022 veste

2148 5055 2253 5110 alii
2301 5054 2537 5110 colorata
2585 5064 2635 5109 et
2669 5057 2840 5109 serica
2869 5064 2921 5109 et
2952 5061 3137 5110 aurata
3192 5058 3290 5121 uti,
3336 5065 3539 5112 vestem
3571 5072 3748 5114 meam

2068 5199 2250 5263 Dsibi
2280 5201 2444 5252 vestis
2494 5197 2775 5253 subtilitati
2829 5210 3198 5277 eoii‘ipaAratum
3247 5205 3480 5260 sericum
3526 5222 3748 5277 prorsus

2148 5282 2388 5394 Ὕητιῖἒηῖ
2427 5285 2568 5394 esto,
2611 5286 2677 5325 ex
2706 5286 2817 5341 quo
2843 5272 2958 5327 scil.
3008 5270 3162 5327 {lines
3220 5277 3420 5331 nautici
3460 5270 3749 5353 et'sporta:

2148 5361 2179 5394 0
2206 5360 2275 5394 ll“
2342 5363 2369 5391 θ’
2392 5358 2473 5394 κὶΙΙ
2506 5382 2519 5394 .

2146 5347 2275 5397 olitu
2305 5344 2519 5396 lio-bant.

2245 5417 2289 5485 θ’)
2333 5413 2499 5478 Editi,
2528 5412 2803 5469 obnoxium
2829 5431 2849 5469 .'
2875 5416 3229 5472 emendantur
3250 5436 3312 5472 ex
3343 5436 3473 5475 mss.

2338 5486 2397 5539 In
2421 5500 2529 5541 uno
2554 5500 2656 5541 ms.
2684 5486 2834 5557 Colb.
2844 5489 3105 5557 juvenem,
3140 5505 3245 5542 non
3275 5492 3535 5547 viventem.

2225 5556 2304 5628 (Ιι)
2351 5558 2495 5612 Mter
2524 5573 2554 5611 e
2587 5572 2714 5610 mss.
2749 5556 2902 5613 Colb.
2931 5576 3053 5615 cum
3104 5561 3428 5627 llnhcrtauo,
3482 5564 3662 5622 ()ttob.
3697 5581 3753 5624 et

2150 5629 2402 5693 Celt0n|.,
2431 5631 2596 5699 siqua
2634 5630 2808 5698 puella
2837 5647 2854 5683 :
2883 5640 2938 5685 et
2974 5646 3096 5689 mox
3128 5632 3277 5688 solus
3303 5631 3488 5693 Ottnb.
3522 5639 3573 5691 in
3620 5651 3753 5696 reste

2154 5702 2409 5778 utimcapt'
2458 5702 2767 5778 usurpauit.
2816 5700 2939 5778 lluc
2984 5713 3191 5778 Spectat
3221 5705 3348 5759 illud
3394 5706 3646 5778 Cypriani
3679 5713 3745 5768 tlc

2155 5774 2460 5850 litscipllzet
2480 5772 2671 5850 Habitu
2695 5774 2979 5850 virginum,
3009 5776 3247 5830 Sericum
3265 5788 3325 5850 Act
3355 5772 3635 5850 ptum-uram
3662 5788 3738 5838 iu-

2155 5842 2315 5913 dutw,
2337 5842 2599 5902 Christum
2632 5842 2841 5902 induere
2864 5862 2961 5901 non
2986 5860 3217 5915 possunt.
3256 5842 3741 5923 Sic'ﬂieronyuu»
