4266 6462
602 324 702 381 551

1800 316 2045 379 SANCTI
2088 313 2341 372 lllLARll
2384 311 2691 373 EPISCOI‘I

3782 310 3889 368 559.

597 454 791 508 capere
822 454 927 493 non
960 436 1149 509 possit.
1182 434 1287 493 Sed
1321 435 1395 491 illi
1438 433 1579 491 dabo
1604 448 1748 500 eam,
1794 449 1915 503 qum
1940 440 2189 487 contenta
2219 433 2268 493 Α
2296 426 2431 483 fert:
2460 426 2573 496 Ego
2588 434 2792 483 vestem
2813 425 3335 498 alteramexspecto,
3362 432 3582 496 propter
3600 438 3762 496 quam
3788 438 3887 493 pa-

597 534 689 598 sit,
724 548 828 587 non
858 534 1031 586 serico
1060 532 1267 595 habitu,
1300 529 1393 585 sed
1449 528 1525 602 (η)
1568 529 1761 584 nativis
1810 526 2083 581 coloribus
2133 534 2190 581 et

598 622 970 694 iusumptuoso
997 632 1146 679 textu
1170 622 1356 683 vestiri
1390 640 1403 676 :
1446 623 1520 677 ita
1561 629 1621 677 ut
1650 627 1872 692 propter
1898 627 2188 674 consuetu-

595 718 800 785 dinem,
848 734 1136 789 purpuram
1179 716 1255 790 (ὁ)
1302 725 1678 787 perangustum
1718 713 1885 771 veSIis
1934 712 2128 768 habeat
2170 730 2182 765 :

596 827 705 868 non
731 812 894 868 etiam
944 825 1178 883 purpura
1222 809 1338 880 ipsa
1375 808 1447 883 (ε)
1487 807 1818 865 diffundatur
1858 808 1910 861 in
1957 817 2180 863 vestem.

594 903 876 975 Margarita
901 918 1049 970 vero,
1082 920 1240 977 quam
1261 920 1290 961 a
1321 920 1407 961 me
1432 902 1592 975 petis,
1621 910 1829 959 natura:
1858 902 1976 971 ejus
1996 909 2099 968 est,
2127 908 2186 955 ιιι

594 998 793 1055 habere
829 1014 950 1053 eam
986 1014 1146 1055 neruo
1174 1000 1366 1069 possit,
1407 998 1500 1069 qui
1530 997 1874 1069 margaritam
1906 996 2065 1051 aliam
2096 995 2184 1051 ha-

592 1090 769 1149 buerit
802 1094 970 1165 :quia
1032 1092 1155 1149 alite
1206 1092 1507 1165 margarita:
1556 1098 1651 1146 aut
1698 1090 1768 1147 de
1803 1099 1943 1147 terra
1987 1096 2080 1146 aut
2116 1088 2186 1145 de

592 1184 726 1241 mari
750 1195 910 1253 sunt;
942 1194 1287 1251 meaautem,
1318 1194 1378 1242 ut
1418 1186 1535 1255 ipse
1575 1192 1634 1239 tu
1658 1182 1831 1249 vides,
1860 1182 2103 1254 speciosa
2130 1190 2187 1239 et

590 1280 823 1350 pretiosa
851 1288 955 1348 est,
987 1276 1427 1350 incomparabilis
1455 1286 1510 1333 et
1546 1274 1784 1335 caelestis
1824 1284 1931 1342 est,
1970 1291 2071 1333 nec
2096 1275 2181 1331 di-

585 1380 781 1444 gnatur
807 1372 878 1429 ibi
905 1387 1028 1429 esse
1054 1370 1145 1428 ubi
1185 1371 1304 1428 alia:
1332 1380 1483 1426 sunt.
1510 1367 1630 1425 Non
1660 1370 1805 1426 enim
1845 1368 2007 1425 rebus
2046 1367 2181 1425 meis

584 1470 838 1525 convenit
861 1482 985 1525 cum
1010 1467 1175 1525 rebus
1201 1464 1438 1523 hominis
1465 1484 1477 1519 :
1500 1463 1624 1537 quia
1656 1463 1746 1535 qui
1786 1470 1936 1520 veste
1964 1478 2081 1519 mea
2125 1471 2183 1519 et

582 1560 871 1633 margarita
897 1563 1082 1629 utitur,
1116 1560 1171 1615 in
1217 1569 1478 1616 aeternum
1505 1572 1670 1614 sanus
1697 1569 1816 1623 est,
1870 1572 1977 1611 non
2027 1555 2177 1613 febre

582 1653 905 1720 exardescit,
933 1668 1041 1710 non
1074 1652 1283 1709 vulneri
1312 1660 1480 1722 patet,
1514 1665 1622 1707 non
1658 1650 1815 1705 annis
1841 1648 2175 1717 demutatur,

582 1761 690 1803 non
726 1754 902 1803 morte
922 1746 1271 1812 dissolvitur;
1302 1744 1401 1817 (Δ).
1436 1744 1663 1815 aequalis
1685 1743 1833 1800 enim
1882 1756 2096 1812 semper
2122 1750 2179 1797 et

2294 532 2375 577 ter
2402 537 2554 577 meus
2593 538 2623 574 a
2671 536 2757 577 me
2804 531 2909 576 tam
2957 520 3047 576 diu
3094 520 3491 592 peregrinatur,
3541 532 3702 590 quam
3752 512 3885 571 mihi

2290 615 2502 685 quzerit,
2535 628 2695 684 quam
2725 628 2830 669 non
2862 628 3080 685 possum
3123 611 3325 673 habere
3365 611 3413 670 si
3458 612 3597 669 hanc
3625 610 3885 667 habuero.

2291 707 2500 764 Sullicit
2527 707 2657 764 mihi
2680 708 2798 763 lana
2821 708 2935 764 ovis
2964 724 3119 775 meat,
3152 706 3350 764 suﬂicit
3386 706 3515 764 mihi
3537 706 3687 765 color
3717 721 3883 777 quem

2290 813 2477 859 natura
2517 804 2715 872 attulit,
2763 803 2962 860 sullicit
3013 804 3145 860 mihi
3194 813 3371 861 textus
3419 804 3827 873 insumptuosus
3868 819 3883 857 ς

2289 905 2543 953 caeterum
2587 908 2793 955 vestrm
2833 898 2983 954 illam
3032 897 3313 967 desidero,
3362 912 3483 971 qua:
3529 897 3726 953 dicitur
3774 910 3884 953 non

2288 993 2520 1059 absumi,
2554 1010 2661 1049 non
2694 996 2849 1050 atteri
2878 1036 2895 1063 ,
2944 1010 3049 1051 non
3078 993 3272 1051 scindi.
3299 996 3367 1050 At
3388 1010 3516 1051 vero
3541 993 3589 1051 si
3617 991 3712 1049 tibi
3743 1007 3882 1048 mar-

2286 1088 2457 1159 garita
2488 1085 2745 1144 oderatur
2789 1099 2878 1144 aut
2931 1088 3308 1160 suspendenda
3354 1089 3521 1157 collo,
3570 1097 3662 1145 aut
3715 1088 3885 1161 digito

2286 1179 2613 1251 coaptanda,
2642 1182 2791 1237 dices
2818 1181 2913 1251 ita,
2938 1180 3056 1238 Non
3080 1181 3212 1239 mihi
3240 1182 3629 1253 impedimento
3645 1182 3883 1239 sintista:

2286 1275 2505 1331 inutiles
2544 1283 2597 1331 et
2636 1275 2873 1333 sordida:
2914 1278 3217 1349 margaritre
3252 1277 3389 1335 :sed
3426 1287 3682 1348 exapecto
3731 1275 3881 1335 illam

2286 1370 2753 1439 pretiosissimam,
2781 1368 3197 1441 pulcherrimam
3235 1378 3291 1426 et
3314 1370 3674 1427 utilissimam.
3704 1367 3882 1427 Credo

2286 1460 2425 1531 patri
2456 1478 2600 1533 meo,
2630 1464 2753 1535 quia
2772 1472 2827 1519 et
2853 1463 2932 1535 (Ii)
2958 1464 3047 1520 ille
3071 1465 3146 1534 ei,
3171 1466 3261 1536 qui
3281 1463 3420 1522 hanc
3442 1462 3733 1537 spepondit
3752 1460 3875 1533 sibi,

2282 1552 2533 1621 credidit,
2553 1568 2777 1626 propter
2802 1571 2962 1627 quam
2980 1554 3110 1611 mihi
3131 1554 3455 1628 signiﬁcavit
3475 1571 3537 1613 se
3558 1556 3717 1613 etiam
3742 1552 3880 1611 mori

2282 1647 2423 1704 velle
2450 1666 2463 1703 :
2496 1649 2633 1706 hanc
2657 1661 2936 1722 exspecto,
2970 1649 3106 1708 hanc
3132 1650 3545 1725 desidero,qu:e
3564 1649 3699 1708 mihi
3742 1667 3879 1724 pra:-

2279 1743 2445 1799 stabit
2470 1746 2697 1799 salutem
2728 1756 2783 1801 et
2808 1748 3191 1803 mternitatem.

579 1852 813 1898 teternus
840 1849 943 1897 est.
973 1839 1088 1911 Ego
1118 1848 1295 1896 tamen
1318 1838 1460 1895 hanc
1489 1847 1691 1894 vestem
1712 1844 1769 1892 et
1794 1835 1931 1892 hanc
1959 1850 2173 1906 marga~
2205 1840 2254 1903 B
2350 1836 2402 1891 7.
2444 1835 2601 1894 Filia:
2617 1849 2877 1909 exspectat
2906 1839 3231 1904 rescriptum.
3264 1838 3501 1911 Hunnus
3525 1840 3806 1897 matutinus
3826 1850 3879 1898 ct

578 1934 737 1992 ritam
763 1951 936 1992 meam
960 1935 1163 2006 petenti
1194 1931 1289 1989 tibi
1316 1929 1481 1999 dabo,
1513 1942 1570 1986 ut
1596 1944 1717 1985 eam
1759 1928 1885 1984 lilia:
1921 1938 2025 1985 tua:
2053 1943 2173 1997 pcr-

577 2025 737 2085 l‘eras.
771 2028 879 2085 Sed
911 2029 1060 2098 prius
1085 2027 1225 2083 scire
1254 2026 1421 2081 debes
1447 2022 1576 2096 quid
1622 2024 1752 2079 velit
1797 2022 1907 2078 tilia
1954 2032 2063 2078 tua.
2112 2022 2170 2079 Si

570 2136 632 2178 se
658 2120 817 2193 hujus
846 2125 1014 2180 vestis
1039 2130 1096 2177 et
1122 2118 1425 2192 margaritre
1456 2133 1593 2173 mea:
1631 2116 1848 2187 dignam
1896 2116 2077 2183 faciat,
2118 2114 2171 2170 id

573 2224 677 2282 est,
724 2215 770 2272 si
815 2224 993 2272 vestes
1022 2215 1225 2271 sericas
1269 2221 1325 2268 et
1368 2219 1584 2267 auratas
1614 2218 1669 2264 et
1708 2209 1934 2265 infectas
1970 2208 2169 2265 habere

573 2308 823 2374 noluerit,
856 2310 901 2364 si
926 2322 1145 2364 omnem
1172 2305 1521 2377 margaritam
1549 2305 1771 2359 alteram
1794 2301 2008 2365 oderit;
2040 2310 2170 2357 tunc

570 2401 688 2460 lucc
711 2419 831 2476 qtae
863 2419 950 2460 me
974 2418 1133 2475 rogas
1161 2400 1258 2458 tibi
1280 2399 1569 2472 prmstabo.

643 2498 697 2555 6.
719 2495 911 2555 Filiam
925 2500 1158 2555 hortatur
1172 2506 1225 2552 ut
1243 2496 1481 2553 modestis
1503 2505 1676 2551 utatur
1688 2496 1927 2552 uestibus.
1950 2524 2022 2538 ——
2038 2492 2170 2552 Post

570 2605 730 2661 quam
746 2606 957 2658 vocem,
978 2590 1107 2659 lilia,
1128 2590 1284 2646 laetus
1306 2605 1558 2661 exsurgo,
1581 2598 1637 2646 et
1655 2599 1925 2646 secretum
1948 2587 2053 2645 hoc
2074 2587 2166 2645 ha-

572 2682 726 2750 bens,
757 2683 899 2741 hanc
922 2683 991 2741 ad
1014 2693 1066 2741 te
1091 2683 1375 2757 epistolam
1402 2684 1504 2741 feci
1535 2702 1548 2737 :
1578 2699 1777 2758 rogans
1822 2694 1875 2741 te
1904 2698 2001 2755 per
2031 2684 2166 2741 mul-

572 2784 655 2832 tas
690 2775 958 2850 lacrymas
999 2792 1168 2844 meas,
1226 2784 1285 2833 ut
1314 2786 1366 2835 te
1412 2775 1538 2833 huic
1585 2778 1717 2833 vesti
1766 2788 1821 2833 et
1865 2778 2166 2848 margaritae

566 2884 841 2937 reserves,
868 2885 1043 2943 neque
1066 2868 1322 2927 miserum
1341 2886 1526 2927 senem
1555 2870 1646 2926 tali
1673 2869 1871 2927 damno
1888 2879 1979 2925 tuo
1996 2867 2068 2941 (ε)
2088 2867 2165 2925 lit--

567 2963 702 3029 cias.
750 2964 796 3020 si
827 2964 967 3021 hanc
994 2974 1205 3022 vestem
1233 2977 1287 3021 et
1308 2964 1447 3021 hanc
1484 2964 1830 3034 margaritam
1871 2962 2036 3036 528
2055 2977 2163 3019 non

566 3055 838 3116 habueris.
869 3057 1063 3116 Testor
1088 3058 1159 3134 (ί)
1185 3069 1365 3117 autem
1394 3058 1523 3126 tibi,
1576 3057 1706 3126 lilia,
1748 3059 1919 3115 Deum
1959 3059 2080 3116 emli
2107 3068 2162 3114 et

568 3158 749 3220 terrm,
781 3150 905 3224 quia
930 3152 1064 3209 nihil
1093 3152 1193 3209 hac
1218 3163 1366 3209 veste
1402 3163 1565 3224 atque
1592 3152 1691 3208 hac
1722 3153 2012 3223 margarita
2037 3167 2159 3225 pre-

2272 1932 2546 1988 serotinus.
2573 1932 2724 1990 Aera:
2749 1933 3170 2008 mutem—Ergo,
3206 1934 3332 2001 lilia,
3364 1933 3587 1991 subveni
3614 1936 3879 1992 sollicitu-

2271 2024 2384 2080 dini
2406 2041 2561 2093 mezc,
2592 2036 2644 2083 et
2666 2025 2804 2081 haue
2831 2027 3117 2099 epistolam
3159 2043 3334 2084 meam
3386 2043 3603 2099 semper
3633 2027 3788 2101 'lege,
3818 2040 3876 2086 et

2272 2118 2396 2176 huic
2420 2122 2634 2177 vestiet
2660 2120 2964 2193 margaritae
2993 2130 3046 2178 te
3078 2136 3319 2179 reserva.
3366 2121 3438 2178 Et
3480 2121 3593 2192 ipsa
3625 2132 3681 2178 tu
3710 2122 3867 2191 mihi,

2271 2213 2474 2270 nullum
2499 2214 2858 2287 interrogans,
2887 2214 3215 2287 quibuslibet
3256 2224 3407 2287 potes
3455 2215 3650 2273 litteris
3678 2218 3874 2273 rescri-

2270 2306 2358 2373 be,
2388 2317 2570 2363 utrum
2618 2310 2755 2364 vesti
2786 2307 2910 2364 huic
2936 2318 2992 2363 et
3038 2311 3341 2380 margarita:
3397 2318 3448 2365 te
3493 2324 3765 2379 reserves,
3811 2318 3874 2365 ut

2269 2401 2437 2457 sciam
2461 2402 2589 2474 quid
2615 2402 2802 2474 juveni
2830 2404 2859 2457 ἰῇ
2874 2401 2910 2457 li
2934 2402 3288 2473 respondeam
3321 2420 3334 2457 :
3364 2411 3503 2460 etut
3530 2403 3572 2458 si
3600 2403 3745 2459 illaut
3777 2402 3873 2461 dc-

2268 2497 2502 2561 sideras,
2532 2496 2578 2551 si
2608 2505 2916 2567 exspectas,
2974 2495 3128 2551 laetus
3160 2496 3363 2567 possim
3413 2495 3481 2551 ad
3528 2503 3582 2552 te
3632 2495 3869 2553 reditum

2267 2591 2523 2661 cogitare.
2554 2588 2690 2646 Cum
2722 2600 2900 2646 autem
2941 2588 3073 2644 mihi
3105 2587 3447 2662 rescripseris
3473 2632 3487 2656 ,
3537 2598 3664 2645 tunc
3690 2590 3784 2646 tibi
3812 2602 3870 2647 ct

2267 2698 2367 2756 ego
2396 2685 2519 2757 quis
2545 2683 2609 2739 sit
2643 2682 2731 2739 hic
2752 2682 2991 2754 juvenis,
3017 2691 3073 2740 et
3092 2681 3268 2754 qualis
3287 2682 3380 2749 sit,
3402 2692 3457 2739 et
3479 2683 3605 2753 quid
3633 2681 3785 2750 velit,
3810 2690 3871 2739 et

2265 2778 2394 2851 quid
2423 2781 2719 2851 promittat,
2742 2787 2798 2835 et
2826 2778 2952 2850 quid
2977 2776 3168 2848 possit,
3202 2776 3470 2835 iudicabo.
3512 2777 3732 2834 Interim
3770 2775 3867 2833 tibi

2268 2873 2523 2945 hymnum
2566 2872 2889 2943 matutinum
2933 2880 2988 2927 et
3015 2871 3311 2927 serotinum
3366 2870 3508 2939 misi,
3564 2879 3624 2927 ut
3660 2885 3870 2928 memor

2265 2967 2367 3023 mei
2398 2980 2615 3037 semper
2640 2965 2734 3021 sis.
2754 2946 2856 3021 "l‘u
2882 2980 3013 3021 vero
3049 2965 3095 3020 si
3154 2965 3332 3021 minus
3357 2978 3454 3036 per
3475 2974 3688 3021 :etatcm
3714 2965 3867 3038 hym-

2266 3076 2392 3116 num
2439 3068 2496 3116 et
2537 3059 2823 3131 epistolam
2874 3059 3212 3116 intellexeris
3241 3102 3257 3125 ,
3311 3060 3580 3131 interroga
3636 3070 3870 3118 matrem

2265 3162 2433 3221 tuam,
2466 3168 2589 3225 quae
2626 3160 2777 3225 optat
2804 3160 2861 3208 ut
2888 3162 2941 3209 te
2992 3153 3235 3209 moribus
3276 3152 3391 3209 suis
3428 3152 3685 3225 genuerit
3729 3152 3863 3211 Deo.

564 3243 758 3301 tiosius
801 3252 914 3311 est;
963 3254 1019 3301 et
1065 3246 1144 3302 tui
1187 3245 1328 3317 juris
1354 3255 1458 3313 est,
1505 3252 1565 3301 ut
1616 3247 1755 3301 hanc
1802 3245 2021 3303 habeas.
2073 3244 2154 3301 Tu
2184 3230 2231 3296 C
2261 3246 2406 3303 Deus
2438 3246 2532 3318 qui
2588 3256 2641 3302 te
2681 3244 2889 3317 genuit,
2946 3243 3033 3301 hic
3083 3254 3138 3303 et
3192 3246 3243 3303 in
3288 3257 3552 3303 aeternum
3596 3248 3869 3305 custodiat

562 3335 750 3405 modo,
781 3338 859 3409 (9)
893 3337 938 3393 si
968 3338 1182 3410 quando
1214 3333 1310 3392 tibi
1336 3338 1499 3393 vestis
1524 3336 1629 3392 alia
1658 3336 1933 3404 aﬂeratur,
1954 3336 2042 3394 vel
2068 3352 2154 3394 sco

561 3428 695 3497 rica,
725 3429 809 3486 vel
838 3429 1055 3498 inlecta,
1089 3430 1175 3487 vel
1199 3430 1475 3499 deaurata,
1516 3429 1683 3486 dicito
1732 3432 1780 3488 ei
1816 3432 1905 3501 qui
1934 3430 2046 3500 tibi.
2074 3431 2159 3487 ol-

563 3552 724 3618 ep‘tst.
756 3560 829 3599 vn
855 3546 921 3601 ad
948 3544 1173 3618 Lzetam,
1198 3544 1287 3600 ubi
1312 3545 1548 3618 narravit
1571 3560 1705 3618 quas
1730 3558 1921 3618 poenas
1937 3543 2153 3618 dederit

564 3615 884 3689 [frteteatata
907 3617 1262 3689 nobilissima,
1307 3615 1450 3689 quod
1482 3615 1601 3689 viro
1631 3615 1882 3688 llytiictio
1928 3617 2154 3686 jubenle

570 3687 693 3743 lilia:
722 3687 833 3742 Deo
864 3702 1193 3744 consecrata:
1237 3687 1475 3743 habitum
1519 3687 1832 3759 cultumque
1872 3697 2153 3755 mutasset,

562 3759 831 3815 concludit
866 3780 879 3815 ε
911 3759 1002 3816 Sic
1025 3760 1286 3815 ulciscitur
1310 3760 1541 3814 Christus
1567 3760 1836 3815 violatores
1860 3762 2031 3831 templi
2053 3762 2155 3825 sui,

558 3832 632 3885 sic
656 3847 883 3903 gemmas
903 3842 950 3885 et
981 3832 1346 3903 pretiosissima
1366 3844 1665 3885 ornamenta
1694 3833 1942 3903 defendit.
2000 3834 2155 3901 Quod

561 3902 843 3975 autetnibi
873 3904 940 3959 de
965 3902 1225 3975 virginum
1268 3903 1412 3957 cultu
1456 3904 1632 3967 habet,
1665 3905 1897 3959 maxime
1940 3920 2068 3959 vero
2096 3906 2159 3958 il-

561 3972 673 4040 lud,
705 3971 902 4029 Habent
939 3971 1070 4029 alias
1127 3976 1451 4043 margaritas,
1502 3975 1683 4044 quibus
1722 3984 1897 4045 postea
1936 3976 2155 4031 venditis

558 4055 793 4114 emptura
822 4055 895 4100 est
924 4047 1344 4116 pretiosissimum
1372 4047 1732 4116 margaritum,
1784 4046 1921 4102 haud
1953 4047 2155 4103 medio-

559 4118 725 4173 criter
746 4116 1031 4174 conﬁrmat
1058 4117 1194 4173 hanc
1218 4118 1498 4187 epistolam
1532 4118 1717 4173 Hilarii
1751 4127 1963 4175 aetatem
1994 4120 2156 4175 redo-

558 4188 694 4245 lere.
753 4204 929 4261 neque
984 4190 1153 4261 ipsius
1182 4192 1324 4261 stylo
1368 4204 1492 4245 esse
1535 4190 1827 4261 indignam.
1885 4190 1945 4245 γ.
1991 4198 2142 4247 tract.

555 4276 638 4331 ps.
668 4260 853 4328 cxvtn,
876 4263 953 4317 lit.
983 4260 1070 4328 l6,
1096 4278 1151 4316 u.
1190 4260 1279 4317 16.

623 4332 700 4404 (a)
740 4332 958 4389 Nativos
985 4332 1262 4389 habituum
1285 4332 1497 4391 colores
1524 4332 1923 4404 commendant,
1955 4343 2009 4390 et
2030 4343 2149 4391 arte

553 4403 808 4474 quaesitos
832 4405 1091 4459 damnant
1113 4406 1277 4461 etiam
1305 4406 1393 4460 alii
1417 4404 1623 4461 Patres.
1654 4403 1832 4471 Neque
1863 4406 2019 4470 enim,
2066 4406 2147 4461 in-

553 4478 665 4547 quit
690 4474 988 4548 Cyprianus
1017 4476 1085 4531 de
1112 4477 1328 4546 Dircipi.
1361 4486 1416 4531 et
1455 4477 1646 4531 Habitu
1679 4478 1814 4547 virg.
1857 4476 1995 4531 Deus
2033 4495 2142 4532 coc-

551 4550 719 4603 cineas
749 4558 835 4621 aut
864 4565 1148 4621 purpureas
1172 4565 1286 4603 oves
1312 4548 1457 4621 fecit,
1482 4557 1569 4601 aut
1606 4549 1874 4621 herbarum
1896 4550 2070 4621 succis
2100 4558 2147 4603 et

553 4620 834 4692 conchyliis
862 4619 1057 4692 tingere
1083 4630 1130 4673 et
1160 4621 1387 4692 colorare
1440 4619 1585 4692 lanas
1635 4620 1827 4675 docuit.
1878 4620 2031 4689 Quod
2078 4636 2143 4677 ex

552 4689 909 4763 Tertulliano,
939 4689 1034 4748 lib.
1064 4692 1196 4747 nde
1238 4690 1396 4746 Cultu
1432 4689 1619 4745 femin.
1654 4708 1706 4746 η.
1745 4692 1835 4759 to,
1878 4695 2149 4763 expressit

549 4762 869 4831 Cyprianus.

622 4834 696 4909 (ὁ)
735 4835 858 4890 Par.
890 4851 1171 4909 purpuram
1212 4851 1303 4906 per
1329 4842 1597 4906 augustam
1642 4835 1814 4909 gestis.
1868 4833 2144 4891 Editiones

546 4906 687 4973 aliae,
715 4906 1022 4980 purpuream
1050 4924 1140 4980 per
1159 4917 1401 4980 augustas
1439 4917 1615 4961 vestes.
1642 4906 1757 4962 Duo
1785 4920 1915 4961 mss.
1945 4922 2141 4979 purpu-

547 4979 771 5049 ramper
787 4989 1027 5050 angustas
1052 4989 1225 5035 vestes.
1262 4979 1449 5034 Melius
1470 4980 1582 5044 alii,
1631 4992 1995 5048 perangustum
2033 4995 2139 5035 ves-

546 5053 609 5104 tis
636 5066 655 5104 :
679 5050 1173 5121 adﬁdistittctionem
1195 5051 1310 5106 scil.
1335 5050 1533 5105 latioris
1561 5065 1823 5121 purpurm,
1852 5050 2007 5120 cujus
2026 5065 2144 5106 mc-

548 5123 703 5176 miuit
729 5120 1111 5190 Tertullianus,
1141 5124 1208 5178 de
1236 5122 1406 5177 Pallio
1432 5138 1579 5176 num.
1613 5120 1667 5188 t,
1698 5122 1837 5176 unde
1857 5132 1941 5176 est
1970 5122 2142 5175 clavus

549 5193 681 5246 latus
708 5194 779 5249 ab
807 5193 997 5250 eodem
1030 5203 1380 5261 memoratus,
1414 5210 1468 5247 n.
1504 5193 1571 5249 i3
1590 5193 1659 5249 de
1686 5190 1921 5249 Corona.
1954 5194 2139 5250 lliero—

2259 3355 2410 3416 Opto,
2436 3343 2542 3399 lllia
2568 3340 3049 3399 desideratissima.

2255 3558 2450 3617 nymus
2485 3558 2636 3611 vero,
2666 3539 2826 3621 epist.
2846 3538 2949 3621 29,
2990 3538 3438 3621 ad’Eustochium
3476 3545 3785 3621 depingens
3810 3541 3869 3608 οι

2258 3616 2490 3689 carpens
2527 3616 2781 3686 quasdam
2808 3616 3068 3689 virgines,
3096 3631 3215 3689 quat
3236 3618 3287 3673 in
3316 3619 3535 3689 publico
3557 3616 3869 3678 notabiliter

2261 3687 2605 3760 incedebant,
2634 3689 2774 3742 inter
2797 3688 2900 3760 alia
2933 3690 3027 3754 ait,
3054 3687 3285 3760 purpura
3314 3687 3514 3745 tantum
3541 3693 3595 3745 iu
3627 3702 3761 3748 ueste
3791 3704 3868 3749 te-

2262 3761 2397 3836 nuis.
2430 3759 2931 3836 Nonniltil__c_onlert_
2958 3759 3261 3836 hiellilarii
3303 3762 3455 3819 locus
3480 3762 3547 3820 ad
3572 3766 3862 3836 exploranv

2260 3833 2383 3887 dam
2405 3832 2618 3903 generis
2658 3831 2805 3886 illius
2845 3832 3203 3888 nobilitatem.

2339 3904 2408 3985 (ρ)
2437 3903 2614 3985 _Editi,
2669 3903 2985 3975 defundatur
3040 3905 3093 3959 in
3143 3914 3274 3961 veste
3322 3922 3342 3960 .'
3385 3906 3744 3965 emendantur
3794 3926 3864 3966 ex

2261 3985 2499 4039 scriptis.

2330 4045 2425 4123 (d)_
2454 4045 2530 4123 Ita
2559 4060 2753 4123 omnes
2780 4043 2893 4103 fere
2921 4062 3052 4123 mss.
3080 4047 3226 4106 Editi
3264 4067 3416 4118 vero,
3465 4053 3677 4123 (aqualis
3714 4062 3864 4109 teter-

2256 4116 2353 4172 nis.
2386 4116 2569 4173 Codex
2595 4118 2776 4173 (ittob.
2815 4120 3030 4190 tequalis
3058 4124 3195 4176 enim
3217 4133 3297 4178 est
3324 4116 3479 4181 restis
3504 4116 3617 4179 utea
3642 4135 3687 4179 et
3707 4137 3859 4181 teter-

2255 4205 2323 4243 na
2354 4205 2373 4273 ς
2396 4200 2451 4245 et
2479 4190 2665 4273 paulo
2714 4199 2839 4247 ante
2864 4208 2965 4245 non
3004 4192 3217 4248 uulnera
3242 4197 3461 4265 patitur,
3490 4211 3587 4267 pro
3614 4214 3713 4252 uati
3740 4198 3857 4252 vul~

2254 4270 2365 4314 neri
2404 4270 2562 4332 patet.

2324 4339 2393 4417 (c)
2434 4340 2719 4417 Beceensis
2764 4341 2977 4417 codex,
3037 4344 3257 4417 efﬁcias.
3306 4343 3529 4404 Cenem.
3587 4349 3853 4415 conﬁcias.

2252 4411 2586 4487 Bolierianus
2638 4422 2694 4468 et
2738 4415 2943 4487 aliquot
2998 4411 3116 4479 alii,
3169 4433 3331 4487 neque
3376 4419 3561 4474 misero
3606 4411 3714 4474 sciti
3753 4422 3859 4475 tale

2250 4484 2657 4561 dnnmuuttuum
2683 4484 2867 4554 facias.
2901 4485 3049 4543 Unus
3085 4484 3267 4561 Colbg
3297 4506 3455 4561 neque
3506 4493 3744 4546 miserum
3774 4509 3859 4546 se-

2252 4572 2364 4629 men
2420 4556 2521 4629 tali
2554 4557 2743 4611 damno
2780 4567 2865 4612 tua
2907 4567 2955 4612 te
3005 4559 3188 4629 facias.
3231 4559 3329 4617 Cui
3370 4556 3642 4619 consentit
3666 4562 3851 4624 Germ.

2252 4628 2351 4681 nisi
2382 4627 2523 4698 quod
2556 4629 2623 4683 ab
2650 4642 2719 4684 eo
2745 4628 2900 4684 abest
2921 4639 2990 4685 te.

2319 4718 2405 4801 (f)_
2451 4720 2767 4801 Hiijusmodi
2828 4721 3204 4801 obtestationis
3265 4726 3572 4801 egemplum
3624 4727 3854 4801 legimus

2249 4790 2351 4847 lib.
2372 4790 2442 4848 de
2481 4790 2734 4865 synodis,
2762 4808 2914 4849 num.
2952 4795 3054 4863 9l,-
3083 4806 3231 4867 puta,
3286 4790 3463 4855 Testor
3514 4790 3705 4857 Deum“
3736 4803 3853 4857 creti

2246 4872 2398 4933 atque
2416 4873 2587 4932 terrea,
2616 4880 2695 4918 me
2714 4881 2827 4919 cum
2851 4875 3088 4922 neutrum
3108 4870 3391 4935 audissem,
3418 4879 3525 4927 etc.

2326 4954 2403 5039 (9)
2448 4956 2523 5039 Ita
2555 4972 2658 5039 ms.
2693 4957 2879 5014 Ottob.
2914 4962 2983 5015 At
3022 4961 3173 5029 editi,
3205 4971 3259 5018 tu
3304 4964 3456 5020 ηιοάο
3503 4968 3709 5036 quando
3760 4966 3853 5023 ,ξω

2249 5027 2397 5081 vestis
2426 5029 2532 5083 alia
2561 5027 2797 5097 alfertur.

2324 5120 2401 5194 (lt)
2446 5121 2663 5189 Excusi,
2694 5122 2895 5200 ἔμαθοιί
2922 5129 3195 5200 spopondit
3224 5128 3269 5185 ei
3294 5145 3349 5185 se
3381 5130 3596 5188 credidit
3636 5150 3653 5188 :
3679 5135 3854 5192 corri-

2249 5207 2449 5264 guntur
2470 5210 2539 5252 ex
2569 5210 2671 5251 ms.
2706 5195 2909 5254 Bolter.

545 5307 3832 5342 Ἥ

1637 5401 2171 5553 SANC‘

2262 5406 2360 5551 Ἰ
2478 5406 3256 5557 HlLARII

951 5621 1521 5710 HYMNUS
1614 5620 2014 5708 FILI/E
2093 5623 2379 5709 SU/E
2463 5626 2840 5714 ABR/E
2922 5631 3430 5719 MISSUS.

828 5784 990 5842 Lucis
1014 5782 1239 5857 largitor
1263 5781 1545 5855 splendide
1570 5783 1663 5855 (ul.
1694 5781 1944 5856 optime).

825 5878 991 5951 Cujus
1020 5892 1212 5935 sereno
1240 5876 1331 5951 (nl.
1368 5876 1658 5947 sermonis)
1692 5879 1914 5949 lumine,

2530 5785 2662 5841 Post
2688 5785 2837 5858 lapsa
2859 5791 3036 5846 noctis
3060 5798 3329 5863 tempora,

2527 5880 2650 5937 Dies
2677 5880 2888 5941 refusus
2911 5885 3008 5951 (al.
3044 5886 3299 5963 rolulsus)
3333 5892 3599 5961 panditur.
