4266 6448
570 310 676 363 555

1767 292 2008 353 ΒΑΝΟΤΙ
2048 290 2304 350 ιιιιΑιιιι
2343 290 2648 351 [Ριεοορι

3745 284 3861 346 558

568 420 858 480 scribentis
888 417 954 473 ad
984 413 1358 472 Constantium
1401 411 1783 483 imperatorem
1826 414 1881 467 in
1924 412 2155 466 concilio
2185 412 2231 472 Δ
2260 428 2366 467 non
2418 410 2581 467 modo
2628 408 2885 465 Paulinus
2923 422 2993 465 ex
3030 406 3331 465 Arelatensi
3363 403 3573 480 synodo
3600 418 3690 459 an.
3723 404 3859 471 55$,

568 515 802 571 lauilavit
832 509 1157 566 (Imlcstinus
1182 523 1319 581 papa
1369 505 1413 573 l,
1463 514 1517 562 et
1560 506 1829 562 Arnobius
1858 506 1952 561 lib.
2005 521 2042 560 ιι
2091 504 2158 560 de

567 607 821 663 conllictu
850 620 970 660 cum
992 601 1290 671 Serapione
1316 600 1565 655 inseruit.
1596 597 1877 654 Postremo
1900 598 2159 667 Hierony-

570 715 688 755 mus
719 700 915 753 librum
951 694 1135 768 Hilarii
1158 694 1209 748 in
1230 691 1609 748 Constantium
1632 690 1743 760 jam
1776 692 1885 744 vita
1916 689 2158 743 functum
2198 741 2205 747 ,

571 800 838 849 memorat
881 808 895 844 :
938 804 1061 845 cum
1096 789 1219 847 vivo
1256 782 1576 842 Constantio
1622 785 1732 839 lres
1770 784 1901 839 istos
1929 783 2163 854 scriptos

566 886 734 941 fuisse
762 882 1257 938 constantissimum
1286 881 1377 935 sit.

640 979 727 1033 Ill.
770 978 903 1045 Qua:
933 977 1064 1032 licet
1094 975 1165 1029 ita
1189 973 1318 1038 sint,
1350 973 1485 1028 alios
1519 979 1695 1027 tamen
1737 972 1803 1026 ab
1829 970 1914 1025 his
1940 970 2163 1026 minime

569 1068 958 1126 desiderandus
986 1067 1311 1123 arbitramur
1352 1108 1362 1117 .
1396 1074 1451 1121 et
1490 1062 1842 1121 Fortunatum
1872 1061 2090 1134 quidem
2130 1074 2161 1115 a

574 1163 814 1233 Sulpicio
842 1162 1128 1229 deceptum
1164 1174 1317 1227 esse;
1357 1157 1501 1214 hunc
1530 1173 1661 1217 vero
1691 1157 1855 1213 nimio
1882 1155 2164 1213 brevitatis

574 1254 755 1309 studio
785 1248 899 1309 tres
940 1252 1127 1319 libros,
1168 1266 1303 1321 quos
1342 1246 1631 1316 habemus,
1663 1249 1763 1306 sub
1790 1250 1944 1304 titulo
1972 1263 2161 1305 eorum

575 1347 665 1402 nui
699 1347 977 1401 dumtaxat
1020 1344 1377 1401 conveniente
1416 1342 1914 1413 comprehendisse,
1943 1350 2035 1395 aut
2062 1354 2163 1410 po-

573 1442 699 1506 tius,
733 1441 872 1495 sicut
912 1447 968 1494 cl
1004 1439 1172 1494 multa
1215 1437 1341 1505 alia,
1384 1437 1714 1496 contudisse.
1763 1437 1945 1507 Neque
1991 1436 2162 1491 ullum

575 1534 687 1587 l’crc
710 1530 931 1586 dubium
961 1540 1064 1597 est,
1096 1530 1225 1601 quin
1252 1528 1614 1602 Hieronymus
1641 1528 1859 1595 librum,
1890 1530 1979 1600 qui
2006 1529 2165 1583 tertio

573 1626 695 1681 loco
745 1624 1058 1691 exhibetur,
1107 1632 1294 1678 contra
1339 1620 1713 1679 Constantium
1764 1623 1872 1677 vita
1920 1621 2163 1677 functum

570 1720 785 1774 dixerit.
818 1719 1197 1789 Fragmentum
1226 1725 1407 1773 autem
1432 1732 1460 1771 a
1489 1714 1787 1774 leestino
1825 1724 1882 1772 et
1924 1716 2166 1772 Arnobio

2260 507 2353 562 scd
2374 517 2432 561 cl.
2454 524 2519 562 ex
2548 503 2931 561 Mediolanensi
2967 517 3057 558 an.
3091 503 3218 568 535,
3260 500 3526 557 Eusebius
3554 515 3620 557 ac
3649 501 3851 574 Diony—

2260 600 2448 655 sinsin
2477 599 2726 655 exsilium
2776 598 2933 669 ejecti
2980 604 3301 662 narrantur,
3344 608 3521 666 neque
3549 596 3712 651 etiam
3743 596 3860 666 pri-

2261 709 2427 758 mam,
2455 710 2557 763 qua
2583 693 2920 763 egregiorum
2948 690 3291 747 sacerdotum
3322 689 3391 744 ab
3423 690 3617 746 exsilio
3646 690 3865 747 reditus

2261 786 2577 857 suppliciter
2604 783 2919 855 ροδιιιιηιιιι·⁸
2966 782 3085 838 Non
3125 782 3268 838 enim
3295 790 3424 838 ante
3454 784 3738 853 ptredictas
3766 799 3863 856 sy-

2264 880 2436 934 nodos
2464 878 2802 933 sacerdotnm
2849 892 3067 933 suorum
3118 875 3305 931 exsilia
3354 876 3504 931 novit
3551 877 3858 944 Occidens;

2262 978 2417 1046 cujus
2448 974 2745 1047 praesertim
2777 972 2930 1027 malis
2962 971 3223 1027 Hilarium
3251 969 3341 1027 hic
3364 971 3691 1027 commoveri
3728 972 3855 1043 quis

2264 1082 2371 1124 non
2413 1066 2787 1129 assentiatur.?
2828 1063 3013 1134 Neque
3040 1064 3217 1119 minus
3248 1069 3484 1129 constat,
3521 1061 3661 1118 hunc
3702 1062 3859 1119 libel—

2264 1164 2374 1219 lum
2400 1162 2468 1217 ab
2493 1176 2559 1217 eo
2583 1168 2708 1215 ante
2749 1158 2999 1215 exsilium
3039 1157 3211 1228 ipsius
3240 1156 3501 1226 scriptum
3526 1173 3670 1213 esse.
3719 1155 3857 1213 Nam

2266 1263 2462 1326 praeter
2485 1268 2645 1323 quam
2673 1250 2817 1321 quod
2849 1252 2901 1305 in
2932 1249 3019 1316 iis,
3050 1263 3187 1320 quos
3224 1248 3377 1304 exsul
3408 1246 3643 1318 scripsit,
3672 1256 3860 1305 tacere

2266 1364 2374 1403 non
2418 1347 2557 1404 solet
2598 1345 2874 1412 exsilium,
2920 1351 3070 1400 certe
3114 1358 3222 1398 non
3272 1346 3407 1398 satis
3457 1340 3683 1397 idoneus
3709 1351 3857 1399 esset

2263 1440 2438 1507 exsul,
2470 1440 2560 1511 qui
2591 1439 2819 1498 aliorum
2855 1435 2924 1492 ab
2960 1435 3152 1493 exsilio
3177 1433 3411 1491 reditum
3441 1434 3851 1505 deprecaretur.

2264 1533 2398 1589 Cum
2425 1542 2601 1589 autem
2627 1531 2728 1587 sub
2755 1530 2883 1586 anni
2930 1528 3038 1585 356
3082 1529 3291 1583 initium
3322 1526 3593 1601 relegatus
3616 1530 3688 1584 sit
3722 1545 3738 1581 :
3787 1530 3858 1585 ad

2266 1624 2481 1681 Barnnii
2518 1623 2843 1680 sententiain
2870 1621 3222 1678 redeundum.

2338 1717 2427 1773 VI.
2456 1718 2574 1787 Qua
2601 1718 2883 1772 ocrasione.
2908 1744 2981 1759 --
3004 1714 3173 1771 Porro
3193 1715 3357 1771 libelli
3389 1715 3548 1787 huius
3573 1715 3860 1774 scribendi

572 1826 927 1869 memoratum
959 1830 1079 1870 cum
1112 1814 1253 1869 ultro
1275 1812 1631 1885 recipiamus,
1657 1822 1714 1870 ut
1738 1812 1924 1869 Hilarii
1950 1811 2161 1869 calamo
2194 1809 2240 1871 Β
2269 1828 2336 1869 ex
2384 1811 2683 1869 Constantii
2734 1811 2927 1866 litteris
2985 1824 3104 1866 nata
3155 1812 3367 1867 videtur
3417 1813 3651 1868 occasio.
3719 1811 3860 1867 Cum

573 1916 628 1959 ct
657 1908 870 1976 ingenio
915 1920 1138 1976 prorsus
1185 1914 1631 1970 consentaneum,
1677 1920 1853 1977 neque
1898 1903 2035 1959 falso
2080 1903 2161 1957 in-

572 1998 833 2069 scriptum
876 2006 1155 2069 putemus;
1189 1996 1348 2054 facile
1376 2008 1553 2052 tamen
1585 1999 1889 2066 opinamur,
1922 1995 2053 2051 illud
2091 1994 2159 2050 ad

574 2101 693 2142 ram
744 2085 897 2157 primi
940 2087 1105 2143 libelli
1152 2098 1362 2159 partem
1395 2088 1702 2159 pertinere,
1732 2101 1854 2159 qua
1883 2085 2168 2142 manifeste

576 2180 758 2237 mutila
790 2193 951 2250 atque
982 2189 1225 2235 truncata
1257 2189 1359 2236 est.

651 2272 739 2329 IV.
784 2272 849 2327 In
876 2275 1040 2345 primo
1066 2274 1195 2328 libro
1212 2272 1412 2343 aliquid
1423 2274 1579 2337 deest.
1601 2272 1681 2328 An
1704 2270 1899 2340 aliquid
1924 2270 2168 2325 habeatur

578 2369 789 2422 aliunde
814 2367 1073 2423 natantum.
1098 2393 1169 2409 -
1191 2366 1460 2421 Nonnulla
1490 2366 1634 2422 enim
1677 2367 1731 2420 in
1770 2364 1871 2419 hoc
1903 2364 2075 2433 primo
2099 2362 2165 2416 li-

574 2463 672 2519 ln-o
697 2462 892 2518 deesse
915 2462 1027 2532 jam
1051 2462 1394 2517 adverterunt
1416 2460 1630 2520 eruditi.
1654 2468 1709 2513 et
1732 2460 2070 2529 perstricnum
2088 2465 2173 2513 est

580 2556 661 2611 vel
686 2569 755 2612 ex
783 2552 868 2610 his
899 2570 1048 2610 num.
1076 2556 1107 2606 ’1
1137 2573 1147 2605 ;
1183 2553 1409 2609 Movent
1439 2556 1573 2609 enim
1617 2551 1987 2607 absolutionem
2020 2552 2130 2623 ejus
2152 2591 2165 2617 ,

573 2658 708 2713 ctc.,
735 2661 857 2718 qum
877 2660 999 2700 cum
1026 2646 1091 2701 ad
1116 2645 1472 2701 Athanasium
1502 2643 1691 2701 referri
1724 2658 1949 2701 necesse
1977 2644 2068 2707 sit,
2114 2643 2169 2699 in

577 2739 816 2793 animum
846 2737 1106 2793 inducunt
1131 2752 1435 2794 sermonem
1453 2737 1521 2793 de
1542 2750 1729 2794 saneto
1758 2737 1852 2791 illo
1870 2736 1985 2791 viro
2013 2742 2167 2791 antea

582 2832 821 2888 habitum
851 2830 1171 2886 desiderari.
1205 2831 1436 2887 Rursum
1470 2847 1612 2887 num.
1664 2831 1718 2897 8,
1767 2830 1998 2885 Nicrnze
2044 2827 2167 2886 lidei

576 2924 778 2978 intentio
807 2922 917 2993 jam
960 2922 1100 2979 facta
1131 2932 1500 2988 memoratur;
1552 2924 1801 2993 quamvis
1848 2920 2060 2977 nullum
2113 2920 2168 2976 in

574 3016 945 3085 superioribus
974 3016 1042 3071 de
1075 3016 1187 3088 ipsa
1230 3016 1453 3071 verbum
1484 3023 1755 3071 occurrat.
1786 3013 1965 3085 Aliqui
2004 3012 2167 3067 etiam

572 3109 908 3173 dubitarunt,
953 3124 1020 3164 an
1068 3122 1175 3165 non
1219 3108 1345 3165 huic
1373 3107 1554 3165 libello
1580 3106 1795 3164 aliunde
1824 3104 2165 3188 adéutasint,

2271 1906 2413 1962 enim
2456 1921 2544 1960 an.
2586 1903 2727 1968 355,
2767 1912 2903 1959 ti-ste
2930 1904 3215 1958 Ammiano
3258 1903 3350 1958 lib.
3385 1919 3505 1969 ιιι,
3545 1902 3865 1973 irequentcs

2271 2009 2453 2057 essent
2479 2000 2530 2053 in
2553 1998 2755 2053 Gallias
2780 1996 3130 2053 barbarorum
3160 1997 3411 2053 incursus
3424 2031 3446 2064 -,
3477 2006 3701 2069 propter
3728 2010 3869 2067 quos

2271 2084 2643 2157 reprimendus
2694 2083 2942 2139 lulianus
2988 2082 3179 2138 eodem
3222 2096 3366 2138 anno
3402 2093 3636 2137 exeunte
3679 2080 3869 2136 Czcsar

2271 2188 2487 2235 creatus
2524 2187 2634 2243 est;
2676 2176 2967 2231 verisimile
3003 2186 3121 2239 cst,
3153 2174 3528 2231 Constantium
3585 2173 3869 2231 Gallorum

2271 2269 2491 2325 dissidia
2528 2280 2584 2324 et
2609 2269 2906 2325 seditiones
2935 2268 3168 2325 veritum
3206 2268 3272 2323 ad
3296 2266 3517 2323 eosdem
3546 2266 3866 2338 scripsisse,

2271 2376 2378 2433 quo
2412 2376 2508 2417 eos
2542 2362 2597 2415 in
2624 2360 2806 2417 olticio
2845 2360 3169 2416 contineret.
3216 2359 3329 2414 lmo
3372 2368 3660 2416 commota:
3722 2356 3869 2413 sedi-

2273 2460 2433 2516 tinnis
2459 2459 2817 2529 suspicionem
2839 2457 2950 2529 jam
2971 2457 3071 2511 sibi
3096 2456 3167 2511 ab
3193 2455 3454 2526 improbis
3478 2454 3869 2510 snsurronibus

2273 2555 2527 2625 injectam
2564 2568 2687 2608 eum
2720 2550 2886 2606 Gallis
2927 2549 3261 2621 signiﬁcasse
3298 2550 3525 2603 innuunt
3560 2547 3682 2602 haec
3710 2563 3864 2602 ιιιιιιι.

2273 2650 2306 2704 2
2331 2666 2343 2700 ε
2368 2646 2491 2703 Non
2518 2648 2791 2718 quicquam
2844 2662 3111 2716 perversae
3149 2656 3238 2698 aut
3284 2644 3489 2699 int-ulna
3524 2643 3751 2715 maligna
3790 2642 3872 2697 (oo

2269 2751 2453 2813 quatur
2490 2757 2505 2793 .·
2542 2741 2688 2795 nulla
2715 2741 2922 2810 quidm
2951 2740 3178 2808 suspicio
3203 2749 3300 2801 est,
3339 2755 3442 2793 non
3470 2739 3623 2792 modo
3654 2737 3871 2791 seditio—

2273 2836 2385 2901 nis,
2440 2835 2530 2889 sed
2576 2851 2665 2889 nec
2720 2849 2918 2904 asper-ar
2964 2831 3476 2885 obmnmtttrntionis.
3527 2830 3711 2895 Quieta
3747 2835 3875 2883 sunt

2275 2929 2445 2981 omnia
2474 2938 2519 2981 et
2549 2926 2853 2981 uerecunda.
2888 2922 3040 2980 lianc
3066 2923 3227 2993 igitur
3247 2922 3705 2992 opportunitatem
3734 2936 3873 2976 nac-

2275 3033 2358 3077 lus
2390 3021 2644 3088 Hilarius,
2684 3020 2805 3089 plus
2832 3014 2902 3073 ab
2940 3015 3154 3072 Ariauis
3185 3014 3483 3070 timendum
3522 3012 3805 3080 rescribit,
3835 3026 3870 3066 a

2274 3116 2470 3187 qttibus
2491 3112 2877 3185 perturbantur
2900 3108 3082 3167 omnia
3118 3126 3133 3163 :
3165 3118 3221 3165 et
3246 3107 3318 3164 ab
3345 3108 3412 3164 iis
3443 3107 3588 3163 illata
3612 3104 3874 3163 Ecclesiis

573 3218 695 3273 qua:
717 3217 743 3256 a
766 3217 915 3257 num.
945 3200 979 3255 l
1005 3211 1319 3272 supersunt.
1372 3201 1506 3257 Nam
1529 3214 1709 3273 neque
1728 3214 1850 3256 cum
1877 3196 2169 3271 superiori—
2194 3213 2242 3279 ρ
2273 3206 2410 3263 mata
2441 3208 2598 3262 enim
2625 3205 2972 3275 deprecatur.

574 3292 693 3359 bus,
728 3308 905 3363 neque
949 3293 1093 3349 inter
1143 3307 1204 3348 se
1253 3294 1384 3352 satis
1403 3292 1683 3350 cont-rere
1713 3290 1961 3348 videntur
1986 3310 1998 3344 ι
2028 3303 2162 3345 nus-

569 3405 729 3455 quam
775 3388 841 3441 ab
892 3387 1015 3442 hinc
1062 3387 1130 3443 ad
1162 3387 1544 3457 imperatorem
1572 3384 1907 3444 convertitur
1949 3384 2164 3440 oratio:

572 3478 837 3534 tractandi
868 3478 1216 3547 autem_ratio
1238 3493 1486 3549 magnam
1516 3476 1833 3535 alfinitatem
1862 3474 2167 3532 habetcum

574 3575 637 3625 iis
663 3588 783 3641 quae
812 3572 863 3624 in
905 3570 1241 3641 Fragmentis
1282 3572 1521 3628 historia:
1558 3569 1916 3628 Ariminensis
1950 3566 2168 3627 concilii

572 3663 935 3720 disseruntur.
972 3662 1235 3729 Quocirca
1274 3679 1381 3718 non
1426 3664 1559 3720 satis
1595 3671 1797 3719 certam
1843 3668 2032 3732 putant
2068 3660 2167 3724 Ba.

572 3755 711 3810 runii
759 3755 1086 3821 Opinionem,
1140 3754 1283 3810 hunc
1332 3756 1527 3811 librum
1569 3770 1717 3810 anno
1744 3754 1851 3810 555
1905 3754 2167 3824 scriptum

573 3863 679 3903 non
710 3847 928 3905 aliunde
972 3846 1269 3917 probantis,
1301 3864 1463 3921 quam
1493 3850 1637 3920 quod
1666 3849 1902 3906 Hilarius
1926 3864 2074 3905 num.
2108 3848 2165 3915 8,

572 3941 641 3994 de
668 3940 884 3996 Eusebii
916 3938 1276 3995 V’ercellensis
1298 3940 1491 3996 exsilio
1509 3940 1812 4006 locuturus,
1841 3956 1956 3997 rem
1992 3955 2167 3995 recens

572 4046 778 4105 gestant
835 4032 1052 4104 aggredi
1102 4048 1163 4090 se
1208 4033 1483 4104 praedicet.
1533 4034 1642 4092 Sed
1693 4042 1749 4090 et
1791 4036 1840 4090 ci
1888 4040 2169 4104 opponunt

577 4124 880 4195 l‘ragtncnti
912 4141 949 4188 ι.
984 4124 1211 4190 num.6,
1254 4128 1436 4189 verba,
1470 4127 1558 4181 ubi
1596 4126 1800 4199 Synodi
1836 4126 2166 4183 Arelatensis

570 4228 688 4276 acta
719 4234 814 4273 sex
846 4229 1120 4287 septemve
1162 4228 1283 4288 post
1323 4220 1480 4275 annis
1532 4231 1872 4288 narraturus,
1896 4236 1959 4279 ea
1984 4228 2164 4277 tamen

572 4312 716 4365 dicat
755 4313 981 4380 proxime
1024 4322 1196 4377 gesta.

644 4403 940 4469 V.Quando
964 4405 1185 4473 scriptus
1203 4402 1579 4459 sit.-llecens
1596 4417 1704 4458 non
1722 4412 1806 4458 est
1822 4404 1988 4459 libelli
2009 4404 2167 4475 hujus

575 4499 749 4567 plaga,
781 4512 939 4565 quam
971 4511 1146 4566 neque
1172 4511 1238 4551 ex
1269 4498 1454 4560 codice
1484 4498 1541 4553 S.
1575 4498 1723 4552 Petri
1764 4499 1833 4554 de
1880 4498 2026 4555 Urbe
2064 4514 2165 4555 ste-

573 4592 695 4645 culo
717 4592 905 4661 quinto
932 4592 1152 4646 ineunte
1177 4603 1397 4646 exarato
1428 4595 1689 4649 resarcire
1739 4593 1906 4649 licuit.
1939 4598 2008 4648 At
2034 4609 2159 4649 cum
2192 4622 2243 4682 ο

576 4698 627 4737 ιιι
661 4692 863 4737 ιιυιιιδιιι
885 4682 975 4735 illo
1004 4682 1298 4745 exemplari
1327 4698 1432 4739 non
1452 4684 1627 4739 solum
1654 4685 1709 4739 in
1737 4684 1916 4741 fronte
1940 4695 2117 4743 exstet
2137 4704 2155 4741 :

572 4774 595 4825 Ι
607 4776 685 4825 nri
691 4777 766 4843 pit
792 4773 1023 4845 ejusdem
1049 4774 1116 4827 ad
1138 4771 1528 4842 Constantium;
1550 4776 1644 4833 sed
1670 4786 1725 4833 et
1750 4776 1819 4831 ad
1841 4778 2039 4832 calcem
2066 4778 2133 4835 ad

574 4866 843 4919 scribatur
876 4884 885 4916 :
926 4866 1153 4934 lirplt‘rit
1181 4866 1343 4921 liberi
1374 4868 1432 4924 S.
1464 4867 1657 4923 Hilarii
1684 4870 1754 4922 ad
1781 4868 2152 4926 Constantium.

570 4956 757 5023 Incipit
785 4957 821 5010 ι.
852 4973 885 5010 ιι
916 4958 1140 5027 ejusdem
1164 4959 1231 5010 ad
1259 4960 1522 5024 eumdem,
1549 4977 1695 5029 quem
1720 4972 1768 5015 et
1797 4962 2156 5016 Constantino-

570 5052 671 5117 poti
694 5054 801 5119 ipse
823 5051 1031 5103 tradidit
1060 5067 1078 5103 :
1104 5067 1205 5105 non
1232 5052 1441 5107 videtur
1463 5053 1618 5107 facile
1657 5053 1912 5121 dandum,
1945 5056 2162 5112 aliunde

566 5142 854 5209 quidquam
890 5140 1139 5197 adsiliunt
1176 5159 1316 5198 esse.
1368 5142 1531 5200 Certe
1938 5152 2165 5218 utraque

568 5250 685 5303 pars
705 5232 918 5286 easdem
935 5232 1353 5292 delletcniamita
1362 5247 1461 5302 tes,
1475 5238 1665 5292 eadem
1683 5256 1735 5292 ι·.ι
1744 5239 1887 5293 tione
1901 5241 2131 5309 perstrin
2145 5270 2161 5281 -

560 5330 633 5391 κη
670 5325 987 5379 Arianorum
1020 5327 1351 5382 violentiam.
1387 5329 1457 5385 Et
1501 5339 1743 5385 neutram
1778 5332 1993 5400 quidem
2032 5338 2165 5389 ante

561 5435 758 5475 animm
786 5418 890 5473 555
918 5418 1171 5491 scriptam
1201 5436 1320 5478 esse
1348 5422 1513 5493 liquet
1534 5442 1541 5475 :
1563 5440 1667 5478 non
1684 5435 2032 5496 postremam,
2052 5439 2157 5497 qua

2351 3301 2456 3356 l’ll.
2498 3298 2607 3355 Cur
2643 3300 2839 3369 primus
2879 3298 3105 3352 dicatur.
3137 3287 3331 3350 Hilarii
3375 3293 3440 3347 de
3474 3290 3595 3362 fidei
3638 3289 3871 3345 libertate

2273 3395 2542 3449 sententia.
2570 3422 2639 3432 ——
2669 3390 3024 3463 Hieronymus
3050 3387 3218 3445 libelli
3245 3386 3401 3457 hujus
3431 3400 3539 3440 non
3568 3384 3852 3439 meminit:

2272 3486 2363 3557 qui
2392 3488 2589 3555 primus
2642 3484 2978 3549 inscribitur,
3007 3496 3117 3537 non
3153 3478 3296 3550 quod
3320 3494 3445 3534 cum
3472 3475 3714 3533 secundo
3729 3490 3863 3531 conv.

2275 3598 2475 3647 nexus,
2509 3579 2603 3635 sed
2635 3578 2777 3650 quod
2800 3580 2948 3647 prior
2968 3576 3165 3632 editus.
3194 3575 3347 3629 Illum
3371 3572 3618 3643 epistolae
3646 3572 3870 3627 nomine

2276 3675 2506 3731 libenter
2523 3672 2851 3728 donaremus
2870 3712 2887 3736 ,
2912 3671 2958 3724 si
2984 3685 3105 3726 cum
3134 3668 3456 3723 auctoritate
3476 3666 3684 3720 liceret.
3710 3659 3869 3731 Quod

2272 3777 2451 3825 autem
2477 3768 2530 3822 in
2558 3782 2624 3822 co
2648 3764 2899 3821 edisserit
2926 3762 3355 3833 sapientissimus
3378 3758 3580 3815 Pra-sul
3603 3757 3669 3811 ad
3696 3756 3865 3810 liber-

2275 3869 2437 3914 tatem
2483 3857 2607 3913 lidei
2639 3854 3158 3919 commendandam,
3202 3868 3308 3907 non
3343 3852 3417 3906 ita
3452 3848 3869 3918 intelligendum

2272 3965 2378 4021 est,
2422 3967 2479 4007 ut
2521 3954 2807 4007 haereticos
2844 3948 2912 4005 ad
2953 3945 3306 4018 profitendam
3351 3943 3731 3998 lldem.veram
3766 3955 3871 3999 co—

2273 4062 2401 4120 gere
2431 4059 2717 4115 numquam
2735 4043 2899 4099 licere
2923 4038 3267 4097 existimarit.
3296 4035 3431 4092 Nam
3464 4035 3561 4091 lib.
3592 4034 3662 4089 de
3691 4033 3870 4105 Syno-

2273 4140 2357 4197 dis
2375 4137 2685 4196 Orientales
2715 4136 2913 4202 laudnt,
2941 4133 3123 4205 quibus
3144 4131 3368 4198 stiterit,
3398 4140 3512 4199 post
3536 4127 3870 4201 blasphemia:

2274 4237 2609 4299 uoluntatem,
2634 4242 2825 4286 courta'
2851 4231 3029 4285 saltem
3056 4228 3181 4298 ﬁdei
3207 4224 3519 4294 subscriptio
3538 4243 3555 4277 :
3587 4236 3708 4294 qna:
3739 4223 3867 4277 licet

2276 4328 2328 4382 in
2365 4326 2547 4381 multis
2567 4335 2815 4393 suspecta
2846 4322 2948 4395 ipsi
2978 4322 3175 4377 merito
3195 4319 3459 4383 videatur,
3483 4315 3864 4387 gratulandum

2274 4429 2452 4475 tamen
2480 4427 2646 4488 putat,
2673 4418 2863 4472 saltem
2884 4417 3103 4487 aliquem
3122 4428 3189 4467 ea:
3205 4409 3285 4466 Itis
3304 4411 3498 4482 suscipi
3520 4410 3859 4482 pttnilentem,

2274 4511 2381 4567 Sed
2412 4510 2685 4565 dissuadet
2714 4509 3008 4571 licent‘am,
3034 4521 3137 4575 qua
3168 4504 3405 4561 hicretiei
3434 4502 3747 4558 Catlinlicos
3772 4513 3867 4554 co-

2273 4614 2423 4675 gunt.
2445 4614 2505 4657 ut
2528 4604 2672 4657 avita
2695 4610 2745 4656 et
2763 4601 3054 4671 apostolica
3072 4598 3177 4653 fide
3187 4598 3425 4661 deserta,
3445 4608 3746 4653 commenta
3767 4609 3863 4649 ttu-

2272 4714 2371 4771 per
2390 4698 2606 4753 inventa
2635 4696 3046 4767 amplectantur.
3078 4691 3279 4763 Cogunt
3300 4707 3498 4760 nempe,
3518 4689 3687 4759 inquit
3710 4702 3861 4744 num.

2272 4794 2325 4862 6,
2346 4808 2447 4848 non
2460 4802 2514 4845 ut
2527 4791 2801 4845 Christiani
2816 4804 2985 4841 omnes
3002 4786 3123 4845 sint.
3143 4788 3232 4839 sed
3242 4793 3297 4838 ut
3312 4784 3511 4838 Ariani.
3531 4784 3865 4850 Quamquam

2272 4885 2631 4957 cpiscttpaletn
2643 4881 2993 4941 considerans
3002 4878 3237 4932 animum
3247 4918 3262 4943 ,
3276 4891 3433 4947 quem
3448 4874 3514 4929 ad
3526 4873 3867 4927 clementiam

2273 4995 2485 5048 semper
2499 4992 2725 5047 pronum
2738 4989 2878 5035 esse,
2898 4987 2959 5029 ac
2974 4986 3152 5026 veram
3168 4980 3216 5027 et
3235 4986 3339 5023 non
3357 4968 3533 5023 [ictam
3551 4966 3867 5037 populorum

2278 5073 2437 5128 lilii-in
2463 5086 2708 5140 quaerere
2740 5067 2973 5131 deceat;
3008 5064 3108 5134 ipsi
3137 5060 3717 5117 convenientissitnnni
3744 5070 3868 5111 esse

2278 5164 2561 5234 pra-ditat.
2605 5170 2662 5214 ut
2702 5176 2768 5215 ne
2798 5158 2864 5214 ad
2893 5173 3078 5214 veram
3112 5155 3331 5229 quidem
3360 5151 3519 5209 fidem
3539 5193 3555 5219 ,
3582 5152 3689 5206 vim
3718 5165 3867 5216 eam,

2270 5272 2434 5328 quam
2457 5253 2642 5310 Ariani
2664 5267 2761 5323 per
2780 5252 2924 5307 varia
2944 5258 3213 5307 tormenta
3233 5245 3520 5305 catholicis
3540 5240 3866 5313 inferebant,

2272 5350 2517 5407 adhiberi
2546 5348 2794 5419 patiatur.
