4266 6476
530 291 627 351 571

1758 298 2034 356 Pii/EVM
2079 295 2527 356 DlSSlZliTATlO

3709 288 3822 352 5⁷9

528 425 624 467 rex
649 410 890 466 omnium
921 421 1246 467 teternornm
1269 412 1613 469 saeculorum.
1645 413 1743 470 list
1760 413 1903 470 enim
1924 416 2107 483 uuige-
2137 416 2184 476 Α
2214 421 2405 466 sancto
2454 412 2523 464 ita
2548 407 2754 466 credidi
2774 449 2789 474 ,
2820 419 2877 463 ttt
2912 408 3048 463 ultra
3096 406 3235 463 lianc
3281 407 3349 463 de
3396 404 3625 461 Domino
3672 403 3801 461 ,ιι-δη

528 503 674 559 nitus
700 502 842 561 Deus
871 502 1049 575 (loco.
1107 521 1156 570 t.
1190 505 1313 573 l8).
1346 516 1401 561 et
1430 508 1570 562 Deus
1623 521 1781 563 verus
1802 546 1820 569 .
1875 514 1931 563 et
1970 504 2111 563 Deos

526 611 773 668 magnus,
788 606 840 661 et
861 612 1028 669 super
1049 600 1226 653 omnia
1254 599 1583 669 Deos(Rom.
1614 616 1699 665 ιι,
1724 599 1781 670 li)
1810 618 1821 651 :
1853 609 1907 656 et
1936 599 2113 655 omnis

527 690 717 760 lingua
742 690 1107 758 conﬁtebitur,
1138 693 1263 763 quia
1298 694 1555 748 Dominus
1578 693 1733 749 lesus
1763 693 2008 748 Christus
2059 694 2111 748 in

522 782 691 853 gloria
726 781 818 838 Dei
850 782 1299 853 patrisest(Pttit.
1326 800 1387 848 u.
1413 787 1524 853 ll).
1558 784 1685 840 llaec
1708 800 1809 855 ego
1830 784 1883 842 in
1907 784 2112 854 Spiritu

2214 504 2427 560 Christo
2457 502 2614 558 (idem
2644 516 2751 559 non
2782 504 2983 574 possint
3010 500 3197 559 doceri
3228 518 3241 555 :
3275 516 3383 557 non
3416 514 3511 571 per
3537 500 3653 555 hac
3683 499 3803 554 adi—

2223 610 2374 655 mens
2402 606 2612 669 patrum
2632 595 2759 653 lidei
2787 597 3101 668 religionem
3122 638 3140 664 ,
3166 596 3263 653 sed
3292 596 3589 653 secundum
3646 609 3807 665 rege-

2221 690 2518 747 nerationis
2542 704 2678 746 mete
2700 688 3036 760 symbolum,
3073 699 3130 744 et
3176 688 3440 745 doctrina:
3479 685 3811 759 evangelicae

2221 782 2504 839 scientiam
2525 824 2540 851 ,
2566 782 2635 839 ab
2656 798 2717 839 ea
2743 782 2895 853 juxta
2919 782 3019 838 ista
3047 798 3153 839 non
3184 782 3487 839 dissonans.

1154 1036 1882 1169 PR/EVIA
1961 1032 3175 1170 DISSERTATIO

888 1260 1026 1344 IN
1129 1258 1662 1343 LIBRUM
1756 1260 2305 1345 CONTRA
2402 1261 3441 1347 CONSTANTIUM.

1810 1431 2053 1446 *ιον

590 1539 629 1594 l.
676 1539 773 1593 llic
799 1539 927 1593 liber
951 1554 1064 1592 cum
1094 1538 1212 1591 uitis
1232 1539 1431 1592 videtur
1462 1553 1707 1609 pugnare.
1724 1566 1792 1578 —-
1811 1538 1981 1604 Quam
2005 1534 2107 1589 sibi

514 1634 889 1688 sanctissimus
942 1632 1146 1687 Christi
1196 1630 1475 1684 confessor
1524 1628 1823 1685 constantis
1877 1642 1943 1681 ac
1988 1642 2104 1682 uto-

519 1725 690 1783 derati
716 1725 881 1779 animi
910 1725 1142 1795 gloriam
1182 1724 1518 1793 comparavit
1568 1722 1687 1778 aliis
1740 1722 1930 1784 libris,
1984 1734 2103 1775 emo

515 1820 620 1874 hoc
644 1833 749 1874 uno
779 1820 921 1886 apud
950 1819 1236 1889 plerosque
1273 1833 1413 1889 pcue
1461 1823 1628 1872 totam
1679 1815 1880 1869 amisit.
1932 1813 2103 1871 Tanta

509 1911 653 1965 enim
677 1912 731 1966 iu
756 1912 993 1966 omnium
1026 1911 1219 1965 animis
1264 1924 1449 1981 regum
1470 1914 1769 1966 reverentia
1810 1908 1967 1963 insita
1997 1916 2101 1975 est,

511 2012 569 2057 ιιι
595 2004 800 2057 nullam
848 2004 946 2071 ipsi
987 2002 1361 2058 rationabilem
1391 1988 1608 2058 causam
1657 2001 1824 2057 fuisse
1878 2008 2098 2073 putent,

507 2110 610 2150 cur
632 2096 685 2149 in
713 2092 1093 2150 Constantium
1143 2096 1494 2153 vehementer
1550 2094 1689 2151 adeo
1734 2092 2097 2149 inveberetur.

510 2186 589 2241 Eo
618 2187 767 2242 illum
796 2186 1089 2242 adductum
1120 2186 1256 2243 dixit
1288 2204 1393 2243 nou
1417 2200 1577 2242 nemo
1593 2186 1904 2259 prolixioris
1922 2184 2099 2241 exsilii

506 2282 880 2351 impatientia,
914 2282 1127 2351 plurimi
1180 2282 1269 2336 alii
1315 2282 1495 2337 innata
1544 2281 1891 2337 ferventioris
1934 2291 2101 2350 atque

507 2375 826 2430 attSterioris
850 2375 1011 2431 animi
1042 2373 1247 2429 indole.
1271 2374 1404 2431 Aliis
1428 2373 1592 2429 etiam
1626 2374 1770 2429 visus
1803 2382 1885 2426 est
1911 2371 1965 2427 itt
1996 2372 2098 2427 ltoc

502 2471 768 2542 epuseolo
794 2470 899 2526 sibi
929 2486 1035 2528 non
1059 2482 1343 2535 constare,
1402 2484 1466 2524 ac
1510 2469 1579 2525 de
1616 2467 1982 2524 Orientalibus
2003 2482 2099 2521 eo—

502 2580 733 2635 rumque
763 2563 885 2619 lidei
929 2562 1360 2621 confessionibus
1420 2577 1521 2618 nec
1556 2577 1662 2618 non
1717 2563 1781 2617 de
1830 2561 2097 2616 vocabulo

504 2658 843 2713 ltoutmusion
866 2658 1008 2725 loqui
1028 2656 1185 2711 aliter
1206 2673 1362 2727 quam
1389 2656 1525 2709 libro
1545 2656 1613 2710 de
1634 2654 1855 2725 synodis
1866 2655 2094 2725 scripsc~

502 2764 584 2806 rat
617 2769 629 2804 :
658 2752 810 2820 quasi
844 2752 896 2805 in
930 2750 1031 2805 ltoc
1061 2758 1248 2819 aperte
1267 2759 1483 2819 re~pttat
1507 2763 1573 2804 ac
1591 2749 1842 2815 damnet,
1874 2746 2014 2815 quod
2042 2748 2092 2801 in

502 2846 675 2899 altero
707 2857 797 2899 aut
821 2844 1094 2909 laudavit,
1125 2855 1218 2896 aut
1270 2843 1565 2897 excusavit.
1627 2840 1743 2899 Erit
1800 2840 1937 2899 forte
1990 2842 2092 2897 ali-

502 2940 721 3011 quando
743 2982 757 3005 ,
776 2939 866 3009 qui
898 2954 1021 2993 cum
1050 2950 1337 3007 utrumque
1367 2936 1501 2993 illud
1550 2951 1685 3008 opus
1714 2952 1820 2993 non
1852 2935 2093 2994 moribus

501 3036 673 3090 solum
709 3034 855 3104 (quia
905 3024 1025 3089 lib’ri
1050 3034 1117 3088 de
1142 3032 1364 3104 synodis
1385 3031 1552 3088 verba
1596 3032 1776 3087 omnia
1822 3045 2090 3087 summam

502 3125 887 3183 humanitatem
907 3124 1175 3194 spirant),
1244 3122 1341 3178 sed
1390 3133 1446 3179 et
1488 3123 1774 3182 sententiis
1826 3120 2093 3178 dissidere

501 3220 769 3290 posuerit,
799 3218 961 3279 alium
988 3220 1056 3273 ab
1087 3218 1293 3279 llilario
1319 3217 1478 3286 ltnjus
1495 3226 1776 3273 auctorem
1805 3215 2087 3288 qumritet:
2116 3257 2160 3320 C

502 3321 757 3384 putetque
783 3311 921 3373 itane
944 3312 1255 3381 opinionem
1284 3326 1436 3373 suam
1457 3325 1524 3366 eo
1568 3323 1633 3365 se
1686 3324 1843 3376 posse
1883 3311 2085 3365 contir-

501 3405 850 3476 mare,qood
880 3406 932 3459 in
955 3404 1331 3473 superioribus
1379 3404 1446 3458 ad
1498 3404 1872 3459 Constantium
1892 3403 2088 3459 libellis

502 3502 660 3573 longe
687 3500 845 3557 altter
874 3515 1000 3569 erga
1025 3498 1279 3554 eumdem
1307 3497 1692 3567 Imperatorem
1721 3512 1781 3552 se
1807 3504 1979 3567 gerat.
2033 3497 2086 3551 In

502 3593 568 3649 iis
588 3606 781 3662 nempe
809 3607 1012 3647 morem
1036 3592 1174 3661 gerit
1217 3592 1319 3658 pia:
1372 3588 1789 3655 consuetudini,
1838 3606 1941 3662 qua
1968 3630 1985 3655 ,
2032 3600 2088 3643 nt

500 3684 615 3752 ipse
642 3683 805 3737 tradit
828 3683 880 3737 in
906 3682 1045 3738 Psal.
1083 3697 1206 3744 xui,
1234 3685 1425 3736 nom.t
1460 3683 1608 3749 :quis
1650 3680 1796 3735 verba
1832 3683 1965 3752 regis
2009 3685 2089 3735 in-

500 3784 811 3846 terpretttns,
836 3785 883 3829 et
915 3785 1169 3843 pracepta
1194 3778 1311 3847 ejus
1334 3776 1387 3829 in
1418 3791 1595 3828 aurem
1625 3775 1803 3844 populi
1835 3776 2089 3830 deducens

500 3879 644 3923 curat
669 3868 939 3935 diligenter
958 3878 1004 3922 et
1026 3879 1176 3926 caute
1228 3885 1317 3936 per
1374 3867 1521 3939 ofﬁcii
1574 3869 1904 3922 reverentiam
1954 3870 2088 3939 regis

499 3962 794 4030 satisfacere
812 3960 1084 4031 dignitati,
1113 3971 1165 4013 ut
1189 3976 1304 4013 cum
1330 3960 1525 4015 honore
1545 3976 1606 4013 ac
1631 3960 1877 4033 religione
1915 3962 2087 4014 omnia

498 4061 544 4105 et
596 4052 887 4120 releguntur
958 4059 1006 4104 et
1028 4052 1329 4104 audiantur.
1380 4049 1516 4107 Cum
1573 4060 1751 4105 autem
1805 4066 1910 4105 non
1958 4067 2092 4104 cou-

496 4143 789 4203 surtudine
840 4145 1055 4209 solum,
1111 4144 1206 4197 sed
1249 4153 1305 4199 et
1351 4160 1412 4198 ca
1440 4144 1603 4197 etiam
1661 4144 1904 4206 ratione.
1948 4145 2089 4215 quod

496 4254 645 4293 omne
700 4252 914 4308 regnum
961 4255 994 4290 a
1048 4234 1158 4292 Deo
1183 4236 1283 4303 sit,
1318 4238 1653 4308 potissimam
1682 4236 1793 4310 regi
1833 4253 2090 4292 reveren-

497 4332 624 4385 tiam
669 4328 852 4385 deberi
910 4328 1233 4401 Fragmenta
1280 4345 1297 4383 ι
1341 4372 1355 4395 ,
1386 4345 1533 4384 num.
1567 4330 1629 4395 5,
1680 4330 1985 4401 approbet,
2024 4343 2090 4387 ac

492 4437 673 4478 sermo
734 4422 903 4492 ipsius
957 4421 1217 4478 doetrintc
1267 4420 1391 4477 huic
1425 4424 1623 4495 ubique
1651 4422 1932 4489 conciuat;
1961 4438 2087 4478 eum

494 4528 607 4573 tum
660 4516 845 4573 subito
920 4526 1181 4574 mutatum
1234 4531 1358 4573 esse
1422 4531 1567 4589 :rgre
1618 4516 1722 4574 sibi
1794 4516 2087 4589 persuade-

491 4611 590 4669 bit.

2213 1550 2439 1600 vocare.
2471 1552 2687 1594 errores
2708 1537 2946 1609 ipsorum
2968 1579 2981 1604 ,
3004 1548 3272 1611 quantum
3313 1541 3465 1596 licuit
3506 1541 3674 1599 illatsa
3718 1558 3810 1599 ve-

2214 1631 2403 1693 ritate.
2457 1640 2512 1687 et
2554 1631 2915 1689 dissimulavit
2936 1643 2995 1689 et
3033 1636 3331 1691 exeusavit.
3386 1633 3482 1693 Ubi
3532 1653 3664 1693 vero
3707 1652 3807 1705 Spe

2206 1721 2318 1790 jam
2347 1722 2671 1791 frustratus,
2702 1721 2879 1781 timuit
2922 1740 2989 1780 ne
3038 1724 3358 1782 dissimulati
3408 1728 3460 1781 in
3510 1729 3806 1798 perniciem

2211 1814 2335 1869 ﬁdei
2361 1825 2710 1885 crescerent,
2734 1818 2955 1875 eosdem
2978 1829 3033 1873 et
3058 1819 3348 1889 publicavit
3374 1819 3548 1890 palam
3596 1832 3651 1876 et
3701 1822 3805 1877 im-

2206 1908 2471 1978 probavit.
2503 1909 2838 1979 Quamquam
2862 1922 2920 1966 ut
2942 1915 2995 1966 in
3026 1911 3165 1967 libro
3188 1911 3257 1967 de
3280 1912 3515 1986 Synodis
3551 1914 3805 1970 Orienta-

2204 2002 2283 2057 les
2310 2003 2567 2060 Ecclesiae
2591 2002 2911 2061 conciliandi
2933 2005 3113 2062 studio
3135 2022 3241 2062 non
3266 2010 3336 2061 ita
3357 2008 3621 2076 abreptus
3665 2022 3781 2078 est,
3870 1999 3874 2001 Α

2202 2104 2261 2151 ut
2282 2096 2425 2167 quod
2456 2098 2508 2152 iu
2535 2097 2615 2155 eis
2642 2106 2789 2152 esset
2811 2099 3317 2169 reprehendendum
3364 2111 3567 2157 taceret
3602 2121 3615 2157 :
3643 2105 3722 2158 sic
3744 2113 3803 2159 et

2202 2187 2255 2243 itt
2282 2187 2384 2245 ltoc
2408 2188 2591 2245 libello
2614 2189 2683 2243 ita
2712 2203 2773 2245 se
2800 2199 3093 2260 temperat,
3118 2200 3180 2247 ttt
3204 2208 3325 2247 cum
3371 2208 3566 2250 omnes
3608 2209 3801 2250 eorum

2201 2279 2328 2336 tidei
2353 2279 2719 2351 professiones
2734 2281 3021 2354 improbet,
3040 2298 3133 2339 eas
3147 2291 3327 2341 tamen
3343 2302 3450 2341 non
3468 2299 3625 2358 neget
3655 2291 3800 2345 vitiis

2196 2387 2385 2429 carere
2398 2373 2659 2443 potuisse.
2680 2373 3037 2431 Luculentum
3048 2386 3132 2431 est
3145 2376 3278 2433 illud
3294 2394 3439 2435 nunt.
3458 2380 3531 2435 ει
3548 2401 3560 2434 :
3580 2381 3801 2439 Etiamsi

2196 2466 2253 2519 in
2273 2465 2352 2520 Itis
2381 2464 2619 2521 omnibus
2656 2464 3137 2542 (confessionibus)
3179 2470 3309 2525 niltil
3340 2472 3579 2528 ritiorunt
3624 2476 3801 2538 subia-

2197 2573 2311 2612 cere
2340 2558 2657 2630 animetur;
2700 2576 2801 2615 non
2831 2570 3001 2616 tamen
3025 2578 3182 2618 causa
3231 2564 3485 2636 religiosa?
3521 2568 3795 2623 voluntatis

2197 2653 2379 2707 inesset
2395 2652 2545 2725 :qnia
2571 2654 2694 2708 ntali
2706 2656 2967 2710 meditatio
2984 2667 3057 2712 est
3070 2659 3315 2712 bonorum
3336 2659 3636 2716 demutatio.
3655 2661 3795 2719 itur-

2195 2761 2316 2802 sum
2340 2762 2462 2803 cum
2486 2764 2636 2803 num.
2674 2748 2779 2815 23,
2807 2748 3072 2821 aflirmet,
3106 2752 3321 2809 Nicmna
3370 2755 3475 2809 tide
3502 2755 3791 2825 tundatos,

2197 2837 2530 2899 Antioeltena
2560 2849 2651 2895 aut
2676 2840 2982 2898 Sardicensi
3030 2856 3121 2900 aut
3164 2844 3784 2920 Sirmicnsinonegcre;

2197 2933 2340 2988 ultro
2389 2940 2566 2987 tamen
2610 2934 2899 3001 concedit,
2940 2936 3187 3008 qua-dam
3236 2940 3292 2995 in
3347 2940 3429 2996 Itis
3457 2956 3582 2997 esse
3625 2943 3790 2998 verba

2197 3025 2412 3080 Arionis
2436 3026 2820 3089 inimicissima.
2850 3044 3080 3098 quorum
3142 3030 3479 3101 professione
3522 3033 3793 3091 Constan-

2195 3118 2301 3172 tius
2325 3131 2447 3172 sese
2476 3118 2619 3189 piam
2641 3122 2783 3189 apud
2825 3118 3206 3179 Occidentales
3254 3124 3636 3181 mentiebatur.
3686 3126 3790 3182 Nc-

2193 3227 2299 3283 que
2335 3216 2497 3267 etiam
2526 3210 2891 3281 hommusiou,
2918 3216 3182 3285 quamvis,
3207 3234 3358 3273 num.
3385 3217 3478 3283 25,
3509 3221 3611 3276 sibi
3634 3221 3703 3277 ad
3724 3223 3792 3289 ﬁ-

2194 3305 2309 3357 dem
2332 3305 2550 3359 otiosam
2579 3317 2787 3361 asserat
2811 3348 2827 3366 .
2852 3322 3073 3379 prorsus
3096 3309 3340 3380 respuit;
3397 3312 3492 3366 sed
3517 3327 3578 3366 ea
3606 3314 3797 3370 omni-

2193 3412 2262 3449 no
2310 3397 2551 3463 ratione,
2592 3412 2697 3468 qua
2726 3397 2867 3451 libro
2914 3396 2981 3452 de
3018 3398 3286 3470 Synodis,
3341 3400 3468 3456 illttd
3513 3404 3783 3474 approbat

2193 3504 2339 3541 nunt.
2367 3486 2465 3551 ‘22,
2498 3487 2587 3544 ubi
2617 3490 2692 3543 ait
2726 3511 2739 3545 :
2771 3488 2903 3544 Mihi
2932 3493 3137 3561 quidem
3158 3493 3474 3561 similitudo,
3509 3513 3574 3552 tte
3602 3499 3786 3552 uuiotti

2191 3580 2340 3633 deutr
2358 3581 2595 3645 occasio,
2648 3594 2827 3636 sancta
2880 3594 2973 3639 est.
3018 3583 3152 3654 Quis
3204 3584 3439 3657 denique
3483 3605 3607 3645 eum
3655 3605 3784 3663 erga

2192 3671 2523 3737 Otieutales,
2553 3673 2643 3742 qui
2672 3673 3010 3731 llOlllGMSlon
3035 3680 3439 3749 propugnabant
3458 3724 3473 3748 ,
3500 3683 3659 3738 aliter
3704 3684 3785 3740 af-

2191 3766 2389 3821 fectum
2417 3769 2717 3833 existimet;
2744 3785 2903 3841 quem
2933 3788 3039 3828 non
3066 3774 3234 3831 semel
3276 3777 3425 3833 audit
3469 3782 3787 3837 Constantio

2190 3858 2607 3926 exprobranteut
2631 3862 2771 3931 quod
2786 3864 2890 3917 vim
2905 3864 2986 3919 eis
3010 3865 3192 3923 fecerit
3207 3911 3224 3935 ,
3249 3877 3307 3924 ut
3320 3871 3598 3941 pristinam
3624 3872 3785 3930 ﬁdem

2193 3950 2543 4008 diuererent?
2572 3954 2691 4012 Non
2715 3957 2948 4013 obscure
2973 3961 3190 4030 quidem
3216 3965 3479 4032 signiﬁcat
3511 3984 3658 4023 num.
3693 3968 3785 4031 η.

2192 4045 2291 4098 sibi
2321 4048 2577 4102 nonsatis
2602 4051 2880 4118 probatltu
2910 4068 3097 4110 eorum
3126 4053 3285 4111 ﬁdem
3311 4074 3330 4123 ;
3359 4058 3429 4113 ibi
3474 4067 3654 4116 tamen
3698 4076 3788 4116 co-

2195 4155 2311 4194 rum
2362 4142 2575 4210 aliquos
2603 4143 2861 4199 nonnulla
2897 4146 2985 4215 pie
3016 4146 3195 4203 verbis
3246 4150 3500 4218 praterrc
3541 4153 3789 4208 testiﬁca-

2193 4242 2279 4287 tur
2308 4249 2321 4284 :
2347 4232 2401 4286 in
2428 4233 2788 4303 vituperando
2812 4250 2919 4293 non
2946 4238 3162 4307 minus,
3192 4255 3357 4311 quam
3405 4243 3459 4298 io
3514 4243 3787 4301 laudando

2192 4324 2521 4380 moderatus.

2263 4416 2350 4474 lli.
2377 4416 2570 4475 lunata
2590 4418 2786 4475 Hilarii
2819 4421 3008 4478 lenitas
3053 4424 3339 4482 vindicatur
3387 4442 3451 4482 ea:
3492 4430 3786 4488 testimonio

2190 4522 2431 4565 veterum.
2459 4541 2528 4553 -
2568 4511 2818 4575 Pluribus
2839 4530 2978 4586 Opus
3005 4532 3129 4573 esse
3172 4534 3285 4577 non
3328 4520 3677 4592 arbitrantur,
3724 4534 3786 4581 ut

2190 4602 2426 4670 vulgaris
2449 4611 2571 4658 ruat
2592 4604 2778 4674 opinio
2794 4646 2811 4671 ,
2845 4621 2950 4674 qua
2994 4606 3254 4665 llilarium
3276 4609 3381 4665 bne
3420 4610 3560 4667 libro
3574 4623 3783 4668 retrac-

562 4667 628 4759 ll.
660 4703 787 4759 Cum
816 4705 948 4762 libro
972 4704 1039 4761 de
1067 4704 1296 4776 Synodis
1316 4704 1641 4759 conciliatur.
1660 4734 1733 4746 --
1762 4704 1961 4760 Verum
1988 4717 2084 4759 ne-
2111 4667 2166 4729 Β
2191 4667 2334 4749 ιέιδέε
2380 4707 2443 4748 ac
2481 4667 2767 4753 EVM-asse
2797 4667 3021 4769 tiu-lant.
3041 4698 3184 4771 quod
3209 4701 3350 4758 libro
3376 4701 3445 4757 de
3470 4702 3707 4776 Synodis
3726 4704 3783 4760 in

493 4814 582 4853 tuo
608 4798 878 4855 obtinebit
908 4813 1193 4870 umquam,
1229 4806 1287 4851 ut
1315 4795 1534 4853 libellus
1584 4796 1632 4852 is
1660 4795 1870 4854 Hilario
1889 4794 2087 4867 eripia-

493 4898 601 4955 tur,
634 4904 795 4959 quem
826 4890 969 4945 inter
1001 4904 1167 4959 opera
1200 4889 1347 4944 illius
1396 4898 1647 4947 recenset
1687 4887 2082 4960 Hieronymus,

490 4996 764 5054 quemque
818 4981 917 5051 ipsi
958 4979 1243 5037 Facundos
1308 4980 1711 5037 Herntiaueusis
1749 4978 1843 5035 lib.
1896 4987 2081 5035 contra

489 5074 792 5130 Mocianom
812 5118 825 5139 .
852 5089 953 5130 nec
984 5091 1090 5130 non
1120 5074 1389 5132 Vaticana:
1412 5074 1649 5132 basilicae
1668 5073 1839 5129 codex
1894 5088 1922 5127 a
1946 5072 2083 5127 duo-

489 5166 660 5224 decim
685 5184 823 5240 pene
864 5171 1077 5224 saxulis
1102 5178 1355 5227 exaratos
1380 5213 1396 5238 ,
1421 5180 1476 5226 et
1502 5185 1688 5227 omnes
1721 5184 1854 5227 mss.
1882 5183 2077 5241 magno

487 5276 756 5317 Cottsensu
782 5261 1116 5318 adscribunt.
1147 5262 1332 5333 Neque
1386 5278 1517 5318 vero
1540 5262 1652 5319 ulla
1676 5272 1761 5319 est
1783 5262 1926 5318 illius
1953 5276 2075 5316 cum

488 5352 627 5410 libro
650 5353 717 5409 de
740 5353 961 5425 synodis
987 5369 1196 5427 pugna;
1227 5356 1320 5413 sed
1342 5356 1486 5424 quod
1515 5357 1569 5412 ltt
1620 5370 1727 5411 uno
1790 5356 1968 5410 minus
1992 5353 2074 5409 di-

488 5454 633 5501 serte
658 5461 722 5501 ac
745 5447 1085 5517 paucioribus
1111 5448 1321 5516 verbis,
1346 5450 1400 5503 itt
1424 5448 1596 5507 altero
1622 5448 1794 5508 iusius
1838 5456 1893 5502 et
1915 5462 2074 5519 aper-

485 5540 596 5593 tius
618 5538 944 5601 declaratur.
966 5540 1127 5599 Certe
1173 5542 1225 5596 itt
1256 5555 1483 5612 utroque
1514 5541 1777 5608 llilarius,
1806 5540 1989 5597 animo
2013 5553 2076 5596 ac

487 5634 754 5690 sententia
785 5648 890 5689 non
919 5646 1155 5692 mutatus
1177 5678 1192 5701 ,
1218 5645 1420 5693 mutata
1450 5652 1627 5694 rerum
1651 5638 1786 5693 lacie
1806 5636 2075 5690 diversam

492 5728 590 5790 init
613 5730 915 5789 disserendi
942 5735 1224 5793 rationem.
1254 5733 1357 5796 lilii
1380 5736 1522 5793 enim
1550 5734 1784 5806 speravit
1829 5730 2079 5788 Orienta—

492 5824 571 5883 les
596 5825 663 5883 ad
691 5840 874 5889 verant
905 5828 1068 5888 ﬁdem
1092 5840 1149 5891 et
1170 5830 1448 5892 catltolica:
1470 5830 1725 5891 Ecclesia:
1770 5827 1948 5887 sinum
1994 5840 2083 5884 re-

2186 4786 2415 4857 gratiam
2435 4783 2787 4848 Orientalium
2816 4789 3167 4852 disseruerat.
3203 4791 3490 4855 Difﬁcilius
3516 4795 3654 4853 torte
3677 4798 3781 4853 erit

2187 4881 2404 4937 satisiis
2430 4879 2635 4950 facere,
2663 4883 2756 4955 qui
2784 4883 2977 4946 immiti
3001 4900 3125 4942 eum
3155 4886 3339 4944 animo
3362 4886 3534 4946 fuisse
3578 4904 3646 4946 sx
3677 4890 3780 4952 lutc

2187 4975 2328 5030 libro
2349 4987 2614 5048 arguunt,
2652 4985 2747 5033 aut
2766 4977 2961 5037 saltem
3005 4977 3062 5035 in
3109 4994 3178 5038 eo
3216 4982 3471 5052 ingenita:
3522 4982 3781 5042 bonitatis

2186 5079 2349 5141 atque
2376 5068 2612 5128 leuitatis
2632 5085 2756 5127 esse
2780 5072 3031 5127 oblitum.
3066 5073 3177 5131 illis
3205 5084 3382 5130 tamen
3410 5074 3583 5144 ptimo
3611 5094 3781 5150 oppo-

2182 5164 2359 5222 nimus
2375 5163 2626 5221 Rulinum
2663 5164 2823 5238 (ΜΛ
2855 5164 2990 5224 Hist.
3014 5168 3167 5233 eccl.,
3206 5185 3323 5238 cap.
3350 5170 3473 5247 5|),
3526 5186 3634 5228 non
3681 5188 3778 5227 so-

2180 5256 2290 5311 lum
2348 5260 2625 5327 conceptis
2670 5258 2849 5317 verbis
2895 5269 3183 5327 testantem
3229 5262 3372 5334 quod
3416 5273 3602 5321 natura
3652 5267 3777 5321 lenit.

2179 5362 2286 5407 erat
2317 5354 2657 5424 etptacittns,
2718 5353 2813 5410 sed
2855 5363 2911 5411 et
2936 5354 3097 5412 verba
3140 5369 3236 5413 sua
3284 5372 3349 5414 ex
3392 5362 3560 5427 gestis
3609 5360 3781 5429 ipsius

2177 5448 2609 5505 conﬁrmantem.
2638 5448 2812 5510 Rarus
2857 5458 3009 5509 certe
3054 5453 3203 5525 erit,
3262 5453 3404 5525 apud
3454 5471 3615 5528 quem
3666 5470 3773 5514 non

2180 5542 2407 5599 multum
2454 5543 2631 5606 valeat
2676 5546 3047 5614 testimonium
3097 5557 3203 5608 tam
3256 5550 3518 5622 insigne:
3559 5558 3615 5609 at
3657 5553 3775 5608 nul-

2175 5634 2260 5689 lus
2300 5649 2422 5690 esse
2470 5634 2657 5704 debet,
2687 5652 2848 5707 quem
2892 5652 3003 5693 non
3046 5648 3263 5695 moveat
3321 5643 3539 5713 antiqua
3588 5642 3774 5699 Eccle-

2178 5731 2273 5788 sia:
2341 5732 2713 5801 consuetudo,
2765 5749 2871 5807 qua
2934 5735 3061 5791 olim
3137 5735 3191 5792 itt
3262 5737 3380 5811 ipso
3442 5741 3776 5799 sacrosancti

2185 5824 2433 5891 sacriﬁcii
2500 5824 2587 5889 sui
2656 5826 3004 5902 meditullio,
3065 5828 3119 5894 in
3181 5827 3506 5895 Pt'tel‘alioue
3565 5833 3774 5898 scilicet
