4266 6478
495 305 602 362 3ἳό

1434 302 1712 362 PlUEVlA
1759 302 2070 361 NSSERT.
2113 295 2176 359 ΙΝ
2217 302 2347 359 LIB.
2385 301 2586 361 CONT.
2627 304 2868 362 CONST.

3669 300 3782 358 576

497 421 724 486 Decius,
749 421 1109 478 Maximianus
1137 420 1339 490 aliique
1370 421 1618 493 tyranni;
1648 420 1868 491 dignum
1922 419 2089 490 ipsius
2116 423 2170 482 Α
2192 418 2465 491 singulare
2509 419 2797 490 singularis
2827 420 2924 474 viri
2970 419 3171 474 factum
3215 420 3299 488 pie
3341 417 3586 476 venerari
3619 417 3790 475 tutius

495 513 810 572 fortitudine
840 514 1146 582 videbatur,
1173 523 1232 569 ut
1275 513 1520 584 martyrii
1576 528 1672 584 spe
1721 527 1981 568 accensus
2024 526 2092 566 eo

496 625 604 682 quo
626 619 838 681 paterat
869 608 1029 665 modo
1048 608 1306 664 Eeclesim
1330 607 1659 663 consuleret.

571 702 641 760 Χ.
673 703 820 758 Nihil
847 719 909 758 ea:
932 701 1213 760 vehementi
1242 717 1472 756 sermone
1490 708 1664 756 contra
1685 701 1915 755 innatam
1960 699 2090 754 leui-

505 805 662 852 tatem
683 795 890 865 conﬁci.
921 826 992 836 —~
1013 795 1068 851 Si
1096 794 1216 866 quis
1240 810 1452 850 rursum
1486 794 1588 848 hoc
1627 809 1749 849 eum
1800 793 2093 849 vehemen-

501 887 625 943 tiori
649 901 903 944 sermone
928 888 1243 958 prtestitisse
1269 886 1446 954 volet,
1504 885 1571 941 ad
1616 887 1931 941 inctnoriam
1977 886 2095 957 qui-

497 985 620 1042 dem
647 983 1128 1056 revocabit,quod
1157 984 1448 1055 Gregorius
1501 983 1780 1048 Nazianz..
1833 981 1931 1038 0r.
1965 999 2092 1048 xxi,

506 1095 653 1135 num.
686 1079 756 1135 53
778 1123 792 1145 ,
822 1079 890 1134 de
916 1079 1120 1135 sanctis
1141 1079 1269 1134 viris
1293 1078 1385 1133 illa
1429 1085 1748 1148 tempestate
1791 1077 2095 1132 exsistentio

507 1173 610 1229 bus
637 1173 955 1228 memoravit
981 1191 994 1227 ε
1025 1172 1127 1242 Qui
1155 1171 1355 1225 tametsi
1407 1171 1600 1242 alioqui
1627 1170 1794 1244 pacati
1821 1185 1881 1224 ac
1933 1169 2100 1224 mode-

502 1267 603 1323 rati
633 1269 763 1333 sint,
796 1267 892 1321 hac
911 1275 1080 1321 tamen
1109 1267 1160 1320 iu
1188 1283 1241 1320 re
1270 1267 1407 1321 lenes
1423 1276 1468 1319 et
1497 1267 1675 1337 faciles
1718 1282 1826 1321 esse
1854 1281 1956 1319 non
1982 1282 2097 1318 sus-

506 1361 702 1426 tinent,
733 1377 848 1414 cunt
877 1376 966 1430 per
989 1361 1246 1414 silentium
1275 1369 1322 1414 ct
1343 1360 1559 1426 quietem
1610 1357 1704 1412 Dei
1752 1375 1907 1412 causa
1932 1359 2100 1429 prodi-

505 1464 623 1521 tur;
647 1469 822 1510 verum
849 1454 1124 1509 admodum
1152 1453 1364 1507 bellaces
1405 1463 1522 1507 sunt
1551 1463 1700 1522 alque
1736 1452 1790 1506 in
1829 1452 2101 1524 conﬂigen-

505 1547 571 1601 do
589 1562 732 1602 acres
755 1557 804 1602 et
828 1551 1022 1618 feroces
1046 1562 1063 1600 .'
1089 1553 1144 1600 at
1165 1543 1307 1614 apud
1327 1559 1511 1614 aequos
1539 1559 1718 1598 rerum
1742 1543 2103 1598 :estimatores

511 1656 805 1712 numquam
834 1638 1064 1706 efﬁciet,
1113 1649 1172 1693 ut
1199 1653 1321 1694 eum
1351 1653 1460 1708 pra:
1492 1636 1656 1692 nimia
1681 1652 1890 1693 morum
1921 1645 2102 1692 auste-

509 1734 669 1789 ritate
725 1731 891 1788 animi
958 1733 1306 1804 impotentem
1371 1730 1717 1794 existiment,
1779 1743 1941 1799 quem
1988 1744 2103 1781 mo-

2193 523 2298 576 est,
2329 529 2490 586 quam
2515 525 2720 571 temere
2747 513 3164 583 reprehendere.
3191 515 3247 569 Si
3275 515 3420 570 enim
3441 513 3511 569 ob
3532 527 3788 581 asperum

2194 623 2499 664 sermonem
2523 606 2785 663 Hilarium
2818 608 2980 662 animi
3011 608 3233 662 immitis
3251 622 3477 677 arguere
3502 605 3694 670 liccat;
3717 605 3790 661 lio

2193 703 2334 756 cehit
2361 700 2498 757 forte
2526 713 2577 757 et
2605 701 2963 770 Stephanum,
2996 701 3084 754 ubi
3117 699 3170 755 in
3199 699 3417 755 Iudaeos
3447 707 3555 754 tam
3585 699 3788 755 acerbe

2195 794 2486 863 invehitur,
2534 798 2733 866 pariter
2781 797 2904 850 bilis
2943 793 3315 851 Commotiuris
3351 807 3651 859 accusare;
3699 794 3788 849 sui

2194 907 2410 960 (patique
2448 891 2771 960 impotentes
2816 889 2983 947 fuisse
3026 899 3320 960 argueutur
3361 888 3659 963 propheta,
3699 889 3790 960 qui

2200 985 2499 1056 principum
2535 986 2660 1039 vitia
2691 993 2838 1040 tanta
2870 985 3117 1042 libertate
3144 983 3644 1056 reprehenderunt;
3689 999 3793 1040 nec

2199 1088 2451 1147 parcetur
2480 1077 2579 1146 ipsi
2611 1077 3042 1133 mansuetudinis
3080 1077 3375 1150 exemplari
3402 1079 3632 1134 Domino
3659 1093 3794 1135 nos-

2202 1179 2305 1232 tro,
2338 1177 2392 1222 et
2419 1169 2486 1222 ab
2519 1169 2700 1223 innata
2729 1168 2911 1224 cordis
2939 1169 3162 1225 leuitate
3201 1169 3469 1226 videbitur
3496 1169 3789 1237 excidiSs-e,

2203 1263 2289 1317 ubi
2327 1264 2343 1317 l
2369 1264 2623 1318 harismos
2649 1273 2754 1319 tam
2791 1280 2974 1320 amare
3003 1272 3219 1335 tamque
3245 1263 3444 1321 acerbe
3472 1264 3792 1334 increpavit.

2202 1357 2341 1426 Quin
2373 1361 2552 1431 potius
2587 1358 2728 1428 quod
2769 1360 2834 1416 de
2880 1361 3158 1431 Stephano
3198 1362 3371 1416 sensit
3416 1376 3479 1416 ac
3518 1360 3655 1416 dixit
3685 1364 3797 1417 Au-

2203 1455 2448 1524 gustinus-
2476 1455 2552 1522 (in
2595 1453 2739 1510 Psal.
2771 1470 2973 1517 cxxxtt.
3007 1474 3062 1512 rt.
3090 1456 3172 1522 8),
3214 1455 3376 1525 Quasi
3412 1455 3646 1512 strvith
3677 1455 3792 1512 Ste-

2204 1546 2430 1620 phanus;
2459 1546 2693 1602 meiebat
2730 1565 2838 1615 ore,
2865 1548 3015 1604 corde
3053 1547 3293 1620 diligebat
3319 1564 3338 1601 :
3362 1546 3464 1602 hoc
3504 1548 3803 1604 sentiamus

2205 1656 2272 1695 ac
2311 1641 2556 1697 dicamus
2586 1642 2652 1697 de
2682 1641 2888 1698 llilario
2924 1653 3133 1709 nostro,
3177 1643 3340 1708 Quasi
3370 1642 3602 1699 serviebat
3641 1642 3802 1698 Hila-

2207 1738 2336 1801 rius;
2366 1739 2599 1793 sa'ricbat
2623 1737 2844 1802 calamo,
2876 1738 3026 1794 corde
3048 1738 3310 1810 diligebat.

509 1845 626 1883 rttm
673 1828 879 1884 lenitate
908 1827 1178 1898 pollentem
1226 1836 1340 1880 tum
1381 1824 1715 1895 antiquitatis
1763 1823 2104 1890 testimoiiio,
2135 1823 2183 1884 Β
2287 1827 2428 1884 Xlll.
2459 1828 2696 1899 Epistolis
2721 1840 2796 1885 est
2824 1829 3124 1897 catholicis,
3155 1847 3259 1884 non
3285 1828 3587 1885 Constantio
3622 1831 3808 1886 inscri-

511 1929 622 1976 tum
655 1920 819 1976 totius
844 1921 966 1979 vitae
987 1919 1153 1990 gestis
1179 1918 1485 1974 didicerint.
1511 1917 1645 1973 Eum
1669 1917 1904 1986 Spiritus
1927 1916 2098 1971 sancti

516 2013 747 2085 impulsu
776 2012 961 2083 potius
980 2053 994 2077 ,
1017 2025 1176 2084 quam
1200 2009 1323 2066 bilis
1349 2010 1722 2066 commotioris
1763 2011 1966 2080 impetu
1993 2050 2006 2074 ,
2034 2008 2101 2062 ad

517 2107 624 2164 hoc
646 2121 784 2178 Opus
803 2105 1093 2163 adductum
1118 2104 1374 2172 credent,
1396 2105 1549 2176 cujus
1569 2105 1779 2159 animus
1801 2104 2106 2176 quinquen-

518 2206 572 2258 ni
590 2199 784 2257 exsilio
809 2197 981 2256 nihilo
1001 2198 1240 2269 segnior,
1265 2198 1360 2253 sed
1387 2197 1662 2268 probatior
1701 2206 1865 2270 atque
1915 2197 2106 2252 fortior

518 2295 692 2349 tactus
715 2308 839 2349 esse
865 2293 988 2348 inde
1015 2291 1342 2358 ostenditur,
1370 2292 1510 2364 quod
1535 2293 1685 2347 brevi
1737 2299 1921 2362 postea
1963 2289 2108 2345 illius

517 2403 623 2458 ope
672 2397 778 2442 tam
825 2386 1022 2442 uberes
1071 2387 1124 2441 in
1156 2385 1451 2442 Ecclesiam
1484 2382 1687 2441 fructus
1734 2381 2106 2440 redundarint.

519 2481 650 2547 Quis
679 2482 821 2534 enim
856 2479 1062 2536 nesciat
1089 2479 1383 2550 prudentiae
1414 2482 1530 2550 ejus
1552 2522 1568 2547 ,
1614 2495 1774 2550 quam
1823 2477 2110 2549 singularis

524 2588 731 2627 morum
763 2572 958 2628 lenitas
987 2573 1310 2642 condiehat,
1345 2591 1444 2630 nos
1491 2573 1690 2629 debere
1737 2572 1902 2627 totius
1948 2584 2112 2642 prope

522 2668 833 2723 Occidentis
863 2667 1396 2725 reconciliationem?
1426 2669 1574 2723 Hanc
1620 2666 1818 2738 quippe
1866 2665 2112 2736 proxime

524 2770 644 2832 post
677 2761 818 2816 hunc
852 2761 1047 2815 librum
1070 2776 1386 2832 aggressus,
1416 2760 1624 2816 felicem
1656 2759 1869 2814 tandem
1907 2759 1972 2813 ad
2000 2759 2112 2812 exi-

529 2867 636 2910 tum
670 2854 937 2926 perduxit.
967 2855 1024 2911 Si
1073 2857 1216 2910 enim
1256 2855 1551 2924 Sulpicium
1593 2853 1872 2908 amliamus
1931 2870 1942 2906 :
1982 2852 2116 2906 illud

527 2951 669 3020 apud
688 2967 861 3004 omnes
885 2951 1143 3014 constitit,
1176 2951 1330 3003 unius
1393 2947 1583 3001 Hilarii
1629 2947 1872 3016 bene/icio
1915 2945 2117 2999 liallios

528 3057 728 3100 nostras
759 3046 965 3116 piaculo
988 3045 1197 3099 Iltl’resis
1225 3043 1461 3097 liberatas
1489 3043 1715 3112 (Sulpic.
1765 3042 1801 3094 ι.
1831 3050 1912 3111 tt).
1958 3038 2114 3107 Quod

527 3153 706 3197 autem
737 3141 1008 3212 Sulpicius
1038 3138 1230 3196 Galliis
1279 3137 1513 3200 nostris,
1557 3137 1659 3189 hoc
1702 3150 1822 3189 cum
1889 3135 2115 3188 Rulinus

2209 1925 2491 1981 benda.o-—
2517 1925 2629 1982 Hoc
2655 1940 2792 1997 opus
2831 1927 2883 1980 in
2905 1939 3036 1981 mss.
3069 1922 3383 1980 Colbertino
3412 1934 3462 1980 et
3489 1923 3811 1980 Martiniano

2210 2017 2426 2086 cpistola
2457 2031 2562 2071 non
2593 2017 2732 2072 male
2761 2025 3129 2088 nuncupatur;
3167 2017 3410 2088 quamvis
3448 2030 3555 2072 non
3598 2016 3812 2088 placeat

2208 2109 2351 2182 quod
2376 2111 2427 2164 in
2452 2110 2644 2166 iisdem
2666 2108 2736 2165 ad
2755 2109 3111 2166 Constantium
3131 2111 3487 2182 imperatorem
3507 2111 3812 2165 transmissa

2211 2201 2439 2257 subinde
2479 2210 2714 2258 notetur.
2769 2202 2848 2258 Ad
2895 2219 2990 2258 eos
3029 2203 3172 2258 enim
3216 2203 3443 2274 cpistola
3491 2203 3811 2259 transmissa

2213 2295 2480 2351 censenda
2504 2305 2608 2361 est,
2651 2310 2788 2367 quos
2826 2296 2970 2351 illius
3009 2297 3243 2367 scriptor
3284 2295 3340 2350 in
3371 2295 3638 2367 principio
3675 2295 3814 2352 allo—

2215 2386 2411 2457 quitur,
2444 2400 2548 2441 non
2576 2385 2643 2442 ad
2669 2402 2806 2459 quos
2835 2387 3030 2443 deinde
3063 2404 3159 2459 per
3180 2388 3503 2445 locutionem
3526 2388 3809 2459 ﬁguratam

2214 2497 2523 2538 sermonem
2549 2481 2831 2538 convertit.
2864 2481 3000 2538 Toto
3031 2492 3215 2540 autem
3249 2481 3414 2554 hujus
3437 2482 3630 2556 Operis
3652 2497 3815 2540 exor-

2216 2573 2306 2629 dio
2331 2575 2622 2645 alloquitur
2647 2576 2884 2632 Hilarius
2915 2573 3124 2631 Fratres
3143 2619 3158 2644 ,
3201 2577 3268 2631 ad
3307 2591 3444 2648 quos
3475 2575 3640 2632 etiam
3669 2575 3817 2633 redit

2218 2686 2370 2724 num.
2405 2669 2492 2736 l2,
2519 2679 2624 2725 etc.
2655 2669 2736 2727 Ad
2765 2669 3138 2726 Constantium
3175 2671 3339 2742 igitur
3365 2684 3473 2726 non
3507 2677 3594 2726 est
3631 2684 3813 2727 sermo

2220 2763 2318 2818 nisi
2351 2763 2608 2835 ﬁguratus
2641 2783 2653 2817 ε
2685 2779 2787 2836 qua
2828 2764 2996 2834 lignra
3021 2760 3326 2822 Orientales
3356 2762 3448 2820 diu
3485 2764 3816 2836 copioseque

2219 2858 2512 2928 alloquitur
2533 2860 2584 2913 in
2614 2859 2750 2913 libro
2781 2858 2850 2914 dc
2879 2857 3135 2930 Synodis,
3165 2861 3410 2926 quamvis
3438 2874 3546 2916 non
3575 2858 3643 2915 ad
3665 2859 3812 2927 illos,

2219 2950 2312 3005 sed
2337 2953 2400 3004 ad
2422 2949 2731 3007 Gallicanos
2754 2953 3040 3022 episcopos
3058 2951 3346 3006 destinato.
3371 2951 3488 3008 Non
3518 2960 3604 3008 est
3626 2954 3810 3023 itaque

2219 3045 2616 3100 assentiendum
2633 3043 2922 3110 Chillletio,
2953 3046 3041 3114 qui
3066 3045 3230 3116 (uotis
3263 3045 3314 3100 in
3338 3045 3594 3102 Fcrrand.
3624 3045 3643 3118 )
3669 3044 3818 3103 hunc

2219 3141 2415 3196 librum
2450 3149 2541 3196 aut
2563 3142 2613 3195 in
2637 3139 2992 3196 Constantium
3015 3149 3107 3195 aut
3133 3141 3202 3194 ad
3229 3137 3585 3197 Constantium
3607 3141 3821 3199 indill'e-

525 3239 639 3312 (lib.
666 3255 683 3294 I
710 3237 844 3292 Βία.
874 3237 997 3292 eccl.
1042 3253 1089 3292 ι.
1128 3236 1221 3307 51)
1266 3234 1429 3290 Italiae
1455 3248 1569 3288 suat
1599 3242 1758 3298 atque
1780 3231 1994 3304 Illyrico
2017 3247 2121 3285 non
2149 3239 2196 3301 ρ
2229 3243 2411 3290 rentcr
2438 3234 2654 3290 inscribi
2686 3248 2844 3302 posse
2866 3233 3056 3289 voluit,

529 3335 705 3388 minus
728 3348 938 3388 morum
967 3330 1190 3387 lenitate
1216 3345 1374 3401 quam
1405 3329 1651 3381 doctrina
1667 3327 1990 3397 praestitisse
2011 3338 2118 3381 tes.

529 3429 782 3482 titicatur.
815 3426 894 3482 Eo
919 3424 1083 3482 etiam
1115 3435 1274 3496 pacto
1302 3439 1619 3494 progressus
1644 3423 1977 3492 compescuit
2017 3423 2124 3478 Lu-

532 3520 774 3577 ciferiani
798 3517 1137 3584 schismatis,
1162 3517 1304 3588 quod
1327 3532 1356 3572 a
1403 3517 1566 3572 nimia
1610 3516 1919 3572 austeritate
1967 3531 2125 3569 exor-

535 3626 671 3682 tum,
695 3615 937 3670 coerceri
963 3611 1065 3667 nisi
1094 3612 1363 3668 contraria
1393 3609 1560 3665 animi
1582 3608 1870 3665 affectione
1897 3621 2003 3664 non
2031 3608 2126 3663 de-

540 3707 678 3764 buit.

610 3801 700 3858 XI.
732 3801 898 3856 Plura
925 3800 1289 3856 moderationis
1326 3797 1521 3853 Hilarii
1541 3799 1775 3870 exempla
1800 3815 1862 3854 ex
1883 3797 1975 3852 ltoc
2001 3796 2130 3852 libro

535 3899 856 3968 deprompta.
887 3925 955 3936 —-
986 3893 1064 3949 lle
1081 3909 1204 3950 vera
1235 3893 1516 3949 Facundos
1537 3899 1724 3948 contra
1750 3891 2053 3947 Mucianum
2076 3892 2128 3944 in

540 3990 803 4044 llilarintn
833 3987 977 4043 velut
1005 3988 1057 4041 in
1097 3987 1484 4043 moderationis
1527 3986 1802 4055 exetnplar
1827 3983 2020 4053 τεενίοἰ
2049 3984 2134 4054 ju-

538 4082 649 4148 bet,
680 4094 732 4137 et
763 4097 881 4151 quae
913 4081 965 4135 in
1014 4081 1114 4134 hoc
1159 4081 1276 4150 ipso
1306 4079 1443 4134 libro
1484 4078 1689 4148 priebet
1724 4078 1938 4134 \‘irtutis
1976 4076 2133 4148 hujus

537 4177 810 4248 exempla,
848 4173 1179 4231 adversariis
1200 4175 1331 4239 suis,
1361 4187 1496 4243 quos
1525 4173 1641 4228 zelo
1673 4171 1984 4226 l’crvcntiori
2011 4185 2134 4239 pce-

538 4287 665 4329 care
686 4271 978 4337 cxistimat,
1000 4267 1256 4325 imitanda
1281 4271 1548 4339 proponit.
1577 4267 1640 4320 Et
1660 4274 1806 4320 certe
1831 4281 1859 4319 a
1883 4263 2135 4321 Facundo

541 4363 838 4418 moderatus
862 4379 926 4418 ar
947 4361 1172 4433 prudens
1202 4360 1449 4416 Ecclesia.-
1484 4361 1791 4433 gubernator
1816 4374 1880 4414 ex
1909 4373 1974 4414 eo
1999 4358 2138 4415 libro

542 4455 832 4529 approbari
856 4456 1052 4513 merito
1084 4463 1287 4526 potest,
1308 4452 1436 4510 dum
1467 4453 1676 4509 duobus
1696 4453 1940 4508 tribusve
1967 4452 2138 4507 lucre-

545 4567 672 4610 seos
699 4551 998 4608 fautoribus
1027 4557 1221 4620 negata
1245 4549 1648 4614 communione,
1673 4547 1889 4602 cazteris
1918 4547 2140 4615 resipis-

2292 3328 2453 3406 χεν..
2476 3327 2599 3383 Viuo
2637 3326 2941 3383 Constantio
2969 3326 3190 3398 scriptus
3219 3339 3292 3382 est
3329 3328 3414 3383 hic
3446 3329 3593 3385 liber.
3623 3358 3698 3374 ε·-
3732 3330 3822 3385 ln-

2222 3419 2479 3476 scribitur
2500 3420 2556 3475 in
2589 3420 2908 3491 perantiquo
2931 3419 3166 3476 basilica:
3195 3419 3255 3476 S.
3283 3419 3429 3476 Petri
3451 3422 3662 3488 codice,
3683 3432 3739 3477 ut
3768 3431 3828 3478 et

2224 3516 2277 3570 in
2311 3514 2643 3580 Telleriano,
2676 3513 2806 3568 liber
2841 3512 2896 3566 in
2929 3511 3292 3567 Constantiani
3324 3515 3730 3580 imperatorem;
3769 3516 3825 3569 in

2224 3609 2346 3663 aliis
2369 3619 2550 3664 autem
2580 3621 2711 3663 mss.
2746 3608 2874 3662 liber
2899 3617 3083 3663 contra
3101 3607 3464 3665 Constantium
3489 3607 3778 3681 Augustum
3813 3626 3823 3636 α

2226 3700 2421 3771 quibus
2445 3715 2567 3756 cum
2588 3707 2795 3757 temere
2813 3698 3112 3756 addidisset
3125 3701 3400 3766 Erasmus,
3411 3702 3529 3772 jam
3551 3703 3656 3755 vita
3680 3701 3832 3771 fuitr-

2228 3804 2368 3861 tum;
2399 3794 2787 3865 posterioribus
2830 3803 3010 3850 tamen
3056 3792 3382 3850 cditionibus
3400 3791 3694 3865 castigatus
3719 3809 3830 3850 non

2231 3887 2350 3942 fuit.
2396 3888 2620 3947 Errandi
2658 3889 2874 3944 occasio
2915 3889 2964 3944 ei
3007 3899 3132 3943 nats
3179 3897 3262 3943 est
3299 3903 3366 3943 ex
3407 3888 3590 3943 verbis
3634 3887 3828 3943 Hiero-

2235 3986 2401 4051 nymi,
2432 3981 2573 4036 inter
2605 3980 2788 4036 llilarii
2815 3997 2976 4052 opera
3002 3981 3199 4036 librum
3227 3981 3280 4036 in
3303 3979 3680 4038 Constantium
3709 3993 3835 4053 post

2238 4085 2468 4131 mortem
2501 4076 2664 4144 ipsius
2691 4076 2951 4146 scriptum
2986 4075 3343 4132 recenseatis.
3374 4074 3442 4132 Et
3468 4075 3835 4148 Hieronymus

2235 4169 2451 4240 quidem
2489 4183 2608 4225 enm
2650 4171 2862 4225 unicum
2906 4169 3093 4226 Hilarii
3138 4171 3333 4226 librum
3373 4171 3428 4226 in
3457 4169 3835 4227 Constantium

2238 4275 2522 4328 memoret,
2563 4281 2790 4336 cumque
2833 4281 2898 4321 ex
2941 4266 3045 4322 hoc
3090 4265 3254 4330 libro,
3295 4265 3386 4337 qui
3429 4281 3542 4339 pra:
3589 4264 3838 4322 manibus

2237 4369 2341 4425 est,
2397 4361 2560 4417 verba
2612 4360 2882 4433 quedam,
2930 4361 3008 4416 uti
3053 4362 3165 4432 jam
3212 4361 3630 4429 annotavimus,
3670 4361 3812 4434 epist

2240 4473 2388 4512 xxvn
2417 4456 2483 4511 ad
2508 4455 2859 4512 Eustochium
2888 4460 3151 4527 exprimat
3175 4473 3192 4522 ;
3230 4456 3440 4515 nullum
3473 4457 3586 4513 fere
3613 4455 3838 4516 dubium

2245 4561 2350 4613 est,
2381 4549 2506 4620 quin
2531 4551 2673 4604 hunc
2703 4550 2878 4620 ipsum
2914 4558 3034 4620 post
3077 4557 3308 4605 mortem
3337 4549 3641 4606 Constantii
3661 4549 3840 4620 scrip-

545 4645 703 4702 eendi
760 4642 1069 4699 facultatem
1123 4639 1500 4712 indulgendam
1545 4639 1822 4704 decernit;
1862 4639 1989 4694 dum
2039 4639 2139 4695 hoc
2166 4635 2220 4696 D
2246 4653 2354 4701 tum
2396 4643 2709 4701 crediderit.
2768 4644 2888 4714 Ipse
2916 4653 3093 4700 tamen
3124 4643 3384 4710 Hilarius,
3427 4659 3577 4701 nutu.
3622 4644 3681 4713 2,
3709 4659 3841 4701 con-

549 4742 828 4798 dccretuin
855 4753 1014 4794 suum
1040 4735 1415 4793 conlessorum
1449 4733 1656 4804 judicio
1692 4747 1756 4788 ac
1787 4734 1984 4802 placito
2015 4748 2136 4803 per-

551 4837 747 4903 tnittit;
772 4835 897 4891 dum
929 4833 1128 4889 nullam
1163 4831 1365 4902 respuit
1397 4829 1647 4886 ineunda:
1688 4831 1833 4901 pacis
1861 4828 2139 4885 honestam

554 4930 947 4993 conditionem;
969 4927 1095 4983 dum
1123 4925 1226 4983 etsi
1253 4925 1433 4995 iniqua
1458 4927 1688 4980 factione
1709 4925 1997 4992 relegatus,
2029 4931 2142 4976 toto

555 5033 736 5078 tamen
763 5020 939 5076 exsilii
970 5021 1050 5076 sui
1076 5029 1318 5090 tempore
1341 5017 1468 5072 nihil
1495 5031 1680 5074 contra
1711 5015 1992 5072 hrereticos
2015 5017 2144 5072 seri-

557 5118 637 5173 bit
668 5116 933 5172 famosum
970 5123 1063 5169 aut
1095 5113 1448 5175 maledicum;
1481 5110 1605 5166 dum
1628 5111 1889 5167 Seleuciae
1919 5119 1972 5164 et
1999 5109 2145 5165 Con-

557 5208 910 5279 stantitmpoli
966 5209 1035 5263 ita
1081 5223 1201 5261 cum
1244 5206 1494 5261 omnibus
1535 5205 1739 5261 urb-ine
1776 5221 1837 5259 se
1875 5206 2044 5275 gerit,
2090 5215 2150 5258 ut

557 5302 834 5358 Anommis
875 5302 1060 5362 etiam,
1107 5316 1137 5356 a
1185 5301 1376 5370 quibus
1413 5299 1760 5354 vehementer
1799 5297 2146 5365 abhorrebat,

559 5397 767 5452 facilem
785 5395 850 5450 ad
877 5409 937 5450 se
956 5395 1156 5449 aditum
1184 5395 1440 5464 praebeat,
1466 5408 1526 5447 ac
1551 5391 1754 5462 placide
1779 5400 1836 5447 et
1862 5391 2149 5460 tranquille

559 5492 923 5564 hlasphemias
952 5505 1141 5545 eorum
1169 5491 1466 5555 auscultet;
1492 5489 1618 5544 dum
1643 5489 1875 5557 denique
1899 5503 2150 5545 sermone

563 5603 759 5645 usurus
789 5585 1202 5650 vehementiori,
1244 5586 1308 5642 ad
1345 5586 1397 5641 id
1439 5600 1497 5641 se
1527 5601 1633 5640 non
1673 5600 1767 5640 sua
1813 5584 1907 5639 sed
1946 5583 2150 5639 Christi

559 5697 721 5737 causa
773 5680 1062 5739 adductum
1113 5694 1237 5738 esse
1281 5688 1428 5737 tanta
1476 5694 1606 5736 cura
1659 5687 1916 5751 tantoque
1971 5677 2150 5734 studio

566 5784 962 5847 przrtnonstrat.

635 5867 745 5924 ΧΗ.
794 5869 1057 5940 .ipoloyiir
1102 5868 1378 5924 rourlusio.
1439 5899 1503 5908 μ-
1561 5867 1692 5936 Quae
1738 5881 1858 5921 rum
1906 5866 1978 5921 ita
2021 5866 2145 5932 sint,

2244 4741 2416 4812 eeptis
2439 4739 2618 4795 verbis
2651 4749 2895 4807 testatur,
2927 4754 3052 4795 eum
3081 4755 3139 4795 se
3161 4740 3350 4812 quinto
3374 4755 3518 4798 anno
3549 4749 3671 4813 post
3695 4741 3842 4797 exsi-

2247 4833 2315 4888 lia
2341 4834 2578 4898 Eusebii,
2604 4833 2832 4889 Lueileri
2860 4841 2916 4888 et
2931 4833 3195 4906 Dionysii,
3220 4833 3323 4890 hoc
3345 4844 3450 4899 est,
3473 4835 3842 4907 quinquennio

2247 4936 2370 4998 post
2411 4927 2699 4982 concilium
2740 4925 3141 4982 .‘llediolanense
3179 4926 3309 4983 anni
3347 4928 3476 4994 555,
3511 4927 3843 5001 proindeque

2249 5035 2392 5076 anno
2428 5021 2556 5086 560,
2604 5033 2710 5075 uno
2759 5030 2886 5075 ante
2923 5017 3224 5076 Constantii
3266 5032 3496 5077 mortem
3537 5023 3842 5096 scripsisse.

2249 5113 2438 5181 Neque
2483 5112 2861 5182 ambigendum
2909 5112 3146 5176 videtur,
3193 5117 3320 5186 quin
3369 5115 3519 5172 illum
3567 5116 3847 5185 scripserit

2249 5221 2371 5263 eum
2412 5205 2876 5275 Constantinopoli
2919 5217 3245 5273 versaretur,
3293 5216 3576 5280 postquam
3623 5207 3692 5264 de
3740 5206 3847 5262 lltlc

2252 5316 2432 5357 coram
2467 5298 2774 5372 disputandi
2815 5310 3132 5370 potestatem
3175 5301 3276 5357 sibi
3319 5301 3432 5356 fieri
3460 5301 3619 5358 enixe
3653 5315 3847 5373 popos-

2255 5394 2438 5456 cisset,
2471 5407 2570 5448 nec
2613 5395 2972 5464 impetrasset,
3033 5395 3141 5448 imo
3191 5392 3354 5450 etiam
3395 5406 3518 5467 post
3557 5409 3717 5466 quam
3749 5393 3847 5448 ibi-

2257 5487 2381 5542 dem
2409 5486 2717 5543 inchoasset
2744 5485 3110 5542 Seleuciensis
3138 5495 3299 5559 atque
3328 5485 3685 5543 Ariminensis
3712 5501 3845 5543 con-

2257 5581 2363 5637 cilii
2398 5580 2698 5636 historiam.
2730 5579 2930 5636 Verum
2963 5590 3184 5652 propter
3223 5581 3388 5638 verba
3428 5579 3739 5653 Hieronymi
3785 5581 3846 5635 li-

2257 5676 2446 5731 benter
2472 5675 2831 5732 assentiemur
2864 5675 2951 5742 iis,
2990 5674 3079 5746 qui
3113 5675 3257 5732 hunc
3287 5675 3412 5731 licet
3448 5684 3574 5732 ante
3613 5683 3846 5732 mortem

2258 5772 2551 5827 titinsmntii
2583 5772 2876 5842 scriptum,
2905 5772 3106 5830 editum
3140 5781 3320 5830 tamen
3347 5773 3530 5830 volent
3569 5772 3850 5832 dumtaxat

2263 5877 2377 5937 post
2409 5876 2634 5923 mortem
2665 5868 2831 5944 ipsius
2864 5886 2875 5920 :
2905 5868 3136 5926 maxime
3168 5885 3290 5926 cum
3314 5870 3470 5941 paulo
3502 5879 3619 5942 post
3652 5869 3853 5926 Hilario
