4266 6452
405 281 504 338 597

1244 285 1445 343 LIBER
1485 285 1757 344 CONTRA
1798 284 2285 348 CONS'l‘ANTIUM
2325 291 2844 350 lMl'EltA'l‘UltliM.

3610 299 3711 360 593

403 404 566 448 esset.
593 393 1012 456 Similitudinem
1057 415 1184 454 vero
1213 403 1230 473 (
1238 401 1295 470 ιι)
1321 416 1446 456 cum
1477 403 1708 474 imagine
1733 403 1800 458 ad
1831 405 1997 459 Deum
2027 412 2080 474 Α
2105 406 2380 477 proprium
2409 407 2579 465 Deum
2622 427 2777 478 esse,
2835 411 3130 468 nativitatis
3175 415 3564 474 demonstratio
3603 430 3704 474 est.

404 487 610 545 homini
641 489 919 560 deputavit
950 513 963 550 :
1005 509 1073 550 ne
1124 494 1364 550 veritatis
1391 508 1510 551 esse
1542 497 1842 566 proprietas
1891 496 2004 551 cxi-

403 581 749 652 stimaretur,
794 586 880 642 cui
922 586 989 643 ad
1038 586 1326 659 imaginem
1376 587 1672 644 similitudo
1717 599 1865 645 esset
1907 589 2001 644 ad-

399 675 607 745 juncta.
642 674 884 748 Denique
928 677 1022 735 ubi
1057 677 1124 734 ad
1168 678 1616 752 signiﬁcationem
1663 679 1876 735 virtutis
1927 683 2000 754 (b)

407 777 683 838 aequatur,
714 779 769 827 et
816 770 1112 826 similitudo
1157 775 1211 829 in
1260 771 1399 828 Filio
1429 773 1832 828 demonsuatur
1876 789 2007 845 0pc-

405 861 558 915 randi
587 883 597 915 ;
629 877 750 920 cum
782 864 1055 934 profectus
1082 881 1211 920 vero
1239 865 1607 935 illiCiiigt‘lllitB
1648 866 2003 937 pra-dicatur:

407 967 520 1014 tum
546 961 616 1015 ita
644 961 842 1016 dicitur
876 979 888 1016 :
925 962 1110 1016 Omnia
1131 979 1460 1034 quarumque
1478 963 1600 1032 facit
1630 961 1806 1026 Pater,
1831 964 2006 1017 eadem

406 1059 456 1105 tt
482 1049 650 1106 Filius
687 1052 811 1122 facit
837 1054 1070 1108 similiter
1099 1053 1283 1126 (Ionii.
1314 1070 1368 1119 ι’,
1410 1053 1514 1125 l9).
1549 1054 1746 1112 Faciire
1772 1057 2006 1109 sinalitir

407 1158 596 1215 [tamin
629 1147 804 1200 visum
831 1155 946 1215 est,
971 1146 1071 1203 nisi
1105 1146 1295 1203 eadem
1321 1151 1512 1203 tierent
1559 1165 1680 1219 qua-
1707 1148 1779 1220 (ι’)
1809 1148 2004 1203 similia

409 1238 628 1292 hebant.
657 1242 835 1310 Atque
860 1240 931 1294 ita
956 1239 1250 1296 similitudo
1273 1239 1503 1296 faciendi
1534 1241 1619 1312 pie
1639 1240 2004 1297 demonstrata

409 1342 492 1387 est
521 1332 572 1386 in
602 1333 917 1390 earumdem
944 1336 1271 1406 proprietate
1305 1336 1587 1392 lat-torum.
1622 1336 1717 1392 Est
1743 1344 1922 1392 autem
1954 1346 2010 1392 et

405 1427 701 1484 similitudo
731 1429 787 1486 in
815 1431 1044 1487 Domino
1065 1431 1244 1486 carnis
1287 1431 1494 1502 peccati
1537 1429 1716 1503 (llam.
1745 1446 1842 1486 viti
1862 1471 1876 1493 ,
1907 1428 1962 1502 ‘2)
1990 1449 2002 1484 :

402 1520 499 1575 sed
527 1520 603 1574 illi
638 1536 746 1576 non
787 1521 1086 1580 similitudo
1111 1523 1294 1582 carnis
1320 1535 1424 1592 εει,
1461 1523 1547 1596 (Δ)
1573 1524 1670 1580 sed
1712 1525 2008 1581 similitudo

403 1615 583 1669 carnis
612 1615 814 1683 peccati
860 1625 946 1674 est
975 1634 988 1672 :
1022 1624 1082 1671 ut
1115 1616 1263 1687 quod
1306 1619 1358 1672 in
1409 1615 1577 1672 forma
1626 1617 1697 1689 (θ)
1737 1616 1832 1674 Dei
1879 1629 2004 1687 est,

405 1708 568 1764 homo
594 1709 696 1776 sit;
725 1709 867 1779 quod
909 1719 1088 1766 autem
1118 1710 1169 1765 in
1193 1710 1544 1766 similitudine
1572 1712 1755 1766 carnis
1797 1712 2004 1782 peccati

2109 496 2233 553 Mihi
2264 499 2481 570 quidem
2506 501 2800 558 similitudo
2821 545 2837 569 ,
2866 505 2945 576 (Ii)
2971 519 3039 561 ne
3066 508 3251 563 unioni
3275 508 3434 567 detur
3457 514 3713 575 occasio,

2109 601 2290 647 sancta
2319 603 2440 649 est:
2473 596 2568 652 sed
2599 596 2696 651 tibi
2721 611 2753 650 a
2785 614 2872 651 me
2915 612 3022 654 non
3051 603 3399 660 concedenda
3426 616 3547 662 est:
3580 607 3704 678 quia

2108 685 2371 757 aequalem
2400 689 2691 755 eumdem,
2733 700 2792 746 et
2840 692 3074 751 similem
3117 706 3303 766 postea
3350 699 3439 771 'pie
3477 700 3705 756 fatebor.

2109 781 2351 835 Similem
2384 791 2562 837 autem
2601 783 2784 850 Patri,
2832 787 3062 842 similem
3110 804 3328 860 quoque
3375 793 3439 861 (ἱ)
3469 803 3524 847 et
3566 793 3710 862 Deo,

2111 874 2362 942 religiose
2410 877 2745 946 praedicabo;
2786 881 3017 936 similem
3048 898 3178 938 vero
3218 885 3319 950 ita,
3356 896 3412 940 ut
3451 888 3710 943 similitu.

2111 969 2221 1022 dini
2250 969 2354 1026 hoc
2399 972 2602 1026 dictum
2650 988 2868 1045 semper
2913 977 3210 1033 anteferam
3247 999 3259 1033 :
3302 980 3416 1052 Ego
3460 994 3508 1037 et
3556 981 3713 1037 Pater

2109 1080 2268 1118 unum
2315 1082 2489 1120 sumus
2529 1065 2709 1137 (Ιοιιιι.
2743 1085 2778 1124 ι
2799 1109 2816 1132 ,
2848 1070 2936 1138 30)
2967 1090 2980 1124 :
3024 1082 3079 1130 ιιι
3108 1085 3286 1129 autem
3343 1076 3426 1130 liis
3454 1077 3706 1131 omnibus

2109 1157 2451 1221 contradicis.
2472 1162 2591 1214 uitia
2620 1162 3025 1220 similitudinem
3052 1166 3132 1237 (j)
3152 1167 3500 1223 excusatione
3515 1169 3670 1224 deleti
3687 1201 3701 1207 -

2109 1249 2214 1305 dis.
2244 1250 2420 1323 Negas
2453 1252 2651 1308 Filium
2685 1269 2781 1324 per
2809 1258 3144 1313 nativitatem
3167 1299 3182 1326 ,
3212 1276 3377 1331 negas
3417 1259 3586 1315 Deum
3618 1279 3715 1331 per

2109 1352 2388 1410 naturam,
2418 1361 2582 1416 negas
2611 1347 2840 1404 similem
2872 1364 2968 1419 per
2997 1353 3363 1420 :equalttateni
3386 1397 3400 1421 ,
3433 1370 3596 1426 negas
3623 1371 3711 1412 vc-

2108 1452 2228 1492 rum
2278 1454 2372 1508 per
2396 1440 2678 1497 unitatem.
2709 1440 2779 1499 Et
2803 1443 2914 1513 jam
2946 1461 3132 1514 quairo
3154 1489 3166 1511 ,
3196 1449 3322 1519 quid
3349 1449 3396 1504 ei
3438 1450 3712 1519 relinquas

2109 1533 2509 1602 similitudinis,
2549 1537 2633 1591 cui
2677 1537 2902 1593 nihilad
2940 1541 3082 1610 quod
3127 1542 3268 1598 ﬁlius
3295 1552 3418 1611 est,
3465 1545 3710 1617 proprie-

2111 1629 2236 1682 tatis
2266 1629 2568 1700 impertias.

2180 1721 2270 1778 23.
2300 1722 2589 1779 Constantii
2609 1726 2664 1779 in
2684 1727 2788 1796 ﬁde.
2811 1727 3173 1785 inconstantia.
3195 1760 3266 1772 ——
3281 1730 3394 1788 Hoc
3415 1749 3557 1794 nunc
3576 1749 3605 1788 a
3624 1744 3678 1791 te
3694 1779 3708 1800 ,

404 1812 522 1871 est,
553 1804 786 1863 hominis
808 1805 878 1861 sit
905 1806 1204 1862 similitudo
1224 1847 1242 1872 ,
1270 1807 1399 1861 dum
1435 1807 1490 1861 in
1521 1804 1754 1861 hominis
1796 1804 1864 1880 (ι’)
1892 1818 2004 1863 sta-
2042 1821 2088 1883 3
2113 1812 2425 1882 Constanti,
2468 1818 2717 1889 requiro,
2752 1821 2930 1892 inqua
2969 1821 3188 1878 tandem
3213 1824 3316 1879 ﬁde
3339 1825 3551 1881 credas,
3587 1827 3718 1882 Ρη-

406 1906 525 1953 tura
555 1907 673 1964 est,
703 1907 759 1954 et
786 1907 939 1956 extra
986 1898 1222 1957 hominis
1253 1910 1530 1971 peccatum
1569 1910 1670 1956 est.
1702 1900 1832 1968 Qui:
1875 1918 2005 1975 ergo

404 1991 598 2048 callida
629 1990 908 2064 religionis
934 2002 1040 2048 tua:
1079 1990 1342 2063 professio
1378 2003 1492 2056 est.
1540 1992 1772 2050 similem
1812 2011 2006 2053 secuti.

407 2083 533 2139 dum
575 2083 880 2156 Scriptores
909 2084 1053 2141 Patri
1098 2085 1293 2141 Filium
1323 2086 1537 2152 dicere;
1566 2102 1690 2142 cum
1714 2088 1782 2143 ad
1813 2090 2002 2161 imagi-

410 2194 529 2235 nem
546 2187 600 2236 et
617 2179 1023 2236 similitudinem
1043 2180 1138 2236 Dei
1159 2181 1318 2237 homo
1338 2190 1542 2239 tantum
1565 2181 1732 2238 factus
1749 2183 1851 2239 sit?
1867 2183 2008 2253 Quid

410 2275 588 2346 itaque
619 2275 794 2331 verbis
819 2273 994 2331 (aliis?
1018 2274 1156 2342 Quid
1181 2281 1298 2330 arte
1327 2275 1536 2332 cludis?
1563 2275 1671 2330 Cur
1696 2293 1802 2333 non
1825 2292 2004 2349 mqua-

411 2365 516 2424 lem
548 2367 660 2424 Deo
690 2368 817 2439 (hoc
855 2370 999 2426 enim
1026 2369 1321 2424 secundum
1349 2369 1676 2442 Scriptiiras)
1711 2374 1795 2439 pie
1838 2373 2010 2429 dicis?

481 2459 572 2514 22.
616 2456 746 2514 Filii
770 2461 984 2533 prazlata
1011 2462 1300 2533 a‘qttalt'tate
1328 2462 1613 2518 siinititudo
1633 2473 1796 2534 potest
1819 2465 2009 2534 pradi-

412 2556 538 2610 cari.
557 2585 625 2596 ——
643 2555 747 2612 Sed
775 2560 975 2612 vereris
991 2598 1006 2624 ,
1031 2573 1100 2612 ne
1123 2558 1383 2628 aequalem
1403 2559 1587 2617 dicens
1601 2601 1619 2629 ,
1638 2561 2006 2618 innascibileni

416 2648 891 2723 579signillces?
907 2651 1014 2706 Sed
1037 2667 1221 2707 verum
1239 2653 1497 2724 intellige,
1515 2657 1656 2725 quod
1683 2652 1812 2711 hinc
1833 2671 2014 2726 .cqiia-

417 2746 480 2801 Iis
525 2745 637 2802 Deo
673 2760 794 2802 esse
843 2746 1148 2802 intellectus
1173 2755 1286 2813 est,
1315 2751 1437 2816 q-iia
1464 2749 1564 2803 sibi
1607 2749 1684 2821 (g)
1735 2750 2010 2819 proprium

418 2840 585 2896 Deum
617 2841 892 2912 proiessus
919 2849 1004 2896 est
1042 2854 1198 2904 esse;
1239 2847 1295 2896 et
1341 2843 1624 2911 protestari
1675 2849 1882 2911 pati-ein
1912 2844 2015 2899 sibi

423 2979 619 3107 gignat
642 2979 905 3038 visibilem
925 3021 944 3050 ,
977 2987 1166 3035 natura
1199 2979 1422 3053 perinde
1446 2980 1757 3051 discrepare
1785 2989 2013 3038 conten-

462 3072 488 3107 ε
530 3063 641 3106 ant.

462 3063 641 3107 ebant.

496 3122 573 3196 (ιι)
615 3122 741 3194 Lips
761 3131 818 3180 et
847 3123 968 3180 Par.
986 3165 1003 3191 ,
1030 3141 1145 3178 cum
1175 3123 1465 3192 imaginem.
1497 3123 1718 3178 Rectius
1743 3123 1832 3180 alii
1860 3125 2012 3191 libri,

2107 1925 2177 1980 go
2207 1909 2280 1981 (is)
2331 1913 2474 1967 enim
2515 1928 2661 1970 nunc
2710 1929 2805 1983 per
2848 1915 3236 1974 demutatiouis
3277 1929 3382 1974 tua:
3422 1927 3662 1989 tempora
3690 1963 3703 1984 ,

2108 2008 2309 2073 quibus
2348 2019 2516 2076 usque
2545 2006 2598 2060 in
2645 2006 2812 2062 imum
2859 2007 3206 2078 blasiihemin
3247 2020 3352 2066 tua:
3399 2011 3712 2067 barathrum

2111 2094 2454 2153 descendens
2473 2137 2490 2162 ,
2521 2113 2618 2167 per
2647 2100 2845 2168 gradus
2873 2102 3180 2172 praecipites
3215 2105 3522 2160 cucurristi.
3555 2104 3717 2161 Nam-

2113 2204 2218 2259 que
2242 2199 2365 2258 post
2394 2191 2622 2261 primam
2646 2191 2714 2263 (l)
2737 2208 2863 2250 vere
2889 2193 3047 2250 tidem
3071 2194 3266 2266 synodi
3292 2197 3524 2252 Nicmna‘:
3542 2239 3558 2266 ,
3585 2214 3716 2254 con-

2115 2293 2332 2354 gregato
2361 2299 2572 2339 rursum
2616 2285 2730 2356 (an.
2765 2286 2892 2358 3H)
2924 2285 3222 2344 Antiochiae
3252 2290 3518 2356 concilio,
3551 2292 3711 2348 lidein

2119 2375 2212 2430 tibi
2252 2391 2500 2432 renovas.
2528 2377 2633 2433 Sed
2662 2378 2857 2434 accidit
2896 2379 3024 2447 tibi,
3055 2381 3198 2450 quod
3237 2384 3501 2454 imperitis
3545 2385 3714 2440 rediti-

2114 2469 2423 2536 catoiibus,
2464 2472 2659 2542 quibus
2701 2489 2797 2527 sua
2844 2487 3062 2546 semper
3099 2476 3421 2546 displicent,
3463 2479 3715 2538 accidere

2115 2563 2292 2620 solet:
2331 2573 2390 2621 ut
2433 2579 2650 2636 semper
2687 2568 2968 2634 destriias,
3007 2570 3150 2641 quod
3195 2585 3413 2642 semper
3453 2573 3714 2632 adiﬁces.

2119 2658 2197 2712 Ac
2238 2672 2420 2713 neme
2450 2659 2688 2730 iniquum
2735 2661 3024 2719 voluntatis
3069 2671 3175 2719 tua:
3215 2663 3450 2733 iudicem
3482 2681 3715 2738 arguas,

2117 2749 2244 2820 quid
2273 2752 2366 2806 tibi
2390 2753 2444 2806 in
2468 2753 2652 2808 eadem
2672 2754 2764 2824 (in)
2788 2753 3161 2811 Eucmnioruin
3186 2754 3294 2812 fide
3311 2756 3599 2828 displiceat
3624 2777 3713 2816 re-

2119 2846 2396 2901 nuntiabo.
2440 2845 2517 2916 (ii)
2564 2846 2623 2901 Ni
2671 2863 2755 2902 ine
2797 2848 2961 2914 l‘allit,
3015 2849 3145 2905 illud
3188 2851 3328 2920 quod
3379 2861 3530 2906 tuum
3583 2864 3710 2911 est:

2126 2981 2272 3058 Deo,
2303 2985 2549 3058 proxime
2577 2983 2662 3039 Itis
2691 2986 3112 3050 snhncctitiititr,
3142 2987 3283 3057 quod
3326 3000 3522 3058 putrem
3563 3006 3715 3044 suum

2125 3056 2316 3112 dicebat
2340 3054 2501 3136 Deum
2523 3073 2540 3116 ;
2567 3058 2655 3136 ubi
2687 3071 2882 3127 patrem
2901 3075 3048 3112 suum
3071 3054 3459 3130 interpretatur
3482 3059 3718 3116 Hilarius

2121 3140 2319 3198 putrem
2346 3133 2436 3180 sibi
2466 3133 2754 3196 proprium.

421 3195 537 3279 iam
555 3195 782 3279 imagine
799 3238 813 3262 ,
840 3197 994 3268 quasi
1018 3210 1138 3279 cum
1164 3195 1404 3278 imaginis
1431 3197 1672 3279 vocabulo
1696 3203 1868 3279 :“puta
1888 3241 1899 3258 ,
1926 3197 2015 3279 tibi
2043 3202 2087 3267 C
2122 3195 2131 3198 ⁷
2153 3198 2272 3279 ..(Ιι)
2316 3198 2450 3279 Hinc
2472 3195 2818 3279 manifestam
2841 3214 2962 3279 esse
2984 3201 3095 3279 jam
3120 3201 3542 3279 prceiniiiiiiimtts
3571 3201 3716 3256 llila-

424 3267 566 3322 Dens
595 3270 726 3322 dixit
764 3267 1036 3324 hominem
1065 3268 1131 3320 ad
1160 3268 1431 3339 imaginem
1462 3267 1556 3323 Dei
1584 3267 1890 3333 conditum,
1918 3267 2014 3322 ad-

417 3341 595 3410 jiinxit
619 3351 665 3395 et
693 3341 761 3392 ad
783 3339 1190 3398 similitudinem.

494 3413 572 3482 (li)
613 3411 667 3466 In
692 3411 951 3482 vulgatis,
975 3421 1157 3481 a'quat.
1186 3411 1244 3467 ιιι
1285 3427 1388 3467 ms.
1417 3410 1571 3467 Colb.
1592 3453 1605 3475 .
1645 3421 1870 3482 (squetur
1901 3427 1918 3464 :
1949 3427 2014 3466 ex

423 3499 530 3552 quo
571 3485 902 3540 eonlecitiius
942 3496 1194 3553 aequatur.
1240 3486 1371 3538 'l‘utn
1413 3485 1729 3553 particulam
1773 3495 1850 3545 et,
1897 3499 2015 3552 qua:

423 3557 652 3626 perinde.
697 3569 779 3612 εει
824 3569 888 3611 ac
927 3558 1108 3620 etiam,
1168 3557 1364 3612 l'rUstra
1412 3566 1722 3611 removerat
1782 3555 2012 3624 Lipsius.

425 3629 617 3684 Postea
650 3642 747 3698 pro
773 3644 889 3683 cum
920 3629 1178 3695 profectus
1206 3646 1390 3684 vero...
1419 3639 1557 3685 tum.
1589 3628 1874 3698 legendum
1899 3639 2016 3694 est,

425 3717 541 3754 cum
581 3703 815 3769 profectu
853 3717 971 3756 vero
1015 3702 1363 3770 intelligentia
1406 3702 1745 3770 pra'dicatur,
1789 3701 1911 3753 dum
1949 3702 2020 3754 ita

428 3772 633 3826 dicitur.
666 3775 778 3828 lloe
803 3773 948 3828 enim
989 3774 1086 3830 sibi
1116 3779 1262 3838 vutt,
1295 3789 1558 3844 nusquam
1584 3771 1653 3827 de
1686 3773 1775 3828 Dei
1807 3772 1920 3826 lilio
1946 3775 2019 3826 si—

429 3845 782 3900 militudinem
815 3845 1090 3916 praedicari
1109 3888 1123 3911 ,
1150 3845 1251 3899 nisi
1272 3860 1393 3902 cuni
1419 3846 1483 3900 iis
1505 3844 1799 3914 adjunctis,
1825 3844 2018 3916 quibus

427 3917 595 3985 ipsius
643 3932 764 3974 cum
815 3913 975 3974 Patre
1020 3918 1299 3984 trqttalilas
1352 3913 1720 3988 intelligatur;
1771 3916 1866 3970 sed
1918 3913 2020 3970 hoc

428 3988 665 4058 apertius
686 3989 974 4058 signiﬁcari
995 3990 1241 4056 subjecto
1262 3988 1486 4046 lamnis
1518 3992 1636 4044 loco
1656 4030 1670 4051 .
1705 3988 1756 4042 in
1785 4003 1893 4055 quo
1915 3988 2020 4041 vir-

431 4061 560 4114 tutis
588 4061 866 4130 aequalitas
890 4077 999 4117 non
1029 4071 1236 4115 tantum
1265 4061 1620 4116 similitudine
1649 4059 1984 4126 Operatiotiis
2003 4101 2018 4124 ,

431 4131 561 4198 sed,
587 4141 645 4187 nt
669 4135 742 4188 ita
773 4133 1085 4202 loquamur,
1116 4133 1395 4190 identitate
1424 4147 1650 4202 operum
1677 4131 2021 4202 demonstra-

433 4213 540 4258 tur.
566 4204 719 4271 Quod
746 4201 1015 4260 illuistrant
1033 4213 1306 4276 postrema
1329 4204 1415 4260 illa
1441 4201 1493 4258 ii.
1540 4204 1605 4258 i8
1637 4203 1793 4258 verba
1812 4244 1828 4267 ,
1850 4201 2024 4276 Unum

431 4291 581 4342 vero,
611 4278 749 4345 quod
774 4285 924 4340 sunt.
953 4271 1052 4330 ιιυε
1074 4287 1144 4332 est
1175 4293 1276 4331 non
1297 4277 1639 4346 mortalitatem
1663 4277 1914 4337 abnuere,
1937 4271 2025 4346 sed

432 4350 741 4403 incremento
767 4349 1113 4418 intelligentia:
1142 4349 1296 4416 ﬁdem
1318 4344 1626 4419 aiqualitatis
1653 4347 1920 4419 instruere.
1949 4344 2024 4419 lbi

435 4421 583 4493 cnim
615 4421 1004 4493 iticretiietituiti
1035 4418 1400 4493 intelligentiae
1434 4421 1484 4474 id
1514 4431 1628 4485 est,
1657 4420 1799 4488 quod
1833 4418 1918 4474 Ii'c
1944 4418 2026 4472 iii—

435 4491 748 4561 telligentiai
779 4493 1072 4561 proiectus.

511 4562 586 4636 (ο)
626 4563 768 4618 Editi
792 4606 804 4622 .
833 4564 1106 4618 similiter:
1138 4562 1502 4636 renitentibus
1521 4577 1650 4617 mss.

511 4635 591 4707 (ά)
630 4635 854 4707 Supplc,
878 4653 1000 4706 quia
1028 4637 1075 4689 ei
1101 4637 1272 4689 carnis
1301 4647 1372 4689 cst
1401 4635 1609 4692 veritas.

513 4635 570 4707 (ά
630 4635 854 4704 Supple,
878 4653 1000 4706 quia
1028 4637 1075 4689 ei
1101 4637 1272 4689 carnis
1301 4647 1372 4689 cst
1401 4635 1609 4692 veritas.

513 4635 591 4780 (ei
627 4706 746 4773 Eia,
773 4708 918 4772 Min,
952 4708 1095 4778 Lips.
1127 4720 1181 4762 et
1212 4709 1358 4772 Pan,
1386 4708 1634 4780 injorma
1663 4707 1882 4780 hominis
1909 4717 1978 4760 est
2008 4722 2025 4760 :

444 4777 585 4835 haud
625 4781 738 4834 scio
780 4797 847 4836 an
892 4777 1023 4835 cum
1061 4783 1402 4836 auctoritate.
1443 4777 1578 4833 Tum
1626 4795 1754 4834 tnss.
1785 4777 1941 4836 Colb.
1976 4789 2031 4833 et

442 4849 651 4906 Martio.
683 4849 823 4906 Deus
846 4856 931 4906 sit.

515 4922 601 4996 (Ῑ)
629 4923 863 4996 Decetilly
903 4938 978 4980 ‘es
1020 4939 1150 4979 mss.
1181 4926 1236 4979 in
1262 4923 1482 4978 hominis
1510 4934 1708 4978 statura
1731 4921 1816 4996 rel
1838 4934 2030 4996 natura

443 4993 733 5068 ικιςνιλίρε.
762 5007 815 5051 ει
841 4995 961 5050 Par.
987 4997 1040 5050 iit
1064 4996 1283 5050 hominis
1302 5009 1488 5068 natura
1507 5007 1580 5051 est
1602 5012 1618 5050 :
1641 4993 2030 5068 inalt‘.Qtiippe

448 5067 534 5122 hic
556 5066 870 5122 vox—statam
898 5083 1197 5139 synonyma
1224 5079 1306 5122 est
1333 5066 1500 5122 verbo
1527 5068 1769 5136 Apostoli
1796 5066 2030 5139 habitus.

449 5084 534 5122 nn:
556 5084 652 5122 vox
675 5084 870 5122 statura
898 5084 1071 5139 syiion
1114 5085 1197 5122 nia
1224 5084 1306 5122 est
1333 5084 1500 5122 verno
1527 5084 1769 5136 Aposttilt
1796 5084 2030 5123 naeuus.

445 5155 552 5210 quo
589 5139 915 5209 signiﬁcatur
957 5143 1007 5194 ιιι
1045 5084 1264 5195 Lyhristo
1307 5140 1601 5192 similitudo
1640 5139 1896 5208 quidem,
1939 5136 2032 5191 sed

448 5209 554 5266 non
577 5214 776 5268 Veritas
806 5213 985 5266 carnis
1011 5213 1235 5280 peccati.
1272 5209 1503 5281 Sumpsi:
1531 5212 1663 5264 enim
1685 5253 1696 5275 ,
1735 5209 1904 5279 inquit
1925 5225 2037 5281 _ap-

453 5285 648 5352 posite,
677 5283 1008 5353 Augustinus
1028 5287 1190 5355 epist.
1220 5279 1564 5346 nunccmtv,
1602 5301 1655 5338 ιι.
1690 5284 1796 5338 ωε
1829 5297 1890 5334 ea:
1924 5279 2039 5333 Vir-

449 5357 565 5428 gine
610 5373 780 5410 verum
821 5357 1024 5423 quidem
1090 5357 1258 5409 ramis
1309 5355 1677 5420 substantiam;
1726 5370 1828 5428 non
1868 5361 2040 5428 tamen

451 5426 647 5498 peccati
676 5444 910 5494 carnem,
952 5428 1072 5501 quia
1109 5445 1211 5481 non
1239 5443 1304 5481 ex
1329 5428 1500 5480 carnis
1531 5427 1807 5482 substantia
1834 5426 1935 5478 sive
1965 5442 2042 5478 se-

457 5510 701 5555 mmatam
731 5504 830 5573 sive
855 5513 1186 5566 conceptam;
1221 5503 1484 5552 iitortalrm
1514 5516 1637 5553 sane
1660 5515 1722 5551 ac
1753 5514 1842 5565 per
1868 5507 2043 5573 aletes

457 5573 750 5626 mutabilem
771 5612 786 5634 ,
807 5564 1077 5641 tamquam
1109 5573 1250 5625 carni
1282 5573 1472 5634 percuti
1503 5573 1611 5624 sine
1638 5579 1844 5638 peccato
1883 5569 2050 5641 simil-

462 5643 657 5699 limam.
696 5643 906 5698 \idesis
943 5640 1238 5714 ipsuminet
1284 5642 1569 5708 Hilarium,
1600 5643 1692 5699 lib.
1730 5658 1762 5697 ιι
1801 5641 1870 5696 de
1896 5640 2045 5696 Trin.

463 5733 520 5770 ti.
552 5716 642 5772 25.

546 5787 626 5856 (ει)
665 5787 972 5856 Lugendum
1003 5790 1090 5842 hic
1126 5789 1369 5849 videtur,
1402 5788 1521 5851 quia
1560 5787 1652 5839 sibi
1697 5796 1891 5856 patrem
1933 5800 2054 5851 pio-

479 5860 662 5928 priiuit.
699 5860 794 5917 hia
833 5862 977 5918 enim
1013 5860 1235 5918 Joannis
1271 5861 1459 5928 verba,
1489 5860 1735 5928 a'qitttlrin
1777 5876 1828 5912 ac
1867 5856 2059 5928 [at-iens

2121 3269 2185 3324 rii
2213 3272 2329 3324 sive
2356 3271 2407 3322 in
2437 3269 2744 3337 recipienda
2774 3271 2889 3324 sive
2913 3274 2963 3324 in
2991 3272 3283 3339 rejirienda
3310 3288 3444 3329 voce
3471 3274 3714 3330 homulli-

2129 3340 2248 3395 sion
2280 3339 2662 3395 constantiam.
2705 3341 2822 3394 Vid.
2859 3342 2953 3397 lib.
2986 3343 3053 3397 de
3083 3341 3286 3412 Synod.
3321 3361 3374 3399 ti.
3407 3344 3500 3397 7'3.

2197 3414 2257 3482 (ἱ)
2299 3412 2417 3466 Νοιι
2457 3413 2590 3466 satis
2632 3412 2819 3467 habuit
2863 3415 3068 3470 dixisse
3107 3415 3326 3469 similem
3371 3413 3570 3471 Patri:
3613 3417 3712 3473 sed

2123 3487 2417 3553 prudenter
2456 3484 2688 3556 adjecit,
2717 3485 2935 3538 similem
2971 3502 3171 3555 quoque
3198 3495 3244 3540 et
3274 3485 3386 3541 Deo
3416 3502 3434 3538 :
3462 3489 3584 3556 quia
3617 3506 3712 3542 su-

2122 3571 2241 3623 pra,
2274 3557 2470 3626 nnmzl
2489 3555 2538 3618 4,
2558 3555 2627 3609 ab
2647 3555 2788 3610 Aetii
2811 3567 2865 3610 et
2893 3558 3120 3613 Eudoxii
3148 3557 3410 3626 discipulo
3431 3555 3709 3623 audierat,

2121 3626 2380 3681 Clu-istum
2422 3624 2532 3680 Deo
2577 3627 2793 3682 similem
2843 3645 2946 3682 non
2991 3645 3129 3699 esse,
3167 3630 3254 3683 sed
3289 3624 3520 3685 similem
3567 3629 3714 3686 Patri

2119 3716 2246 3755 εδεε.

2191 3772 2272 3846 (j)
2319 3769 2444 3825 Bad.
2475 3771 2840 3846 excusationis.
2875 3768 3152 3828 Editinnes
3178 3773 3341 3846 alite,
3375 3776 3712 3829 ruusatiom.

2125 3841 2628 3898 Mssfexcusatiortc.
2671 3842 2836 3899 Nobis
2871 3849 3094 3900 omnino
3137 3844 3349 3902 videtur
3389 3847 3713 3916 legendum,

2123 3931 2187 3969 ea:
2213 3931 2565 3970 εοιιεειιειοιιο.

2197 3987 2272 4060 (lt)
2314 3987 2367 4040 In
2393 3988 2656 4055 vulgatis,
2694 3986 2803 4060 Ego
2830 3988 2968 4042 enim
3008 4004 3140 4042 nunc
3181 3989 3333 4057 ﬁdem
3376 3999 3512 4042 tuam
3537 3991 3717 4059 ignaro

2125 4076 2214 4128 per
2239 4059 2601 4130 demutationis
2627 4067 2726 4113 tua:
2744 4059 2975 4124 tempora
2993 4101 3006 4124 ,
3034 4061 3213 4130 quibus
3239 4063 3450 4130 quisque
3479 4065 3530 4114 in
3559 4079 3719 4116 unum

2125 4131 2451 4199 blasphemia:
2463 4147 2569 4184 sua:
2582 4129 2897 4183 barathrum.
2913 4173 2945 4185 ..
2971 4129 3200 4187 cucurrit
3222 4129 3409 4186 {locus
3433 4135 3685 4201 perturba
3701 4165 3715 4173 -

2127 4213 2210 4256 tus
2241 4213 2295 4257 et
2334 4203 2685 4271 itttet‘ptilatus
2704 4242 2720 4267 ,
2763 4204 2815 4256 iii
2844 4217 2954 4272 quo
2977 4203 3243 4272 adjectum
3275 4211 3359 4259 est
3389 4202 3543 4272 ﬁdem
3571 4214 3714 4258 tuam

2125 4277 2304 4346 ignoro
2335 4282 2526 4346 praeter
2558 4272 2716 4327 tidem
2751 4277 2991 4329 omnium
3022 4291 3154 4330 niss.
3185 4291 3412 4344 quorum
3443 4291 3546 4342 ope
3575 4291 3716 4330 nunc

2125 4345 2436 4415 castigatur.
2467 4345 2801 4418 Quamquam
2833 4347 2922 4418 ubi
2955 4346 3008 4400 lii
3052 4363 3162 4414 pra:
3192 4362 3252 4400 se
3292 4349 3471 4401 lerunt
3499 4363 3592 4418 ego
3635 4350 3716 4403 vel

2127 4434 2280 4490 ergo_,
2309 4417 2969 4490 restituendumduximus
2995 4435 3151 4488 pergo
3177 4435 3192 4470 :
3227 4433 3325 4474 nec
3354 4417 3720 4490 refugeremus

2125 4506 2205 4545 eo.
2236 4488 2296 4543 In
2346 4503 2448 4542 nis.
2482 4503 2662 4542 anteiit
2703 4488 2915 4541 Martio.
2959 4505 3038 4543 sic
3080 4487 3344 4544 habetur:
3381 4487 3518 4559 Ergo
3562 4506 3724 4558 usque

2133 4578 2266 4614 nunc
2305 4577 2394 4631 per
2431 4559 2792 4614 demutationis
2834 4572 2934 4616 tuae
2971 4570 3197 4632 tempora
3242 4577 3397 4630 usque
3434 4562 3486 4614 in
3524 4562 3681 4615 imum
3703 4602 3720 4629 ,

2054 4608 2104 4667 υ
2129 4608 2236 4689 ait:

2206 4706 2267 4774 (l)
2308 4704 2381 4759 lia
2409 4701 2584 4758 codex
2612 4703 2762 4756 Colb.
2805 4719 2927 4758 cum
2975 4704 3188 4759 Martin.
3221 4705 3324 4759 Alii
3357 4711 3559 4766 autem,
3592 4719 3722 4757 νει-ιιι

2133 4779 2272 4848 ﬁdei.
2306 4776 2455 4848 Tum.
2481 4776 2580 4829 Soli
2612 4775 2776 4838 editi,
2807 4776 3113 4845 synodiccn,
3146 4779 3232 4830 ubi
3282 4779 3332 4830 in
3377 4792 3480 4828 nis.
3522 4776 3681 4828 Micli.
3704 4817 3718 4836 ,

2133 4846 2318 4919 synodi
2349 4846 2615 4913 Nicetius,
2657 4849 2710 4900 in
2749 4850 2908 4904 Carn.
2951 4849 3135 4918 synodi
3175 4851 3365 4913 circa»,
3400 4851 3452 4901 ιιι
3501 4849 3724 4919 reliquis

2132 4921 2315 4992 synodi
2352 4919 2570 4992 Nica‘ni.

2209 4992 2306 5064 (in)
2348 4991 2507 5053 Editi,
2540 4991 2593 5043 in
2631 4991 2808 5044 eadem
2848 4989 3143 5046 Nirworum
3184 4992 3286 5059 ﬁde
3319 5010 3336 5047 :
3374 4993 3731 5052 emendantur

2137 5081 2199 5120 ex
2229 5063 2461 5129 scriptis.

2240 5138 2293 5205 ιι)
2334 5135 2407 5189 Ita
2440 5149 2550 5206 mit.
2592 5132 2715 5188 Vat.
2761 5134 2873 5188 bas.
2918 5134 3135 5188 Pi-aliari
3175 5138 3337 5190 etiam
3380 5145 3555 5206 potest
3601 5145 3726 5190 eum

2142 5205 2293 5264 Colb.
2325 5215 2380 5260 et
2406 5205 2617 5259 Martini.
2651 5222 2826 5274 ntriiipe
2861 5206 3011 5258 illud.
3047 5206 3220 5260 Militis
3263 5205 3398 5262 bene
3430 5218 3606 5263 autem
3633 5209 3726 5262 alii

2144 5295 2264 5333 eum
2294 5277 2493 5349 editis_._
2518 5279 2722 5349 minime
2743 5278 2876 5346 [allii
2907 5279 3057 5331 illud.
3095 5278 3291 5331 Deinde
3319 5281 3452 5349 quod
3475 5292 3617 5332 tuum
3656 5288 3729 5333 est

2147 5353 2272 5406 ideo
2299 5350 2428 5403 dicit
2449 5347 2682 5402 Hilarius
2706 5389 2719 5409 ,
2753 5351 2875 5418 quia
2905 5349 3222 5402 Constantio
3254 5347 3519 5419 praesente
3549 5361 3603 5405 et
3632 5367 3728 5417 ap-

2153 5424 2412 5492 probante
2442 5423 2685 5486 ιεχνυδιιιι
2722 5431 2805 5474 est
2844 5421 3180 5475 Antiochena
3221 5421 3387 5486 ﬁdos,
3428 5423 3581 5490 cujus
3611 5431 3736 5475 sunt

2153 5495 2315 5549 verba
2343 5494 2651 5560 sequentia,
2683 5509 2798 5559 qum
2831 5494 2882 5546 in
2915 5493 3060 5560 prius
3087 5495 3310 5558 vulgatis
3350 5505 3547 5562 printer
3574 5494 3733 5548 tidem

2156 5583 2282 5621 mss.
2311 5567 2387 5618 sic
2414 5564 2730 5633 interpolata
2758 5573 2914 5617 erant
2939 5581 2950 5614 :
2989 5565 3168 5617 l'atrcs
3196 5579 3488 5632 gt’m‘t‘alum
3531 5580 3640 5620 ms
3674 5579 3738 5618 ea:

2165 5637 2318 5691 Patre
2345 5635 2538 5689 Fiimm
2565 5639 2832 5699 ιιι.ι·ριίιιιι,
2865 5634 3026 5689 Deum
3058 5639 3120 5688 ile
3164 5636 3302 5699 lleo,
3332 5647 3436 5690 ctc.
3468 5640 3609 5690 Sane
3639 5634 3737 5690 Ili-

2163 5712 2328 5765 larius
2365 5708 2680 5763 Constantio
2707 5711 3004 5772 spondens,
3048 5722 3106 5759 se
3138 5711 3564 5760 reiinnliaturtitn
3596 5705 3738 5772 quod

2165 5783 2307 5836 illius
2343 5791 2455 5842 est,
2485 5781 2615 5831 nihil
2653 5777 2837 5832 debuit
2874 5781 2978 5831 alio
3004 5782 3220 5832 nomine
3247 5784 3577 5835 renuntiato.
3611 5778 3741 5842 Quis

2165 5855 2327 5912 etiam
2351 5851 2538 5908 credat
2566 5851 2714 5906 ilium
2745 5850 2976 5921 glorioso
3007 5848 3223 5904 Pati-uin
3255 5853 3472 5908 nomine
3506 5852 3742 5907 lioiioia-

3743 1767 3779 1816 Τ
