4266 6464
512 346 605 400 (λιιι

1368 343 1565 401 LIBER
1604 341 1882 400 CONTRA
1921 338 2399 399 CllNSTANTIUM
2445 341 2966 398 liil'liR.’iTORE.\l.

3701 344 3808 398 60?.

509 462 819 536 prophetica
847 463 1170 519 auctorittte
1191 462 1267 536 (α)
1316 473 1626 537 susceptum
1653 507 1667 529 ,
1735 463 1860 520 ﬁdei
1903 463 2100 520 intelli-
2127 471 2176 530 Α
2204 466 2342 520 vina:
2370 467 2652 538 potestatis
2678 465 2880 522 aboleri
2901 468 2923 521 ’ἲ
2979 467 3288 536 Sequemur
3315 473 3368 521 te
3386 464 3605 536 quidem
3635 463 3712 537 (g)
3747 465 3798 520 in

507 558 740 629 gentiam
765 557 1096 614 continebat.
1169 556 1342 615 Omne
1363 559 1569 629 itaque,
1637 558 1783 632 quod
1813 559 2097 630 probatura

507 661 663 707 antea
694 659 801 716 est,
850 649 1108 707 damnare
1132 650 1292 722 iubes
1320 668 1336 716 ;
1383 652 1527 723 quod
1564 653 1923 724 improbatum
1953 667 2099 707 sem-

508 759 606 816 per
652 751 772 804 est.
821 744 1160 800 sanctitleare
1197 744 1496 813 compellis.
1549 745 1594 800 0
1622 754 1674 800 tu
1705 745 1956 811 sceleste,
2007 747 2097 814 qui

507 838 585 910 (lt)
619 837 908 896 ludibrium
958 837 1028 894 de
1083 837 1326 895 Ecclesia
1369 837 1538 895 facis!
1592 837 1703 896 Soli
1729 837 1974 894 canesad
2007 852 2100 893 ro-

508 933 697 991 mitum
724 946 878 988 suum
906 931 1137 989 redeunt
1180 950 1194 986 :
1229 941 1287 987 tu
1342 931 1652 989 sacerdotes
1681 930 1881 988 Christi
1924 945 2100 988 resor-

507 1025 640 1085 bere
665 1022 829 1102 58³
851 1040 914 1083 ea
940 1039 1063 1097 quae
1089 1036 1415 1097 exspuerant
1437 1025 1684 1098 coegisti.
1740 1025 1976 1082 Probare
2005 1040 2100 1081 eos

507 1121 562 1180 id
593 1124 666 1197 (e)
707 1124 761 1179 in
785 1121 1301 1180 seconlesslonibus
1339 1124 1451 1179 suis
1482 1121 1750 1194 praecipis,
1794 1121 1939 1193 quod
1974 1132 2102 1178 ante

505 1215 901 1272 damnaverant
932 1233 946 1271 :
979 1215 1031 1272 in
1085 1217 1330 1288 negando
1371 1230 1498 1272 reos
1544 1230 1673 1271 suos
1703 1215 2011 1283 absolvunt,
2045 1224 2103 1272 et

507 1327 568 1367 se
611 1311 758 1380 ipsos
809 1307 936 1368 reos
991 1310 1242 1368 reddunt.
1286 1311 1478 1367 Omnia
1513 1312 1564 1366 in
1595 1310 1925 1380 impietatem
1963 1324 2018 1368 et
2045 1313 2099 1367 in

505 1415 716 1460 reatum
748 1404 1027 1462 detrusisti
1072 1423 1084 1460 :
1116 1404 1245 1462 dum
1274 1421 1462 1462 onmes
1508 1419 1632 1462 reos
1675 1421 1735 1460 se
1766 1419 1888 1461 esse
1936 1417 2100 1477 atque

507 1499 725 1570 impios,
757 1509 851 1554 aut
898 1515 962 1555 ex
1019 1499 1372 1570 praesentibus
1401 1506 1675 1566 statuunt,
1722 1507 1815 1555 aut
1859 1516 1924 1554 ea
1961 1515 2100 1567 pne-

508 1593 679 1651 teritis
707 1594 1055 1651 conﬁtentur.
1098 1594 1213 1651 Non
1247 1594 1443 1665 recipit
1492 1594 1834 1652 mendacium
1877 1593 2099 1661 veritas,

506 1700 606 1742 nec
627 1687 830 1758 patitur
859 1686 1050 1758 religio
1079 1686 1436 1758 impietatem.

573 1779 664 1836 26.
709 1778 997 1836 Constantii
1045 1780 1098 1835 in
1131 1779 1418 1836 Orientales
1459 1790 1506 1835 et
1536 1782 1691 1853 Afros
1730 1783 1989 1837 violentia.
2031 1813 2102 1823 -—

2201 559 2414 615 cineres
2438 557 2726 626 chartulae,
2763 561 2857 615 sed
2889 560 3306 615 criminosorum
3343 558 3486 632 apud
3517 559 3684 613 Deum
3716 557 3800 612 vi-

2202 661 2328 708 vent
2358 651 2758 708 damnationes.
2798 651 2976 709 Unum
3011 660 3216 708 tantum
3248 652 3499 724 proﬁcis,
3530 659 3588 707 ut
3615 659 3798 723 postc-

2202 745 2338 799 ritas
2359 744 2485 813 quid
2517 744 2814 802 decernere
2843 745 2894 801 in
2922 761 3019 802 eos
3045 745 3238 803 debeat
3267 788 3280 813 ,
3339 747 3600 803 instructa
3631 745 3701 801 sit
3730 745 3794 803 ti-

2201 834 2418 894 mendo.

2271 933 2363 989 27.
2407 933 2593 987 Ariani
2620 932 2836 989 mortuis
2858 932 3045 988 bellum
3072 933 3328 988 indicunt.
3367 963 3436 975 -
3473 932 3543 988 Et
3568 947 3602 987 o
3631 947 3801 1005 quan-

2202 1026 2270 1082 tis
2322 1027 2390 1082 ad
2441 1026 2771 1096 impietatem
2829 1025 3048 1097 proﬁcis
3077 1026 3462 1083 incrementis!
3511 1025 3578 1082 Et
3613 1029 3796 1083 ca-teri

2201 1119 2419 1190 quidem
2452 1119 2711 1176 mortales
2757 1132 2975 1190 semper
3007 1133 3130 1176 cum
3162 1119 3295 1174 vivis
3317 1116 3457 1175 bella
3487 1127 3794 1190 gesserunt,

2203 1214 2332 1270 dum
2383 1215 2585 1269 homini
2633 1213 2700 1269 ad
2731 1213 3005 1269 hominem
3037 1213 3178 1270 ultra
3205 1223 3437 1268 mortem
3457 1211 3591 1268 nihil
3619 1227 3798 1268 causa:

2203 1318 2319 1364 est:
2375 1309 2468 1362 tibi
2495 1322 2623 1363 vero
2651 1307 3053 1363 inimicitiarum
3087 1307 3264 1362 nullus
3295 1316 3374 1362 est
3400 1306 3542 1360 ﬁnis.
3595 1306 3798 1376 Recep-

2205 1402 2287 1457 tos
2321 1402 2464 1459 enim
2494 1403 2604 1473 jam
2651 1404 2703 1458 in
2743 1411 3001 1458 :etcrnam
3032 1402 3267 1474 quietem
3299 1413 3482 1474 patres
3511 1401 3674 1475 583
3701 1417 3799 1456 no-

2205 1508 2346 1553 δινσε
2373 1499 2624 1564 lacessis,
2658 1498 2786 1554 etin
2817 1498 3030 1556 decreta
3063 1514 3251 1554 eorum
3287 1514 3572 1568 perversos
3599 1501 3796 1552 irmm-

2205 1599 2304 1664 pis.
2353 1594 2641 1662 Apostolus
2671 1594 3075 1650 communicare
3107 1609 3206 1650 nos
3232 1604 3542 1650 sanctorum
3577 1593 3654 1663 (It)
3681 1608 3797 1648 me-

2205 1687 2392 1741 moriis
2427 1684 2607 1742 docuit
2637 1685 2812 1759 (Rom.
2847 1703 2942 1755 xtl,
2975 1688 3064 1758 l5)
3101 1704 3114 1739 :
3169 1696 3224 1742 tu
3252 1701 3345 1742 eas
3387 1686 3646 1743 damnare
3675 1700 3801 1743 coe-

2200 1781 2346 1851 gisti.
2403 1779 2569 1835 Estne
2616 1780 2812 1851 aliquis
2860 1778 3023 1836 hodie
3052 1789 3143 1836 aut
3166 1781 3360 1848 vivus,
3403 1788 3497 1835 aut
3525 1787 3796 1847 mortuus,

504 1871 869 1930 Christianum
900 1885 954 1930 te
986 1874 1220 1946 loqueris
1250 1872 1330 1946 (ά)
1363 1893 1375 1928 :
1408 1874 1504 1931 sed
1532 1891 1691 1945 quam
1723 1891 1831 1930 non
1862 1876 1959 1942 sis,
1986 1875 2102 1944 ipse
2133 1877 2182 1940 B
2207 1874 2359 1945 cujus
2418 1885 2472 1928 tu
2521 1873 2664 1929 dicta
2714 1889 2819 1928 non
2848 1871 3186 1929 rescideris?
3229 1872 3586 1944 Episcopatus
3618 1873 3790 1942 ipsos,

506 1969 719 2024 testaris
745 1986 759 2022 :
793 1983 893 2024 nec
921 1967 1242 2040 professioni
1275 1979 1378 2024 tuae
1403 1981 1552 2042 gesta
1578 1973 1927 2026 Conveniunt.
1960 1971 2100 2027 Sub-

503 2059 737 2117 stravisti
759 2062 904 2118 enim
937 2061 1008 2134 (e)
1039 2061 1300 2119 voluntati
1328 2073 1433 2120 tote
1457 2064 1763 2122 Orientales
1785 2066 2094 2138 episcopos;

504 2171 681 2228 neque
705 2157 877 2212 solum
908 2158 1171 2214 voluntati
1205 2169 1333 2226 tuae,
1384 2159 1480 2216 sed
1513 2171 1567 2215 ct
1603 2160 1896 2219 violentim.
1953 2162 2102 2217 Man-

504 2250 602 2307 das
641 2249 733 2306 tibi
763 2251 1190 2322 subscriptiones
1217 2253 1488 2319 Afrorum,
1511 2255 1706 2325 quibus
1747 2254 1814 2327 (0
1847 2255 2098 2327 blasphe-

504 2344 667 2400 miam
696 2342 904 2402 Ursaeii
933 2354 988 2401 et
1011 2343 1252 2402 Valentis
1271 2338 1749 2414 eodemnaverant,
1777 2347 1951 2403 reddi.
1994 2349 2096 2405 Ile-

427 2465 430 2470 π
506 2437 798 2494 nitentibus
825 2437 1195 2508 comminari-3
1223 2447 1280 2494 et
1310 2450 1640 2510 postremmn
1669 2439 1736 2495 ad
1764 2441 2098 2513 diripiendos

506 2529 694 2589 mittis.
732 2531 908 2601 Quid?
955 2533 1238 2590 existimas
1282 2532 1560 2590 Christum
1601 2549 1709 2590 non
1741 2536 1846 2590 nisi
1876 2551 1974 2608 per
2004 2536 2095 2592 lit-

506 2634 676 2681 teram
704 2624 965 2696 judicare,
1022 2635 1076 2682 et
1116 2625 1183 2680 ad
1213 2625 1546 2700 arguendam
1579 2628 1908 2684 voluntatem
1935 2644 2097 2701 egere

503 2718 747 2776 chartula
780 2721 984 2777 Deum?
1013 2721 1266 2793 autquod
1294 2722 1462 2778 semel
1493 2724 1754 2794 scriptum
1779 2732 1880 2789 est,
1914 2733 1970 2778 et
2000 2739 2098 2794 per

507 2824 558 2872 te
581 2814 849 2872 violenter
876 2815 1183 2888 abreptum,
1243 2815 1296 2870 id
1351 2815 1418 2872 de
1459 2817 1791 2873 conscientia
1833 2832 1992 2890 posse
2013 2817 2095 2874 di-

508 2951 639 3006 toris
667 2950 860 3025 littera:
887 2951 952 3005 ad
985 2950 1356 3025 Antiochenos
1383 2962 1572 3025 contra
1603 2952 1905 3009 Eudoxium
1933 2954 2101 3025 serip-

508 3034 597 3097 t.t-,
628 3033 681 3079 et
709 3039 740 3078 a
761 3024 1063 3097 Solomone
1089 3024 1181 3080 lib.
1209 3039 1288 3092 tv,
1319 3041 1369 3080 c.
1404 3024 1491 3094 l4,
1538 3025 1720 3081 relata:
1744 3067 1759 3090 ,
1809 3028 1860 3081 in
1902 3024 2098 3097 quibus

509 3096 689 3168 legere
714 3105 828 3150 est:
878 3095 1146 3162 "evocate,
1175 3112 1372 3163 (μισέω,
1404 3097 1458 3150 in
1486 3100 1785 3151 memoriam
1814 3095 2007 3168 primos
2034 3098 2100 3151 il-

508 3167 583 3221 los
610 3183 862 3223 sermones
891 3207 906 3228 ,
948 3177 1202 3240 lanceam
1227 3170 1291 3223 de
1320 3168 1424 3238 ﬁde
1452 3167 1823 3238 inquirrrrnms
1846 3211 1860 3228 ,
1914 3170 2099 3240 quibus

507 3240 948 3310 tlentmtstrabatur
982 3239 1302 3295 Salutarem
1359 3249 1585 3296 nostrum
1639 3258 1747 3295 esse
1789 3239 1951 3310 [ilium
1976 3240 2091 3308 Dei,

505 3321 552 3365 et
604 3311 822 3365 similem
855 3308 1000 3364 Patri
1042 3313 1325 3366 secundum
1378 3313 1738 3366 substantiam.
1790 3308 1912 3370 'libi
1952 3315 2088 3366 lion-

2201 1971 2291 2040 qui
2321 1986 2461 2025 nunc
2491 1968 2742 2025 videntur
2763 2011 2778 2036 ,
2811 1967 3076 2024 sustulisti
3098 1965 3164 2040 (ἰ)
3195 1969 3409 2039 penitus
3438 1986 3453 2024 :
3484 1983 3607 2039 quta
3637 1981 3800 2023 nemo

2203 2080 2311 2119 non
2335 2064 2446 2133 jam
2479 2077 2574 2134 per
2597 2079 2656 2119 se
2683 2063 2975 2118 damnatus
2997 2070 3102 2127 est,
3133 2071 3186 2116 et
3215 2077 3370 2127 eum,
3416 2076 3446 2115 a
3485 2075 3591 2130 quo
3612 2075 3797 2117 socer-

2202 2159 2407 2215 dotium
2431 2159 2686 2230 sumpsit,
2720 2173 2826 2212 non
2843 2157 2954 2226 jam
2981 2165 3037 2211 et
3063 2156 3181 2229 ipse
3205 2156 3502 2211 damnavit.
3533 2153 3633 2210 Cui
3657 2170 3796 2210 nunc
3854 2181 3859 2196 ι

2199 2260 2509 2309 sanctorum
2535 2252 2813 2308 memoria:
2832 2250 3354 2306 communicabitur?
3382 2249 3679 2303 Anatbema
3702 2249 3796 2304 tibi

2204 2349 2431 2405 trecenti
2460 2347 2650 2403 decem
2695 2356 2748 2403 et
2797 2355 2924 2402 octo
2969 2345 3356 2400 convenientes
3399 2342 3539 2415 apud
3563 2342 3797 2399 Nicaeam

2198 2442 2439 2514 episcopi
2469 2449 2597 2496 sunt
2628 2457 2641 2494 :
2671 2439 2960 2495 anathema
3012 2437 3214 2494 deinde
3244 2453 3434 2493 omnes
3457 2480 3473 2503 ,
3522 2442 3612 2508 qui
3637 2437 3800 2491 variis

2203 2536 2400 2594 exinde
2453 2534 2881 2609 expositionibus
2933 2532 3240 2588 adfuerunt.
3290 2531 3410 2603 Ipse
3446 2546 3664 2601 quoque
3693 2531 3803 2601 pri-

2199 2632 2324 2687 dem
2348 2631 2460 2702 jam
2492 2637 2738 2687 mortuus
2765 2629 3054 2684 anathema
3097 2627 3191 2682 tibi
3217 2627 3291 2701 (j)
3329 2635 3484 2700 pater
3525 2637 3646 2682 tuus
3689 2635 3792 2692 est,

2200 2729 2284 2782 cui
2316 2724 2530 2782 Nictmta
2552 2723 2788 2799 synodus
2818 2723 2916 2779 luit
2937 2739 3106 2791 curm,
3135 2739 3296 2796 quam
3330 2732 3384 2777 tu
3411 2721 3563 2776 falsis
3588 2720 3798 2793 opinio-

2201 2819 2364 2876 nibus
2385 2818 2702 2875 inlamatam
2740 2817 3054 2890 perturbas,
3096 2825 3152 2873 et
3179 2825 3366 2872 contra
3395 2815 3686 2870 humanum
3713 2815 3795 2869 die

2204 2970 2395 3026 pauca,
2429 2957 2569 3027 quod
2595 2955 2819 3026 Illyriis,
2849 2953 3002 3027 Italis
3045 2963 3094 3009 et
3129 2957 3271 3027 Afris
3302 2955 3506 3008 dissidii
3526 2965 3575 3009 et
3607 2954 3799 3009 tumul-

2205 3037 2288 3084 tus
2315 3026 2474 3084 mea
2502 3029 2800 3084 exstitisset.
2883 3026 3039 3084 Unde
3081 3026 3244 3082 etiam
3275 3029 3578 3082 existimant
3608 3041 3799 3082 eurum

2201 3100 2527 3155 sententiam
2557 3098 2900 3164 conﬁrmari,
2951 3099 3040 3170 qui
3085 3097 3373 3152 formulam
3418 3097 3792 3170 Sirmio-nscio,

2201 3186 2322 3242 qua:
2383 3171 2724 3238 imperatoris
2770 3169 3196 3225 edicto'neenon
3253 3173 3416 3224 minis
3441 3185 3502 3221 ae
3531 3169 3706 3237 poenis
3726 3170 3796 3242 de

2201 3241 2448 3298 manibus
2477 3241 2790 3298 habentium
2817 3252 3001 3311 erepta
3024 3249 3126 3301 est,
3157 3259 3261 3294 non
3293 3255 3414 3296 cum
3442 3242 3664 3305 .-\than.,
3693 3241 3787 3296 lib.

2199 3314 2269 3371 de
2289 3316 2418 3387 Syn.
2451 3329 2505 3386 p.
2536 3313 2663 3380 9H,
2693 3315 2929 3387 tertiam,
2951 3312 3046 3369 sed
3063 3328 3186 3387 cum
3208 3311 3456 3387 Socrate,
3482 3313 3517 3366 Ι.
3539 3329 3598 3376 tl.
3619 3329 3670 3368 ος
3695 3314 3788 3378 50.

505 3385 741 3456 stantius
773 3397 1073 3456 memorare
1114 3382 1325 3438 \idelttr
1378 3385 1534 3437 ﬁdem
1558 3385 1696 3453 apud
1731 3385 1879 3456 ipsos
1905 3383 2094 3441 Antio-
2123 3374 2168 3436 C
2201 3395 2254 3441 et
2278 3374 2603 3446 Sozonietto,
2625 3374 2660 3439 Ιξ
2682 3402 2753 3446 tv,
2773 3400 2822 3438 e.
2847 3374 3218 3449 6,'secttndatn
3241 3374 3561 3455 intelligunt.
3589 3374 3790 3452 Quam;

505 3454 708 3509 cltenos
733 3455 783 3510 in
818 3455 1080 3510 Erteatniis
1100 3458 1397 3525 expositam
1417 3457 1598 3525 (quam
1617 3454 1844 3523 primam
1867 3471 2092 3512 censere

506 3526 775 3590 solebant,
803 3527 894 3596 qui
925 3529 1258 3596 respuebant
1285 3527 1596 3594 Mea-nant),
1626 3542 1690 3581 ac
1720 3529 1991 3598 respicere
2039 3529 2092 3584 in

507 3598 624 3673 hac
649 3599 816 3673 ipsius
841 3598 1003 3673 verba
1026 3639 1042 3663 ,
1072 3599 1730 3673 diuinitatiscssentiaque
1760 3604 1868 3669 (καὶ
1890 3603 2089 3673 casiae)

506 3677 555 3726 et
578 3669 843 3742 uirtutisct
868 3670 1046 3742 αισι-ἔτι»
1063 3671 1525 3724 incommutabilem
1550 3671 1841 3742 imaginem.

579 3740 654 3815 (α)
679 3741 811 3815 Βςιά.
833 3750 900 3815 ct
926 3741 1042 3808 En,
1062 3753 1368 3813 susceptam.
1401 3742 1543 3803 nam.
1562 3740 1705 3812 Lips.
1729 3752 1784 3798 et
1813 3742 2092 3805 Par.,stts-

506 3813 669 3881 σφω.
719 3813 914 3868 Verius
949 3828 1078 3867 mss.
1127 3824 1447 3878 susceptum,
1496 3824 1620 3884 puta
1643 3815 1960 3871 substantia!
1991 3832 2089 3868 no-

509 3899 630 3941 men
651 3904 665 3939 :
689 3885 830 3955 quod
860 3885 912 3940 in
933 3885 1226 3952 Scripturis
1267 3887 1516 3941 usitatum
1549 3887 1740 3955 probat
1767 3887 2093 3943 l’hmbadius

507 3962 677 4028 Agen.
714 3967 770 4013 et
811 3960 861 4011 in
892 3955 1011 4012 Filii
1037 3958 1439 4028 generationem
1485 3960 1778 4014 convenire
1820 3958 2091 4028 Propheta

507 4027 714 4100 docet,_
738 4043 858 4084 cum
887 4029 982 4097 ait,
1028 4027 1111 4084 Ex
1135 4040 1277 4084 utero
1296 4038 1414 4083 ante
1435 4029 1705 4100 luciferum
1733 4032 1885 4100 genui
1913 4027 1976 4085 te.

582 4100 658 4173 (tv)
685 4098 840 4155 Golb.
869 4115 971 4173 ms.
1004 4116 1127 4156 emn
1159 4101 1395 4163 Martia,
1428 4101 1514 4164 qui
1543 4098 1830 4156 delubrum.
1901 4101 1956 4156 lu
1981 4115 2090 4157 ca:-

509 4171 661 4240 ter‘ts’,
682 4174 770 4242 qui
796 4171 1080 4228 ludibrium
1105 4188 1124 4226 :
1153 4173 1242 4227 ubi
1274 4174 1325 4228 in
1361 4177 1595 4240 excusis,
1619 4175 1755 4241 ψιοιι
1790 4175 2086 4228 ludibrium.

577 4246 650 4314 (ε)
683 4245 737 4299 Ιιι
761 4246 986 4316 vulgatis
1012 4244 1350 4300 desideratur
1369 4262 1453 4298 se:
1471 4246 1611 4312 quod
1640 4245 1939 4300 restituitur
1964 4261 2092 4299 anc-

513 4320 725 4371 loritate
755 4313 885 4372 mss.
917 4313 1038 4373 Vat.
1073 4318 1212 4380 bas.,
1263 4315 1471 4370 Martia.
1505 4325 1558 4370 cl
1583 4317 1734 4372 Colb.
1769 4315 1936 4372 Porro
1961 4317 2089 4372 illud

509 4390 560 4442 in
589 4405 642 4444 se
662 4387 806 4444 idem
838 4400 922 4444 est
950 4388 1092 4458 quod
1124 4389 1391 4442 arlversum
1417 4404 1489 4442 se.

579 4461 663 4530 (cl)
697 4461 812 4514 Duo
841 4474 995 4526 mss.,
1046 4461 1264 4528 loqueris
1310 4471 1360 4514 et
1407 4460 1690 4525 prcdicas:
1726 4461 1816 4514 sed
1839 4462 2090 4530 quianon

507 4534 597 4587 sis.
657 4533 776 4588 Mos
804 4533 859 4589 in
889 4533 1019 4588 solis
1045 4532 1201 4595 edit.,
1232 4548 1321 4585 nec
1349 4532 1656 4601 confessioni
1687 4544 1806 4588 tua.

579 4605 652 4676 (ε)
689 4605 785 4659 llic
815 4618 1001 4661 versus
1025 4647 1040 4671 ,
1072 4602 1320 4676 uoluntati
1366 4614 1466 4657 tua:
1489 4603 1774 4676 Orientales
1801 4606 2087 4674 episeottos,

509 4675 666 4748 neque
692 4677 878 4744 soluat,
929 4691 1050 4731 cum
1080 4675 1132 4730 in
1166 4677 1312 4745 prius
1342 4675 1568 4744 vulgatis
1587 4675 1833 4735 deesset,
1871 4691 2090 4732 revoca-

511 4747 596 4836 tur
632 4764 697 4804 es
731 4764 860 4830 mss.
888 4819 908 4836 ἒ
934 4748 1027 4836 llic
1049 4747 1574 4836 potaturuviolentia
1602 4749 1963 4836 prietttabbus
1989 4749 2087 4836 .qui
2116 4773 2170 4836 D

509 4821 846 4876 bomoeusion
875 4819 1233 4875 defendebant
1257 4819 1427 4886 illata,
1455 4828 1513 4873 ut
1533 4819 1927 4874 Ariminensem
1949 4820 2092 4876 blas-

507 4891 776 4963 phemiam
803 4891 1158 4960 susciperent.

577 4964 648 5032 (Ι)
688 4964 814 5018 Mss.
849 4965 1001 5019 Colb.
1035 4971 1089 5018 et
1139 4962 1317 5024 Hart.,
1348 4961 1720 5032 blasphemiam
1741 5001 1755 5016 .
1786 4963 2096 5019 condemna-

508 5049 705 5090 t'erunt.
758 5037 903 5090 lianc
931 5034 1316 5102 blasphemiam
1347 5036 1777 5104 interpretantur
1797 5037 1989 5090 eruditi
2013 5052 2099 5090 se.

507 5108 736 5163 eundum
779 5107 1061 5162 formulam
1114 5106 1466 5178 Sirmiiensem
1503 5105 1610 5178 _lib.
1662 5105 1731 5160 de
1759 5105 1960 5178 Synod.
2001 5108 2095 5162 dc-

507 5183 782 5250 seriptant.
830 5178 993 5244 idque
1023 5177 1306 5250 pntantpab
1325 5176 1468 5250 Afris
1493 5176 1712 5246 factum,
1742 5176 1882 5246 quod
1911 5194 1940 5232 a
1969 5178 2095 5233 Gal-

507 5253 572 5306 lis
595 5248 631 5304 :‘
653 5267 788 5322 «puts
814 5248 1046 5306 Hilarius
1069 5250 1158 5322 lib.
1191 5248 1260 5303 de
1281 5249 1656 5322 Synod._n.2.
1687 5258 1944 5316 testatur,
1971 5253 2096 5305 mis-

505 5340 616 5377 sam
643 5319 970 5378 (Sirmiensi
997 5319 1189 5390 Oppido
1216 5320 1441 5390 inﬁdelis
1464 5320 1588 5391 ﬁdei
1618 5322 1926 5392 impietatem
1947 5323 2094 5376 dant-

507 5412 674 5451 nasse.
712 5395 826 5450 Hoc
851 5405 1026 5449 tamen
1056 5393 1348 5448 discrimen
1380 5402 1605 5461 ponunt,
1635 5396 1778 5460 quod
1808 5395 1950 5448 Galli
1973 5410 2089 5449 eam

506 5468 686 5522 statim
723 5478 886 5536 atque
907 5465 1049 5520 edita
1094 5473 1199 5530 cst,
1231 5464 1300 5536 ab
1342 5465 1582 5534 ipsisntet
1607 5467 1921 5520 auctoribus
1941 5482 2091 5522 acce-

507 5540 712 5609 perint;
741 5534 883 5593 Afris
905 5547 1106 5609 autem,
1131 5550 1254 5609 eum
1278 5534 1387 5604 jam
1409 5545 1657 5609 auctores
1682 5537 1824 5592 illius
1847 5539 2090 5606 puderet,

510 5607 670 5665 inissa
723 5613 792 5664 sit
835 5626 994 5678 opera
1033 5607 1208 5662 [Metilii
1253 5608 1500 5662 acerrimi
1549 5623 1736 5663 eorum
1769 5612 2088 5665 adversarii.

509 5682 645 5737 llinc
673 5677 960 5752 cpiuantur
990 5678 1245 5735 Basilium
1289 5680 1430 5746 apud
1454 5677 1670 5734 Sozom.
1707 5680 1743 5734 Ι.
1779 5698 1828 5734 ιγ
1853 5723 1866 5742 .
1914 5699 1964 5737 e.
1993 5685 2086 5747 2i,

509 5757 576 5806 ab
609 5754 884 5807 Marianis
914 5753 1276 5807 insitttttlaium
1305 5766 1424 5807 esse
1448 5792 1464 5812 ,
1513 5755 1649 5820 quod
1688 5769 1803 5805 cum
1829 5752 2090 5808 Gel-mirio

513 5837 559 5878 rt
585 5825 800 5880 l'rsucio
819 5835 864 5880 ct
897 5823 1108 5878 l'alcntc
1130 5821 1534 5876 communionem
1563 5840 1615 5876 se
1636 5823 1818 5877 habere
1844 5827 2086 5888 scribens,

511 5917 594 5954 cut
625 5908 789 5954 tamen
818 5898 954 5968 apud
984 5899 1249 5967 cpiSt‘upos
1293 5895 1482 5963 iiIi-iiut
1528 5907 1811 5952 accusasse!
1837 5913 1853 5952 .'
1887 5910 1938 5955 ct
1970 5905 2092 5970 past

2197 3473 2359 3528 quam
2391 3473 2498 3513 non
2518 3457 2604 3513 hic
2623 3460 2698 3511 ait
2722 3457 2956 3512 llilarius
2972 3466 3185 3510 extorta
3211 3457 3557 3523 blasphemia:
3584 3457 3789 3513 llrsucii

2199 3540 2253 3583 et
2286 3529 2524 3585 Valentis
2550 3531 2878 3594 exemplaria
2904 3571 2918 3592 ,
2978 3529 3074 3582 sed
3125 3537 3328 3582 tantum
3365 3528 3791 3596 subscriptiones

2195 3603 2390 3670 quibus
2412 3603 2496 3656 illa
2528 3603 2885 3656 condemnata
2913 3599 3109 3662 fuerat.
3163 3598 3232 3654 Et
3265 3616 3393 3654 rem
3425 3604 3685 3667 potiorem
3711 3601 3788 3653 vi-

2195 3674 2310 3728 deri
2341 3674 2617 3729 Athanasii
2640 3672 2982 3739 sententiam,
3012 3672 3154 3726 notis
3169 3689 3220 3726 tn
3235 3670 3620 3742 Fragmentum
3643 3681 3789 3743 post-

2196 3759 2403 3800 remum
2433 3744 2799 3801 ostendemus.

2266 3819 2343 3886 (g)
2392 3818 2556 3873 Abest
2585 3817 2638 3870 in
2665 3833 2692 3869 s
2725 3829 2858 3871 mss.
2887 3813 3097 3869 Martia.
3131 3825 3184 3869 et
3207 3813 3362 3871 Coll).

2268 3888 2349 3962 (h)
2379 3889 2538 3944 Modo
2558 3899 2738 3944 exstat
2796 3891 2846 3962 in
2876 3887 3041 3943 latino
3087 3898 3237 3962 testu
3257 3887 3636 3962 necessitatibus
3667 3930 3682 3952 ,
3731 3888 3783 3942 in

2194 3957 2371 4037 δι’εῇρο
2397 3963 2770 4037 ταῖς-χρείαις.
2799 3960 3132 4037 Quamquam
3161 3957 3496 4037 Cttt‘celltcus
3520 3960 3649 4037 legit
3665 3970 3785 4037 ταξς

2194 4035 2408 4104 μνείαις.
2481 4031 2974 4104 ΟδἾτενρτειιιίιιιιι
3018 4045 3142 4104 erga
3178 4043 3357 4100 patres
3391 4031 3643 4086 catholici
3675 4033 3787 4104 epi-

2194 4102 2367 4173 SCopi,
2395 4104 2548 4175 Frag.
2580 4103 2840 4168 vm,n.2,
2862 4102 3104 4175 Arimino
3130 4105 3434 4157 rescribunt
3451 4103 3792 4169 Constantio,

2195 4172 2305 4230 sibi
2351 4172 2521 4231 nelas'
2540 4190 2662 4231 esse
2691 4192 2722 4228 δ
2769 4175 2981 4231 Nictcna
3015 4172 3120 4227 ﬁde
3152 4175 3406 4230 recedere
3431 4216 3448 4240 ,
3492 4191 3654 4244 quam
3703 4185 3784 4230 tot

2194 4248 2364 4301 sancti
2387 4259 2439 4303 et
2472 4247 2823 4303 Confessures
2867 4256 2921 4301 et
2956 4246 3246 4316 Martyrum
3273 4261 3619 4303 successores
3654 4260 3788 4302 con-

2192 4330 2543 4384 scripserunt.

2265 4388 2327 4460 (i)
2357 4391 2882 4465 Adjicimnspenittts
2914 4406 3036 4446 cum
3065 4391 3316 4447 omnibus
3339 4404 3468 4444 mss.
3494 4389 3786 4465 Episcopa-

2196 4469 2282 4515 tus
2302 4465 2527 4530 penitus
2557 4464 2696 4519 tollit
2722 4465 3071 4518 Constantius
3092 4506 3104 4522 .
3161 4479 3283 4517 cum
3315 4477 3510 4516 novam
3536 4464 3781 4530 amplec-

2197 4534 2359 4588 tendo
2392 4536 2552 4593 tidem
2572 4577 2589 4601 ,
2640 4535 2862 4606 damnat
2895 4550 3086 4590 omnes
3112 4535 3449 4606 supetiorum
3481 4544 3782 4604 tempormn

2194 4606 2510 4676 episcopos;
2565 4617 2621 4662 et
2651 4605 2876 4680 perinde
2914 4622 3010 4662 eos
3036 4605 3220 4669 etiam,
3252 4608 3341 4678 qui
3373 4607 3496 4662 licet
3520 4607 3620 4677 ipsi
3645 4620 3780 4660 con-

2193 4680 2448 4746 sentiant,
2471 4680 2539 4734 ab
2569 4682 2910 4733 anathemate
2937 4688 3114 4733 tamen
3143 4683 3515 4746 episcopatum
3535 4692 3782 4747 sumpse-

2194 4758 2340 4820 runt,
2361 4751 2462 4805 hoc
2485 4761 2589 4811 est.
2616 4752 2684 4806 ab
2709 4751 2771 4804 iis
2797 4765 2932 4820 quos
2954 4750 3113 4806 modo
3134 4751 3477 4805 anathemate
3505 4752 3779 4804 damnant.

2204 4819 2444 4894 \'id.7lib.
2462 4823 2531 4877 de
2555 4823 2761 4894 Synod.
2789 4819 2841 4876 lt.
2856 4823 2927 4894 A9l
2945 4862 2957 4876 .

2274 4893 2352 4966 (j)
2383 4891 2736 4967 Hieronymus
2765 4895 2816 4948 in
2842 4891 3116 4948 Chronico
3142 4892 3783 4967 scribit,§onstantimtm

2200 4979 2229 5036 a
2253 4965 2520 5035 baptismo
2552 4965 2602 5020 in
2648 4967 2895 5020 ha-resim
2931 4967 3140 5035 lapsum
3167 4980 3312 5020 esse.
3355 4965 3541 5021 Tradit
3565 4981 3782 5036 quoque

2200 5035 2415 5092 Lucifer
2439 5037 2685 5102 Calarit.,
2719 5039 2752 5091 Ι.
2778 5037 2845 5090 de
2879 5036 3009 5106 lleg.
3036 5048 3236 5107 apost..
3263 5037 3413 5092 illum
3437 5053 3496 5092 se
3529 5035 3596 5091 ad
3625 5038 3780 5092 Aria.

2201 5124 2300 5162 nos
2325 5110 2638 5179 contulisse.
2687 5119 2741 5165 et
2771 5109 2860 5164 lib.
2891 5125 2903 5162 ι
2939 5126 3034 5177 pro
3067 5111 3304 5164 Athanas
3335 5151 3350 5171 ,
3397 5110 3496 5179 ipsi
3529 5123 3780 5179 perosum

2201 5179 2370 5236 fuisse
2393 5177 2740 5235 Alltattasiunt
2767 5222 2780 5244 ,
2827 5183 2971 5251 quod
3019 5183 3390 5236 nolueritesse
3412 5177 3664 5235 Ariantts.
3721 5182 3778 5236 In

2198 5268 2357 5319 quem
2391 5253 2565 5307 locum
2593 5253 2806 5315 'l'illins,
2851 5250 2998 5306 'llittc
3023 5267 3272 5322 apparet,
3305 5254 3471 5320 inquit
3498 5292 3515 5318 ,
3547 5251 3782 5322 Impera-

2197 5332 2355 5376 terrm
2386 5322 2772 5378 Constantinmtt
2802 5322 3044 5394 Magno-tt
3077 5327 3128 5377 in
3166 5337 3418 5378 senectute
3447 5326 3604 5394 fuisse
3629 5324 3779 5380 Aria-

2197 5412 2358 5450 mmt:
2403 5398 2539 5463 quod
2586 5396 2808 5462 plerique
2857 5397 3009 5450 etiam
3059 5395 3287 5448 historici
3339 5408 3569 5449 narrant.
3619 5396 3778 5450 Aliud

2200 5476 2376 5523 tamen
2430 5468 2642 5536 scriptis
2690 5470 2801 5522 suis
2843 5468 3161 5521 mandarunt
3207 5483 3312 5520 non
3337 5467 3496 5522 modo
3523 5467 3778 5531 Hilarius,

2198 5539 2292 5592 sed
2323 5551 2376 5595 et
2404 5537 2729 5594 Athanasius
2757 5540 2822 5593 ad
2845 5541 3024 5603 Solit.;
3061 5539 3414 5608 Epiphanius,
3439 5539 3569 5593 liter.
3601 5540 3693 5602 69,
3723 5557 3776 5595 ιι.

2201 5610 2288 5674 1'3;
2325 5613 2661 5675 Ambrosius,
2689 5609 2783 5665 0r.
2832 5611 2898 5666 de
2947 5612 3094 5666 obitu
3124 5610 3434 5675 Theodosii,
3467 5627 3519 5666 n.
3554 5613 3645 5676 40,
3675 5624 3778 5666 etc.

2193 5680 2307 5738 luto
2361 5684 2720 5738 Ariminensis
2766 5681 2990 5737 Cuncilii
3029 5683 3277 5737 catholici
3317 5696 3516 5751 patres,
3560 5682 3773 5746 Fragtn.

2197 5771 2309 5817 rm,
2335 5771 2388 5810 n.
2415 5756 2755 5818 2,test.tntur
2779 5755 3189 5810 Constantinum
3214 5795 3228 5819 ,
3259 5769 3379 5808 cum
3421 5753 3580 5810 ﬁdem
3614 5755 3782 5809 hinc.

2194 5841 2318 5880 nam
2375 5836 2600 5896 teneret,
2648 5827 2974 5900 baptizatum
3019 5830 3084 5882 ad
3141 5829 3376 5898 quietem
3410 5826 3503 5883 Dei
3553 5829 3747 5884 Commi

2195 5911 2397 5969 gt'asse.
