4266 6472
464 281 569 335 603

1171 276 1418 343 δικιλτι
1461 275 1717 334 lllLAltll
1757 270 2060 331 lil‘lSCOPl
2097 272 2231 329 ιλιι.
2271 275 2474 332 CUNT.
2512 275 2741 336 CONS'I‘
2810 279 2942 335 IMP.

3651 283 3756 343 θυι

470 401 761 471 vimunque
782 396 1047 469 judicium
1077 413 1199 457 cum
1227 395 1411 470 paucis
1438 392 1761 451 satellitibus
1790 392 1899 451 tuis
1928 406 2055 463 pro-
2079 392 2135 453 Α
2160 390 2539 448 inenarrabilis
2560 394 2917 451 doceremur:
2958 408 3083 451 cum
3110 411 3247 463 aqua
3275 396 3335 451 lit
3362 397 3545 451 vinum
3571 434 3590 461 .
3633 412 3758 451 cum

468 491 609 547 lanis
634 488 711 565 tu)
756 492 1059 564 impugnas.
1122 487 1231 546 Sed
1270 505 1376 545 non
1424 488 1549 545 licet
1593 487 1689 544 tibi
1723 502 1865 543 nunc
1890 499 2058 557 regno

467 588 673 658 potenti
699 586 867 645 etiam
895 585 952 644 in
983 595 1258 656 posterum
1279 584 1652 659 przcjudieare.
1674 580 2061 641 Exstantenim

470 678 669 735 littera:
692 719 711 749 ,
759 678 957 750 quibus
986 676 1062 742 id.
1092 677 1236 755 quod
1257 690 1314 733 tu
1344 678 1696 733 criminosum
1728 688 1884 747 putas
1905 716 1921 742 ,
1972 673 2061 746 pie

468 778 596 829 tunc
639 788 765 828 esse
816 780 1123 841 susceptura
1156 770 1233 842 (lt)
1279 771 1519 826 docetur.
1604 767 1741 825 Audi
1771 768 2059 824 verborum

469 873 712 924 sanetam
735 865 1150 936 intelligentiam
1173 908 1190 931 .
1246 865 1372 920 audi
1408 863 1665 920 Ecclesia:
1696 861 2059 933 imperturbao

374 952 381 1021 έ
470 971 577 1017 lant
607 961 1070 1028 Constitutiouctn,
1100 959 1225 1015 audi
1257 959 1426 1029 patris
1458 958 1531 1013 tui
1554 960 1848 1029 proiessatn
1876 956 2061 1023 iidem,

471 1056 597 1114 andi
648 1057 900 1123 humanae
935 1057 1063 1126 spei
1102 1056 1468 1112 conﬁdentem
1519 1056 1891 1117 securitatem.
1939 1052 2062 1108 andi

472 1152 741 1209 brerettca-
770 1151 1135 1209 ilaiiinatinnis
1167 1151 1441 1222 publicum
1469 1166 1692 1208 si-usum
1711 1192 1724 1215 .
1757 1150 2065 1218 otintellige

472 1252 527 1297 te
554 1243 753 1300 divina:
807 1242 1087 1316 religionis
1125 1242 1367 1311 hostem,
1395 1252 1451 1299 et
1480 1244 1757 1300 inimicum
1788 1243 2066 1297 memoriis

474 1336 548 1409 (ι)
579 1345 889 1395 sanctorum
911 1377 928 1405 ,
983 1345 1041 1393 et
1068 1347 1308 1411 paterna!
1346 1338 1563 1410 pietatis
1584 1336 1857 1394 heredem
1889 1335 2069 1393 rebel-

477 1430 603 1487 lem.
634 1430 720 1505 (tt)

762 1568 1173 1625 Additamentsrn
1196 1584 1262 1623 ex
1281 1566 1425 1625 libris
1442 1567 1509 1623 de
1530 1566 1794 1624 Trinitate.

546 1706 640 1764 28.
676 1703 759 1760 Ex
778 1705 867 1762 lib.
904 1720 941 1761 ιι
983 1705 1051 1762 de
1080 1702 1252 1763 Trin..
1282 1720 1425 1763 uiuit.
1454 1704 1511 1761 ϐ.
1545 1703 1706 1760 Pater
1726 1712 1842 1771 est,
1872 1720 1939 1760 es
1960 1721 2070 1777 quo

2160 484 2401 557 quinque
2430 501 2621 556 panes,
2663 488 2920 543 snturatis
2958 491 3196 560 quinque
3224 489 3463 545 millibus
3492 490 3756 555 virorum.

2162 586 2392 649 excepto
2418 592 2551 635 sexu
2581 589 2635 636 et
2665 587 2828 638 astate
2866 580 3073 653 reliqua
3094 622 3111 649 ,
3167 582 3382 653 replent
3433 581 3753 656 fragmentis

2159 672 2421 744 cophinos
2448 673 2758 730 duodecim.
2809 674 2919 731 lles
2937 676 3203 740 cernitur.
3252 685 3308 732 et
3361 678 3632 742 nescitur;
3676 678 3761 742 lit.

2162 772 2219 820 et
2247 782 2352 820 non
2386 766 2737 839 intelligitur;
2792 769 2934 825 ratio
2982 784 3091 825 non
3132 768 3592 841 apprehenditur.
3630 769 3768 825 clleo

2162 867 2281 917 etus
2314 862 2449 931 inge:
2468 864 2597 919 itur.
2632 863 2873 921 Stultum
2902 874 2989 922 est
3015 878 3216 929 autem.
3249 866 3575 922 calumniam
3605 867 3661 924 in
3686 884 3760 919 eo

2165 955 2527 1023 inquisitionis
2558 959 2857 1025 intendere,
2903 960 2957 1014 in
2978 974 3088 1029 quo
3116 960 3504 1031 comprehendi
3536 961 3589 1016 id
3616 961 3765 1015 unde

2163 1047 2422 1118 οιιιειιι-ἰιιιι·
2475 1066 2569 1116 per
2609 1063 2858 1107 naturam
2906 1068 3062 1108 suam
3120 1068 3225 1108 non
3255 1061 3450 1123 pot-st.
3504 1052 3574 1111 Ut
3613 1052 3761 1111 enittt

2168 1140 2473 1196 inenarrahi
2499 1141 2543 1197 is
2570 1150 2656 1197 est
2686 1144 2844 1200 Pater
2874 1147 2926 1198 in
2948 1161 3017 1200 eo
3053 1148 3197 1218 quod
3230 1146 3503 1216 ingenitus
3528 1157 3610 1201 est
3638 1164 3655 1212 ;
3685 1148 3759 1203 ita

2168 1239 2405 1291 enarrari
2439 1236 2609 1292 Filius
2639 1238 2691 1291 in
2721 1238 2945 1309 eoquud
2976 1240 3282 1307 unigenitus
3312 1254 3515 1295 estnon
3538 1250 3717 1312 potest
3743 1257 3761 1304 ;

2168 1336 2294 1403 quia
2321 1334 2541 1400 ttigettili
2582 1344 2659 1387 est
2694 1335 2871 1405 imago
2896 1334 2987 1405 qui
3011 1335 3229 1405 genitus
3251 1344 3358 1393 est.
3430 1333 3567 1391 Cum
3614 1336 3764 1391 enim

2169 1438 2333 1481 sensu
2364 1441 2525 1496 atque
2556 1424 2741 1483 verbis
2787 1427 3073 1498 imaginem
3116 1426 3615 1498 appreliendimus.
3674 1442 3773 1484 ne-
3854 1496 3861 1501 ν

2169 1534 2326 1575 cosse
2351 1528 2436 1574 est
2456 1520 2537 1585 (It)
2565 1520 2729 1574 etiam
2769 1536 2892 1575 eum
2920 1521 3073 1591 cujus
3104 1522 3281 1590 imago
3325 1530 3411 1578 est
3460 1534 3763 1593 consequa-

2173 1626 2313 1665 ntur.
2368 1611 2474 1667 Sed
2507 1612 2795 1667 invisibilia
2828 1616 3228 1684 persequimur,
3264 1622 3321 1669 et
3346 1612 3767 1683 incomprehen-

2174 1704 2351 1757 sibilia
2395 1712 2685 1773 tcntztltttls,
2741 1707 2937 1776 quibus
2986 1706 3341 1777 intelligentia
3387 1706 3456 1761 ad
3479 1708 3774 1779 conspica-

480 1813 643 1855 nmne
662 1798 804 1870 quod
835 1806 921 1854 est
944 1797 1213 1855 consistit.
1240 1797 1361 1869 Ipse
1390 1798 1442 1854 itt
1461 1797 1683 1853 Christo
1710 1810 1763 1855 et
1797 1815 1892 1869 per
1914 1799 2073 1856 Clu-i-
2099 1794 2149 1857 Β
2178 1798 2312 1853 biles
2340 1814 2428 1852 res
2473 1812 2526 1853 et
2570 1814 2862 1870 eorporeas
2887 1809 3217 1865 eoarctatur;
3252 1817 3359 1855 non
3400 1799 3774 1860 erube-eimus

480 1901 621 1945 stum
649 1890 803 1960 origo
833 1892 1091 1946 ninnium.
1144 1890 1413 1946 Cancrum
1444 1890 1515 1962 (ε)
1544 1906 1666 1946 eSse
1708 1890 1827 1962 ejus
1867 1895 1920 1947 in
1952 1909 2071 1949 sese

485 1997 567 2040 est
606 2004 621 2038 :
651 1999 761 2041 non
786 1985 1007 2041 aliunde
1034 1984 1177 2058 quod
1205 1999 1288 2040 est
1313 2001 1568 2050 sumens,
1592 1985 1687 2041 sed
1718 1986 1771 2041 id
1793 1987 1937 2056 quod
1965 2000 2069 2049 est.

484 2096 625 2136 esse
652 2087 815 2152 atque
838 2082 894 2135 in
916 2095 979 2134 se
1006 2080 1287 2145 obtinens;
1343 2079 1588 2136 inﬁnitus
1614 2120 1630 2145 ,
1675 2079 1801 2149 quia
1829 2095 1935 2136 non
1960 2080 2076 2150 ipse

482 2175 538 2229 in
569 2174 781 2245 aliquo.
838 2172 934 2229 sed
964 2162 1106 2229 intra
1131 2188 1254 2229 eum
1278 2172 1501 2241 omnia;
1558 2187 1779 2243 semper
1806 2182 1959 2227 extra
1993 2173 2074 2228 lo-

484 2281 633 2332 cum,
661 2265 789 2339 quia
816 2281 924 2321 non
944 2268 1253 2322 continetur
1277 2265 1333 2321 itt
1364 2267 1518 2333 loco;
1564 2281 1780 2338 semper
1829 2276 1957 2321 ante
2005 2283 2075 2322 ze-

487 2375 611 2415 vum
637 2401 652 2425 .
694 2360 819 2429 quia
870 2366 1085 2431 tempus
1127 2359 1196 2413 ab
1233 2374 1304 2418 eo
1327 2369 1431 2414 est.
1480 2356 1655 2415 Curre
1680 2374 1845 2414 sensu
1873 2358 1918 2414 si
1946 2359 2075 2431 quid

483 2457 534 2509 ei
566 2466 723 2526 putas
758 2456 1004 2510 ultimum
1050 2472 1197 2524 esse,
1227 2468 1351 2513 eum
1387 2470 1603 2526 semper
1631 2455 1878 2512 invenies
1907 2474 1920 2507 :
1953 2455 2078 2524 quia

485 2565 607 2604 cum
657 2564 872 2619 semper
916 2549 1166 2605 intendas
1194 2594 1208 2615 ,
1268 2565 1485 2620 semper
1521 2558 1605 2603 est
1629 2548 1773 2621 quod
1805 2548 2077 2604 intendas.

489 2636 715 2711 semper
758 2648 937 2695 autem
987 2641 1164 2697 locum
1194 2640 1313 2711 ejus
1344 2639 1627 2696 intendere
1669 2638 1833 2715 585
1880 2640 1954 2695 ita
1984 2639 2080 2695 tibi

487 2744 590 2802 est,
621 2742 681 2789 ut
704 2738 753 2790 ei
775 2749 898 2791 esse
925 2734 996 2810 (Ι)
1023 2737 1141 2791 sine
1182 2736 1290 2790 lini.-
1320 2746 1422 2790 est.
1448 2736 1640 2789 Sertth
1668 2737 1721 2801 in
1753 2751 1821 2791 eo
1843 2734 2079 2801 deﬁciet,

490 2842 597 2882 non
628 2837 816 2886 natura
847 2828 1143 2884 etaudetur.
1195 2829 1392 2884 lterum
1426 2829 1642 2884 revolve
1668 2838 1931 2899 tempora,
1963 2843 2083 2885 εεςε

489 2936 707 2991 semper
736 2922 1010 2977 invenies:
1064 2930 1119 2978 et
1160 2937 1284 2978 cum
1341 2920 1538 2977 calculi
1591 2936 1850 2978 numerus
1880 2922 1932 2977 in
1963 2937 2083 2977 ser-

490 3030 656 3069 mone
673 3012 954 3082 del‘eeerit.
988 3015 1101 3071 Deo
1126 3027 1306 3071 tamen
1335 3031 1553 3086 semper
1576 3031 1700 3072 esse
1730 3029 1839 3070 non
1873 3014 2081 3071 delicit.

492 3105 905 3179 Intelligentiam
935 3122 1241 3177 commove,
1269 3116 1326 3164 et
1376 3117 1550 3164 totum
1592 3116 1773 3165 mente
1815 3107 2087 3177 complec—

2173 1890 2439 1954 stnltiti-t'.
2492 1908 2601 1945 n-in
2631 1894 2989 1965 nosmetipsos
3029 1893 3451 1965 irreligiositatis
3474 1894 3771 1965 argnimus.

2178 1981 2270 2038 llei
2296 1984 2532 2051 arcanis,
2587 1986 2677 2039 ltei
2706 1985 2996 2041 virtutibus
3019 1986 3432 2042 calumniantes.
3486 1986 3775 2056 Quomodo

2177 2075 2367 2143 Filius.
2398 2090 2451 2134 et
2476 2080 2617 2134 unde
2641 2079 2833 2143 Fi'ius.
2886 2091 2943 2137 et
2961 2097 3071 2154 quo
3096 2081 3298 2137 damno
3320 2078 3529 2147 Patris.
3575 2082 3660 2137 vel
3702 2097 3772 2137 ex

2176 2187 2281 2242 qua
2331 2176 2405 2227 sit
2457 2175 2708 2243 portione
2752 2182 2911 2229 natus
2963 2176 3308 2247 inquirimus.
3390 2176 3665 2233 Habueras
3714 2179 3768 2233 in

2177 2266 2428 2335 exemplo
2476 2266 2877 2337 Opetationunt,
2943 2270 3299 2326 tit-crederes
3338 2273 3505 2327 Deum
3557 2271 3779 2329 efﬁcere

2180 2373 2362 2429 posse.
2392 2373 2621 2427 quorum
2652 2359 2955 2431 intelligere
2982 2361 3331 2417 efﬁcientiam
3356 2379 3462 2418 nou
3488 2365 3681 2433 possis.

2250 2451 2342 2507 50.
2402 2449 2485 2507 Ea:
2511 2467 2650 2505 nstin.
2686 2450 2753 2509 l9
2776 2452 3007 2527 ejusdem
3037 2454 3176 2509 libri.
3236 2457 3452 2523 Quteris
3498 2456 3774 2527 quomodo

2179 2547 2475 2604 secundum
2511 2547 2771 2619 Spiritum
2803 2558 2963 2605 natus
2992 2549 3061 2604 sit
3106 2548 3273 2605 Filius
3309 2568 3320 2602 :
3348 2566 3451 2623 ego
3478 2561 3531 2606 te
3559 2551 3626 2608 tle
3652 2566 3773 2608 cor—

2184 2642 2362 2713 puteis
2392 2643 2551 2697 rebus
2596 2644 2892 2713 interrogo.
2946 2642 3063 2701 No"
3090 2659 3279 2717 quacro
3305 2647 3579 2714 quomodo
3618 2656 3781 2703 natus

2181 2750 2249 2789 ex
2275 2732 2479 2805 virgine
2507 2733 2576 2789 sit
2612 2752 2625 2787 :
2672 2750 2742 2790 an
2784 2735 3167 2792 detrimentum
3196 2740 3281 2790 sui
3310 2751 3439 2792 caro
3482 2736 3780 2809 perlectam

2182 2843 2250 2883 ex
2278 2844 2338 2882 se
2367 2844 2583 2883 carnem
2616 2826 2778 2902 585
2806 2842 3072 2900 generatis
3100 2846 3356 2900 perpessa
3387 2832 3475 2884 i-it.
3537 2829 3605 2886 Et
3631 2840 3782 2887 certe

2188 2937 2293 2977 non
2324 2924 2563 2991 miseepit
2584 2924 2727 2994 quod
2753 2921 2957 2978 edidit:
2988 2923 3083 2979 sed
3108 2937 3237 2979 caro
3261 2939 3482 2978 carnem
3513 2925 3630 2978 sine
3662 2924 3784 2977 ele-

2186 3026 2490 3072 ttientorunt
2522 3028 2828 3073 nostrorum
2853 3017 3061 3089 patiore
3092 3020 3359 3088 provexit,
3394 3029 3448 3075 ct
3476 3019 3777 3090 perfectum

2188 3112 2303 3181 ipsa
2323 3110 2391 3165 de
2416 3110 2529 3165 suis
2552 3125 2658 3166 non
2687 3111 2966 3166 imminuta
2992 3111 3292 3181 generavit.
3339 3112 3406 3165 Et
3433 3112 3653 3183 quidem
3701 3112 3783 3165 las

496 3208 650 3264 tere;
710 3198 840 3253 ttibil
875 3208 1049 3255 tenes.
1101 3198 1297 3254 Totum
1340 3198 1444 3255 hoc
1473 3198 1636 3255 habet
1657 3197 1947 3270 reliquum,
1999 3213 2085 3255 re-
2112 3197 2159 3263 C
2188 3212 2352 3264 esset.
2407 3218 2513 3255 non
2545 3201 2880 3271 impossibile
2905 3202 2958 3256 iu
2985 3204 3096 3258 Deo
3113 3203 3349 3273 opinari,
3375 3202 3519 3273 quod
3551 3217 3649 3274 per
3673 3202 3782 3257 vir—

492 3293 696 3363 liquum
733 3302 911 3346 autem
961 3291 1063 3348 hoc
1095 3306 1313 3361 semper
1352 3292 1406 3347 ι..
1453 3301 1568 3347 toto
1592 3299 1695 3347 est.
1750 3293 1890 3363 Ergo
1911 3306 2087 3361 neque

493 3392 662 3442 totum
705 3398 829 3453 est.
882 3388 967 3441 cui
1023 3387 1289 3458 reliquum
1320 3395 1434 3450 est;
1481 3401 1655 3457 neque
1682 3386 1946 3458 reliquum
1977 3394 2082 3453 est.

492 3479 578 3534 cui
610 3488 693 3533 est
721 3494 883 3535 omne
901 3481 1046 3550 quod
1076 3490 1246 3536 totum
1264 3489 1370 3535 est.
1403 3479 1690 3550 Reliquum
1716 3482 1884 3547 enim.
1909 3480 2087 3551 portio

493 3582 608 3639 est;
661 3588 823 3628 onme
855 3589 985 3629 vero
1011 3614 1028 3638 ,
1077 3573 1221 3646 quod
1254 3587 1423 3630 totum
1477 3582 1581 3629 est.
1641 3574 1783 3631 Deus
1818 3583 1998 3629 autem
2035 3582 2091 3627 et

497 3667 694 3737 ubique
742 3675 859 3733 est,
901 3676 960 3721 et
991 3676 1134 3723 totus
1164 3668 1359 3739 ubique
1386 3678 1487 3725 est.
1568 3666 1644 3724 Ita
1675 3667 1755 3741 (g)
1808 3668 2088 3741 regionem

499 3758 868 3830 intelligentia:
896 3760 1135 3824 excedit.
1179 3769 1333 3817 extra
1362 3776 1523 3833 quem
1550 3762 1681 3818 nihil
1710 3772 1816 3829 est,
1849 3770 1907 3815 et
1934 3761 2092 3832 cujus

504 3864 586 3911 est
611 3870 831 3925 semper
850 3864 911 3909 ut
933 3869 1150 3925 semper
1172 3857 1265 3911 sit.
1288 3854 1415 3911 lla-c
1442 3858 1640 3911 veritas
1659 3867 1742 3911 est
1768 3854 2093 3911 sacramenti

500 3948 615 4011 Dei,
632 3948 734 4002 hoc
760 3947 829 4001 int
842 3948 1211 4017 perspiealiilis
1227 3957 1432 4004 naturre
1449 3965 1646 4004 nomen
1669 3949 1722 4003 in
1740 3948 1919 4003 Patre.
1953 3947 2093 4001 Deus

504 4040 812 4105 invisibilis.
853 4039 1158 4109 int-ﬂabilis,
1183 4042 1422 4097 inlinitus
1444 4059 1457 4094 :
1482 4040 1551 4096 ad
1573 4057 1731 4113 quem
1758 4048 1818 4096 et
1834 4040 2096 4108 eloquen-

499 4134 625 4191 dum
648 4149 829 4191 sermo
850 4136 1026 4203 sileat,
1079 4145 1134 4192 et
1183 4134 1617 4207 investigandum
1659 4149 1855 4191 sensus
1875 4132 2089 4200 bebeat,

498 4242 555 4287 et
580 4231 1050 4303 complectendum
1081 4230 1431 4301 inteliigentia
1458 4240 1787 4287 coarctetttr.

566 4325 663 4401 29.
718 4325 798 4383 lt‘x
820 4325 909 4380 lib.
936 4342 991 4381 ιιι
1042 4326 1106 4381 de
1146 4325 1320 4393 Trin.,
1360 4342 1503 4380 num.
1538 4325 1623 4382 18.
1669 4323 1868 4380 Volt-ns
1912 4322 2096 4393 itaque

500 4421 672 4478 Filius
695 4421 853 4494 hujus
882 4421 1178 4478 nativitatis
1206 4436 1319 4477 suae
1347 4420 1511 4478 Iidem
1554 4419 1733 4475 facere
1758 4459 1773 4485 ,
1832 4417 2096 4474 laetorum

501 4532 721 4572 suorum
752 4517 908 4571 nobis
936 4516 1119 4587 posuit
1146 4514 1415 4585 exempla,
1454 4523 1512 4570 ut
1538 4528 1632 4584 per
1654 4509 2093 4567 inenarrabilium

2189 3303 2353 3351 tutem
2383 3297 2500 3361 ejus
2529 3295 2786 3364 possibile
2814 3294 2977 3350 luisse
3007 3295 3059 3348 iu
3082 3293 3300 3349 homine
3322 3292 3721 3365 cognoscimus.

2257 3389 2347 3444 5t.
2378 3384 2462 3441 Ea:
2511 3403 2651 3440 num.
2697 3386 2788 3445 20.
2822 3386 2928 3441 Sed
2958 3396 3012 3442 te
3036 3428 3052 3453 ,
3084 3386 3331 3459 quisquis
3360 3402 3441 3451 es,
3492 3386 3787 3457 investiga-

2190 3481 2314 3537 biléa
2363 3492 2682 3546 sectantem,
2748 3490 2806 3537 et
2865 3478 3173 3534 divinortnn
3226 3488 3561 3536 secretorum
3619 3486 3789 3548 atque

2193 3574 2458 3629 virtutum
2499 3586 2724 3642 gravent
2762 3572 3024 3627 arbitrum
3066 3571 3314 3637 consulo.
3364 3581 3424 3627 ut
3459 3570 3589 3626 ntibi
3618 3570 3791 3641 impe-

2197 3668 2325 3731 rito,
2348 3674 2405 3719 et
2438 3674 2645 3720 tantum
2677 3664 2747 3721 de
2770 3664 3023 3723 munibus
3046 3662 3161 3719 Deo
3190 3672 3250 3719 ut
3292 3672 3421 3721 sunt
3460 3663 3529 3717 ab
3554 3678 3620 3719 eo
3645 3661 3791 3720 dicta

2193 3756 2457 3822 credenti.
2504 3757 2769 3813 rationem
2814 3755 3002 3812 saltem
3027 3756 3151 3810 lacti
3180 3755 3335 3811 istius
3363 3754 3578 3813 alteras.
3607 3753 3790 3811 Domi-

2196 3865 2320 3903 num
2344 3849 2527 3911 audio.
2557 3858 2613 3902 et
2638 3850 2765 3918 quia
2796 3847 2881 3903 bis
2902 3845 3070 3902 credo
3096 3861 3217 3917 qua:
3240 3846 3437 3918 scripta
3484 3856 3632 3913 sunt,
3675 3846 3792 3902 scio

2190 3944 2300 4012 jam
2351 3954 2470 4012 post
2500 3940 2955 3997 resurrectionem
2988 3938 3303 4011 frequenter
3330 3942 3617 3995 videndum
3644 3954 3705 3995 se
3737 3940 3791 3996 itt

2196 4052 2424 4105 Corpore
2456 4033 2749 4104 praebuisse
2792 4033 2973 4089 multis
3000 4050 3109 4088 non
3140 4030 3521 4099 credentibus;
3552 4031 3618 4104 (ί)
3644 4042 3795 4088 certe

2199 4130 2423 4186 Thuriae
2460 4142 2571 4184 non
2600 4130 2702 4183 nisi
2730 4127 3082 4184 contrectatis
3124 4128 3245 4198 ejus
3270 4126 3589 4181 vulneribus
3615 4125 3795 4182 credi-

2201 4237 2321 4281 turn
2342 4269 2358 4293 ,
2389 4226 2529 4279 sicut
2550 4226 2627 4278 ait
2653 4240 2668 4278 :
2716 4222 2837 4278 Nisi
2864 4220 3039 4277 videro
3062 4221 3116 4276 in
3142 4219 3379 4275 manibus
3420 4222 3531 4293 ejus
3558 4220 3632 4295 Ο)
3659 4220 3797 4293 ﬁgit-

2198 4336 2310 4373 rant
2342 4319 2626 4381 clarorum.
2657 4328 2708 4373 et
2750 4318 2938 4372 misero
2962 4315 3183 4389 digitum
3205 4330 3374 4368 meant
3415 4318 3467 4368 in
3494 4314 3663 4369 locum
3684 4313 3797 4368 cla—

2201 4429 2395 4478 vorum,
2445 4420 2496 4467 et
2539 4410 2735 4465 mittam
2783 4426 2994 4464 mnum
3030 4423 3195 4465 alearn
3220 4409 3275 4462 in
3312 4407 3451 4463 latus
3496 4409 3636 4478 ejus.
3691 4424 3797 4463 nou

2201 4505 2406 4559 credam
2436 4501 2618 4572 (Joan.
2651 4518 2745 4567 ιι,
2774 4500 2895 4572 25).
2929 4500 3190 4556 Dominus
3216 4514 3279 4556 se
3320 4499 3387 4555 ad
3440 4512 3657 4554 omnem
3708 4499 3796 4554 ln-

500 4619 774 4679 gestorum
816 4623 1037 4663 suorum
1080 4605 1427 4662 efﬁcientiam
1454 4604 1525 4663 tle
1568 4603 1765 4661 virtute
1804 4601 2099 4660 nativitatis
2124 4593 2177 4655 D
2205 4599 2520 4671 telligentia:
2546 4607 2749 4654 nostra:
2778 4595 3202 4653 imbecillitatem
3215 4592 3679 4661 accommodat,et
3698 4592 3800 4646 du-

578 4770 659 4840 (n)
686 4769 739 4825 In
783 4784 913 4824 mss.
942 4769 1154 4823 Martio.
1184 4777 1241 4824 et
1282 4765 1439 4822 Colh.
1494 4766 1787 4840 profanus;
1840 4772 1905 4840 et
1939 4780 2094 4830 mox,

505 4837 641 4896 nunc
650 4844 795 4913 regni
814 4841 1089 4909 potentiam
1108 4841 1161 4894 in
1191 4848 1467 4913 posterum.
1482 4837 1614 4907 δια,
1635 4837 1725 4893 ubi
1740 4837 2012 4894 Bandinus
2033 4852 2097 4891 ac

508 4912 746 4970 Latinius
777 4914 1049 4968 malebant
1072 4929 1229 4985 regno
1258 4912 1488 4982 patienti.

578 5001 657 5076 (ὁ)
684 5004 849 5059 iidem
880 5019 1013 5061 mss.
1038 5003 1266 5076 doctor.
1293 5000 1392 5057 ilic
1422 5003 1653 5076 maxime
1680 5000 1971 5076 respicitur
2000 5014 2098 5055 vo-

508 5072 759 5131 eahulum
790 5076 1131 5139 bnniousion.
1186 5075 1341 5140 cujus
1360 5074 1771 5144 ambiguitatem
1807 5072 2098 5144 Aobjecmre

509 5149 751 5203 lia-reticl
782 5148 1061 5206 solebant.
1089 5157 1149 5203 ut
1174 5154 1321 5215 patet
1346 5161 1413 5200 ex
1441 5142 1533 5201 bis
1558 5144 1678 5199 libri
1705 5144 1771 5197 de
1796 5142 2017 5215 Synod.
2034 5160 2089 5215 ιι.

511 5222 571 5276 9|
606 5239 618 5273 :
666 5218 999 5285 lmerprctati
1037 5213 1216 5274 Patres
1244 5218 1405 5272 nostri
1431 5227 1551 5272 sunt
1577 5225 1692 5285 post
1711 5215 1962 5285 synodum
1994 5213 2098 5269 Ni-

511 5274 704 5346 cienam
729 5274 983 5373 honionsii
1013 5292 1378 5362 proprietatem
1398 5274 1654 5363 religiose.
1715 5274 1935 5343 Exstant
1958 5287 2098 5354 libri,

511 5374 679 5418 manet
696 5364 1023 5418 conscientia.

584 5455 655 5528 (γε)
699 5454 828 5511 Bad.
860 5463 915 5510 et
940 5456 1054 5523 En,
1086 5466 1375 5513 auctorum.
1408 5456 1544 5514 Lud.
1568 5456 1783 5512 Miratus
1808 5464 1967 5528 atque
1999 5454 2104 5510 La-

516 5527 681 5583 tinius
708 5550 739 5595 ,·
782 5543 1033 5583 avorum:
1076 5532 1412 5599 superiorum
1471 5530 1852 5591 immemores,
1883 5527 2108 5599 quibus

513 5610 812 5726 srinctorunt
850 5603 1110 5658 numariis
1146 5599 1575 5661 COIltltlttttit'altdl
1629 5613 1959 5674 prteceptum
2013 5614 2108 5654 ett-

519 5689 550 5726 n
579 5680 765 5726 tcatur.

519 5680 765 5742 plicatur.

598 5764 673 5837 (ιι)
706 5763 762 5837 lu
793 5766 981 5837 codice
1033 5765 1271 5824 hasilicm
1300 5766 1569 5824 Vaticante
1613 5766 1700 5822 hic
1723 5763 2020 5837 absolvitur
2049 5761 2113 5817 li-

528 5836 663 5897 ber.
687 5836 956 5910 Quidquid
986 5850 1166 5899 autem
1195 5850 1447 5913 superest
1474 5856 1539 5898 ex
1572 5840 1726 5899 libris
1757 5839 1823 5895 de
1852 5836 2115 5897 'i'tinilate

2199 4764 2303 4817 huc
2330 4760 2788 4821 translatumest.
2841 4771 2942 4813 nec
2968 4758 3101 4813 satis
3140 4766 3265 4827 apte
3304 4756 3579 4812 adsutum.
3643 4756 3796 4825 Quo-

2200 4836 2340 4890 circa
2381 4846 2567 4902 parutn
2597 4828 2770 4886 abluit
2792 4830 2922 4900 quin
2953 4832 3175 4885 omnino
3197 4829 3651 4901 supprimeretur.

2273 4926 2348 5003 (ι)
2384 4925 2554 4982 Abest
2578 4940 2689 4980 esse
2710 4939 2740 4978 a
2769 4938 2901 4981 mss.

2273 5023 2342 5095 (ο
2384 5018 2580 5075 Ελειιεί
2629 5016 2716 5074 hic
2764 5016 3089 5089 adjiciebant
3120 5032 3356 5090 semper:
3402 5015 3802 5087 refragantibus

2204 5112 2337 5151 mss.

2280 5190 2357 5263 (g)
2382 5190 2472 5246 Sic
2498 5182 2628 5243 Bad.
2657 5197 2712 5246 et
2741 5184 2836 5244 Er.
2862 5195 2923 5243 ut
2941 5186 3040 5242 lib.
3067 5185 3135 5241 de
3165 5183 3317 5241 Trin.
3347 5183 3451 5241 Alii
3492 5199 3622 5239 vero
3653 5183 3801 5250 libri.

2207 5266 2525 5334 religionem.

2282 5356 2365 5426 (Ii)
2396 5356 2548 5419 διεδ..
2574 5369 2775 5426 necesse
2798 5360 2871 5405 est
2897 5365 3013 5405 crint
3038 5364 3098 5405 eo
3122 5350 3273 5426 cujus
3298 5349 3473 5426 instiga
3502 5358 3596 5426 est.
3623 5363 3805 5401 conse-

2215 5418 2399 5498 quatur
2431 5444 2448 5481 :
2481 5418 2643 5481 male.
2696 5425 2858 5498 Pejus
2876 5430 3064 5498 autem
3102 5421 3231 5477 editi
3264 5463 3277 5483 .
3307 5418 3442 5474 Tum
3481 5420 3617 5472 enim
3647 5435 3803 5472 scum

2214 5494 2365 5571 atque
2393 5500 2557 5554 verbis
2581 5497 2854 5567 imaginem
2878 5494 3324 5562 apprchcndmnus
3344 5506 3549 5545 necesse
3576 5500 3668 5555 est,
3684 5506 3804 5545 cum

2214 5589 2329 5627 eum
2351 5575 2503 5647 cujus
2526 5572 2696 5637 imago
2721 5577 2793 5624 cst
2822 5578 3209 5638 consequentur.

2290 5667 2354 5740 (ε)
2404 5667 2573 5733 ΕιΙίιὶ,
2619 5662 2784 5721 Credo
2830 5662 3195 5740 “tomacla
3224 5661 3373 5740 Mss,
3405 5661 3553 5716 Certe
3578 5659 3805 5740 Thomas

2216 5734 2446 5796 nonnisi
2477 5740 2722 5793 contactis
2747 5742 2857 5799 citis
2885 5734 3177 5791 vulneribus
3205 5734 3513 5792 crediturum
3543 5750 3596 5789 se
3622 5734 3718 5789 ait.

2286 5835 2358 5910 (ἢ
2384 5832 2442 5891 in
2471 5849 2631 5904 mss,
2657 5832 2904 5898 ﬁxuram.
