4266 6478
577 294 679 354 607

1778 296 2020 358 SANCTI
2054 294 2312 355 lllLARll
2350 295 2656 357 EPISCOPI

3766 308 3884 367 603

576 416 714 478 nitas
757 426 947 487 vestra,
993 417 1118 491 quia
1158 418 1248 489 qui
1289 418 1604 492 jamdudum
1645 417 1867 491 depositi
1915 426 2053 483 sunt,
2084 415 2180 471 hoc
2204 416 2255 478 Α
2283 414 2718 486 interpellatione
2742 421 3033 491 suggessit,
3061 418 3387 478 Auxentium
3428 419 3588 480 aliter
3625 422 3879 491 credere,

576 518 675 576 est,
729 508 969 566 Hilarius
1014 520 1064 565 et
1119 507 1395 579 Eusebius,
1448 503 1761 567 conten'tittut
1789 511 1979 578 utique
1998 509 2176 563 rdiis-

580 611 721 658 ututs
764 603 939 673 [acere
963 618 984 659 :
1011 600 1139 659 ltinc
1179 612 1387 661 tantum
1432 603 1717 676 sequitur,
1768 600 2022 673 scriptam
2052 615 2176 657 esse

577 692 832 751 Auxentii
856 694 1169 768 epistolam,
1217 705 1273 752 et
1314 694 1538 769 perinde
1581 696 1847 768 reliquum
1884 710 2042 765 opus,
2082 693 2178 750 de-

582 802 703 844 cem
750 802 925 845 annos
970 800 1093 863 post
1135 804 1300 861 quam
1324 790 1435 846 duo
1476 788 1555 846 illi
1591 788 1873 846 fortissimi
1913 786 2178 845 Pmules

577 881 775 952 objecti
805 880 976 940 luere.
1006 883 1076 941 At
1100 897 1231 939 vero
1259 882 1549 941 Eusebium
1574 897 1605 939 a
1648 883 1881 940 concilio
1920 881 2179 939 Mediola-

586 974 742 1031 ηειςὶ
779 975 906 1031 anni
934 975 1067 1043 555,
1091 990 1123 1031 a
1166 976 1458 1034 Biterrensi
1497 985 1678 1033 autem
1717 976 1845 1034 anni
1874 975 2004 1043 356,
2033 974 2178 1032 Hila-

582 1066 720 1125 rium
749 1064 805 1123 iu
834 1068 1087 1126 exsilium
1115 1069 1349 1140 ejectum
1381 1070 1547 1128 fuisse
1575 1085 1738 1128 nemo
1766 1072 1996 1144 ignorat.

650 1159 716 1216 ll.
750 1159 1015 1219 Praeterea
1061 1170 1124 1218 ut
1163 1162 1347 1234 operis
1391 1161 1553 1235 hujus
1598 1171 1813 1236 tempus
1850 1162 2054 1220 certius
2094 1160 2178 1218 di-

584 1264 895 1325 gnoscatur,
930 1254 1219 1327 explorare
1265 1255 1468 1328 iuverit
1494 1255 1713 1329 quando
1755 1256 2172 1314 Valentinianus

580 1347 864 1406 Mediolani
914 1359 1162 1407 versatus
1206 1352 1298 1408 sit.
1343 1350 1532 1409 ililarii
1575 1352 1721 1408 enim
1747 1365 1872 1409 cum
1912 1351 2179 1408 Auxentio

578 1454 951 1512 congressum,
984 1441 1079 1498 illo
1109 1443 1179 1499 ibi
1202 1453 1591 1512 eommorante,
1617 1443 1856 1501 habitum
1876 1443 2044 1501 fuisse
2057 1458 2167 1500 ma-

581 1533 839 1591 nifestum
864 1542 975 1592 est.
1006 1533 1293 1593 Mediolani
1333 1546 1517 1594 autem
1559 1535 1987 1594 Valentinianum
2032 1548 2177 1591 anno

579 1625 709 1693 36d,
760 1625 1056 1684 identidem
1102 1637 1376 1686 versatum
1440 1643 1586 1698 esse,
1634 1628 1794 1685 iidem
1843 1629 2043 1686 faciunt
2089 1644 2177 1687 re-

578 1720 780 1793 scripta
810 1720 938 1778 inde
964 1721 1069 1779 bne
1095 1724 1215 1796 ipso
1258 1739 1404 1782 anno
1441 1725 1568 1781 data
1607 1724 1855 1783 kalendis
1894 1725 2085 1796 jnniis,
2109 1726 2177 1783 i5

2279 523 2442 581 quam
2485 526 2583 567 rex
2625 512 2744 587 ipse
2783 522 2879 569 aut
2917 530 3111 571 omnes
3158 515 3250 571 alii
3294 515 3689 574 existimarent.
3740 518 3882 577 llinc

2279 616 2628 674 congressus,
2674 603 2831 678 cujus
2856 616 3005 678 gesta
3056 607 3160 665 lioc
3201 607 3345 666 libro
3370 619 3683 682 narrantur,
3709 612 3872 685 jussu

2280 699 2424 769 regis
2452 697 2691 756 habitus.
2720 699 2788 758 Et
2837 701 2954 758 inec
2978 702 3195 775 quidem
3225 703 3429 774 omnia,
3478 706 3602 778 qua:
3643 721 3711 764 ex
3746 707 3883 779 ipsis

2282 791 2471 850 ililarii
2518 793 2699 851 verbis
2746 797 2961 868 assequi
2992 806 3087 853 aut
3128 806 3277 854 certe
3314 798 3633 856 subodorari
3672 811 3778 864 est,
3824 802 3880 857 in

2281 884 2335 940 id
2374 893 2612 957 tempus,
2642 901 2753 959 quo
2778 885 3193 945 Valentinianus
3234 888 3598 948 Mediolanum
3638 892 3879 966 primum

2283 982 2550 1053 pervenit,
2601 996 2668 1039 ac
2707 983 2932 1054 proinde
2971 985 3274 1059 inaunum
3318 983 3448 1055 δω,
3496 984 3659 1058 longe
3708 987 3882 1060 magis

2281 1089 2444 1147 quam
2478 1073 2533 1131 in
2562 1076 2983 1149 subsequentem
3011 1077 3363 1135 conveniunt.

2355 1166 2445 1226 IV.
2478 1169 2588 1226 Nec
2616 1185 2835 1228 movere
2858 1171 3042 1238 debet,
3071 1170 3215 1245 quod
3253 1173 3557 1230 Auxentius
3584 1172 3878 1231 Eusebium

2280 1272 2334 1321 et
2365 1264 2627 1323 llilarinm
2647 1277 2777 1324 ante
2801 1282 2974 1323 anxios
3002 1266 3192 1325 decem
3221 1269 3466 1340 alijectos
3480 1284 3577 1327 seu
3603 1270 3883 1340 depositus

2279 1365 2458 1414 vocet.
2491 1358 2566 1415 Ea
2597 1358 2744 1416 cnim
2771 1358 2934 1416 verba
2960 1358 3203 1418 haeretici
3228 1373 3357 1418 sunt
3382 1361 3437 1417 in
3469 1372 3607 1419 :rstu
3634 1362 3881 1436 disputa-

2282 1451 2466 1516 tionis,
2494 1452 2589 1525 qui
2617 1462 2725 1526 qun
2769 1455 3049 1511 meliorem
3078 1469 3295 1511 causam
3345 1470 3498 1512 suam
3549 1454 3737 1524 faciat,
3781 1456 3886 1531 ity-

2281 1543 2553 1615 perbolice
2567 1546 2831 1618 loquitur:
2844 1547 3116 1617 quomodo
3132 1549 3515 1619 proximeante
3528 1552 3564 1605 Α
3573 1549 3885 1609 riminensis

2279 1637 2503 1695 Concilii
2522 1637 2654 1711 (quo
2681 1639 2921 1709 Sulpicio
2943 1650 3103 1711 teste,
3138 1642 3298 1713 eique
3317 1643 3694 1699 consentiente
3712 1643 3884 1701 Διιπο-

2280 1732 2431 1787 ttasio
2459 1729 2638 1802 (Sttip.
2689 1748 2808 1805 pag.
2840 1733 2971 1797 252,
3014 1734 3262 1791 Athamas.
3295 1736 3361 1789 de
3398 1735 3539 1809 Sy».
3570 1754 3625 1811 ρ.
3653 1736 3779 1794 874.
3832 1749 3883 1795 et

580 1812 691 1869 kal.
715 1812 852 1884 Jul.,
880 1815 949 1873 ii
981 1814 1090 1871 lrtl.
1135 1825 1302 1888 sept.,
1350 1816 1489 1891 prid.
1540 1834 1672 1876 non.
1720 1818 1998 1887 novemb.,
2041 1834 2170 1876 nec-
2204 1826 2252 1890 Β
2274 1823 2425 1895 epist.
2454 1825 2524 1878 ad
2550 1823 2714 1895 Ain),
2742 1840 2849 1880 non
2896 1824 3052 1881 multi
3095 1836 3257 1897 supra
3296 1828 3741 1900 quadringentos,
3769 1830 3884 1887 imo

580 1924 689 1965 non
717 1908 786 1965 i5
814 1916 872 1965 et
896 1910 930 1965 7
968 1910 1076 1966 kal.
1128 1908 1252 1969 dcc.
1300 1909 1492 1985 Neque
1522 1914 1702 1970 minus
1730 1910 1903 1982 liquet
1927 1928 1990 1969 ex
2015 1912 2176 1970 variis

584 2000 889 2072 rescriptis,
918 2018 1042 2057 eum
1088 2003 1141 2059 in
1170 2004 1361 2061 eadem
1387 2005 1522 2063 urbe
1562 2007 1854 2062 maximam
1880 2003 2011 2062 anni
2042 2004 2174 2060 sub-

585 2096 864 2166 sequentis
893 2104 1104 2167 partem
1135 2099 1485 2169 transegisse.
1528 2098 1700 2155 Porro
1737 2098 2012 2157 Aminiani
2059 2098 2176 2172 (tib.

590 2203 736 2254 xxvi,
766 2203 815 2243 e.
867 2187 925 2257 6)
951 2189 1265 2245 testimonio
1286 2205 1349 2245 ac
1378 2190 1626 2262 pluribus
1649 2189 1771 2249 aliis
1813 2193 2175 2248 monumentis

585 2292 825 2348 constat,
873 2280 1307 2341 Valentinianum
1335 2298 1526 2342 me..se
1569 2283 1849 2365 novembri
1888 2284 2017 2341 anni
2044 2284 2173 2353 565,

586 2375 801 2431 venisse
831 2373 1089 2440 Parisios.
1120 2392 1297 2451 neque
1324 2379 1484 2436 annis
1507 2378 1965 2451 subsequentibus
1989 2393 2021 2434 a
2049 2375 2177 2436 Gal.

587 2468 673 2523 liis
699 2468 1022 2527 decessisse.
1072 2469 1227 2529 Unde
1266 2488 1388 2529 cum
1433 2473 1778 2546 perspicuum
1806 2474 1901 2537 sit.
1950 2471 2176 2544 praedic-

584 2572 696 2619 tunt
722 2566 1073 2635 congressum
1099 2576 1227 2621 ante
1252 2579 1495 2623 mensem
1520 2566 1873 2623 novembrem
1889 2580 2017 2622 ann.
2042 2564 2170 2633 385,

584 2656 749 2715 fuisse
796 2659 1072 2724 habitum;
1118 2659 1498 2733 inquirendum
1525 2663 1807 2718 dumtaxat
1848 2668 2040 2727 rest-it,
2080 2661 2176 2716 ita-

585 2752 801 2808 bitnsne
828 2754 899 2808 sit
921 2768 1068 2810 anno
1094 2753 1225 2819 565,
1250 2769 1318 2809 an
1344 2753 1468 2810 56L
1496 2753 1757 2811 Neutrum
1782 2755 1998 2825 quidem
2024 2765 2176 2811 certo

585 2843 815 2900 delinire
836 2847 1001 2903 licet:
1047 2853 1378 2918 postremum
1416 2859 1621 2914 tamen,
1664 2847 2000 2904 considerata
2045 2861 2177 2903 con-

584 2951 804 3009 gressus
831 2938 993 3010 bujus
1021 2942 1327 3005 occasione,
1375 2950 1430 2997 et
1468 2956 1651 2997 rerum
1695 2941 1748 2998 in
1790 2954 1862 2998 eo
1899 2953 2173 3013 gustarunt

583 3032 729 3088 serie
751 3033 1041 3104 explicata,
1069 3034 1228 3106 longe
1263 3035 1592 3107 probabilius
1614 3035 1916 3107 apparebit.

655 3124 739 3181 ill.
773 3125 1038 3183 Eusebius
1064 3125 1661 3195 Vercelleusis,Ruiino
1687 3138 1842 3197 teste,
1874 3129 1970 3185 lib.
1994 3144 2009 3185 I
2031 3127 2170 3185 liist.

2271 1917 2430 1989 juxta
2455 1917 2799 1975 Maximinum
2822 1919 3079 1977 Arianum
3103 1921 3265 1993 (apud
3284 1922 3563 1996 Augustin.
3592 1923 3719 1980 coli.
3750 1940 3873 1980 eum

2274 2009 2455 2067 eadem
2502 2008 2718 2067 ﬂuxius.
2757 2028 2813 2066 n.
2862 2010 2923 2085 9)
2964 2012 3188 2069 trecenti
3235 2022 3291 2069 et
3337 2015 3552 2085 triginta
3589 2014 3879 2071 dumtaxat

2274 2101 2601 2178 convenere)
2643 2115 2998 2161 sescentorum
3040 2116 3207 2179 (nunt.
3254 2105 3344 2177 i2)
3372 2108 3727 2179 episcoporum
3759 2110 3878 2163 ani-

2279 2206 2434 2252 tatem
2453 2195 2705 2268 jactitare
2732 2213 2842 2255 non
2869 2200 3163 2257 erubescit.
3199 2199 3305 2257 Sed
3333 2206 3391 2257 et
3418 2200 3558 2257 banc
3583 2202 3875 2274 synodum,

2275 2306 2399 2362 qua:
2422 2290 2658 2348 subinde
2692 2292 2762 2347 ab
2789 2292 3042 2349 omnibus
3070 2294 3293 2364 explosa
3321 2302 3425 2360 est,
3473 2295 3617 2351 haud
3654 2298 3770 2352 scio
3806 2315 3877 2354 an

2278 2380 2506 2440 ﬁdenter
2532 2382 2669 2439 adeo
2692 2399 2835 2441 anno
2864 2385 2974 2442 365
3002 2385 3221 2442 laudare
3244 2399 3412 2445 ausus
3442 2398 3589 2445 esset
3618 2389 3783 2445 itomo
3813 2391 3872 2445 li-

2277 2474 2364 2531 dei
2387 2474 2706 2553 simulantiae
2734 2477 3031 2533 studiosos.

2354 2566 2419 2625 V.
2451 2567 2534 2625 Ad
2564 2566 2726 2639 bujus
2764 2568 3050 2627 Tractatus
3088 2570 3549 2642 complementum
3586 2570 3873 2630 desidera-

2278 2670 2368 2718 tur
2387 2661 2623 2730 libellus,
2646 2678 2805 2733 qnem
2826 2664 2940 2733 regi
2981 2676 3104 2719 sese
3128 2662 3391 2720 obtulisse
3408 2675 3464 2720 et
3489 2665 3732 2735 epistola
3758 2680 3878 2721 stne

2277 2754 2623 2813 subtexuissc
2650 2764 2879 2812 testatur
2907 2755 3142 2813 Hilarius
3156 2757 3322 2826 (nunt.
3347 2756 3405 2828 6)
3422 2756 3792 2815 :‘desideratur
3819 2770 3877 2816 et

2276 2846 2637 2904 Ariminensis
2666 2847 2801 2905 lidcs
2821 2891 2837 2912 ,
2864 2863 3024 2919 quam
3046 2863 3151 2905 una
3170 2863 3295 2906 cum
3324 2849 3508 2907 libello
3534 2865 3635 2908 suo
3653 2852 3843 2909 Auxcn

2279 2938 2387 2996 tius
2427 2953 2489 2997 se
2530 2939 2911 2997 Valentiniano
2950 2941 3235 3001 tradidisse
3276 2942 3380 2998 sub
3415 2942 3659 3014 ejusdem
3705 2943 3874 3001 libelli

2278 3029 2439 3088 linem
2467 3043 2877 3089 commemorat.

2349 3123 2438 3181 Vl.
2471 3124 2655 3197 Neque
2681 3126 2900 3184 defuere
2924 3126 3015 3197 qui
3036 3129 3392 3200 ambigerem,
3417 3144 3486 3184 an
3509 3144 3631 3185 eam
3655 3128 3877 3185 Auxen-

583 3216 758 3286 εστι,
784 3234 907 3289 cap.
932 3219 1026 3287 50,
1072 3228 1195 3291 post
1238 3221 1664 3278 Alexandrinum
1706 3221 1998 3279 concilium
2045 3222 2173 3279 anni
2202 3228 2249 3293 (ζ
2278 3218 2438 3275 tiens:
2479 3218 2606 3275 ﬁdei
2653 3220 3084 3290 expositionem,
3127 3222 3284 3292 cujus
3310 3223 3616 3294 exemplum
3658 3238 3805 3279 num.
3839 3222 3876 3278 9

582 3311 713 3377 562,
743 3314 799 3368 in
827 3311 1033 3369 italiam
1062 3313 1299 3380 rediens,
1329 3314 1592 3371 Hilarium
1614 3324 1863 3372 nostrum
1888 3314 1961 3371 ibi
1983 3324 2175 3372 nactus

584 3412 673 3462 est
698 3406 763 3460 ad
795 3407 1181 3464 restauraudas
1204 3407 1367 3482 hujus
1413 3409 1646 3481 regionis
1684 3410 1943 3467 ecclesias
1986 3409 2177 3466 sedulo

583 3500 1006 3570 incumbentem,
1034 3500 1199 3575 eique
1218 3516 1281 3559 se
1309 3503 1362 3559 in
1392 3501 1535 3560 idem
1563 3516 1703 3575 opus
1740 3501 2002 3576 adjunxit.
2027 3503 2178 3560 Sicut

584 3600 766 3648 autem
804 3592 1028 3651 dubium
1060 3611 1170 3653 non
1210 3605 1318 3665 est,
1357 3598 1488 3667 quin
1536 3596 1647 3653 duo
1692 3595 1771 3654 illi
1819 3597 1919 3656 viri
1960 3597 2013 3653 id
2060 3604 2174 3654 tum

587 3688 824 3744 maxime
869 3688 1047 3745 adnisi
1088 3690 1237 3757 sint,
1270 3702 1330 3745 ttt
1368 3691 1574 3748 italiam
1605 3691 1874 3750 Auxentio
1901 3704 2174 3762 tamquam

585 3779 913 3852 nequissima
964 3792 1114 3853 peste
1160 3781 1485 3852 liberarent;
1535 3785 1607 3840 ita
1653 3798 1761 3841 non
1787 3793 1873 3841 est
1898 3782 2178 3856 ambigen-

584 3872 735 3940 dum,
787 3876 915 3946 quin
972 3877 1258 3933 haereticus
1303 3878 1419 3945 ille,
1465 3881 1561 3951 qui
1609 3878 1770 3937 iidem
1798 3894 1901 3951 pro
1933 3889 2177 3950 tempore

582 3966 842 4025 simulare
902 3981 1146 4039 noverat,
1189 3971 1374 4028 statim
1424 3978 1588 4044 atque
1649 3973 1993 4044 imperatoris
2051 3974 2175 4030 novi

582 4060 957 4129 opportunitas
1002 4061 1128 4119 datu
1173 4073 1281 4132 est,
1324 4079 1422 4121 eos
1466 4064 1609 4136 apud
1653 4064 1803 4123 ilium
1848 4076 2177 4137 praverterc

582 4163 811 4212 conatus
855 4156 951 4224 sit,
987 4173 1022 4213 a
1062 4158 1257 4229 quibus
1300 4159 1522 4218 exitium
1563 4160 1667 4217 sibi
1694 4161 2010 4231 impendere
2038 4177 2177 4233 pnu-

583 4247 824 4306 videbat.
875 4250 1010 4307 llinc
1048 4253 1247 4311 factum
1289 4263 1395 4321 est,
1425 4264 1484 4311 ut
1508 4255 1770 4313 ililarium
1796 4265 1853 4313 et
1881 4255 2173 4313 Eusebium

582 4342 725 4412 apud
754 4343 1135 4415 imperatorem
1168 4346 1453 4405 infamaret
1479 4351 1649 4418 (num.
1683 4347 1776 4424 ιι)
1800 4350 1878 4409 uti
1906 4349 2175 4409 schismm

586 4446 701 4494 tum
726 4447 997 4503 auctores.
1027 4448 1084 4496 ct
1100 4440 1349 4497 ecclesiae
1380 4440 1796 4499 Mediolanensis
1839 4443 2178 4514 perturbato-

586 4543 708 4595 res;
737 4529 867 4586 dum
894 4532 994 4587 sibi
1024 4532 1192 4599 (nunt.
1223 4533 1302 4605 5),
1332 4534 1423 4604 qui
1446 4548 1555 4590 una
1581 4548 1706 4591 cum
1730 4534 1878 4606 [iege
1899 4534 2173 4593 Christum

2279 3313 2632 3384 promittitur,
2674 3328 2988 3385 germanam
3037 3314 3381 3373 liabet-emus.
3425 3317 3683 3384 Quamvis
3727 3318 3875 3373 enim

2277 3405 2553 3475 subjectus
2573 3406 2642 3461 ad
2668 3406 2875 3463 calcem
2919 3406 3079 3477 hujus
3106 3407 3350 3479 epistolas
3381 3410 3631 3465 Auxentii
3661 3408 3877 3466 libellus

2278 3497 2383 3555 ltoc
2410 3500 2632 3555 nomine
2668 3498 3028 3562 inscribatur;
3067 3498 3123 3555 in
3150 3514 3219 3557 eo
3243 3509 3424 3557 tamen
3462 3516 3570 3557 non
3594 3499 3876 3559 oii'entlerc

2278 3592 2441 3651 verba
2487 3593 2576 3650 illa
2619 3593 2892 3667 ambigua,
2921 3605 3101 3651 Mittttt
3143 3593 3312 3651 Deum
3338 3611 3508 3653 verum
3536 3596 3727 3668 litim
3751 3612 3876 3669 qua!

2278 3687 2333 3744 in
2384 3687 2639 3745 Anxentii
2680 3688 3019 3758 expositione
3055 3687 3429 3745 fraudulenter
3460 3688 3533 3745 ad
3574 3689 3874 3747 fallendum

2278 3780 2579 3851 composita
2607 3779 2867 3846 Hilarius,
2894 3795 3045 3836 num.
3072 3779 3130 3846 7,
3172 3782 3369 3852 retegit
3394 3795 3458 3837 ac
3495 3782 3873 3852 reprehendit.

2278 3873 2487 3931 Deinde
2507 3874 2563 3930 in
2588 3874 2779 3931 eodem
2809 3874 2993 3931 libello
3018 3874 3186 3932 altum
3221 3874 3328 3933 illis
3348 3875 3559 3932 videtur
3585 3875 3654 3934 de
3677 3875 3874 3934 Nicone

2275 3965 2330 4023 in
2354 3964 2581 4022 Thracia
2603 3968 2769 4037 gestis
2789 3965 3082 4027 silentium.
3098 3981 3220 4037 qua)
3231 3974 3434 4034 tamen,
3456 3966 3533 4024 uti
3555 3982 3622 4024 ex
3657 3982 3809 4024 una).
3834 3971 3866 4023 7

2277 4060 2467 4133 liquet,
2494 4060 2793 4119 Auxentitts
2809 4060 2879 4117 ab
2904 4060 3020 4134 ipso
3045 4062 3310 4119 sermonis
3330 4063 3413 4117 sui
3436 4061 3659 4119 exordio
3679 4075 3871 4120 saneta

2276 4169 2401 4213 εδει)
2420 4164 2669 4212 188181131⁵.

2356 4247 2468 4304 VII.
2501 4250 2569 4304 At
2596 4248 2767 4320 prima
2788 4247 2882 4305 illa
2908 4262 2972 4305 ac
2994 4249 3267 4321 praecipua
3292 4246 3571 4306 dubitandi
3599 4250 3739 4308 ratio
3758 4251 3873 4321 jam

2278 4343 2425 4400 nulla
2449 4352 2555 4410 est,
2582 4344 2674 4401 ubi
2695 4345 2982 4403 verborum
3009 4345 3336 4415 ambiguitas
3358 4354 3583 4417 apparet
3615 4360 3685 4403 ex
3728 4348 3874 4404 anti-

2276 4437 2539 4510 quissimo
2560 4436 2751 4495 codice
2769 4439 2828 4493 S.
2850 4437 2997 4494 Petri
3026 4438 3080 4494 in
3103 4437 3365 4495 Vaticano
3383 4438 3652 4496 restituta.
3678 4436 3869 4495 Altera

2274 4548 2429 4599 vero,
2457 4548 2581 4590 cum
2609 4548 2675 4590 ex
2714 4533 2930 4590 diversa
2957 4532 3120 4589 unius
3159 4531 3513 4604 ejusdemque
3548 4530 3743 4605 synodi
3782 4546 3878 4604 ap-

589 4622 755 4678 ltcntn
783 4639 1017 4695 vereque
1045 4625 1142 4681 Dei
1164 4625 1333 4683 ﬁlium
1355 4637 1481 4683 ante
1510 4636 1752 4699 tempora
1784 4627 2022 4699 genitum
2054 4644 2177 4699 pro-
2202 4629 2254 4692 D
2280 4626 2574 4700 pellationc
2601 4635 2725 4682 nata
2746 4626 2839 4693 sit,
2863 4625 3023 4682 facile
3046 4625 3295 4682 solvitur.
3320 4624 3452 4695 Qua:
3480 4625 3629 4682 enim
3650 4626 3877 4683 Auxen-

587 4714 833 4771 iiteretttr
863 4713 1029 4789 (mnu.
1059 4717 1175 4789 12),
1209 4718 1393 4788 inique
1430 4717 1572 4790 apud
1603 4719 1860 4791 populum
1887 4719 2178 4777 inurebant

589 4808 860 4864 Inercseos
886 4817 1095 4865 Iustam.
1122 4808 1261 4868 Tum
1285 4813 1453 4885 (nam.
1482 4810 1541 4884 6)
1570 4826 1666 4868 rex
1696 4810 1846 4882 pacis
1878 4811 2173 4880 studiosus,

588 4902 677 4971 qui
709 4901 844 4958 forte
870 4903 1012 4959 sicut
1040 4903 1297 4960 ecclesias
1319 4902 1393 4963 ab
1426 4904 1696 4961 Auxentio
1740 4914 2031 4975 occupatas
2060 4907 2179 4976 ipso

586 4995 821 5050 adventu
848 5010 948 5051 suo
971 5010 1070 5067 per
1099 4998 1210 5052 vim
1239 4997 1289 5051 ei
1316 4998 1529 5067 eripere
1554 5012 1583 5053 a
1609 4998 1893 5054 clementia
1918 5012 2016 5053 sua
2047 4998 2178 5053 alie-

589 5102 719 5142 num
743 5087 999 5153 ducebat,
1029 5089 1099 5142 ita
1122 5089 1379 5145 censebat
1402 5090 1549 5160 regia
1576 5088 1858 5159 majestate
1878 5088 2175 5159 indignum,

588 5191 647 5236 ut
671 5181 785 5250 ipse
813 5179 869 5235 in
898 5182 1110 5255 angulis
1152 5182 1430 5254 religionis
1455 5198 1569 5239 sua:
1596 5182 1802 5238 cultum
1855 5192 2135 5239 exerceret
2160 5200 2174 5237 :

588 5278 887 5347 gratulatus
932 5285 1019 5334 est
1053 5278 1237 5344 iidem,
1284 5288 1342 5333 ut
1376 5278 1480 5334 sibi
1506 5276 1810 5345 videbatur,
1856 5276 2178 5335 catholicam

586 5370 659 5429 ab
686 5372 956 5428 Auseutio
982 5372 1175 5437 asseri,
1202 5374 1447 5444 adeoque
1490 5388 1651 5445 posse
1695 5388 1757 5431 se
1796 5372 2032 5431 adventu
2079 5388 2181 5430 suo

588 5462 842 5535 populum
874 5464 1137 5522 hactenus
1161 5464 1234 5521 ab
1258 5465 1515 5537 episcopo
1559 5480 1659 5523 suo
1692 5466 2075 5524 abhorrentem
2121 5466 2176 5524 in

587 5573 748 5615 unam
808 5560 1244 5616 communionem
1294 5560 1575 5617 reducere.
1632 5560 1816 5632 itaque
1858 5561 1979 5617 sine
2025 5576 2178 5616 mora

585 5650 765 5707 edicto
811 5650 1003 5724 (ibid.)
1044 5652 1194 5722 gravi
1237 5652 1425 5717 vetuit,
1479 5667 1549 5709 ne
1572 5651 1879 5724 deincepsa
1906 5668 2177 5725 quoquam

590 5742 1005 5800 llletliolanensis
1053 5743 1282 5801 ecclesia
1335 5743 1759 5815 perturbaretttr.
1816 5744 2010 5802 Edicto
2056 5744 2181 5802 huic

588 5850 692 5891 ηομ
742 5837 1145 5903 ιιιοςιεηιινηιιυιη
1174 5847 1320 5896 ratus
1365 5838 1617 5897 Hilarius.
1666 5840 1824 5895 etiam
1874 5840 2176 5905 ltttplirttma

2280 4721 2386 4775 tius
2415 4719 2483 4775 ad
2521 4720 2887 4775 extollendam
2917 4718 3043 4776 fidei
3068 4735 3182 4775 sua:
3211 4722 3478 4777 rationem
3522 4730 3878 4778 testatorum

2279 4812 2541 4867 hominum
2570 4811 2798 4867 Arimini
2824 4821 2975 4883 gesta
3020 4810 3353 4869 mendaciter
3367 4811 3601 4885 iactitat,
3630 4825 3696 4869 ea
3732 4807 3879 4867 "ila-

2280 4905 2391 4961 rius
2419 4904 2487 4961 ad
2503 4905 2750 4962 eamdem
2775 4905 3184 4976 deprimendam
3200 4905 3398 4963 Niea-to
3416 4905 3474 4962 in
3498 4906 3729 4963 'l‘ltracia
3752 4921 3881 4979 pcr-

2284 5010 2582 5067 pancorum
2618 5010 2744 5054 esse
2771 4996 3048 5067 pradicet.
3078 4996 3160 5053 Re
3184 4996 3331 5054 enim
3354 5011 3489 5055 vera
3517 4997 3881 5055 Ariminensis

2286 5085 2510 5146 Consilii
2528 5103 2636 5145 non
2655 5090 2759 5145 alia
2779 5089 2935 5160 tldes,
2960 5089 3063 5147 nisi
3075 5106 3197 5162 qua:
3213 5090 3407 5147 Niceno
3420 5089 3687 5164 Bithynia:
3699 5091 3878 5159 edita;

2288 5180 2435 5238 nulla
2460 5182 2678 5254 proprie
2704 5193 2855 5255 gesta
2880 5226 2897 5253 ,
2926 5184 3030 5241 nisi
3049 5186 3248 5257 quibus
3272 5184 3389 5242 Arii
3411 5192 3713 5243 sectatores
3740 5200 3880 5242 ana-

2288 5275 2530 5331 themate
2572 5274 2861 5333 feriuntur.
2910 5276 3049 5345 Quia
3096 5288 3278 5333 tamen
3308 5274 3538 5334 formula
3583 5275 3781 5334 Nicaea:
3824 5278 3881 5333 in

2286 5368 2520 5425 Thracia
2545 5382 2697 5435 cuso,
2727 5376 2784 5426 et
2808 5384 2841 5424 a
2866 5368 3054 5439 paucis
3072 5368 3401 5441 subscripta,
3419 5369 3880 5428 Ariminitandetn

2286 5474 2383 5534 per
2406 5463 2515 5518 vim
2551 5463 2770 5520 inducta
2813 5470 2935 5529 est;
2976 5476 3096 5521 eam
3123 5462 3382 5533 Hilarius,
3403 5479 3567 5536 quam
3595 5475 3753 5523 antea
3782 5464 3879 5523 Ni-

2285 5570 2413 5614 caeae
2441 5556 2494 5612 in
2538 5557 2769 5612 Thracia
2810 5556 3047 5624 dixerat,
3078 5558 3246 5614 etiam
3287 5558 3647 5616 Ariminensis
3684 5560 3879 5632 synodi

2286 5649 2586 5722 nuncupari
2605 5650 2872 5721 permittit
2896 5649 2983 5706 bis
3001 5650 3206 5718 verbis,
3228 5650 3336 5707 Sed
3350 5653 3416 5705 de
3442 5651 3756 5709 Ariminensi
3778 5670 3873 5726 sy-

2291 5748 2427 5802 nodo
2474 5745 2605 5802 nihil
2648 5746 2903 5814 dicamus,
2943 5744 3139 5819 quibus
3179 5761 3307 5802 cum
3346 5746 3603 5818 proxime
3634 5746 3877 5817 adjiciat,

2287 5855 2399 5891 τινα.»
2462 5837 2523 5893 uti
2558 5837 2792 5896 militibus
2824 5845 2896 5892 rs!
2948 5837 3180 5907 religiose
3237 5836 3482 5897 dissoluta
3534 5853 3546 5869 ⁸
3593 5854 3655 5897 en
3709 5836 3878 5895 etiam
