4328 6450
568 301 672 357 lilii

1737 296 1980 356 SANCTI
2024 294 2284 356 lllLARll
2327 297 2636 359 EPISCOl’i

3759 301 3873 359 616

562 420 645 474 nis
670 417 988 483 exsist-‘rel,
1019 414 1322 489 subjicitur,
1376 415 1461 472 Er
1493 432 1611 474 vero
1638 414 1749 475 Deo
1794 417 1992 475 Patre:
2020 426 2079 474 nt
2104 418 2157 475 in
2184 416 2239 480 Α
2266 434 2349 475 nte
2378 427 2495 477 arte
2535 416 2932 477 circumvenis?
2992 416 3267 476 Christum
3294 417 3465 478 Deum
3509 418 3647 478 dicis
3678 438 3694 474 :
3737 419 3869 492 quid

560 514 719 570 Putre
746 515 944 570 veritas
974 512 1067 569 Dei
1107 520 1282 579 esset,
1314 514 1367 569 in
1390 510 1609 568 Christo
1634 513 1835 570 veritas
1859 521 2066 568 tantum
2101 514 2163 567 ti-

559 609 618 667 lii
660 608 1017 665 scriberetur.
1060 607 1267 666 Dehine
1296 606 1624 679 procedente
1651 623 1930 677 sermone,
1963 624 2067 687 una
2095 607 2165 665 ab

557 703 828 760 Auxentio
855 701 1113 759 divinitas
1139 702 1488 773 pnedicatur,
1532 712 1589 761 et
1617 702 1673 761 in
1705 717 1769 759 ea
1800 718 1908 759 non
1933 700 2164 759 conﬁtc-

560 805 651 853 tttr
676 805 733 853 et
762 795 838 870 (a)
873 794 1069 853 Filium
1099 812 1114 851 :
1147 805 1205 853 ut
1230 796 1285 853 in
1309 796 1430 853 solo
1452 795 1636 864 Patre,
1666 811 1773 855 non
1796 796 1959 854 etiam
1992 797 2044 852 in
2071 794 2165 852 Fi-

562 890 656 957 lio,
687 897 836 947 esset
866 888 983 945 sola
1014 903 1121 945 una
1150 888 1433 948 divinitas.

632 983 685 1042 9.
731 984 889 1053 Quasi
905 992 1039 1042 recte
1066 984 1291 1042 sentietis
1311 985 1621 1061 diuulgatur.
1655 982 1890 1042 Hilarius
1922 983 2164 1057 frondent

460 1114 463 1117 ι
562 1087 793 1151 relegens
811 1076 1025 1152 jubetur
1067 1078 1228 1135 exire.
1258 1108 1330 1121 —
1355 1078 1644 1152 Spargitur
1666 1094 1796 1135 vero
1818 1092 1916 1150 per
1940 1078 2169 1150 populos

562 1170 890 1228 Auxentium
939 1184 1127 1227 verum
1168 1170 1339 1229 Deum
1386 1170 1685 1236 Christum,
1737 1181 1794 1227 et
1836 1169 1999 1226 unius
2045 1184 2169 1226 cum

562 1262 725 1319 Patre
748 1261 1049 1319 divinitatis
1077 1276 1143 1320 ac
1168 1262 1487 1321 substantia
1512 1263 1798 1336 scripsisse
1817 1304 1834 1331 ,
1882 1276 2061 1333 neque
2100 1259 2172 1318 ab

2267 514 2406 571 fallis
2430 514 2485 570 in
2519 515 2781 571 nomine?
2818 514 2962 587 Nega
2998 513 3219 587 Moysen
3264 514 3534 572 Pharaoni
3561 514 3724 572 deum
3750 515 3872 572 dic-

2269 617 2380 665 tum
2427 606 2627 682 (Exod.
2662 624 2767 677 vn,
2799 608 2877 682 l).
2922 608 3200 667 Christum
3226 609 3399 666 tilium
3438 620 3494 667 et
3534 607 3871 683 primogeni-

2268 710 2381 757 tum
2432 700 2523 759 Dei
2559 702 2842 773 loqueris:
2884 718 3020 774 nega
3047 703 3466 775 primogenitum
3505 700 3679 760 lilium
3699 700 3871 760 lsrael

2269 793 2380 851 Deo
2408 809 2531 851 esse
2554 794 2728 866 (Esni.
2760 810 2778 850 ι
2803 836 2818 862 ,
2842 793 2921 869 2).
2953 791 3228 852 Christum
3256 805 3383 852 ante
3412 803 3658 867 tempora
3682 803 3873 851 natum

2273 888 2476 946 asseris
2502 887 2659 962 (για.
2690 890 2725 944 ι.
2758 905 2833 949 an
2856 891 2923 946 de
2940 888 3093 946 Trin.
3116 907 3171 946 ιι.
3202 889 3297 962 35)
3330 908 3344 945 :
3376 899 3432 947 et
3461 900 3708 947 creatum
3734 905 3873 962 nega

2268 981 2543 1039 diabolum
2572 992 2698 1040 ante
2730 993 2971 1054 tempora
2999 994 3052 1040 et
3093 983 3291 1041 saecula
3327 981 3657 1041 substitisse.
3683 981 3877 1041 Chris-

2272 1084 2383 1131 tum
2415 1076 2647 1133 sintilcm
2689 1075 2835 1133 Patri
2868 1090 3178 1134 memoras:
3220 1091 3353 1149 nega
3383 1077 3450 1131 ad
3498 1075 3788 1148 imaginem
3816 1085 3878 1133 et

2271 1170 2677 1229 similitudinem
2733 1171 2828 1229 Dei
2875 1171 3153 1229 hominem
3204 1188 3328 1234 esse
3374 1173 3626 1243 cmpisse.
3683 1172 3875 1231 Solum

2271 1262 2488 1320 Christo
2535 1264 2679 1337 quod
2728 1276 2812 1321 est
2856 1265 3116 1338 deneges,
3149 1281 3218 1323 ne
3244 1266 3390 1325 Dens
3426 1281 3590 1323 veras
3630 1274 3689 1323 et
3718 1267 3878 1323 unius

450 1384 513 1447 ἦ
562 1356 823 1427 exposita:
854 1370 950 1447 per
973 1370 1062 1410 me
1088 1354 1215 1410 ﬁdei
1243 1355 1511 1413 dissidere
1536 1356 1807 1413 sententia
1834 1372 1847 1409 ;
1879 1364 2001 1426 post
2047 1367 2169 1426 quae
2271 1370 2395 1413 cum
2427 1356 2587 1414 Patre
2627 1356 2927 1415 divinitatis
2954 1368 3119 1430 atque
3165 1358 3483 1416 substantia:
3516 1357 3619 1417 sit.
3650 1359 3721 1416 Et
3744 1359 3880 1416 solio

565 1447 637 1504 ad
666 1446 1101 1505 communionem
1131 1448 1251 1520 ejus
1272 1464 1368 1505 rex
1401 1463 1498 1520 pro
1514 1447 1637 1506 fidei
1667 1447 1981 1506 sinceritate
2005 1447 2173 1505 adve-
2277 1460 2363 1507 tus
2386 1464 2449 1508 es
2495 1464 2605 1507 una
2646 1464 2771 1507 cum
2820 1450 3094 1523 magistris
3139 1452 3245 1509 tuis
3285 1468 3375 1509 me
3426 1451 3738 1511 haereticum
3786 1469 3880 1510 ar-

490 1610 509 1619 η
567 1543 668 1600 nit.
700 1542 806 1601 Sed
836 1557 961 1599 cum
992 1541 1097 1599 hoc
1123 1543 1446 1615 mysterium
1477 1541 1771 1615 impietatis
1808 1541 1903 1599 diu
1930 1540 2175 1599 occulta-
2274 1558 2441 1613 guere
2470 1560 2485 1599 :
2511 1558 2748 1615 expone,
2776 1543 2974 1619 quibus
2994 1554 3146 1618 potes
3173 1545 3390 1612 litteris,
3418 1545 3717 1618 impietatis
3741 1562 3880 1604 mea:

496 1616 513 1667 ί
568 1646 682 1693 tum
704 1633 818 1708 jam
861 1650 967 1691 non
994 1642 1284 1702 taceretur,
1311 1633 1659 1705 diceremque
1690 1634 1813 1707 tingi
1852 1632 1928 1711 (ὁ)
1952 1634 2135 1693 omnia
2153 1674 2173 1704 ,
2276 1651 2519 1706 causam,
2543 1647 2601 1696 et
2621 1616 3078 1711 blasphemiarum
3098 1654 3344 1698 mearum
3372 1616 3586 1697 titulum
3611 1656 3880 1714 propone.

579 1729 740 1787 iidem
768 1728 1046 1801 denegari,
1083 1728 1248 1786 Deum
1278 1738 1440 1800 atque
1469 1727 1716 1790 homines
1758 1728 1912 1787 illudi
1939 1746 1954 1795 ;
1981 1729 2176 1801 iubeor
2279 1728 2405 1786 Mihi
2432 1740 2619 1787 autem
2639 1733 2988 1797 antichristus
3004 1744 3091 1789 est
3116 1732 3233 1801 ille,
3269 1732 3368 1805 qui
3388 1732 3547 1791 unius
3573 1732 3878 1793 divinitatis

573 1824 644 1882 de
676 1824 981 1881 Mediolano
1010 1824 1303 1897 proﬁcisci,
1332 1838 1457 1880 cum
1485 1823 1820 1883 consistendi
1858 1823 1990 1881 mihi
2028 1824 2083 1884 in
2112 1837 2178 1881 ea
2205 1826 2255 1890 Β
2280 1838 2402 1882 esse
2428 1823 2627 1882 Filium
2654 1841 2779 1883 cum
2824 1824 2987 1887 Patre
3024 1840 3132 1884 non
3159 1825 3454 1886 conﬁtetur
3481 1845 3497 1882 :
3524 1827 3725 1899 quique
3767 1844 3877 1884 non

497 1896 505 1975 ἕ
574 1915 747 1973 invito
766 1931 894 1989 rege
918 1896 1068 1973 nulla
1095 1926 1242 1974 esset
1269 1917 1523 1996 libertas.
2283 1918 2357 1978 ita
2404 1933 2574 1976 unum
2610 1935 2803 1980 verum
2831 1919 3003 1979 Deum
3046 1919 3260 1979 Patrem
3290 1896 3571 1994 pradicant,
3600 1896 3661 1979 ut
3684 1923 3886 1979 veritas

648 2009 735 2069 lo.
778 2009 907 2068 Haec
935 2009 1118 2083 igitur,
1158 2010 1402 2080 Fratres,
1438 2011 1634 2083 quibus
1676 2011 1771 2069 Dei
1813 2010 2082 2082 judicium
2124 2010 2179 2067 in
2280 2026 2493 2085 quoque
2514 2011 2813 2071 divinitatis
2837 2029 2944 2072 non
2990 2013 3321 2087 intelligatur
3346 2015 3401 2072 in
3430 2012 3592 2075 Filio.
3638 2015 3700 2074 Si
3722 2015 3887 2074 unius

578 2111 727 2163 metu
756 2111 864 2173 est,
909 2103 984 2160 ita
1027 2113 1179 2179 gesta
1224 2120 1349 2162 esse
1374 2105 1642 2177 signiﬁco.
1691 2104 1994 2163 Auxentius
2034 2104 2181 2179 quod
2282 2105 2580 2171 divinitatis
2608 2106 2860 2166 Christus
2900 2118 2955 2166 et
2985 2108 3130 2166 Deus
3152 2118 3304 2179 sunt,
3328 2124 3431 2167 cur
3461 2108 3566 2167 hoc
3594 2126 3704 2169 non
3750 2113 3888 2168 sim-

578 2213 780 2273 negare
802 2198 1005 2265 timuit,
1036 2198 1209 2255 noluit
1244 2198 1492 2257 confiteri
1522 2215 1538 2255 :
1568 2215 1694 2257 nam
1720 2200 2077 2272 expositionis
2101 2201 2184 2273 ip-

575 2293 691 2350 sius
716 2292 969 2364 exempla
1009 2291 1239 2365 subieci.
1288 2292 1347 2351 Si
1379 2292 1524 2351 idem
1567 2294 1806 2367 scripsit,
1844 2294 2056 2367 arguite
2085 2292 2186 2349 fal-

584 2383 834 2445 ientem:
886 2385 935 2442 si
989 2401 1123 2443 vero
1170 2386 1317 2444 aliud
1341 2383 1473 2463 (iis.
1527 2385 1687 2444 Corn.
1736 2388 1920 2462 aliter)
1966 2386 2186 2461 scripsit

576 2494 738 2553 quam
782 2480 1061 2552 professus
1108 2492 1214 2551 est,
1264 2480 1556 2555 intelligite
1592 2482 1707 2552 jam
1753 2482 2034 2540 Christum
2086 2497 2185 2557 per

577 2588 700 2631 eum
727 2574 916 2643 alium,
942 2574 997 2633 id
1018 2586 1123 2644 est,
1148 2575 1520 2633 antichristum
1548 2574 1851 2648 pmdicari.
1884 2574 2037 2635 Lusit
2064 2576 2183 2650 qui-

580 2668 705 2727 dem
735 2669 829 2726 ille
857 2668 1062 2738 verbis,
1088 2670 1287 2743 quibus
1318 2670 1485 2742 possit
1530 2670 1718 2729 fallere
1742 2680 1798 2729 et
1822 2671 2060 2741 electos;
2088 2671 2183 2730 sed

584 2770 733 2833 patet
760 2762 1055 2833 impietatis
1083 2770 1248 2821 tanta:
1277 2761 1567 2836 professio.

653 2856 741 2912 ll.
784 2852 1030 2911 Αιιεειιειῖ
1059 2856 1281 2929 perﬁdia
1320 2858 1618 2929 exponitur.
1659 2856 1922 2933 --Negat
1959 2874 2020 2919 se
2047 2858 2185 2920 duos

582 2948 715 3008 deos
743 2948 1062 3023 prmdlcare,
1089 2951 1215 3022 quia
1262 2966 1371 3007 non
1397 2949 1507 3007 duo
1550 2959 1735 3024 patres
1770 2960 1915 3011 sunt.
1944 2952 2079 3025 Quis
2105 2969 2185 3011 se-

580 3043 959 3102 cundumluec
1002 3058 1111 3102 non
1154 3044 1323 3113 videt,
1356 3049 1515 3102 unius
1546 3045 1641 3103 Dei
1684 3045 2080 3105 confessionem
2105 3047 2188 3104 id-

578 3137 727 3194 circo
749 3144 960 3195 tantum
989 3135 1139 3195 Patri
1168 3140 1443 3211 propriam
1480 3154 1625 3208 esse,
1656 3141 1780 3213 quia
1807 3140 1957 3198 solus
1994 3141 2187 3198 esset?

2282 2199 2496 2271 pliciter
2518 2199 2820 2273 scripsisti?
2842 2199 2900 2258 Si
2928 2201 3022 2259 tibi
3054 2216 3161 2259 non
3191 2209 3340 2268 sunt,
3362 2215 3461 2261 cur
3484 2201 3590 2265 hoc
3616 2218 3724 2261 non
3744 2203 3883 2262 situ-

2282 2291 2498 2367 pliciter
2516 2292 2795 2366 denegasti
2814 2292 2839 2347 ?

2358 2384 2444 2445 12.
2488 2382 2739 2443 Ecclesia
2780 2388 3033 2459 parietum
3074 2406 3140 2446 uc
3181 2390 3371 2451 niurias
3408 2392 3476 2449 sit
3502 2405 3666 2451 altor.
3694 2389 3889 2446 -—Ar-

2287 2492 2482 2536 canum
2515 2480 2676 2553 igitur
2718 2490 2828 2539 tam
2874 2482 3116 2554 pestiferi
3161 2484 3403 2557 mysterii
3427 2494 3724 2557 optassem,
3755 2482 3887 2541 Fra-

2287 2582 2418 2641 tres,
2450 2572 2566 2647 ipse
2591 2576 2772 2646 potius
2812 2591 2973 2647 quam
3001 2592 3099 2648 per
3138 2577 3351 2638 litteras
3377 2579 3623 2636 revelare
3645 2618 3661 2646 ,
3685 2586 3745 2635 et
3766 2594 3857 2634 om
3874 2608 3888 2618 -

2286 2681 2384 2725 nes
2411 2666 2774 2740 blasphemias
2823 2670 3077 2729 Anxentii
3109 2672 3291 2729 verbis
3334 2671 3562 2745 singulis
3588 2672 3885 2744 explicare.

2287 2761 2491 2820 Verum
2516 2762 2644 2834 quia
2682 2763 2881 2821 id.non
2910 2765 3073 2834 licet,
3109 2766 3307 2825 saltem
3346 2765 3715 2839 unusquisque
3739 2764 3887 2837 quod

2288 2854 2389 2913 sibi
2416 2856 2573 2913 liceat
2597 2854 2885 2928 intelligat.
2917 2856 3081 2914 Multa
3102 2855 3207 2915 alia
3231 2854 3484 2931 proferre
3511 2854 3771 2920 ﬂuctui:
3796 2872 3885 2913 me

2289 2948 2463 3021 pudor
2508 2948 2737 3018 inhibet,
2785 2959 2843 3007 et
2884 2950 3227 3011 committere
3272 2948 3887 3023 epistolmdrianorum

2288 3044 2746 3117 blasphemiarum
2775 3044 3046 3107 dedecora
3072 3053 3186 3116 pert
3196 3043 3419 3107 immeo.
3451 3043 3635 3103 Unum
3654 3058 3886 3101 moneo:

2287 3146 2473 3197 cavete
2501 3138 2875 3198 antichristum
2897 3138 3065 3213 ϐω
3092 3156 3106 3194 :
3137 3137 3282 3200 male
3306 3139 3453 3199 enim
3484 3155 3580 3195 vos
3621 3138 3886 3209 parietum

580 3229 746 3307 599
768 3231 920 3290 Unde
946 3241 1001 3290 et
1031 3232 1124 3290 ille
1135 3241 1341 3289 satana:
1364 3232 1442 3307 (ο)
1468 3233 1641 3309 styins
1664 3234 1872 3292 exstitit
1896 3252 1913 3289 :
1933 3232 2186 3291 Nouimus
2210 3224 2258 3289 Ο
2288 3246 2443 3291 amor
2460 3233 2621 3304 cepit,
2642 3232 2782 3290 male
2825 3231 3124 3291 Eeelesiam
3152 3229 3247 3297 Dei
3278 3231 3334 3289 in
3359 3229 3515 3291 tectis
3540 3230 3890 3303 adificiisque

580 3338 739 3379 unum
767 3323 936 3380 solum
957 3340 1131 3381 serant
1168 3324 1334 3381 Deum
1376 3335 1594 3397 patrem.
1626 3324 1696 3382 Et
1738 3335 1861 3397 post
1889 3326 2181 3383 malevolos

579 3416 1023 3488 significations,
1057 3414 1317 3487 Similem,
1355 3418 1546 3490 inquit,
1579 3419 1859 3474 secundum
1881 3418 2183 3492 Scriptura:

582 3506 781 3565 Filium
808 3511 1027 3582 genitori
1055 3526 1151 3568 suo
1172 3514 1331 3587 patri.
1364 3513 1421 3571 Si
1462 3529 1687 3585 usquam
1722 3513 1776 3571 in
1801 3516 2003 3573 sanctis
2024 3516 2181 3571 volu-

582 3600 819 3657 minibus
846 3602 950 3658 hoc
991 3602 1247 3677 scriptum
1277 3613 1379 3673 est,
1427 3604 1593 3661 habet
1616 3607 1939 3663 innocentia:
1978 3607 2185 3678 profes-

580 3698 815 3754 siOnem.
843 3698 899 3755 Si
928 3698 1008 3771 (ά)
1038 3714 1165 3754 vero
1194 3699 1423 3757 veritate
1464 3700 1759 3758 divinitatis
1788 3701 1955 3759 Filius
1991 3712 2046 3760 et
2083 3703 2185 3760 Pa-

581 3800 666 3850 ter
692 3809 859 3850 unum
901 3804 1050 3862 sunt,
1094 3795 1224 3866 quid
1267 3794 1637 3852 similitudinis
1667 3796 1976 3869 imperfecta
2001 3797 2186 3875 opinio

2289 3324 2629 3381 veneramini
2645 3364 2664 3393 ,
2684 3323 2824 3382 male
2842 3323 2948 3385 sub
2971 3322 3055 3382 his
3086 3321 3235 3395 pacis
3257 3337 3456 3389 nomen
3487 3324 3731 3397 ingeritis
3757 3325 3890 3395 (huic

2288 3419 2409 3476 citet
2439 3416 2744 3485 Facundos,
2775 3418 2965 3491 Spicil.
3013 3428 3056 3475 t.
3091 3433 3148 3478 ut
3171 3459 3188 3486 ,
3218 3435 3271 3490 ρ.
3326 3417 3473 3489 illi).
3520 3418 3676 3481 Anno
3719 3416 3892 3474 ambi-

2285 3528 2451 3585 guum
2474 3514 2658 3583 est.,in
2690 3510 3173 3570 bisantichristum
3200 3510 3655 3571 essesessurtnn?
3682 3509 3892 3567 Ilontes

2286 3607 2444 3674 mihi,
2473 3616 2531 3665 et
2557 3606 2744 3680 sylvze,
2773 3616 2827 3664 et
2852 3604 2927 3679 (e)
2957 3607 3124 3672 lacus,
3147 3616 3203 3663 et
3224 3621 3495 3676 carceres,
3522 3615 3578 3661 et
3605 3605 3891 3678 voragines

2286 3708 2415 3765 sunt
2454 3702 2682 3757 tutiores
2715 3717 2728 3753 :
2762 3700 2814 3755 in
2839 3698 2923 3755 his
2949 3699 3093 3755 enim
3126 3699 3425 3771 prophetae,
3451 3708 3545 3756 aut
3572 3709 3851 3755 ntatientes
3871 3739 3889 3767 ,

2285 3805 2380 3851 aut
2402 3791 2666 3861 demersi,
2695 3792 2791 3850 Dei
2835 3792 3029 3865 spiritu
3060 3792 3472 3865 prophetabant.
3501 3792 3761 3850 Absistite
3791 3793 3892 3846 ita-

578 3886 921 3943 antefertur?
945 3886 1131 3959 Imago
1158 3886 1376 3959 quidem
1408 3888 1499 3945 Dei
1518 3888 1767 3945 Christus
1790 3899 1875 3948 est
1904 3889 2053 3965 (l'id.
2090 3890 2181 3945 lib.
2248 3885 2391 3959 “que
2416 3885 2485 3943 ab
2504 3885 2780 3944 Anxentio
2803 3893 3006 3942 sat-ma:
3026 3888 3237 3957 angelo,
3271 3884 3427 3941 hoste
3453 3882 3683 3952 Christi,
3712 3893 3887 3940 vasta-

584 3979 641 4033 in
666 3976 937 4035 Constant.
980 3995 1034 4035 ιι.
1062 3979 1160 4051 20)
1196 3997 1210 4035 :
1243 3979 1337 4036 sed
1368 3989 1420 4037 et
1451 3979 1726 4038 hominem
1772 3981 2061 4056 imaginem
2090 3984 2183 4042 Dei

2250 4036 2257 4079 ι
2293 3989 2410 4037 tore
2439 3980 2670 4051 perdito,
2707 3980 2831 4036 fidei
2865 3990 3161 4051 negatore:
3194 3994 3354 4051 quam
3399 3975 3479 4035 sic
3504 3985 3588 4034 est
3613 3975 3726 4049 regi
3765 3992 3892 4049 pro-

584 4088 709 4131 esse
733 4085 841 4130 non
868 4070 1093 4131 dubium
1132 4084 1212 4131 est
1238 4071 1407 4141 ,‘cum
1436 4075 1502 4132 ad
1531 4076 1822 4147 imaginem
1853 4087 1908 4136 et
1935 4077 2187 4135 similitu-
2248 4070 2256 4129 ξ
2291 4074 2485 4143 fessus,
2518 4084 2577 4130 ut
2596 4072 2844 4139 falleret;
2874 4071 3183 4139 sicfefellit,
3212 4080 3271 4129 ut
3300 4070 3717 4143 blaqsbeutaret.
3747 4070 3893 4127 Con-

582 4164 764 4223 dinem
807 4166 901 4222 Dei
958 4165 1131 4223 Adam
1175 4165 1351 4257 factus
1400 4170 1490 4226 sit.
1543 4168 1684 4237 Quid
1731 4181 1807 4237 to,
1841 4169 2017 4227 haeres
2043 4172 2181 4240 Arii,

582 4257 800 4315 Christo
826 4268 1036 4317 tantum
1065 4269 1249 4319 nostra
1294 4261 1593 4320 concedis?
1617 4262 1759 4335 Quid
1800 4264 2025 4338 Regem,
2054 4266 2182 4339 quid

582 4353 847 4421 Comites,
876 4354 1007 4427 quid
1036 4350 1134 4413 Dei
1164 4354 1487 4425 Ecclesiam,
1513 4361 1680 4432 patris
1709 4360 1806 4427 tui,
1833 4362 1884 4417 id
1906 4371 2006 4429 est,
2037 4374 2185 4417 sata-

656 4492 739 4566 (a)
804 4491 970 4549 Carn.
1018 4503 1079 4566 et
1129 4494 1311 4563 Colh.,

586 4566 626 4621 Α
638 4565 860 4633 ttxcntii,
887 4575 943 4647 tt.
972 4565 1037 4622 H
1052 4566 1329 4647 _:_fropter
1341 4565 1489 4647 quod
1500 4581 1547 4627 et
1565 4589 1721 4647 unum
1743 4572 1982 4631 deitatem
1997 4580 2188 4647 ρηεάί-

584 4654 764 4693 camus
789 4653 808 4692 :
831 4640 1023 4709 quibus
1051 4639 1243 4695 Filium
1273 4657 1303 4695 a
1326 4640 1607 4701 divinitate
1634 4646 1827 4702 callide
1852 4639 2113 4706 excludit.

657 4732 733 4806 (ὑ)
759 4732 829 4806 jn
867 4732 1084 4806 duobus
1102 4747 1234 4789 mss.
1270 4736 1517 4806 nomina;
1545 4752 1608 4794 ac
1635 4738 2061 4799 tlcindeilarnut.
2091 4759 2186 4801 co-

587 4803 720 4872 dex,
747 4803 858 4860 Deo
875 4815 1030 4873 atque
1064 4805 1357 4863 hominibus
1392 4808 1545 4863 illudi
1575 4826 1593 4863 :
1622 4820 1731 4865 tum
1781 4827 1904 4869 cum
1934 4829 2037 4871 ms.
2064 4817 2182 4873 bas.

590 4874 743 4943 νει..
771 4878 836 4932 de
865 4875 1201 4944 Mediolanio,
1233 4893 1342 4933 non
1364 4878 1429 4933 dc
1458 4878 1777 4937 Mediolano.

660 4966 733 5040 (ε)
765 4966 819 5023 1η
841 4967 1087 5054 quinque
1139 4983 1272 5054 mss.
1325 4968 1733 5054 [iliusrzstitin
1785 4976 2012 5034 Satanas
2062 4980 2185 5051 qui-

589 5036 741 5135 dem,
765 5036 893 5135 quia
926 5036 1194 5135 mendacii
1219 5036 1505 5135 augmr‘et
1533 5046 1801 5135 fallacium
1833 5066 2030 5135 parens
2068 5036 2182 5118 est,

590 5109 840 5167 Auseniii
864 5120 1018 5181 pater
1042 5127 1165 5169 mox
1194 5113 1659 5185 pradicaturmed
1687 5120 1775 5176 hic
1790 5109 1893 5176 vos
1904 5122 2046 5193 [ilius
2058 5109 2183 5179 cum

587 5182 1041 5263 subsequentibus
1065 5200 1174 5263 non
1208 5186 1341 5263 satis
1368 5186 1629 5263 cohaeret.
1638 5189 1790 5263 _'l‘um
1831 5192 1887 5247 in
1920 5195 2179 5263 vulgatis,

590 5252 731 5310 Noui
758 5252 939 5342 uirum.
972 5256 1205 5342 Rectius
1226 5258 1304 5342 _in
1350 5259 1736 5342 vetustioribus
1761 5277 1894 5320 mss.
1928 5252 2184 5342 Dabimus

588 5342 746 5422 unum
771 5342 790 5380 :
816 5326 931 5422 huic
959 5328 1291 5422 enim.va
1308 5369 1325 5399 ,
1353 5329 1492 5422 sicut
1519 5341 1576 5387 et
1602 5334 2004 5422 subsequentia,
2032 5339 2183 5422 simi:

589 5398 689 5453 lem
708 5398 987 5453 secundum
1010 5398 1335 5473 Scripturas,
1357 5409 1465 5457 etc.
1493 5444 1507 5467 ,
1531 5414 1656 5459 sunt
1680 5398 1925 5464 formula:
1954 5398 2184 5465 Arimini

588 5484 685 5526 seu
711 5468 907 5527 Nicaea:
933 5470 989 5526 in
1036 5471 1267 5530 Thracia
1293 5473 1453 5530 editae
1471 5516 1487 5541 ,
1534 5475 1694 5547 cujus
1735 5492 1796 5535 se
1843 5477 2184 5537 defensorem

590 5543 891 5599 Auxentius
920 5544 1225 5599 profitetur.

640 5557 891 5599 uxennns
920 5557 1225 5615 prontetnr.

662 5632 743 5715 id)
783 5632 1041 5718 ﬁxurum.
1058 5647 1343 5718 revocatur
1378 5638 1639 5718 particula
1665 5656 1804 5707 vero,
1837 5646 2190 5718 quaperspi-

589 5708 744 5788 cuin!
766 5706 836 5763 sit
858 5706 1336 5788 Hilarii__sententia
1367 5706 1555 5788 :'_puta,
1580 5714 1624 5768 si
1654 5706 1839 5770 contra
1856 5706 1917 5771 in
1947 5706 2189 5787 Script'u-

591 5777 667 5833 ris
696 5777 867 5857 Pater.
893 5790 948 5836 et
994 5779 1352 5857 Filinsunum
1379 5777 1632 5857 dicuntur
1680 5795 1887 5844 natura:
1937 5777 2187 5857 veritate,

593 5868 699 5909 non
728 5850 1105 5927 qualicumque
1132 5853 1514 5913 similitudine.

2274 4178 2471 4242 greget
2510 4182 2653 4226 nunc
2682 4167 2774 4225 ille
2798 4182 2932 4240 quas
2961 4168 3105 4223 volet
3141 4166 3198 4221 in
3226 4181 3313 4222 me
3341 4164 3603 4238 synodos,
3634 4173 3689 4222 et
3716 4164 3889 4221 luere-

2230 4222 2243 4349 ί
2286 4222 2875 4336 ηιξ-ιιιιέδε
2898 4222 3013 4335 jam
3042 4261 3189 4329 fecit,
3236 4222 3453 4333 publica
3481 4222 3636 4318 titulo
3654 4260 3893 4335 proscri-

2286 4361 2397 4427 hat,
2429 4367 2488 4417 et
2508 4367 2763 4431 quautam
2788 4356 2938 4413 volet
2966 4356 3101 4411 iram
3146 4356 3199 4411 in
3245 4368 3334 4411 me
3358 4355 3662 4426 potentium
3697 4352 3889 4409 molia~

1379 4498 1499 4574 ﬁlii.
1571 4499 1668 4557 ilic
1716 4511 1974 4574 notantur
2022 4505 2182 4562 verba
2211 4506 2262 4567 ι)
2368 4504 2447 4574 (e)
2483 4502 2613 4559 Mss.
2655 4516 2870 4558 summo
2897 4513 3200 4564 consensu.
3250 4498 3626 4574 lucu-'qu
3674 4512 3888 4574 γοεφτ.

2292 4569 2395 4633 nisi
2428 4569 2543 4630 luci
2590 4588 2697 4629 non
2734 4575 2879 4629 locus
2927 4574 3203 4628 obtineret
3234 4580 3411 4626 rectus
3456 4570 3615 4625 casus
3644 4569 3888 4640 pluralis,

2332 4647 2550 4703 rzeferre
2568 4644 2809 4701 licuisset
2836 4662 2852 4699 :
2875 4645 3029 4715 quasi
3056 4642 3359 4698 affectasset
3383 4640 3617 4715 iiilarius
3640 4641 3891 4698 ecclesiis

2332 4664 2550 4703 ΓῖΒΙθΙτθ
2569 4664 2809 4701 ιιοιιιικι
2836 4664 2852 4699 ἶ
2875 4664 3029 4715 quas!
3056 4664 3359 4698 auectath
3383 4664 3617 4697 nuler
3640 4664 3890 4698 θεειυδιιῑ

2292 4664 2672 4775 Baeticorum
2702 4716 2947 4785 ingressu
2990 4715 3210 4787 pollutis
3246 4713 3524 4787 gentilium
3566 4712 3719 4787 lucos
3752 4726 3890 4767 cono

2294 4790 2460 4855 ferre,
2514 4791 2622 4845 imo
2664 4784 2956 4844 anteferre.
2993 4784 3357 4855 Quamquam.
3386 4785 3439 4840 si
3466 4799 3590 4840 cum
3623 4784 3706 4840 bis
3732 4798 3887 4840 cont-

2296 4858 2705 4933 paremusrillnd
2732 4858 2927 4933 capitis
2953 4860 3061 4915 vin
3090 4857 3276 4913 Matth.
3309 4872 3365 4912 ιι.
3402 4857 3479 4911 l':
3504 4855 3573 4911 In
3610 4857 3749 4933 omni
3776 4858 3892 4912 loco

2296 4929 2496 5003 precem
2536 4932 2754 5003 fundere
2796 4931 3067 4985 edocetnur
3092 4945 3113 4985 :
3141 4938 3191 5003 et
3216 4938 3512 5003 sanctorum
3546 4929 3716 5003 oratio
3758 4934 3892 5003 inter

2294 4999 2449 5076 feras,
2478 4999 2729 5067 carceres,
2759 5003 3020 5073 ﬂammas,
3048 5010 3099 5055 et
3118 5000 3183 5057 dc
3205 5000 3466 5076 profundo
3503 5000 3666 5054 maris
3688 4999 3891 5076 trabes.

2297 5071 2384 5132 tia
2412 5084 2586 5132 ventre
2604 5071 2846 5145 suscepta
2868 5082 2981 5140 est;
3025 5083 3174 5143 patet
3208 5071 3556 5145 retinendum
3583 5085 3705 5127 esse
3736 5071 3891 5145 lucus

2290 5148 2635 5212 vocabulum,
2663 5141 2837 5216 eoque
2860 5141 3133 5202 alludi’vel
3166 5144 3238 5200 ad
3262 5141 3587 5216 profundum
3611 5143 3801 5208 maris,
3833 5144 3888 5201 in

2289 5219 2432 5290 quod
2458 5219 2626 5290 Jonas
2652 5214 2936 5290 demersus
2959 5226 3091 5290 est;
3118 5216 3205 5272 vel
3221 5214 3302 5290 ad
3329 5214 3507 5290 lacum
3523 5214 3809 5290 deorsum,
3835 5216 3890 5271 in

2289 5285 2449 5362 quem
2495 5289 2743 5362 deiectus
2765 5288 3002 5362 ‘Daniel,
3028 5303 3092 5362 ac
3118 5287 3327 5362 positus
3353 5285 3892 5362 ituer_feras_,_a_Deo

2292 5356 2486 5434 respici
2519 5356 2739 5434 meruit.
2762 5358 2879 5421 Huc
2917 5356 3169 5434 conferre
3200 5358 3346 5434 licet,
3372 5356 3517 5434 quod
3543 5357 3729 5434 scribit
3748 5358 3889 5434 Dio-

2295 5427 2479 5505 rtysins
2501 5431 2820 5497 Alesandr,
2848 5431 2992 5516 apud
3016 5430 3209 5489 Euseb.
3228 5429 3358 5515 edit.
3376 5427 3585 5497 Valet,
3610 5427 3684 5488 lib
3706 5446 3720 5483 ι
3747 5428 3889 5485 ilist.

2295 5505 2518 5561 Eccl.c.
2548 5504 2621 5559 2‘2
2648 5522 2661 5557 :
2693 5502 2820 5559 Cum
2868 5503 2962 5558 solt
3007 5501 3069 5557 ab
3112 5504 3341 5558 omnibus
3387 5504 3688 5571 fugamnur
3740 5512 3893 5570 atque

2294 5579 2701 5650 opprimerentur
2722 5616 2739 5650 _,
2774 5574 3132 5650 nihilominus
3180 5578 3301 5650 tunc
3339 5588 3534 5645 quoque
3592 5573 3747 5650 [catos
3779 5576 3889 5647 rgi-

2294 5645 2409 5703 nius
2455 5649 2581 5703 dies.
2632 5646 2810 5713 Quiuis
2836 5647 3053 5719 denique
3075 5647 3240 5715 locus,
3276 5648 3330 5701 in
3356 5661 3459 5719 quo
3506 5645 3673 5700 sarias
3698 5645 3889 5719 terunt-

2296 5737 2389 5775 nas
2433 5719 2731 5789 singillatim
2778 5718 3114 5791 pertulimus;
3163 5734 3306 5791 ager.
3345 5718 3583 5791 inquam,
3631 5718 3889 5782 solitudo,

2297 5794 2459 5861 navis,
2480 5792 2759 5864 stabulum,
2781 5789 2982 5858 carcer,
3008 5791 3172 5848 instar
3196 5789 3373 5864 ientpli
3388 5789 3458 5845 ad
3479 5804 3651 5846 sacros
3675 5804 3894 5845 conven-

2298 5874 2376 5920 tus
2407 5862 2721 5937 pcragcndos
2754 5864 2873 5935 fuit.
