4328 6462
615 276 722 334 619

1518 270 1586 329 IN
1624 269 1869 330 SANC'l'l
1912 264 2165 323 lllLARll
2204 262 2509 325 EPISCOPI
2544 264 2971 324 FRAGMENTA

3800 261 3914 322 690

895 527 1251 602 603m
1300 541 1419 626 IN
1494 538 2219 626 FRAGMENTA
2296 539 2387 623 S.
2465 536 2919 623 HILARII
2995 536 3634 623 PREFATIO.

688 845 729 901 ι.
760 844 842 900 An
883 843 981 897 Itoc
1020 854 1150 913 opus
1180 838 1377 897 Hilarii
1416 841 1501 894 sit.
1538 838 1791 909 Quadam
1826 837 2095 893 dubitandi
2132 852 2188 889 ru
2242 832 2296 897 Α
2321 835 2501 893 siense
2542 848 2773 908 peruetus
2803 848 2989 906 vocat;
3023 840 3078 896 in
3102 854 3210 912 quo
3252 840 3395 897 idem
3435 857 3619 899 rerum
3662 842 3821 909 ordo,
3855 852 3916 900 et

610 941 797 995 tiones.
827 966 901 981 --
926 937 1254 993 l‘mclarum
1299 936 1404 992 hoc
1440 935 1778 1005 antiquitatis
1824 935 2215 989 monimentum

2319 928 2523 984 ett-dem
2571 938 2726 985 erant
2765 933 3163 1002 inscriptiones.
3213 932 3328 989 Hoc
3370 935 3589 1005 quidem
3629 936 3917 1007 exemplar

609 1032 822 1088 Nicolai
862 1030 1024 1087 Fabri
1068 1045 1233 1101 opera
1263 1045 1327 1085 ex
1373 1029 1701 1084 bibliotheca
1741 1027 1802 1084 P.
1845 1026 2037 1083 Pitbtei
2071 1041 2215 1081 anno
2317 1021 2514 1077 l'mstra
2543 1024 2888 1095 quazsivimus
2918 1049 2931 1079 ;
2960 1024 3055 1082 sed
3092 1025 3404 1094 Stephanus
3430 1026 3682 1085 Helusius
3711 1027 3916 1086 litteris

613 1126 755 1181 1598
794 1123 1251 1195 Fragtuentortun
1294 1122 1512 1183 nomine
1565 1120 1798 1187 editum,
1835 1135 2049 1176 summo
2090 1135 2210 1174 om-

610 1220 761 1274 nium
784 1216 978 1289 plausu
999 1225 1286 1286 exceptum
1322 1213 1440 1270 l‘uit.
1475 1214 1616 1270 Nulli
1649 1216 1859 1285 palam,
1888 1212 2030 1284 quod
2067 1213 2209 1267 scia-

616 1330 760 1377 mus,
796 1320 968 1368 totum
1015 1319 1342 1383 respuerant
1379 1312 1535 1381 quasi
1580 1307 1781 1364 Hilario
1820 1307 1959 1363 male
2003 1306 2211 1362 adseri-

611 1417 795 1477 ptum:
826 1405 896 1462 de
947 1404 1091 1460 illius
1136 1413 1319 1460 tamen
1369 1385 1691 1458 auctoritate
1725 1401 2074 1457 subdubitare
2100 1416 2209 1454 non

608 1498 748 1554 nulli
787 1496 1037 1554 videntur
1073 1504 1234 1567 atque
1273 1503 1464 1551 contra
1514 1493 1820 1552 mussitare.
1895 1494 1997 1563 Ipsi
2044 1493 2206 1549 etiam

2310 1110 2561 1183 iuvandis
2600 1124 2780 1182 natus,
2833 1116 3003 1171 sarias
3042 1117 3316 1173 Sirmondi
3363 1117 3623 1177 leetiunes
3649 1120 3910 1193 suppedi-

2318 1203 2512 1273 tanda,
2549 1206 2813 1278 iacturam
2860 1220 3098 1265 nostram
3142 1221 3429 1283 utcumque
3473 1215 3770 1272 resarcivit.
3810 1214 3909 1271 His

2313 1298 2545 1359 act-edit.
2578 1300 2719 1367 quod
2743 1315 2865 1355 cum
2896 1301 3161 1358 Baronius
3195 1306 3261 1359 ad
3305 1319 3394 1360 an.
3420 1305 3551 1375 557,
3585 1322 3650 1364 ex
3680 1307 3907 1365 Cresco-

2314 1392 2474 1447 niana
2521 1389 2852 1449 Collectione
2892 1410 2956 1450 ac
2984 1396 3194 1451 duobus
3223 1410 3356 1452 mss.
3384 1437 3399 1463 ,
3442 1397 3645 1455 Liberii
3694 1398 3907 1456 litteras

2312 1483 2634 1557 Fragmenta
2672 1502 2723 1542 vt
2772 1488 3002 1544 insertas
3030 1487 3329 1571 describat,
3368 1491 3422 1545 in
3463 1492 3755 1549 novissima
3784 1494 3906 1549 edi-

608 1590 766 1648 initio
838 1588 1088 1648 nonnihil
1168 1589 1522 1647 movebamur
1586 1589 1765 1658 primo
1795 1627 1814 1657 ,
1886 1588 2030 1660 quod
2093 1588 2210 1657 epi-
2309 1587 2317 1630 ι

2195 1616 2210 1630 .
2309 1579 2456 1636 tione
2494 1581 2693 1639 latetur
2730 1594 2792 1639 se
2831 1583 2884 1638 in
2935 1585 3047 1638 suis
3090 1599 3223 1641 mss.
3272 1585 3491 1643 easdem
3535 1602 3671 1659 quas
3713 1588 3767 1643 ia
3816 1587 3904 1645 his

607 1682 749 1740 atola
820 1683 1014 1758 synodi
1091 1681 1431 1740 Sardicensis
1486 1681 1555 1751 ad
1607 1683 1885 1741 universas
1948 1680 2205 1738 ecclesias

609 1778 941 1849 Fraguteuto
977 1793 1013 1833 ιι
1050 1784 1340 1845 contenta,
1383 1782 1439 1832 et
1478 1774 1840 1834 Ariminensis
1878 1774 2095 1832 concilii
2132 1774 2203 1829 ad

604 1868 984 1926 Constantium
1036 1867 1259 1935 litteraa,
1305 1882 1426 1938 qua:
1460 1868 1687 1939 primam
1742 1866 2051 1938 Fragmeuti
2106 1882 2201 1922 vnt

599 1972 809 2034 partem
854 1961 1171 2025 coniiciunt,
1217 1975 1341 2016 cum
1386 1960 1547 2015 latine
1588 1962 1807 2029 scripta:
1848 1960 1989 2025 sint,
2040 1959 2200 2028 longe

595 2062 781 2111 tamen
810 2054 1215 2126 castigatiorcs,
1261 2053 1536 2120 pleniores
1573 2069 1638 2108 ac
1673 2062 1863 2109 mutuo
1902 2051 2200 2108 sententia-

594 2162 715 2204 rum
739 2162 881 2203 nexu
904 2148 1263 2218 elegantioraa
1287 2147 1337 2201 in
1363 2146 1555 2217 grzrcis
1576 2143 2010 2215 exemplaribus,
2032 2158 2195 2214 quam

2306 1671 2647 1744 Fragmentis
2683 1676 2952 1748 reperisse
2985 1677 3433 1749 interpolationes
3468 1680 3674 1740 Hilario
3700 1681 3905 1753 pariter

2307 1767 2630 1839 adscriptas.

2377 1878 2463 1934 Ill.
2494 1878 2798 1953 Hieronymi
2825 1883 3131 1939 testimonio.
3155 1913 3229 1925 --
3254 1883 3384 1941 Mss.
3416 1884 3746 1960 suﬂ‘ragatur
3776 1887 3903 1944 Ilie-

2301 1976 2700 2045 ronymumoui
2720 1974 2866 2031 enim
2893 1976 3073 2032 abillo
3104 1978 3174 2034 de
3210 1978 3474 2050 Scriptor.
3515 1982 3711 2040 ewles.
3763 1984 3908 2041 inter

2297 2065 2652 2139 605m
2669 2082 2836 2139 opera
2875 2068 3058 2125 Hilarii
3098 2083 3432 2139 recensetur,
3459 2072 3615 2131 Liber
3658 2073 3904 2131 adseram

2310 2156 2569 2214 Valentem
2599 2171 2647 2213 et
2677 2159 2969 2229 Ursacium,
2994 2164 3260 2219 historiam
3288 2165 3626 2223 Ariminenais
3648 2177 3696 2225 et
3722 2169 3902 2224 Seleu-

591 2238 649 2293 iu
686 2238 770 2292 his
795 2236 1128 2309 Fragmeutis
1156 2238 1494 2307 reperiantur
1524 2254 1537 2289 :
1567 2235 1765 2294 deinde
1789 2234 1933 2306 quod
1970 2233 2077 2289 alia
2099 2234 2190 2330 sit
2224 2224 2300 2301 Β(

2224 2224 2274 2285 Β
2296 2252 2481 2306 eiensis
2494 2253 2678 2325 synodi
2692 2256 2978 2323 continens,
3000 2257 3063 2311 ba
3071 2257 3139 2313 ιιι]
3156 2258 3385 2314 obscure
3401 2261 3730 2330 promittitur
3741 2263 3900 2318 titulo

591 2329 734 2384 libro
762 2328 832 2384 de
854 2329 1081 2400 synodis
1109 2344 1257 2383 num.
1286 2326 1379 2395 ⁸54,
1412 2327 1512 2383 alia
1540 2327 1869 2400 Fragmenta
1898 2341 1979 2395 tu,
2010 2340 2068 2381 ιι.
2092 2324 2188 2391 ἳ9,

586 2420 1165 2493 pseudo-Sardiceusis
1210 2420 1332 2474 lidei
1392 2419 1697 2475 translatio.
1730 2419 1915 2474 Tertio
1962 2432 2086 2473 cum
2123 2431 2191 2473 eo

594 2520 861 2582 tempore,
884 2529 995 2583 quo
1024 2514 1126 2569 sibi
1161 2514 1441 2569 restitutus
1465 2514 1715 2571 Liberius
1742 2512 2003 2571 Ecclesia:
2028 2512 2188 2568 [idem

590 2606 813 2676 egregie
851 2614 1114 2672 tueretur,
1154 2604 1257 2661 hoc
1286 2620 1420 2676 opus
1459 2605 1717 2674 scriptum
1758 2604 1927 2660 fuisse
1964 2618 2190 2660 necesse

584 2700 693 2767 sit;
724 2700 1049 2759 incredibile
1078 2700 1383 2765 videbatur,
1419 2709 1477 2755 ut
1519 2700 1571 2755 ei
1612 2699 1724 2769 jam
1752 2710 2032 2761 correcta,
2077 2698 2188 2753 imo

586 2793 751 2847 etiam
768 2795 1038 2847 acerrimo
1060 2791 1184 2846 ﬁdei
1205 2803 1455 2861 patrono.
1476 2800 1553 2847 tot
1568 2790 1915 2847 anathemata
1931 2789 2092 2860 Frag.
2109 2805 2185 2857 v1,

587 2897 736 2937 num.
776 2882 834 2951 6,
873 2881 1082 2939 diceret
1122 2881 1379 2947 Hilarius,
1420 2884 1511 2953 qui
1550 2880 1915 2938 Orientalibus
1950 2880 2186 2938 necdum

584 2976 733 3031 recte
758 2975 1139 3041 sentientibus,
1165 2976 1293 3047 quia
1323 2988 1501 3032 tamen
1538 2975 1607 3031 ad
1652 2978 1931 3032 veritatem
1965 2974 2186 3046 prepius

583 3065 933 3131 accederent,
985 3066 1125 3122 libro
1162 3066 1231 3123 de
1272 3066 1510 3137 Synodis
1546 3066 1621 3121 ita
1667 3065 1925 3137 pepercit,
1974 3075 2035 3121 ut
2084 3079 2187 3120 uec

582 3158 775 3215 laudes
796 3160 1024 3230 negarit.
1056 3157 1372 3215 Deterrebat
1394 3166 1657 3227 praetcrea
1677 3166 2024 3213 monstruosa
2042 3171 2184 3227 quie-

586 3251 711 3307 dam
742 3266 923 3306 rerum
969 3250 1260 3308 facies.*et
1300 3250 1603 3307 inordinata
1633 3250 1966 3320 confusaque
2002 3252 2182 3305 varia-

583 3356 705 3397 rum
732 3340 1086 3412 epistularum
1115 3341 1424 3412 congeries,
1463 3341 1670 3398 Hilario
1708 3340 1842 3397 alias
1873 3348 2023 3398 tanto
2057 3356 2181 3397 cum

584 3434 775 3490 ordine
801 3435 1009 3505 singula
1044 3444 1338 3490 enarrante
1369 3433 1606 3504 indigna.
1648 3433 1995 3504 Augebantur
2021 3433 2179 3490 deni-

582 3541 708 3597 que,
755 3524 898 3595 quod
940 3528 1121 3580 omnia
1173 3526 1289 3580 Ita-.c
1330 3524 1652 3596 Fragmenta
1692 3540 1798 3581 nou
1846 3540 1914 3580 eo
1951 3526 2004 3581 in
2047 3539 2178 3581 mss.

586 3618 775 3685 modo,
803 3632 914 3688 quo
939 3617 1033 3672 illa
1060 3615 1314 3673 Nicolaus
1340 3617 1520 3673 Faber
1543 3616 1734 3683 edidit,
1756 3616 1857 3672 sub
1885 3632 1994 3674 uno
2022 3617 2182 3672 titulo
2210 3601 2257 3666 C

585 3719 747 3778 atque
790 3708 979 3763 Hilarii
1012 3708 1232 3763 nomine
1269 3717 1593 3773 occurrant;
1621 3708 1716 3765 sed
1755 3709 1808 3763 in
1840 3708 1975 3764 duas
2018 3708 2188 3765 veluti

585 3812 771 3873 partes
797 3802 1131 3869 dividantur,
1170 3816 1400 3871 quarum
1447 3802 1644 3875 prima,
1686 3818 1806 3871 qua:
1844 3801 2215 3877 Fragmentis

589 3910 671 3957 χι,
704 3909 820 3954 χιιι.
856 3909 936 3959 ιιι,
964 3908 1076 3959 vtu,
1103 3908 1178 3958 tx,
1207 3908 1238 3945 v
1272 3902 1330 3948 et
1356 3909 1449 3958 vu,
1481 3902 1713 3960 constat,
1747 3908 1847 3949 nec
1877 3893 2061 3948 Hilarii
2085 3911 2184 3949 nec

592 3986 830 4055 ettjnsvis
876 3985 1101 4041 alterius
1148 3987 1367 4041 nomine
1410 3985 1765 4056 ἰιιδειὶικιιιιη
1807 3989 2059 4057 quamvis
2106 3985 2183 4043 illi

588 4094 711 4133 eum
738 4078 792 4133 in
816 4076 996 4133 fronte
1024 4087 1137 4131 tum
1164 4077 1229 4131 ad
1258 4078 1460 4133 calcem
1485 4079 1826 4134 adscribatur
1847 4081 2037 4144 altera,
2060 4094 2184 4150 qua:

589 4168 916 4238 Fragmenta
946 4184 985 4235 ι,
1009 4181 1068 4232 n,
1103 4184 1179 4233 tv,
1206 4184 1301 4235 xu,
1333 4184 1445 4235 xiv,
1477 4184 1566 4236 xv,
1592 4184 1648 4223 vt
1674 4178 1728 4223 ct
1748 4185 1802 4237 χ,
1828 4174 2185 4241 comprehen-

590 4262 688 4314 dit.
726 4261 803 4315 Ea
831 4276 937 4331 quo
967 4259 1263 4315 auctoritas
1293 4264 1479 4331 prima:
1517 4261 1709 4316 saltem
1752 4266 1943 4333 partis,
1970 4278 2093 4335 qua:
2129 4264 2181 4320 in

588 4356 737 4426 prius
752 4354 983 4423 vulgatis
1000 4368 1269 4425 postrema
1287 4362 1392 4421 est,
1406 4354 1642 4411 sublesta
1658 4353 1936 4413 videbatur
1948 4372 2013 4412 ac
2027 4357 2180 4415 levis.

662 4467 725 4523 ll.
759 4465 968 4521 Hilario
996 4470 1246 4522 asseritur
1275 4483 1396 4522 mss.
1424 4467 1750 4523 auctoritate.
1783 4498 1855 4510 --
1880 4469 1972 4525 llis
2005 4471 2185 4528 omni-

588 4560 689 4614 bus
712 4558 966 4628 pcrmoti,
995 4558 1064 4613 ad
1096 4559 1176 4614 rei
1204 4560 1484 4614 veritatem
1515 4559 1826 4629 diligentius
1858 4562 2184 4637 investigan-

586 4654 708 4705 datu
740 4654 977 4705 animum
1018 4651 1337 4721 adiecturus.
1372 4650 1448 4705 Ae
1490 4653 1663 4721 primo
1700 4653 1915 4725 quidem
1958 4656 2183 4714 minime

584 4742 1036 4799 ρυειιυιιιιιοιιιιειειι
1097 4758 1218 4797 esse
1270 4742 1524 4816 duximus
1576 4758 1705 4799 mss.
1763 4747 2177 4815 auctoritatem,

587 4836 690 4891 lt-tc
720 4848 857 4906 opus
888 4848 995 4889 non
1018 4836 1207 4897 semel,
1237 4834 1332 4891 sed
1366 4839 1557 4890 iturum
1594 4854 1655 4888 ac
1699 4838 1858 4892 tertio
1885 4838 1942 4895 S.
1976 4839 2059 4895 llil
2082 4840 2180 4897 trio

587 4929 1035 4994 adscribetttimtt,
1063 4928 1315 4986 nituit-um
1340 4929 1496 4983 initio
1528 4931 1683 4999 primi
1715 4930 2052 5003 Ft'agmenti,
2081 4932 2178 4989 lu-

586 5026 709 5093 cipit
756 5021 881 5077 liber
924 5022 985 5077 8.
1038 5019 1232 5074 Hilarii
1285 5019 1599 5076 Pictucrnsis
1642 5026 1920 5095 provincia:
1964 5027 2178 5098 Aquita-

586 5120 721 5181 nitc,
780 5127 918 5181 etc.,
978 5129 1298 5183 rurstnnqrte
1356 5116 1407 5170 in
1466 5118 1644 5172 medio
1695 5117 2019 5191 Fragntento
2076 5137 2127 5178 vr
2160 5165 2176 5189 ,

582 5210 806 5265 Sanctus
839 5206 1075 5260 Hilarius
1102 5208 1373 5260 (utut/roma
1397 5208 1477 5261 illi
1498 5210 1640 5271 dicit,
1666 5226 1727 5265 ac
1748 5212 1963 5267 demum
1991 5216 2040 5268 in
2068 5217 2175 5271 line

585 5301 888 5371 Fragntentt
908 5315 939 5353 χ
968 5341 984 5364 ,
1020 5296 1243 5367 Explicit
1274 5300 1398 5353 liber
1425 5300 1487 5356 S.
1524 5300 1714 5356 Hilarii
1735 5321 1798 5358 cx
1829 5306 1993 5380 Opere
2012 5308 2175 5363 Itisto-

578 5395 707 5447 rico.
740 5390 979 5460 Namque
1018 5391 1061 5445 si
1087 5392 1207 5462 quis
1235 5392 1446 5448 l’ttltwo
1472 5394 1642 5449 codici
1676 5396 1961 5454 ehartaceo
1984 5442 1996 5465 ,
2027 5403 2170 5470 quod

577 5486 853 5541 recentior
888 5484 960 5538 sit
992 5491 1047 5538 et
1075 5485 1143 5538 ab
1182 5488 1337 5540 annis
1388 5487 1665 5544 dumtaxat
1709 5492 1812 5548 500
1843 5496 2167 5566 descriptus,

574 5599 680 5635 mu
706 5580 836 5634 satis
870 5589 983 5633 tuto
1014 5580 1159 5633 credi
1195 5589 1378 5647 pu.et;
1407 5581 1565 5638 ﬁdem
1590 5600 1695 5640 non
1725 5589 1941 5659 negabit
1969 5592 2170 5650 haben-

574 5680 694 5729 datn
725 5676 782 5729 S.
812 5671 1040 5741 Remigii
1066 5672 1348 5727 Bernensis
1379 5676 1709 5746 exemplari,
1742 5682 1883 5751 quod
1924 5683 2166 5740 Sirmou-

566 5769 684 5835 dus,
720 5768 872 5837 cujus
903 5764 952 5819 in
980 5756 1243 5835 potestate
1272 5762 1393 5833 l‘uit,
1430 5768 1572 5826 notis
1596 5771 1648 5826 iu
1674 5771 1976 5833 Concilium
2008 5776 2157 5834 Pari~

2299 2344 2353 2399 in
2385 2347 2559 2403 fronte
2597 2346 2811 2419 Fragm.
2846 2366 2861 2405 ι
2892 2360 3188 2421 praenotata
3211 2371 3225 2405 :
3252 2351 3446 2424 Incipit
3462 2354 3588 2411 liber
3613 2356 3677 2413 S.
3701 2355 3899 2412 Hilarii

2292 2437 2616 2498 Pictavensis
2641 2445 2927 2513 'prorincim
2974 2446 3283 2518 Aquitania,
3328 2450 3380 2503 in
3414 2466 3518 2524 quo
3554 2462 3675 2507 sunt
3701 2454 3895 2520 omnia,

2291 2534 2701 2599 quteostmdunt
2734 2536 2810 2590 vel
2845 2539 3123 2607 quomodo,
3154 2540 3456 2609 quibusth
3482 2543 3686 2609 causis,
3712 2543 3898 2616 quibus

2287 2621 2598 2679 instantibus
2624 2626 2718 2681 sub
2758 2628 2888 2698 imp.
2920 2629 3220 2685 Constantio
3257 2637 3449 2704 factum
3473 2646 3548 2689 est
3576 2636 3898 2691 Ariminense

2288 2717 2587 2783 concilium,
2616 2728 2720 2773 etc.
2754 2719 3077 2791 Expressius
3113 2733 3318 2779 tantum
3346 2726 3481 2781 dixit
3521 2726 3887 2801 Hieronymus

2287 2808 2530 2863 adversus
2562 2808 2831 2865 Ursacium
2861 2821 2912 2867 et
2950 2811 3238 2883 Valentem,
3275 2818 3417 2877 quod
3460 2819 3547 2874 hic
3576 2820 3887 2888 generalius

2286 2902 2631 2958 enuntiatum
2672 2914 2756 2960 est
2797 2906 3090 2976 quomodo,
3124 2911 3437 2979 quibusnam
3478 2914 3668 2981 causis,
3703 2912 3891 2984 quibus

2287 2993 2618 3051 instantibus.
2662 2996 2793 3052 Nam
2832 3000 2977 3070 quod
3016 3001 3133 3057 haec
3182 3002 3505 3075 Fragmenta
3548 3008 3659 3062 sint
3706 3008 3891 3077 operis

2286 3085 2551 3143 adversus
2584 3086 2860 3146 Valentem
2889 3103 2945 3148 et
2969 3091 3250 3151 Ursacium
3276 3097 3483 3167 scripti.
3508 3113 3630 3155 cum
3650 3112 3717 3156 ex
3740 3100 3885 3166 aliis,

2290 3185 2404 3233 tum
2435 3181 2671 3237 maxime
2693 3198 2760 3238 ex
2790 3186 3060 3251 secundo;
3083 3187 3315 3252 decimo,
3344 3205 3409 3246 ac
3435 3191 3649 3248 duobus
3678 3201 3891 3262 postre-

2289 3269 2393 3325 mis
2416 3279 2500 3326 est
2528 3274 2890 3332 manifestum.
2921 3277 3132 3336 Titulus
3156 3283 3373 3352 quidem
3401 3291 3587 3340 noster
3606 3285 3672 3341 de
3698 3285 3898 3343 Seleu-

2288 3361 2458 3420 cicnsi
2481 3367 2714 3422 concilio
2741 3369 2877 3425 nihil
2906 3373 3159 3441 spondet,
3191 3378 3348 3445 cujus
3373 3385 3552 3433 tamen
3586 3377 3888 3444 historiam,

2286 3455 2582 3513 secundum
2634 3459 3045 3535 Hieronymum,
3092 3466 3277 3523 Hilarii
3327 3467 3466 3525 liber
3513 3468 3677 3526 debet
3725 3473 3895 3529 couti-

2290 3563 2437 3606 nere.
2472 3548 2543 3605 At
2562 3551 2944 3627 Hieronymus,
2978 3558 3100 3628 qui,
3128 3565 3187 3613 ιιι
3212 3561 3279 3615 ad
3322 3560 3493 3618 libros
3518 3562 3590 3618 de
3625 3563 3895 3621 Trinitate

2290 3658 2356 3702 ac
2379 3646 2449 3703 de
2476 3647 2711 3721 Synodis
2747 3652 3099 3710 observatum
3130 3665 3233 3723 est,
3264 3658 3521 3728 operibus
3546 3658 3777 3715 aliorum
3808 3662 3895 3715 in-

2291 3742 2493 3812 apectis
2522 3743 2705 3799 titulos
2740 3745 2810 3802 de
2850 3762 2951 3803 suo
2995 3749 3277 3819 imponere
3319 3751 3547 3817 solebat,
3590 3753 3658 3807 ad
3695 3752 3891 3810 Seleu-

2284 3831 2478 3888 cicnse
2529 3834 2817 3893 concilium
2867 3838 3077 3896 referre
3135 3842 3305 3910 petuit
3353 3842 3714 3912 monimenta,
3764 3860 3893 3915 qua)

2290 3923 2618 3997 Fragmenta
2645 3946 2675 3985 χ
2699 3929 2986 4000 habentur,
3012 3943 3068 3989 ct
3098 3934 3399 3990 iudicantur
3425 3946 3697 3993 secutura.
3723 3936 3891 3993 Natu-

2289 4033 2397 4089 que
2427 4034 2548 4091 quzc
2587 4021 2640 4078 iu
2680 4038 2745 4081 eo
2767 4034 3055 4082 narrantur
3070 4029 3207 4084 inter
3232 4030 3591 4089 Seleuclettsis
3623 4041 3679 4090 et
3698 4033 3895 4089 Arimi-

2290 4116 2477 4170 nensis
2521 4116 2734 4174 concilii
2784 4117 2990 4190 legatos
3018 4122 3481 4194 Constantinopoli
3522 4135 3704 4197 gesta,
3733 4136 3786 4181 et
3816 4127 3886 4183 ad

2289 4203 2633 4264 Seleucicnse
2653 4217 2708 4265 et
2726 4209 2794 4271 ad
2820 4212 2856 4266 Α
2867 4211 3158 4271 rimincnse
3180 4214 3551 4272 indifferenter
3573 4218 3844 4288 pertinent
3867 4240 3881 4273 ς

2289 4296 2357 4353 ad
2388 4296 2735 4357 Seleucicnse
2764 4302 3001 4372 quidem,
3035 4305 3193 4377 cujus
3221 4310 3555 4365 continuatio
3591 4325 3713 4368 esse
3740 4311 3886 4366 Con-

2288 4388 2766 4461 stantiuopolitaua
2806 4394 3047 4465 synodus
3076 4397 3388 4465 videbatur;
3427 4398 3494 4455 ad
3538 4398 3887 4459 Arimitteuse

2289 4495 2441 4549 vero,
2472 4482 2525 4536 in
2557 4484 2708 4554 cujus
2730 4486 3055 4544 sententiam
3086 4489 3319 4560 quodam
3348 4492 3510 4547 modo
3538 4492 3672 4549 abiit
3692 4494 3886 4550 Seleu-

2290 4575 2497 4633 ciensis
2549 4580 2810 4650 synodus,
2854 4581 2985 4637 dum
3035 4585 3204 4653 ipsius
3254 4586 3412 4655 legati
3472 4586 3633 4645 tidem
3678 4588 3734 4645 in
3789 4591 3889 4647 illo

2288 4670 2525 4725 concilio
2541 4672 2739 4727 editam
2760 4675 3037 4745 suscipere
3055 4676 3526 4749 Constantinopoli
3543 4679 3714 4737 coacti
3732 4693 3879 4736 sunt.

2355 4760 2444 4817 ιν.
2472 4761 2734 4820 Hilarium
2760 4783 2869 4837 prie
2897 4784 2951 4823 se
2977 4770 3077 4839 {ert
3105 4785 3121 4823 l
3161 4772 3524 4841 fragmentum.
3568 4772 3885 4847 Fragmenta

2283 4854 2391 4910 alia
2420 4872 2535 4910 cum
2558 4859 2724 4925 primo
2752 4859 2923 4929 omnia
2946 4871 3084 4915 sunt.
3114 4890 3183 4903 -—
3205 4862 3364 4917 'l'itnli
3396 4874 3575 4919 autem
3602 4867 3882 4923 veritatem

2287 4961 2395 5004 non
2421 4950 2765 5007 mediocriter
2787 4954 3073 5007 i-ontirutat
3092 4955 3485 5024 fragmentum:
3514 4974 3527 5010 :
3556 4959 3881 5029 Episcopum

2285 5044 2482 5113 quippe
2511 5060 2620 5112 pra:
2648 5061 2707 5100 se
2741 5044 2847 5100 fert
2869 5045 3228 5116 Gallicanum,
3259 5050 3349 5119 qui
3382 5068 3409 5102 a
3439 5050 3597 5105 rebus
3622 5051 3674 5106 in
3705 5051 3882 5109 Gallia

2279 5137 2448 5207 gesti»-
2475 5136 2640 5209 (num.
2669 5139 2748 5211 6.)
2773 5140 3053 5197 exordium
3098 5142 3336 5200 facturus
3364 5144 3434 5200 sit
3458 5163 3472 5212 ;
3499 5144 3590 5214 qui
3628 5143 3878 5201 exsilium

2282 5232 2534 5285 maluerit
2561 5232 2765 5297 subire,
2797 5247 2956 5303 quam
2981 5233 3192 5302 prodita
3219 5234 3478 5292 Ecclesia:
3504 5236 3613 5293 fide
3635 5237 3880 5294 domesti—

2279 5338 2343 5375 co
2364 5324 2467 5376 otio
2496 5325 2602 5395 frui
2632 5328 2809 5396 (nunt.
2834 5323 2934 5399 4);
2958 5326 3045 5395 qui
3079 5335 3135 5380 ut
3166 5342 3347 5382 verant
3378 5328 3689 5400 imperatori
3715 5330 3877 5387 fidem

2285 5415 2639 5482 persuaderet
2659 5457 2675 5480 ,
2702 5418 3030 5489 impensiore
3055 5434 3180 5477 cura
3210 5420 3534 5477 audientiam
3567 5427 3877 5494 poposcerit

2280 5508 2464 5579 (num.
2493 5508 2580 5577 5),
2613 5526 2713 5565 nec
2740 5512 2979 5579 potuerit
3022 5512 3347 5581 impetrare;
3391 5516 3481 5585 qui
3514 5516 3636 5572 lidci
3685 5517 3875 5586 depra-

2278 5600 2573 5661 vationem,
2606 5612 2660 5657 et
2678 5606 3077 5673 corruptionem
3110 5606 3529 5678 Evangeliorum
3549 5609 3658 5677 jam
3683 5612 3877 5679 raptim

2279 5691 2586 5760 ingesserit,
2609 5693 2695 5761 qui
2717 5693 2948 5766 denique
2972 5712 3078 5764 quo
3100 5698 3283 5754 animo
3311 5699 3436 5755 velit
3467 5699 3565 5770 legi
3590 5702 3755 5770 (nam.
3791 5701 3865 5772 7),

2279 5783 2538 5843 lectorem
2577 5800 2929 5859 pr.etuoneat.
2977 5789 3050 5846 lta
3078 5805 3139 5848 se
3162 5791 3472 5850 llilat-iusin
3500 5794 3617 5866 ipso
3643 5796 3867 5852 exordio
