4328 6460
461 301 560 360 Gai
1909 302 2293 360 Pti.trli“ATl0.
3665 319 3774 374 θη

459 418 693 489 propriis
719 417 992 474 coloribus
1015 417 1209 489 pinxit,
1235 427 1294 476 ut
1316 420 1510 491 quibus
1540 421 1673 480 aliis
1701 423 1915 494 ignotus
1945 436 2054 478 non
2082 426 2133 486 Α
2157 437 2278 493 qua:
2311 422 2424 493 ipse
2457 423 2688 492 primum
2731 425 2794 478 ad
2841 441 2978 492 opus
3018 426 3317 485 absolutius
3357 431 3757 488 conﬁciendum

456 520 539 566 est
564 553 578 576 ,
605 509 922 564 nullatenus
959 513 1134 566 valeat
1161 513 1351 569 latere.
1381 514 1518 570 Cum
1549 523 1730 572 autem
1761 514 1934 587 primo
1965 515 2057 569 illo
2157 513 2258 567 sibi
2288 527 2677 583 comparasset.
2703 517 2853 570 Tunc
2879 536 3005 571 vero
3037 522 3086 570 in
3111 531 3348 575 ment-tn
3377 523 3427 578 ci
3451 529 3638 580 venire
3667 543 3756 594 po-

457 610 764 674 tragmcnto
790 604 1051 660 indicetur
1079 607 1493 665 subsecuturum
1523 626 1688 679 opus,
1722 608 1864 681 qttod
1896 609 2058 665 variis
2157 606 2256 660 luit
2279 607 2412 662 illud
2443 609 2687 677 Apostoli
2718 607 2839 664 Gal.
2867 627 2905 678 ι,
2937 615 2971 668 8
2996 631 3006 662 :
3035 612 3177 666 licet
3201 632 3295 669 nos
3319 627 3410 670 aut
3443 618 3666 688 Angelus
3697 619 3762 673 de

454 706 668 754 constet
716 708 828 752 tum
868 699 1113 770 epistolis
1156 713 1266 756 tum
1313 704 1553 773 synodis,
1603 714 1656 758 et
1699 704 2055 759 Ariminensis
2153 701 2279 755 creto
2302 704 2768 772 evangelisctuobis
2795 717 2979 776 pra‘tcr
3017 712 3326 780 qnamquod
3354 714 3760 783 murigetisamus

454 789 672 848 Concilii
699 789 978 847 historiam
1002 807 1068 849 es
1092 792 1429 852 Arelatensis
1448 797 1783 869 aliorumque
1805 798 2049 860 superio-

453 898 574 939 rum
608 883 961 941 conciliorum
1004 889 1177 957 gestis
1208 888 1369 944 altius
1406 900 1658 959 repetat;
1706 892 1864 960 hujus
1907 891 2051 960 frag-

455 975 625 1034 menti
665 982 886 1034 auctore
920 978 1136 1050 agnito,
1168 982 1398 1038 maxima
1441 983 1733 1040 auCtoritas
1769 983 1979 1039 accedit
2001 991 2054 1038 et

451 1065 688 1124 caeteris.

529 1157 590 1216 ν.
626 1155 800 1216 Partis
820 1161 1083 1230 utriusque
1109 1164 1644 1222 consensio.-—Nutla
1669 1177 1818 1222 certe
1839 1165 2052 1224 videtur

452 1252 621 1323 ratio,
651 1270 749 1312 cur
776 1269 884 1312 non
918 1255 1094 1322 prima
1123 1255 1348 1329 huiusce
1376 1259 1714 1320 Collectiouis
1738 1276 1866 1330 pars
1895 1275 2048 1330 aque

451 1365 517 1409 ac
562 1350 802 1407 secunda
852 1350 1058 1406 Hilario
1096 1349 1450 1408 adscribeuda
1491 1353 1583 1408 sit.
1630 1352 1866 1425 Utraque
1901 1355 2048 1410 enim

448 1442 616 1500 variis
640 1443 888 1512 epistolis
912 1457 978 1498 ac
998 1445 1221 1514 synodis
1241 1457 1472 1502 constat.
1497 1444 1752 1516 Utraque,
1779 1457 1831 1500 ut
1856 1447 2048 1502 obser-

449 1538 595 1593 vavit
638 1535 754 1593 Nic.
790 1534 1006 1604 l-‘aber,
1046 1538 1252 1609 aliquot
1280 1539 1419 1596 loris
1446 1540 1610 1596 verba
1652 1544 1888 1596 auctoris
1916 1541 2050 1611 ipsis

449 1626 584 1685 actis
635 1627 799 1686 habet
850 1630 1129 1696 immixta,
1176 1645 1298 1702 qua:
1345 1633 1676 1688 sanctissimi
1717 1632 2048 1688 confessoris

447 1718 688 1796 pliraslm
734 1721 1052 1779 etbibesnt.
1105 1722 1396 1796 Utriusque
1449 1726 1797 1782 monimentis
1844 1727 2048 1796 pariter

2153 794 2312 859 vobis,
2340 795 2612 849 uitat/terna
2637 797 2704 850 sit
2734 813 2746 850 :
2769 796 2838 850 lit
2865 799 2917 851 in
2942 797 3209 854 Liberium
3232 802 3433 859 (lin-is“
3459 818 3637 861 cattas:
3657 807 3756 864 dc-

2150 894 2416 942 serturem
2456 887 2508 942 id
2543 888 2650 943 sibi
2684 889 2890 945 licitum
2920 889 3262 948 existimaret
3287 896 3429 964 quod
3461 894 3756 964 Apostolus

2153 979 2206 1031 in
2233 995 2293 1034 se
2322 987 2380 1034 et
2405 983 2456 1032 in
2487 981 2750 1051 Angelum
2784 983 2878 1037 Dei
2904 1000 3011 1038 nun
3044 987 3284 1055 permisit
3310 998 3540 1055 tintum,
3572 992 3667 1046 sed
3699 1001 3756 1048 et

2153 1073 2428 1140 prmecpit.
2463 1071 2647 1142 Neque
2671 1074 2958 1145 quidqu.-m
2987 1077 3277 1145 proclivms
3302 1087 3386 1134 est
3412 1081 3761 1138 vehementer

2148 1163 2496 1230 amantibus’,
2527 1180 2687 1235 quam
2721 1175 2778 1220 ut
2807 1167 2983 1237 aliqua
3012 1187 3063 1223 tll
3093 1185 3217 1226 eum
3239 1212 3254 1234 ,
3282 1187 3442 1241 quem
3484 1174 3554 1228 ab
3578 1176 3757 1229 amico

2150 1256 2384 1326 turpiter
2399 1257 2637 1314 deiicere
2656 1260 2904 1322 audiunt.
2933 1262 3324 1334 indignationis
3350 1275 3476 1322 nota
3498 1283 3761 1337 compen-

2149 1363 2274 1404 sare
2299 1358 2568 1406 conentur
2592 1393 2605 1418 ,
2633 1352 2778 1422 quod
2811 1353 2884 1406 illi
2909 1354 2980 1408 de
3005 1367 3305 1412 amatorum
3339 1373 3564 1415 numero
3593 1359 3758 1417 dece—

2148 1443 2246 1498 dit.
2279 1443 2386 1503 Sed
2418 1445 2462 1498 si
2489 1444 2698 1500 dissuta
2719 1451 2900 1516 operls
2921 1462 3216 1519 numquam
3247 1450 3472 1507 ειυςυΐυιή
3503 1452 3759 1508 adversa-

2148 1537 2228 1592 ria
2254 1537 2320 1592 ad
2347 1554 2446 1593 nos
2479 1542 2796 1609 pervenisse
2821 1543 3162 1598 concesseris
3187 1560 3201 1608 ;
3251 1539 3359 1600 erit
3397 1545 3599 1615 pariter
3624 1562 3758 1602 cnu—

2143 1629 2470 1695 cedendum,
2495 1633 2824 1687 monimenta
2845 1633 2959 1702 illa,
2986 1651 3106 1703 qua:
3128 1636 3419 1692 identidem
3448 1638 3758 1694 indicantur

2147 1732 2424 1787 secutum,
2460 1740 2556 1778 uec
2586 1732 2767 1778 tamen
2809 1735 3107 1794 sequuntur
3129 1768 3143 1793 ,
3195 1727 3261 1782 iis
3298 1729 3432 1784 locis
3457 1730 3524 1785 ab
3553 1731 3758 1786 Hilario

445 1811 850 1872 ἀαιῃοηοιωιιιτ
891 1812 1100 1873 υηπίί
1136 1833 1201 1874 ιο
1232 1816 1475 1876 vah-mi.
1522 1821 1756 1889 ησηιιιίιίη
1799 1821 1961 1877 »ἰηιειι
1992 1833 2047 1878 et
2073 1812 2125 1874 Β
2151 1821 2356 1871 tantqu
2386 1815 2654 1872 destinata
2685 1831 2834 1881 esse,
2871 1817 2963 1872 ubi
2993 1835 3056 1872 ea
3089 1833 3202 1889 pra:
3231 1821 3480 1876 manibus
3511 1822 3753 1879 habt-ret.

445 1909 826 1967 inconstantia.
874 1908 932 1966 lu
988 1919 1218 1980 utraque
1263 1911 1481 1970 demum
1523 1916 1834 1970 continetur
1874 1915 2041 1980 nihil,

442 2003 586 2076 quod
615 2014 720 2060 non
750 2000 992 2060 redoleat
1021 2004 1430 2077 antiquitatem,
1462 2006 1608 2076 quod
1640 2007 1880 2062 historic
1909 2018 2044 2062 tem-

445 2109 636 2169 porum
664 2110 772 2154 non
802 2100 1105 2154 cimsentiat
1133 2139 1149 2164 ,
1187 2107 1279 2154 aut
1308 2099 1454 2168 quod
1487 2115 1596 2156 non
1624 2100 1802 2170 aliqua
1831 2103 2043 2156 ratione

443 2199 652 2260 spectet
679 2191 746 2246 sd
773 2189 1140 2248 Ariminensis
1164 2192 1382 2249 com-itii
1411 2191 1720 2250 historiam.
1760 2192 1879 2249 lmo
1915 2195 1963 2249 si
2013 2211 2040 2249 a

443 2279 612 2354 prima
635 2279 976 2354 disjungatur
998 2284 1168 2340 altera
1193 2324 1208 2348 ,
1251 2299 1358 2344 non
1389 2293 1476 2341 est
1496 2285 1638 2342 unde
1664 2287 1778 2339 tiret-
1807 2287 1872 2342 ad
1903 2303 2042 2358 pra:-

441 2374 600 2431 dirtte
627 2374 816 2448 synodi
848 2375 1125 2432 historiam
1159 2376 1432 2446 pertinere
1455 2376 1753 2447 iudicetur;
1779 2392 1904 2433 cum
1926 2377 2041 2433 sola

442 2482 568 2540 pars
594 2467 766 2538 prima
799 2467 944 2524 illius
971 2477 1122 2538 gesta
1151 2468 1405 2525 exhibeat
1432 2486 1444 2522 :
1471 2485 1590 2540 qua:
1615 2469 1669 2525 in
1700 2469 1803 2526 hoc
1825 2485 2043 2542 quoque

440 2575 565 2615 cum
591 2561 756 2616 altera
781 2562 1060 2626 convenit,
1088 2561 1231 2633 quod
1259 2563 1480 2633 perinde
1505 2575 1668 2635 atque
1695 2563 1808 2626 illa,
1835 2573 1894 2619 et
1920 2579 2043 2636 qua

441 2652 838 2710 Ariminensem
868 2653 1137 2726 synodum
1159 2655 1540 2723 pra-cesserint
1563 2695 1580 2718 ,
1611 2668 1664 2712 et
1698 2671 1822 2726 qua:
1851 2656 2042 2712 subse-

441 2750 563 2802 cuta
587 2739 718 2813 sint,
743 2743 1156 2813 complectatur.

515 2833 603 2892 Vl.
631 2830 716 2892 Es
735 2837 1070 2907 corruptione
1095 2849 1213 2894 orta
1243 2847 1320 2893 est
1355 2839 1448 2894 illa
1475 2841 1530 2896 its
1553 2842 1683 2896 duas
1712 2851 1882 2912 parm
1909 2842 2044 2898 diri-

443 2927 538 2986 sio.
568 2955 642 2970 ο·-
663 2927 772 2987 Sed
801 2929 1276 3002 nequeqni~quaiu
1303 2931 1512 2988 luﬂcias
1537 2931 1680 2997 ierit,
1704 2942 1866 2989 t-tam
1889 2933 2038 2988 illam

441 3023 814 3080 collectionem
835 3024 889 3079 in
920 3036 1052 3080 mss.
1087 3023 1372 3083 Pitlimano
1395 3037 1460 3082 ac
1488 3023 1805 3095 ltetmgiano
1825 3025 1961 3080 duas
1986 3025 2038 3080 in

443 3122 625 3183 partes
652 3113 794 3172 mle
828 3112 1084 3188 distingui
1111 3154 1126 3180 ,
1168 3117 1323 3187 pejus
1355 3130 1484 3172 vero
1511 3117 1761 3185 pilatpotti
1802 3118 2038 3184 ptioretn

2151 1909 2360 1976 Quibus
2375 1920 2555 1966 autem
2578 1910 2830 1980 placcbi',
2860 1911 2976 1967 inec
2994 1914 3224 1969 absoluti
3245 1918 3430 1984 operis
3456 1915 3755 1988 fragmenta

2148 2015 2271 2056 esse
2295 2043 2310 2067 ,
2364 2003 2711 2059 nilsilotniaus
2759 2019 2825 2059 cx
2866 2005 2932 2059 iis
2958 2020 3079 2075 qua":
3107 2003 3304 2061 desunt
3330 2011 3600 2065 constabit
3625 2052 3638 2074 ,
3691 2029 3753 2065 ea

2142 2093 2303 2150 aliter
2329 2110 2491 2163 quam
2520 2096 2683 2150 modo
2711 2097 2977 2152 habentur
3005 2099 3074 2151 ab
3103 2099 3307 2154 llilario
3331 2115 3457 2156 esse
3479 2103 3750 2160 ordinata.

2142 2183 2332 2242 Utram
2361 2203 2488 2242 vero
2521 2189 2821 2257 przetuleris
2851 2191 3161 2259 Opinionem
3190 2236 3203 2254 ,
3246 2195 3435 2250 liornnt
3471 2197 3738 2266 fragmen.

2144 2283 2323 2332 torum
2351 2278 2598 2334 confusio
2621 2282 2750 2334 nihil
2781 2295 2969 2338 eorum
3001 2285 3203 2338 uiliciet
3233 2289 3465 2341 veritati.

2219 2366 2352 2423 Vill.
2388 2369 2539 2424 Unde
2565 2380 2679 2425 ortu
2711 2372 2827 2426 libri
2855 2373 3011 2438 Itu,'us
3039 2377 3301 2446 (Oufusio.
3334 2409 3403 2420 --
3436 2378 3611 2435 Rufini
3643 2389 3750 2437 tes-

2145 2463 2372 2519 timouio
2391 2474 2447 2519 et
2475 2466 2696 2535 antiqua
2713 2468 2982 2522 censenda
3007 2479 3091 2524 est
3114 2469 3233 2524 libri
3262 2472 3420 2540 hujus
3442 2477 3742 2540 corruptio,

2142 2565 2196 2610 et
2227 2553 2498 2612 hereticis
2523 2556 2872 2613 adscribenda
2899 2578 2910 2612 :
2936 2562 2979 2613 si
3009 2567 3190 2617 tamen
3218 2561 3283 2617 ad
3307 2563 3414 2618 hoc
3449 2578 3586 2635 opus
3615 2568 3752 2622 rete-

2143 2647 2371 2702 rendmn
2401 2656 2504 2712 est,
2538 2649 2683 2719 quod
2713 2650 2805 2705 ille
2831 2649 3010 2708 Tract.
3046 2654 3116 2708 de
3153 2652 3551 2713 adulterstione
3580 2657 3746 2713 libro-

2143 2753 2261 2792 rum
2289 2737 2540 2810 Origenis
2567 2740 2640 2794 ait
2671 2743 2833 2812 (apud
2862 2741 3077 2799 Hieron.
3107 2755 3228 2798 tam.
3260 2749 3334 2816 ιι)
3360 2771 3373 2798 ;
3401 2747 3656 2806 Hilarium
3684 2749 3752 2802 nd

2139 2833 2546 2889 enuntiationem
2569 2851 2765 2900 eorum,
2806 2840 2893 2904 qui
2916 2838 3228 2894 Arimtuensi
3257 2842 3486 2910 per/idin:
3513 2845 3742 2898 subscri-

2142 2933 2372 2992 pserunt,
2413 2925 2598 2979 librum
2630 2928 2984 2983 instructionis
3021 2931 3335 2996 plenissimis
3359 2936 3746 3005 conscripsisse,

2141 3019 2231 3086 qui
2257 3018 2487 3074 subinde
2513 3020 2580 3075 ab
2614 3019 2886 3078 ba-reticis
2929 3032 2997 3078 ita
3030 3023 3266 3080 imitatus
3295 3028 3366 3080 sit
3388 3069 3403 3088 ,
3441 3035 3500 3082 ut
3529 3041 3597 3084 ne
3625 3045 3749 3085 eum

2140 3109 2359 3179 quidem
2390 3110 2627 3167 Hilarius
2655 3116 2769 3182 ipse
2793 3123 3132 3185 agnosceret.
3177 3116 3288 3173 Sed
3315 3120 3545 3175 cumbis
3568 3121 3749 3177 verbis

445 3207 732 3278 posteriori
756 3225 770 3274 ;
800 3224 922 3266 cum
953 3213 1140 3280 prima:
1163 3209 1334 3281 partis
1357 3209 1569 3271 initium
1595 3228 1649 3268 m
1669 3212 1887 3270 inifeste
1908 3227 2038 3270 con.
2063 3195 2109 3258 C
2143 3203 2308 3258 multa
2335 3203 2560 3260 Ruﬁnus
2587 3207 2892 3262 immisceat
2919 3219 3106 3277 aperte
3133 3208 3264 3265 falsa
3296 3219 3352 3266 et
3372 3226 3488 3279 quae
3512 3213 3746 3270 tabulam

445 3301 669 3356 tinuatio
689 3301 762 3358 sit
787 3305 1123 3374 posterioris.
1159 3302 1361 3376 Synodi
1400 3306 1548 3360 enim
1582 3303 1904 3359 Pari-tensis
1928 3304 2042 3374 epi-

444 3394 605 3458 stola,
627 3411 658 3449 a
683 3411 786 3466 qua
813 3398 865 3452 in
893 3411 1024 3453 mss.
1046 3397 1234 3464 prinne
1259 3395 1432 3466 partis
1456 3395 1662 3449 initium
1679 3395 1919 3463 ducitur,
1953 3412 2040 3452 rc-

441 3487 702 3558 scriptum
731 3497 816 3542 est
841 3487 1036 3543 litteris
1057 3487 1413 3545 Orientalium
1442 3503 1562 3558 quae
1589 3488 1642 3542 in
1681 3487 1874 3544 iisdem
1905 3503 2037 3544 mss.

444 3587 654 3652 partem
683 3585 1012 3648 postremam
1037 3579 1314 3636 claudunt.
1367 3579 1441 3634 lis
1470 3596 1577 3648 quo
1617 3581 1710 3642 tit,
1761 3588 1819 3635 ut
1857 3581 2040 3636 titulus

443 3689 552 3733 non
597 3675 650 3729 in
686 3689 848 3730 unam
883 3681 1092 3730 tantum
1123 3683 1329 3742 partem
1353 3715 1367 3739 ,
1411 3673 1506 3728 sed
1552 3673 1602 3728 in
1634 3687 1848 3727 timnem
1877 3675 2043 3730 colle-

442 3769 678 3825 etiam
697 3766 873 3824 cadat.
899 3767 1162 3834 Quocirca
1191 3765 1444 3821 NiColans
1469 3765 1644 3820 Faber
1665 3767 1894 3834 partium
1926 3767 2042 3822 illa-

444 3880 563 3918 rum
593 3862 838 3926 ordinem
859 3864 1149 3930 invertere,
1172 3872 1232 3920 et
1255 3864 1441 3934 primm
1473 3871 1802 3932 postremam
1831 3875 2040 3930 pnepn-

441 3970 576 4012 nere
599 3969 707 4010 non
736 3954 1019 4014 dubitavit.

517 4047 627 4104 th.
666 4046 918 4118 Serapidi
947 4047 1041 4104 alii
1069 4048 1321 4104 leuantur.
1351 4075 1422 4089 —-
1460 4045 1573 4103 Hac
1597 4043 1920 4102 difﬁcultate
1947 4061 2040 4100 ex-

443 4141 649 4210 pedita,
671 4157 792 4212 qua:
809 4142 1028 4211 gravior
1051 4142 1353 4207 videbatur,
1381 4141 1540 4197 facite
1556 4143 1668 4210 jam
1691 4141 2042 4198 excutiuntur

441 4234 1068 4308 mmmam",
1085 4234 1174 4304 qui
1197 4235 1350 4289 nobis
1363 4233 1518 4288 initio
1531 4234 1800 4303 negotium
1822 4237 2045 4291 tacem-

443 4327 593 4384 l-ant.
639 4329 878 4396 Namque
906 4332 1078 4384 virum
1120 4327 1171 4382 itt
1215 4326 1502 4399 Phrygiam
1533 4329 1825 4395 relegatum
1856 4339 1960 4380 non
1989 4327 2042 4378 in

443 4419 672 4492 genuina
695 4431 747 4475 ct
778 4422 984 4492 integra
1005 4420 1356 4493 epistularum
1384 4420 1667 4474 latinarutu
1690 4420 2040 4487 exemplaria,

443 4513 540 4568 sed
563 4514 616 4567 iu
636 4512 893 4568 "mendosa
909 4512 1292 4582 incidissequis
1313 4523 1418 4580 stu.
1439 4513 1550 4568 eat?
1571 4515 1702 4582 Quis
1717 4526 1846 4567 vero
1863 4523 2041 4583 neget,

2145 3296 2366 3351 omnino
2390 3296 2632 3366 satiant;
2672 3300 2756 3352 vix
2800 3301 3094 3370 quidquam
3137 3317 3200 3356 ex
3230 3303 3296 3357 iis
3322 3302 3614 3361 conﬁt-ia:
3645 3307 3748 3362 nisi

2144 3389 2284 3445 forte
2306 3390 2541 3456 dixeris,
2587 3393 2706 3447 libri
2739 3393 2897 3460 liuius
2922 3394 3362 3463 depravationem
3395 3398 3460 3452 iis
3482 3399 3749 3468 ﬁngendis

2141 3482 2484 3538 occasionem
2515 3485 2835 3554 praebuisse.
2878 3485 2941 3540 Et
2983 3501 3111 3542 vero
3154 3488 3476 3543 Arianorum
3510 3491 3746 3561 nequitia

2142 3572 2366 3643 dignum
2392 3585 2542 3640 erat,
2591 3583 2649 3630 ut
2688 3577 2810 3631 libri
2845 3578 3005 3646 linjus
3033 3579 3394 3648 integritatem
3427 3581 3582 3636 nobis
3615 3584 3743 3638 iuvi-

2143 3668 2356 3724 derent.
2391 3669 2530 3726 Casu
2560 3672 2723 3726 etiattt
2753 3673 2970 3726 eveniic
3001 3673 3175 3740 potuit
3198 3672 3346 3730 illius
3373 3672 3644 3731 confusio.

2215 3762 2308 3818 ΙΧ.
2341 3763 2442 3830 Qui
2479 3781 2616 3819 nunc
2652 3781 2785 3818 nouo
2815 3766 2996 3820 ordine
3029 3777 3287 3838 rrparata.
3309 3797 3380 3808 —
3413 3768 3608 3823 Verum
3632 3770 3744 3839 jam

2146 3871 2254 3910 non
2289 3859 2423 3912 ututi
2458 3859 2623 3912 refert
2655 3861 2798 3914 scire
2826 3859 2968 3914 unde
3009 3873 3126 3914 orta
3155 3862 3255 3925 sit,
3295 3862 3486 3931 quanti
3519 3864 3748 3919 interest

2147 3960 2204 4004 ut
2233 3949 2734 4021 quomodocumque
2757 3962 3052 4023 reparetur.
3079 3954 3173 4008 Vix
3194 3955 3336 4009 enim
3363 3971 3424 4011 ea
3452 3958 3616 4023 serie,
3641 3972 3749 4030 qua

2145 4041 2200 4097 in
2233 4057 2361 4098 mss.
2402 4050 2601 4110 exstat,
2633 4044 2750 4099 sine
2776 4045 2990 4099 fastidio
3021 4047 3124 4116 legi
3159 4049 3348 4117 possit,
3381 4058 3436 4103 et
3463 4049 3581 4104 sine
3606 4067 3744 4121 quo-

2145 4133 2269 4189 dam
2297 4154 2324 4187 a
2357 4151 2488 4192 vero
2533 4138 2817 4192 aberrandi
2864 4139 3194 4196 discrimine.
3241 4141 3313 4197 At
3358 4143 3478 4212 quis
3505 4145 3642 4199 ordo
3671 4155 3743 4200 te-

2149 4227 2356 4281 nendus
2377 4227 2400 4281 ?
2420 4228 2539 4283 1am
2558 4229 2936 4286 desiderarunt
2953 4233 3221 4299 tinnuulli,
3248 4239 3392 4288 varia
3413 4238 3742 4292 munimenta

2147 4317 2293 4374 ineo
2315 4328 2567 4374 eontenta
2601 4323 2897 4378 secundum
2934 4330 3238 4393 temporum
3269 4326 3514 4380 ordinem
3554 4329 3743 4383 distri-

2148 4409 2264 4465 bui.
2301 4411 2436 4465 llnic
2467 4422 2645 4468 tamen
2676 4427 2738 4468 se
2766 4429 2870 4468 non
2901 4428 3117 4483 semper
3157 4415 3453 4472 adbmsissc
3477 4421 3748 4490 significat

2147 4501 2381 4558 Hilarius
2404 4501 2644 4574 (Fragnt.
2675 4519 2714 4569 ι,
2747 4523 2796 4559 u.
2845 4505 2925 4573 6),
2958 4520 3078 4561 cum
3107 4522 3166 4562 se
3194 4523 3224 4561 a
3266 4513 3434 4580 gestis
3466 4513 3747 4568 Arelaten-

444 4619 508 4662 ει
542 4606 782 4660 locorum
806 4605 1100 4665 mutatione
1123 4607 1374 4664 aeridere
1399 4607 1660 4676 potuisse,
1686 4608 1866 4662 utalia
1892 4615 2039 4663 esset
2065 4596 2153 4658 Dt

2024 4615 2039 4660 ι
2065 4596 2119 4658 D
2140 4595 2291 4650 sibus
2316 4635 2330 4660 ,
2371 4595 2616 4664 quamvis
2644 4595 2788 4650 aliud
2821 4598 3058 4665 postulet
3099 4613 3276 4654 retum
3307 4602 3442 4656 ordo
3470 4646 3482 4665 ,
3524 4602 3733 4658 initium

444 4697 500 4753 in
540 4697 627 4753 liis
653 4696 1006 4769 fragmentis,
1037 4699 1138 4754 alia
1183 4697 1240 4753 in
1267 4698 1406 4755 libro
1448 4699 1516 4754 de
1547 4699 1780 4772 Synodis
1809 4697 2042 4769 pseudo-

446 4791 781 4851 Sat'diccnsis
800 4789 922 4848 tidei
944 4789 1264 4848 trattslntioi
1285 4791 1450 4848 Certe
1473 4791 1774 4870 mirandum
1801 4805 1908 4845 non
1931 4799 2035 4857 est,

444 4900 569 4941 eunt
598 4885 651 4938 in
675 4883 894 4938 diverso
915 4897 1108 4953 opere,
1149 4891 1396 4952 tempore
1419 4897 1484 4938 ac
1523 4885 1644 4938 loco
1668 4899 1772 4937 non
1800 4884 1890 4937 uni
1916 4898 2029 4936 ver-

443 4977 581 5032 sioni
630 4975 847 5031 stetisse
879 5017 895 5042 ,
969 4976 1064 5046 qui
1118 4977 1429 5044 praedictum
1487 4975 2037 5046 pseudo-Santicen-zc

445 5068 750 5142 symbolum
793 5083 855 5121 ac
886 5066 1186 5124 Sirmieuse
1213 5079 1402 5123 contra
1433 5067 1752 5132 Pltutinum,
1793 5067 2039 5137 quamvis

445 5169 734 5232 utrmuque
763 5175 935 5231 graece
967 5159 1156 5215 iisdem
1188 5161 1366 5218 verbis
1389 5162 1724 5215 enuntiatum
1745 5163 1834 5226 sit,
1863 5161 2040 5214 inuno

443 5255 639 5314 eadem
664 5255 729 5307 de
749 5255 978 5324 byuodis
1001 5255 1139 5309 libro
1163 5270 1270 5309 non
1292 5271 1392 5310 una
1417 5256 1627 5309 ratione
1651 5255 1888 5310 verterit.
1922 5253 2037 5306 .lant

446 5361 576 5402 vero
601 5345 672 5401 ad
699 5345 1038 5400 anathemata
1065 5344 1278 5400 Laberio
1297 5345 1462 5408 dicta,
1484 5347 1553 5402 ab
1577 5346 1697 5421 aliis
1722 5360 2038 5414 resltoltsttttt

444 5446 537 5496 cst
559 5440 788 5504 ca,l‘orte
821 5437 888 5493 ab
914 5437 1094 5494 aliena
1120 5453 1281 5495 manu
1305 5437 1374 5493 ad
1404 5438 1701 5508 marginem
1733 5437 2000 5506 adscripta
2025 5478 2038 5502 ,

448 5532 645 5588 exinde
673 5532 724 5586 iu
755 5539 960 5588 textum
1001 5533 1327 5602 irrepsisse;
1371 5530 1439 5586 ab
1470 5530 1591 5584 aliis
1631 5539 1810 5586 autem
1835 5545 1899 5584 ea
1931 5539 2039 5585 tum

446 5626 517 5680 ab
544 5622 748 5678 llilario
777 5623 981 5692 prolata
1011 5636 1134 5679 esse
1153 5663 1168 5688 ,
1214 5638 1334 5678 cum
1363 5621 1605 5692 ejusdem
1644 5620 1910 5691 pontiticis
1935 5621 2046 5692 ple-

449 5731 575 5774 nam
601 5715 822 5787 ignaviae
853 5715 1137 5782 epistolam
1171 5716 1400 5783 primum
1433 5713 1653 5784 acet'pit.
1692 5713 1881 5770 Putant
1903 5716 2044 5770 enim

452 5808 534 5866 bit
560 5806 807 5866 exhiberi
843 5807 1028 5862 llilatii
1055 5806 1362 5864 adsctsaria
1397 5807 1512 5863 sine
1541 5806 1728 5864 ordine
1756 5808 2042 5879 descripta,

2138 4686 2400 4743 facturum
2429 4705 2551 4744 esse
2579 4697 2898 4758 liftClntltll'L
2928 4693 3263 4762 Quamquam
3297 4709 3420 4750 cum
3454 4695 3525 4751 ibi
3571 4698 3736 4752 ratiu-

2138 4796 2264 4835 nent
2301 4780 2477 4834 reddit
2499 4796 2597 4836 cur
2626 4782 2789 4836 alium
2817 4782 3063 4836 ordinent
3095 4795 3356 4854 sequatur
3379 4826 3395 4851 ,
3431 4787 3482 4841 iu
3523 4791 3736 4844 czeteris

2140 4872 2457 4926 ordinaudis
2483 4883 2724 4941 tempora
2765 4890 2822 4926 se
2852 4891 2960 4928 non
2994 4876 3295 4944 neglexisse
3337 4877 3477 4930 haud
3505 4881 3738 4936 obscure

2141 4968 2362 5022 iudicat.
2404 4965 2559 5022 Unde
2593 4978 2650 5022 et
2696 4971 2878 5022 statim
2927 4971 3231 5024 subnectit:
3281 4971 3394 5026 Hoc
3441 4977 3594 5030 etiam
3636 4995 3740 5033 non

2139 5061 2386 5115 inutiliter
2416 5060 2732 5126 admonebo,
2763 5072 2814 5115 ut
2841 5064 2908 5114 ult
2937 5079 3084 5117 omne
3118 5065 3215 5117 hoc
3253 5069 3484 5122 uolumen
3516 5070 3737 5141 ditigcus

2141 5154 2351 5209 intentio
2393 5153 2714 5208 adhibeatur.
2770 5153 2958 5209 Omnia
3002 5158 3137 5210 enim
3185 5171 3303 5211 sunt
3351 5173 3397 5214 et
3452 5167 3742 5231 scimmnila

2142 5247 2472 5316 tentporibus,
2499 5257 2546 5301 et
2575 5248 2940 5312 distinguenda
2970 5250 3205 5317 indiciis,
3249 5263 3354 5307 etc.
3391 5253 3543 5310 Hanc
3579 5259 3738 5328 igitur

2140 5339 2548 5407 dispositi-mem
2585 5341 2895 5394 censuimus
2921 5342 3176 5409 optimam
3216 5342 3366 5410 fore,
3413 5361 3531 5414 qua:
3557 5350 3734 5403 omnia

2137 5431 2217 5486 sic
2241 5442 2584 5501 temperaret,
2613 5440 2668 5485 ut
2689 5443 2740 5486 et
2769 5442 3070 5501 temporum
3103 5447 3412 5493 servaretur
3437 5439 3592 5505 ordo,
3629 5458 3731 5497 nec

2148 5541 2328 5581 rerum
2377 5525 2445 5578 ab
2491 5524 2696 5579 Hilario
2737 5527 3108 5582 ordinatarum
3156 5529 3293 5582 ratio
3339 5541 3735 5588 immolaretur.

2150 5619 2282 5676 Eam
2306 5620 2376 5675 ob
2405 5634 2517 5674 rem
2547 5619 2960 5676 observavimus
2983 5625 3198 5691 quoties
3220 5624 3273 5678 in
3304 5635 3417 5680 tcto
3445 5625 3545 5681 hoc
3574 5645 3731 5698 υνοη

2151 5712 2552 5771 desideraretur
2597 5712 2801 5783 aliquid
2829 5754 2844 5779 ,
2886 5714 3026 5782 quod
3069 5725 3257 5769 auctor
3293 5734 3352 5772 se
3391 5724 3744 5777 subnexuisse

2157 5806 2495 5878 signiﬁcaret
2521 5819 2534 5861 :
2560 5811 2652 5859 aut
2677 5813 2826 5862 certe
2851 5815 3197 5878 sequeretur,
3225 5806 3370 5877 quud
3392 5823 3514 5867 cum
3547 5825 3722 5880 place
