4328 6492
470 380 571 434 69.9

1431 375 1527 432 EX
1565 372 1799 433 OPEBE
1839 373 2208 432 HISTORICO
2245 370 2724 430 FRAGMENTUM
2757 375 2796 428 Ι.

3665 374 3770 429 (ἔπι)

468 493 665 564 piditas
719 493 1170 564 comprimuntur.
1221 493 1398 562 Atque
1441 492 1643 550 idcirco
1683 508 1808 551 cum
1852 502 2071 552 maneat
2096 496 2150 559 Α
2246 493 2299 550 4.
2343 490 2508 560 Quale
2548 491 2695 565 Opus
2733 489 3065 564 aggrediatur
3133 518 3200 530 -—
3230 489 3482 547 l’rol‘erre
3512 490 3670 562 igitur
3703 493 3764 547 in

467 583 624 653 ﬁdes,
642 598 788 656 spes,
810 584 1068 652 charitas,
1093 585 1268 656 major
1291 585 1482 640 borum
1505 593 1590 640 est
1611 589 1847 643 charitas
1875 586 1920 655 (1
1936 587 2059 643 Car.

462 692 580 747 xui,
613 675 702 753 l3)
737 697 748 728 τ
794 692 892 750 per
927 693 1088 750 quam
1117 677 1386 736 admixtos
1421 679 1700 736 insccahili
1744 679 1800 736 iu
1835 679 1930 738 Dei
1961 695 2061 736 uo-

461 769 610 826 mine
634 769 858 839 allecto,
905 771 1053 827 nulla
1079 769 1160 829 vis
1187 770 1532 830 saecularium
1561 781 1807 829 motuum
1829 782 1923 829 aut
1944 771 2060 830 dis-

462 861 628 919 solvit
651 906 666 930 ,
691 870 786 919 aut
809 861 1026 919 dividit.

528 956 587 1012 5.
618 951 860 1012 Charitas
888 954 1152 1013 Hilarium
1191 965 1377 1030 urget,
1424 973 1488 1012 ne
1510 957 1658 1013 sileat
1699 957 2058 1014 hereticorum

458 1049 779 1124 prauitatem.
808 1080 880 1092 —-
924 1049 996 1107 Et
1021 1049 1148 1107 huic
1183 1057 1371 1118 tantm,
1413 1059 1522 1106 tam
1565 1051 1714 1123 gravi
1743 1053 2058 1123 apostolicae

459 1142 767 1199 auctoritati
808 1156 912 1213 ego
952 1157 1173 1214 quoque
1211 1142 1358 1199 inter
1385 1143 1646 1207 czrteros,
1675 1144 1720 1198 si
1763 1145 1893 1215 quid
1925 1145 2056 1202 mihi

456 1241 581 1303 post
597 1247 692 1288 eos
711 1233 814 1289 loci
837 1241 942 1298 est,
962 1234 1330 1290 testimonium
1348 1234 1516 1290 reddo
1538 1249 1634 1305 per
1656 1235 1794 1290 hanc
1817 1236 2051 1291 charito-

459 1333 568 1381 tem
600 1325 894 1394 repositam
933 1325 1092 1381 nobis
1115 1333 1242 1380 ante
1269 1336 1514 1398 tempora
1541 1328 1819 1382 saecularia
1846 1329 1900 1383 in
1926 1328 2054 1384 cmli

452 1429 608 1488 spem
626 1417 944 1489 assumptis,
965 1426 1021 1475 et
1043 1417 1247 1474 nomini
1272 1417 1369 1472 Dei
1389 1432 1455 1473 ac
1475 1417 1684 1472 Domini
1705 1418 1834 1474 Jesu
1851 1414 2056 1475 Christi

451 1511 744 1578 adbatreo,
785 1513 1092 1584 iniquorum
1133 1515 1451 1570 societatem
1488 1521 1547 1569 et
1583 1512 1882 1571 intldelium
1923 1529 2053 1570 con.

453 1602 681 1661 sortium
721 1619 985 1678 respuens
1014 1621 1029 1659 :
1061 1620 1184 1662 cum
1213 1619 1322 1676 quo
1366 1603 1564 1661 ﬂorere
1613 1605 1769 1661 nobis
1792 1647 1809 1670 ,
1846 1603 1922 1676 (α)
1947 1620 2054 1662 sar-

451 1695 561 1752 culi
597 1698 712 1753 otio
740 1695 1042 1754 domestico
1064 1697 1168 1752 frui
1191 1739 1206 1764 ,
1236 1683 1540 1754 commodis
1567 1698 1820 1756 omnibus
1847 1698 2052 1755 redun-

447 1787 584 1846 dare
605 1830 621 1856 ,
653 1786 1024 1844 familiaritate
1049 1788 1194 1861 regia
1232 1789 1452 1860 gloriari
1475 1833 1488 1849 .
1516 1798 1572 1845 et
1617 1805 1739 1847 esse
1768 1789 1907 1845 falso
1933 1791 2048 1861 epi-

2167 586 2552 644 couseientiam
2577 585 2848 655 publicam
2871 598 3008 656 opus
3027 591 3177 642 tento
3195 598 3361 656 grave
3379 593 3438 640 et
3455 584 3763 658 multiplex,

2165 679 2432 737 diabolica
2464 676 2653 734 fraude
2675 678 2987 749 perplexum
3009 717 3026 743 ,
3056 676 3437 734 haereticorum
3461 685 3616 749 parte
3634 679 3765 734 sub~

2165 771 2279 837 tile,
2304 770 2734 827 dissimulatione
2754 770 3050 826 multorum
3069 784 3135 826 ac
3156 779 3314 826 metu'
3329 769 3764 842 prtejudicatum,

2165 865 2446 931 locorum,
2489 866 2540 918 in
2587 864 2784 933 quibus
2825 874 2974 935 gesta
3019 877 3108 919 res
3151 877 3237 918 est
3279 875 3487 934 nosque
3525 863 3764 934 agimus,

2163 957 2548 1027 desperatione
2594 957 2935 1028 peregrinum
2964 1000 2978 1023 ,
3031 964 3279 1026 tempore
3318 953 3396 1028 (c)
3443 955 3762 1028 antiquum,

2163 1050 2383 1106 silentio
2418 1065 2638 1114 novum,
2671 1048 2880 1121 pridem
2914 1051 3162 1104 simulata
3190 1063 3370 1104 rerum
3403 1063 3535 1119 pace
3564 1062 3764 1120 praetc-

2165 1143 2349 1209 ritum,
2379 1144 2625 1214 proxime
2649 1143 2811 1213 impia
2844 1141 3312 1197 fallacissimorum
3344 1142 3624 1199 hominum
3654 1145 3764 1199 Col-

2157 1234 2370 1290 liditate
2414 1243 2771 1300 renovatum;
2816 1233 3027 1302 hocque
3074 1249 3182 1304 quo
3233 1233 3397 1288 etiam
3429 1234 3482 1288 in
3534 1233 3764 1290 Romani

2161 1329 2372 1398 imperii
2395 1329 2625 1400 negotiis
2645 1329 2800 1401 quies
2824 1328 3082 1398 carpitur,
3112 1343 3207 1383 rex
3233 1330 3468 1400 angitur,
3504 1330 3762 1400 palatium

2159 1419 2363 1482 fervet.
2412 1418 2649 1490 episcopi
2697 1419 3156 1484 circumcursant,
3210 1417 3470 1474 ofﬁciales
3513 1421 3754 1491 magistri

2157 1511 2424 1574 volitant,
2455 1509 2714 1566 adversds
2752 1509 3080 1581 apostolicos
3128 1511 3272 1566 viros
3303 1508 3605 1567 ofticiorum
3646 1530 3766 1568 ont~
3819 1567 3824 1574 ,

2157 1603 2305 1660 nium
2338 1601 2688 1659 festinatione
2719 1603 2988 1660 turbatur.
3030 1601 3105 1657 lla
3136 1602 3337 1674 ubique
3367 1606 3566 1676 agitur,
3598 1607 3766 1676 trvpi-

2155 1699 2336 1766 datur,
2366 1700 2628 1765 instatur;
2659 1707 2717 1754 ut
2748 1696 2907 1768 plane
2935 1696 3273 1767 iniquitatem
3305 1699 3464 1768 hujus
3501 1701 3758 1755 assertio-

2158 1792 2272 1859 uis,
2314 1788 2594 1847 obtinendi
2638 1790 2792 1846 labor
2822 1797 2878 1844 et
2920 1803 3053 1844 cura
3098 1788 3398 1859 prodiderit
3469 1791 3765 1847 Enimvero

451 1879 602 1950 scopi
628 1881 870 1945 nomine,
899 1881 1124 1953 singulis
1155 1881 1536 1954 universisque
1548 1891 1602 1938 et
1625 1884 1838 1952 publice
1857 1893 1916 1939 et
1937 1883 2050 1955 pri-
2081 1905 2127 1966 Β
2157 1888 2363 1941 versari
2395 1886 2449 1940 in
2479 1899 2735 1942 sermone
2759 1883 3040 1941 hominum
3059 1883 3170 1954 jam
3197 1883 3290 1940 diu
3321 1885 3567 1948 memini,
3599 1903 3763 1957 quos

447 1971 613 2027 vatim
647 1973 702 2028 in
729 1970 998 2029 Ecclesia:
1033 1971 1315 2029 dominatu
1341 1988 1562 2046 gravem
1595 1973 1776 2042 effici,
1816 1990 1947 2046 par,
1989 1985 2054 2032 ut

447 2066 696 2132 caeteris,
727 2072 970 2136 potestas
1015 2065 1275 2132 dabatur;
1307 2066 1353 2122 si
1379 2067 1542 2123 modo
1565 2069 1847 2125 veritatem
1885 2083 2052 2126 evan-

448 2157 673 2230 gelicam
701 2156 941 2214 falsitate
982 2173 1389 2229 corrumperem
1411 2201 1426 2226 ,
1459 2159 1808 2216 conscientia:
1837 2169 2050 2218 reatum

447 2248 824 2307 blandimento
849 2250 1176 2324 ignorantia:
1203 2252 1519 2324 consolarer
1540 2295 1556 2320 ,
1596 2251 1780 2323 iudicii
1825 2268 2050 2326 cormp-

447 2342 611 2402 telam
639 2344 993 2402 excusatione
1015 2343 1179 2400 alieni
1208 2345 1421 2401 arbitrii
1452 2344 1832 2417 defenderem,
1868 2347 2048 2407 barc-

445 2451 569 2495 seos
595 2438 811 2511 piaculo
848 2453 956 2496 non
986 2438 1095 2494 tide
1133 2453 1254 2495 mea
1273 2479 1291 2508 ,
1319 2455 1441 2510 qua:
1471 2440 1654 2511 utique
1681 2450 1830 2498 esset
1869 2442 2046 2499 obuo-

448 2530 567 2598 sia,
598 2529 698 2586 sed
721 2529 1068 2602 simplicitate
1099 2531 1461 2602 ignorantium
1490 2547 1597 2586 non
1626 2539 1876 2601 teucrcr,
1920 2547 2048 2605 pro—

447 2623 667 2682 bitatem
715 2625 818 2680 sub
863 2623 1185 2680 difﬁcultate
1225 2624 1452 2694 publica:
1482 2625 1848 2696 intelligentia
1890 2643 2046 2684 meu-

445 2719 595 2775 tirer.
626 2717 752 2775 liae
779 2717 926 2775 enim
955 2719 1357 2788 simplicitatem
1388 2720 1563 2790 (forte,
1593 2721 1647 2775 iit
1671 2721 2043 2793 simplicitate)

442 2816 623 2873 cordis
649 2830 746 2888 per
771 2815 930 2872 tidem
952 2824 1007 2874 et
1033 2831 1183 2886 spem
1208 2815 1407 2870 Christi
1430 2815 1664 2871 cbaritas
1683 2831 1911 2873 manens
1929 2833 2036 2873 non

444 2909 585 2965 tulit.
616 2907 831 2965 Etcum
857 2908 928 2964 ab
952 2907 1211 2980 Apostolo
1237 2907 1591 2978 accepissem,
1644 2905 1765 2962 Non
1787 2908 1923 2962 enim
1947 2924 2040 2962 ac-

443 3002 671 3073 cepimus
711 3001 952 3071 spiritum
991 2999 1284 3070 formidinis
1315 2997 1382 3069 (ll
1427 2997 1562 3054 Tim.
1613 3015 1654 3067 ι,
1695 2999 1774 3069 7),
1815 3007 1873 3055 et
1913 3014 2038 3056 cum

441 3091 671 3148 Domino
699 3091 916 3149 dicente
953 3091 1356 3158 didicissemus,
1387 3090 1568 3146 Omnis
1606 3092 1693 3163 qui
1714 3091 2040 3161 conﬁtebitur

441 3201 522 3241 me
544 3200 722 3242 eorum
746 3186 1056 3252 hominibus,
1084 3195 1132 3241 et
1155 3201 1252 3256 ego
1277 3182 1558 3254 conﬁtebor
1583 3198 1702 3238 eum
1721 3199 1892 3240 coram
1922 3184 2035 3238 Pa—

2158 1979 2281 2036 dant
2308 1979 2650 2037 sacerdozum
2684 1979 2778 2036 Dei
2805 1978 3008 2033 idcirco
3037 1976 3313 2046 exsulare,
3335 1977 3482 2050 quod
3507 1981 3558 2033 in
3588 1981 3756 2035 Atha-

2156 2073 2367 2129 nasium
2404 2071 2729 2130 sententiam
2775 2087 2882 2127 non
2928 2070 3146 2127 lerunt:
3175 2079 3233 2126 et
3261 2071 3349 2126 hic
3386 2086 3543 2128 error
3579 2086 3750 2143 prope

2152 2167 2392 2223 omnium
2429 2174 2638 2222 mentes
2665 2163 2946 2234 occuparit
2964 2203 2980 2227 ,
3027 2171 3085 2218 ut
3112 2163 3214 2219 sub
3241 2165 3462 2220 nomine
3491 2163 3610 2234 ejus
3640 2179 3750 2222 non

2150 2256 2282 2313 satis
2310 2257 2598 2328 unicuique
2624 2271 2816 2314 eorum
2844 2255 3060 2327 dignam
3080 2269 3301 2310 causam
3331 2256 3575 2329 suscepti
3601 2260 3748 2314 exsi-

2151 2349 2208 2404 lii
2232 2347 2584 2405 arbitrentur.

2223 2442 2278 2499 5.
2323 2442 2455 2509 ραω
2471 2443 2526 2496 in
2561 2457 2621 2497 eo
2643 2441 3019 2512 prtetermittat.
3061 2469 3134 2482 —
3154 2441 3524 2498 Pretermitlo
3547 2453 3794 2520 autem”

2150 2533 2280 2590 licet
2321 2533 2596 2604 potissima
2639 2533 2751 2605 regi
2789 2533 2860 2588 sit
2887 2532 3168 2589 referenda
3202 2535 3268 2607 (ί.
3297 2533 3624 2608 deserenda)
3660 2552 3748 2592 re-
3779 2525 3788 2604 ξ

2149 2626 2386 2681 verentia
2414 2622 2561 2699 (quia
2588 2626 2730 2680 enim
2766 2625 2951 2698 (omne
2979 2625 3150 2696 enim)
3173 2640 3204 2680 a
3233 2625 3346 2681 Deo
3363 2641 3586 2698 regnum
3617 2628 3751 2700 est),

2148 2732 2258 2774 non
2289 2727 2470 2774 tamen
2513 2717 2895 2788 mquanimiler
2916 2716 3175 2788 judicium
3203 2719 3322 2789 ejus
3348 2721 3752 2791 episcopalibus

2146 2812 2386 2869 arbitriis
2421 2811 2634 2869 admitti
2665 2830 2680 2866 :
2713 2811 2838 2881 quia
2885 2810 3118 2868 Czcsaris
3158 2808 3392 2876 Casari,
3426 2812 3543 2868 Deo
3567 2823 3751 2869 autem

2145 2903 2420 2961 reddenda
2447 2919 2573 2976 qua:
2600 2904 2696 2960 Dei
2722 2912 2849 2959 sunt
2879 2901 3059 2977 (Luca!
3083 2918 3174 2971 xx,
3207 2902 3325 2975 25).
3367 2901 3546 2960 Taceo
3576 2903 3752 2974 impe-

2143 2996 2343 3054 ratoris
2366 2997 2576 3054 sublata
2603 3012 2783 3054 causa!
2807 2997 3120 3069 cognitione
3137 2995 3424 3068 judicium.
3466 2996 3584 3054 Non
3613 3012 3746 3070 quc-

2142 3104 2236 3146 ror
2257 3091 2566 3162 extorqueri
2599 3091 2666 3146 de
2708 3089 2934 3146 absente
2963 3087 3043 3162 (d)
3072 3089 3394 3145 sententiam
3419 3105 3436 3158 ;
3464 3093 3730 3163 quamvis,

2143 3183 2402 3258 Apostolo
2431 3185 2666 3251 dicente,
2701 3184 2803 3241 Ubi
2827 3185 2958 3256 ﬁdes
2995 3196 3090 3250 est,
3121 3185 3193 3240 ibi
3224 3197 3273 3240 et
3297 3185 3508 3242 libertas
3541 3195 3618 3244 est
3639 3187 3664 3260 (
3689 3187 3738 3245 11

440 3290 517 3343 tre
552 3295 665 3335 meo
702 3283 792 3351 qui
819 3289 894 3336 est
931 3281 987 3335 in
1015 3280 1156 3336 caulis
1189 3277 1404 3350 (Matth.
1435 3293 1489 3342 x,
1522 3274 1646 3348 δικ
1679 3286 1737 3334 et
1767 3293 1861 3348 per
1885 3293 2040 3335 eum-
2067 3296 2113 3362 ε
2146 3275 2266 3334 Cor.
2299 3293 2380 3343 ιιι,
2424 3277 2538 3348 l7),
2571 3278 2676 3348 pati
2708 3277 2848 3334 istud
2887 3278 3206 3350 simplicitas
3243 3279 3598 3336 sacerdotalis
3629 3295 3740 3337 non

439 3372 561 3429 dem
585 3373 788 3429 dictum
815 3385 984 3442 esset,
1016 3373 1162 3428 Beati
1187 3373 1272 3442 qui
1314 3373 1739 3445 persecutionem,
1772 3375 2036 3445 patiuntur

437 3474 646 3537 propter
665 3466 924 3540 justitiam
942 3507 959 3534 ,
994 3467 1234 3536 quoniam
1274 3466 1507 3536 ipsorum
1544 3473 1618 3520 est
1646 3481 1862 3536 regnum
1881 3467 2047 3528 ωριοπ

436 3575 554 3615 rum
581 3575 600 3614 :
630 3560 764 3615 beati
785 3561 907 3614 estis
926 3575 1044 3614 cum
1074 3573 1164 3615 nos
1186 3559 1525 3626 maledicent,
1562 3567 1612 3614 et
1643 3570 2035 3631 persequeretur,

435 3661 487 3708 et
516 3651 689 3710 dicent
709 3668 860 3708 omne
883 3653 1078 3707 uictum
1105 3653 1374 3708 aduersum
1399 3668 1489 3707 sos
1509 3661 1721 3724 propter
1733 3654 2036 3728 justitiam;

435 3745 604 3818 σεο
630 3745 851 3816 gaudete
875 3753 923 3799 et
945 3744 1199 3805 exsultate
1219 3787 1233 3811 ,
1264 3746 1507 3816 quoniam
1535 3761 1727 3800 merces
1750 3756 1916 3801 uestra
1943 3762 2035 3800 co-

438 3838 586 3909 piosa
611 3847 685 3894 est
717 3837 770 3892 in
810 3837 937 3892 coelo
962 3835 1184 3910 (Matth.
1233 3851 1290 3903 v,
1315 3837 1384 3894 10
1407 3846 1457 3891 et
1481 3834 1648 3909 seqq.)
1681 3853 1697 3890 :
1736 3853 1845 3892 non
1886 3840 2034 3909 potui

435 3927 516 4002 (ὁ)
545 3930 798 4002 praeferre
824 3929 1163 3987 ambitiosam
1192 3929 1245 3985 in
1289 3940 1472 3984 reatus
1501 3929 1717 3986 silemio
1756 3929 2038 3986 conscien-

437 4022 564 4078 tiam
593 4022 867 4093 injurioste
892 4037 991 4093 pro
1012 4022 1106 4079 Dei
1130 4021 1470 4078 confessione
1491 4019 1816 4078 tolerantiae.

507 4183 587 4258 (α)
629 4183 745 4240 Vox
777 4186 955 4258 Hrculi
979 4185 1240 4256 aptiorem
1271 4185 1447 4240 locum
1471 4185 1550 4241 sic
1577 4185 1846 4258 obtineret
1876 4204 1890 4240 :
1917 4186 2022 4242 otio

435 4255 714 4312 domestico
746 4257 886 4327 frui,
917 4255 1093 4312 amuli
1133 4259 1412 4312 commodis
1447 4259 1681 4311 omnibus
1709 4255 2022 4314 redundare.

437 4328 749 4401 Autpotius
779 4327 1084 4401 legendum,
1109 4329 1296 4398 ﬂorere
1315 4330 1460 4383 bonis
1486 4329 1702 4393 amuli;
1731 4330 1776 4384 si
1805 4328 2024 4401 quidem

436 4400 585 4469 mihi,
616 4413 722 4453 non
747 4398 912 4460 nobis.
943 4402 1222 4469 sequentia
1249 4401 1552 4467 requirunt.

507 4467 658 4594 (bz'ln
690 4483 818 4524 mss.
863 4467 1090 4543 preferre
1113 4472 1420 4525 ambitiosa:
1452 4486 1516 4525 ex
1546 4471 1739 4540 quibus
1775 4471 2028 4527 confece-

507 4550 520 4594 ι
595 4541 725 4594 aber
748 4581 762 4594 .
806 4544 1032 4594 perferre
1061 4541 1329 4594 antbitioso
1355 4543 1409 4594 in
1446 4551 1592 4594 reatu
1619 4542 1842 4594 silentio.
1890 4541 2028 4594 lute-

433 4541 523 4597 rat
554 4541 725 4597 Faber
748 4581 762 4606 ,
806 4541 1032 4613 perferre
1061 4541 1329 4596 ambitioso
1355 4543 1409 4594 in
1446 4551 1592 4596 reatu
1619 4542 1842 4597 silentio.
1890 4541 2032 4597 lute-

431 4614 667 4684 griorcm
711 4626 776 4668 ac
814 4628 1078 4668 vertorrm
1108 4615 1384 4668 reddimus
1412 4623 1735 4668 sententiam
1760 4631 1773 4676 ;
1799 4616 2032 4668 ntaxitne

2144 3371 2359 3428 debeat.
2387 3370 2494 3429 Sed
2517 3373 2654 3440 haec,
2681 3386 2789 3428 non
2812 3372 2932 3442 quia
2958 3373 3353 3429 contemnenda
3380 3383 3528 3442 sunt,
3553 3389 3740 3430 verum

2141 3464 2268 3536 quia
2313 3463 2398 3518 his
2442 3462 2689 3535 graviora
2731 3463 2841 3518 sint
2887 3463 3165 3532 subjecta,
3214 3472 3494 3533 pneterco.
3544 3463 3745 3534 Quatu-

2143 3572 2303 3628 quam
2334 3556 2478 3612 enim
2508 3573 2574 3613 ex
2610 3555 2697 3612 bis
2725 3553 3033 3628 quibu~que
3056 3554 3124 3628 (f.
3153 3556 3273 3626 qud:
3311 3557 3636 3629 quibusque)
3681 3561 3738 3616 in

2145 3651 2304 3706 terris
2331 3661 2483 3720 gesta
2522 3649 2670 3714 sint,
2712 3648 2964 3722 cognosci
2999 3651 3235 3720 potuerit
3263 3648 3423 3720 longe
3453 3653 3598 3706 aliud
3629 3653 3737 3725 agi,

2139 3758 2300 3813 quam
2345 3728 2788 3804 ciistimabatur;
2834 3753 3011 3796 tamen
3058 3741 3409 3810 propensiore
3452 3756 3578 3798 cura
3620 3759 3734 3801 rem

2137 3851 2356 3892 omnem
2381 3835 2484 3891 hoc
2504 3837 2778 3892 volumine
2806 3836 3008 3905 placuit
3031 3850 3324 3906 etponere.
3350 3835 3564 3906 Raptim
3592 3841 3735 3896 enim

2141 3938 2270 3985 tunc
2301 3929 2376 4000 (e)
2403 3929 2517 3982 lure
2543 3943 2640 4000 per
2676 3943 2773 3981 nos
2801 3927 3205 3999 ingerebantur,
3243 3929 3521 3999 corruptio
3551 3930 3738 3986 Eva...

2139 4024 2428 4094 geliorum.
2445 4020 2759 4093 depravatio
2778 4019 3145 4094 lidci,621ct
3160 4019 3410 4077 simulata
3431 4022 3629 4081 Christi
3645 4040 3743 4079 no-

2130 4186 2216 4243 his
2267 4185 2720 4258 subsequentibus
2767 4185 2992 4258 verbis:
3025 4187 3221 4256 pridem
3273 4188 3514 4244 simulata
3558 4205 3733 4246 rerum

2153 4275 2258 4315 tace
2305 4257 2652 4328 pr-mtetitttm;
2681 4257 2784 4313 nisi
2829 4257 2969 4314 forte
3005 4258 3194 4314 iisdem
3253 4269 3468 4315 notetur
3505 4260 3734 4318 celebris.

2171 4330 2388 4385 irsac..et
2407 4329 2744 4399 Valentqiost
2765 4328 3384 4387 Sardicenseconcilitnn
3402 4333 3730 4389 retractatio.

2209 4401 2290 4473 (ἀ)
2314 4401 2411 4458 llic
2430 4399 2613 4473 obiter
2633 4399 2870 4470 tangitur
2891 4415 3054 4473 quam
3078 4403 3240 4456 variis
3261 4403 3458 4469 modis,
3485 4403 3536 4457 in
3562 4403 3737 4460 Allia-

2140 4471 2278 4529 naSii
2314 4487 2500 4538 causa,
2522 4471 2852 4540 indiciorum
2881 4472 3048 4526 forma
3080 4481 3342 4528 temerata
3373 4475 3466 4539 sit,
3498 4475 3733 4531 maxime

2139 4559 2318 4600 autem
2353 4543 2499 4613 (ιιιυύ
2527 4543 2726 4598 absens
2748 4544 3141 4599 condemnatus
3175 4543 3262 4599 sit.
3309 4543 3379 4601 Ut
3418 4545 3562 4600 enim
3609 4561 3734 4602 cum

2142 4617 2487 4672 'l‘lteodoreto
2527 4615 2621 4669 lib.
2653 4630 2690 4670 tt
2736 4615 2870 4668 llist.
2905 4613 3052 4670 Eccl.
3103 4630 3153 4670 c.
3191 4615 3278 4686 16,
3309 4618 3462 4671 testis
3493 4625 3577 4672 est
3608 4617 3733 4686 ipse

431 4677 554 4740 cum
586 4697 655 4739 ex
681 4697 783 4738 ms.
837 4684 1046 4754 Remig.
1093 4685 1280 4753 legerit
1308 4685 1474 4740 Sirm.
1507 4685 1560 4737 in
1605 4695 1777 4740 i-catus
1800 4685 2028 4748 silentio,
2059 4677 2114 4736 D
2141 4689 2456 4742 Ammianus
2481 4686 2827 4743 Marcellinus
2857 4686 2948 4740 lib.
2979 4701 3070 4752 xv,
3091 4701 3146 4738 c.
3175 4687 3231 4752 7,
3264 4677 3512 4744 Liberius
3540 4703 3568 4741 a
3592 4677 3737 4743 cor.-

473 4754 574 4810 nod
605 4763 712 4819 est,
742 4755 793 4826 in
818 4756 1036 4811 silentio
1068 4761 1236 4810 reatui
1270 4755 1529 4822 obnoxio,
1557 4772 1715 4826 quem
1745 4767 1950 4812 reatum
1975 4771 2033 4811 ιιι

433 4771 574 4879 «Inoo
605 4771 712 4819 est,
742 4772 793 4809 tn
818 4771 1036 4811 sttentto
1068 4771 1236 4810 rentur
1270 4771 1529 4822 onttoxto,
1557 4772 1715 4826 quem
1745 4771 1950 4812 reatum
1975 4771 2029 4811 ιιι

431 4826 709 4898 refugeret
735 4825 988 4890 Hilarius,
1021 4828 1094 4882 ait
1123 4841 1187 4882 se
1213 4826 1433 4898 indigna
1467 4844 1563 4894 pro
1590 4827 1790 4883 Christi
1812 4827 2029 4883 confes-

431 4897 590 4981 sione
625 4899 733 4967 pati
762 4898 1056 4961 maluisse,
1098 4913 1258 4969 quam
1290 4897 1355 4954 ex
1389 4899 1676 4955 ambitiosa
1701 4900 2028 4956 conscientia

431 4984 748 5025 (ιυιιιιινετθ.

503 5038 576 5112 (c)
608 5041 735 5114 ideo
762 5049 986 5114 tempore
1010 5041 1477 5114 _antiquum:_quia
1501 5042 1646 5114 quod
1685 5039 1870 5097 Ariani
1911 5051 2034 5114 tan-

430 5109 566 5166 dem
605 5109 836 5167 Arimini
863 5109 877 5176 ,
931 5109 1195 5169 Seleucia-
1223 5122 1281 5168 et
1303 5109 1775 5182 Cdnstaininopoli
1804 5114 1870 5166 ad
1911 5113 2027 5168 exi-

375 5233 378 5237 .
435 5182 955 5255 tutnperduxernnt,
991 5185 1041 5238 id
1071 5183 1230 5255 longe
1253 5195 1411 5240 antea
1456 5185 1699 5240 conciliis
1728 5186 2029 5241 innumeris

431 5253 605 5310 moliti
647 5263 824 5310 erant.
869 5255 1002 5323 Quia
1047 5253 1184 5312 vero
1206 5261 1311 5313 hoc
1337 5257 1626 5311 consilium
1653 5271 1834 5322 suum,
1881 5256 2028 5323 quod

428 5325 647 5399 silrntio
674 5336 1058 5399 anteategere
1092 5327 1312 5382 solliciti
1358 5337 1552 5393 erant.
1599 5342 1742 5382 nunc
1796 5329 2028 5399 primum

431 5397 605 5468 palam
662 5397 1046 5468 prodiderunt;
1107 5399 1248 5453 ida-tn
1300 5399 1502 5454 silentio
1541 5415 1726 5454 nouunt
1774 5397 2032 5468 prtetlica-

429 5465 534 5522 tnr.
569 5465 960 5540 lattrquidem,
993 5472 1067 5523 nti
1118 5470 1211 5526 lib.
1241 5470 1311 5526 de
1354 5471 1488 5540 Syn.
1519 5485 1572 5525 ιι.
1629 5470 1699 5525 78
1746 5465 2017 5533 narratur,

429 5555 518 5593 an.
552 5536 664 5613 A557
694 5535 909 5595 heri-esis
953 5541 1154 5597 Sirmio
1187 5535 1564 5613 prorumpens,
1604 5542 1660 5596 id
1694 5544 1831 5612 quod
1877 5552 2026 5596 niden

432 5611 614 5684 furtim
644 5613 967 5684 irtussitnbut,
1003 5627 1108 5665 non
1137 5611 1290 5678 clum,
1336 5611 1429 5669 sed
1458 5613 1680 5684 ρκιοιὶταο
1708 5611 2032 5667 auctoritatis

433 5682 752 5753 professione
802 5683 984 5737 uictrix-
1029 5685 1364 5753 gloriabatur.
1414 5682 1482 5738 At
1520 5685 1874 5741 Orientalium
1923 5690 2034 5740 An-

431 5768 576 5826 cyrae
617 5765 1068 5826 tjottgrvgatorum
1101 5770 1267 5826 opera
1308 5759 1487 5810 statim
1518 5771 1766 5826 repressa
1794 5769 1897 5821 σιμ,
1941 5755 2026 5809 γλ.

435 5824 601 5900 lente.
625 5824 862 5900 _Ut’:‘-_|t’i0
892 5841 954 5900 ac
995 5824 1158 5900 soi-iis
1192 5842 1379 5900 eorum
1403 5824 1611 5884 eoat-tis
1650 5837 1708 5882 ιιι
1737 5829 2037 5900 Anryranis

433 5896 837 5956 deﬁnitionibus
852 5896 1274 5955 subscriberent.
1290 5899 1422 5968 Qum
1434 5901 1758 5973 subscriptio
1777 5896 2042 5956 iudicatur

2139 4759 2337 4812 statutio
2363 4758 2549 4828 jussus
2589 4767 2646 4812 ut
2679 4759 2728 4811 in
2771 4757 2918 4811 illum
2959 4757 3344 4821 subscriberet,
3374 4760 3737 4828 rrspundelnt

2137 4844 2427 4899 numquam
2457 4829 2700 4883 auditum
2728 4842 2885 4899 esse,
2943 4829 3010 4881 de
3035 4843 3128 4883 reo
3172 4829 3395 4885 absente
3424 4830 3584 4884 latam
3613 4845 3736 4886 csso

2136 4898 2480 4956 sententiam.
2514 4900 2659 4956 Idem
2692 4909 2778 4953 est
2802 4898 3031 4953 Lucili-ri
3070 4913 3134 4955 ac
3172 4901 3442 4957 sociorum
3486 4903 3608 4970 ejus
3648 4915 3740 4958 re.

2140 4987 2402 5043 sponsum
2427 4972 2575 5043 apud
2597 4972 2951 5027 Athanasium
2983 4971 3047 5023 ad
3071 4970 3229 5028 Solit.
3258 4987 3378 5043 pag.
3404 4968 3551 5028 862—:
3580 4968 3732 5038 Esto,

2139 5041 2385 5113 inquiunt
2413 5041 2752 5105 Constantio,
2787 5050 2844 5096 ut
2883 5051 3150 5096 accusator
3175 5041 3274 5106 sis,
3297 5042 3528 5100 absentia
3562 5053 3734 5101 tamen

2135 5115 2208 5169 τά
2240 5114 2366 5185 facit
2390 5124 2442 5167 ut
2463 5114 2691 5186 judicari
2714 5129 2817 5166 non
2847 5116 3026 5182 possit.
3057 5113 3260 5186 ludit-at
3297 5126 3561 5186 praetcrea
3585 5114 3732 5186 Hila-

2137 5184 2252 5240 rius
2295 5184 2593 5250 exturt‘am,
2644 5198 2816 5253 eoque
2860 5186 3078 5240 nemine
3119 5185 3320 5240 nullam
3367 5184 3535 5240 fuisse
3578 5185 3727 5242 illam

2138 5257 2462 5313 sententiam
2513 5275 2526 5310 :
2572 5270 2731 5326 quam
2783 5256 3050 5326 ratiOnem
3098 5269 3273 5324 neque
3309 5256 3433 5314 silet
3479 5255 3729 5314 Liberius

2143 5330 2264 5384 loco
2283 5325 2610 5384 Theodoreti
2643 5343 2691 5398 pl
2705 5325 2886 5398 oxime
2911 5335 3231 5398 nit-inorata.

2214 5399 2286 5470 (ε)
2312 5399 2405 5453 \‘el
2439 5396 2683 5470 Biterris,
2727 5396 2867 5470 unde
2893 5399 2943 5450 in
2972 5397 3219 5470 exsilium
3244 5399 3450 5469 eiectus
3477 5410 3560 5454 est
3586 5417 3600 5463 ;
3637 5399 3732 5470 rel

2130 5465 2293 5528 etiam
2321 5469 2815 5537 Constantinotmli,
2842 5476 2965 5542 post
3005 5465 3365 5542 Seleuciensis
3399 5470 3588 5542 synodi
3617 5467 3733 5527 dis-

2135 5543 2482 5598 solutionem.
2515 5542 2849 5609 Quamquam
2891 5540 3037 5598 lia-c.
3076 5540 3164 5593 ulti
3193 5556 3314 5597 sese
3341 5540 3537 5597 obtulit
3567 5556 3732 5598 occa.

2138 5615 2240 5679 sio,
2273 5622 2531 5684 przcstare
2558 5627 2664 5666 non
2711 5611 2936 5684 destitit.
2961 5610 3217 5684 ANam-lib.
3265 5627 3283 5666 ι
3331 5613 3396 5667 ad
3445 5611 3727 5669 Constant.

2143 5704 2197 5743 ιι.
2241 5681 2298 5746 δ’,
2330 5685 2592 5751 queritur,
2621 5682 2764 5751 quod
2791 5681 2972 5754 Ariani
3013 5697 3115 5754 non
3141 5693 3339 5738 cessant
3381 5699 3471 5738 ore
3497 5684 3659 5754 impio
3682 5692 3732 5738 rt

2145 5757 2392 5824 sttcrt'lego
2405 5757 2578 5809 animo
2599 5752 2993 5826 Euongrh'orum
3018 5753 3358 5826 sinceritatem
3384 5752 3732 5826 corrumpere,

2145 5841 2192 5882 et
2243 5823 2434 5884 rectum
2482 5823 2832 5898 apostolorum
2881 5823 3109 5898 regulam
3151 5825 3464 5898 depravare;
3515 5823 3728 5893 et'pust

2151 5915 2339 5973 putica,
2369 5896 2798 5971 quodsimplires
2831 5906 2877 5952 et
2903 5897 3194 5953 innocentes
3230 5896 3323 5952 sub
3353 5907 3603 5968 pmtemlu
3642 5912 3735 5951 llo--
