4328 6520
668 257 776 314 13(ῗῖ

1848 251 2068 312 SXNC'I'
2073 253 2096 312 1
2141 251 2398 316 ωιΑιιιι
2435 256 2740 314 ΕΗὲὶίζυῖδΙ

3857 265 3966 317 uss

664 389 830 448 quam
881 374 1097 432 actibus
1135 377 1268 432 suis.
1317 373 1396 449 (α)
1441 373 1555 431 Hoc
1587 373 1771 446 itaque
1807 371 1964 430 nefas
1997 371 2254 444 quoniam
2283 375 2333 436 Α
2356 387 2495 446 gena
2523 383 2578 429 et
2598 373 2758 429 Ossio
2785 373 3026 430 fuerunt.
3057 385 3118 431 ut
3143 376 3214 431 de
3251 387 3294 431 si
3319 389 3350 430 o
3373 385 3518 433 rmtu
3549 377 3836 431 damnatos
3861 391 3928 432 ex
3947 407 3966 416 -

665 483 956 541 numquam
979 469 1186 539 recepit
1200 469 1572 526 ecclesiastica
1587 467 1902 540 disciplina;
1920 481 2254 537 qutcsumus,

665 561 1007 620 dilectissimi
1027 561 1270 630 Fratres,
1287 569 1344 616 ut
1359 561 1684 618 sceleratam
1701 559 1994 630 perniciem
2012 565 2260 614 conatus-

665 669 774 726 que
795 653 1110 713 mortiferus
1134 655 1470 725 perditorum
1491 655 1772 710 nobiscum
1793 654 1957 710 etiam
1981 653 2084 725 ipsi
2105 652 2258 708 dam-

665 764 828 806 netis.

740 841 828 899 l3.
863 839 1026 908 Quasi
1063 841 1432 896 consentimtes
1460 855 1577 892 cum
1607 839 1674 893 iis
1707 852 1836 910 quas
1864 839 2256 896 damnaverant.

665 961 737 976 -—
761 932 974 990 Etenim
1011 947 1136 991 cunt
1168 931 1344 987 adhuc
1379 941 1530 988 esset
1563 931 1855 1000 episcopus
1893 930 2221 987 Athanasius
2243 972 2260 996 .

664 1026 950 1095 Aselepam
975 1026 1283 1096 depositum
1308 1040 1404 1079 sua
1431 1023 1698 1080 sentt-otia
1725 1022 1844 1094 ipse
1866 1021 1941 1096 (lt)
1964 1021 2257 1079 damnat-it.

667 1117 774 1174 Sed
799 1127 856 1174 et
883 1117 1167 1175 Marcellus
1201 1116 1456 1172 similiter
1485 1129 1778 1186 numquam
1815 1116 2258 1172 communicavit.

665 1210 864 1268 Paulus
888 1225 1021 1268 vero
1043 1211 1318 1266 Athanasii
1347 1209 1672 1280 expositioni
1695 1206 1966 1275 interfuit,
1991 1223 2266 1282 manuque

666 1305 886 1376 propria
916 1304 1239 1361 sententiam
1266 1303 1536 1371 scribens,
1559 1317 1685 1359 cum
1705 1301 1923 1358 caeteris
1947 1317 2070 1357 cttm
2097 1302 2262 1358 etiam

665 1399 782 1466 ipse
805 1397 1104 1456 damnavit.
1131 1396 1199 1452 Et
1227 1395 1480 1467 quamdiu
1501 1396 1734 1467 quisque
1755 1410 1944 1453 eorum
1973 1397 2264 1466 cpiscopus

665 1489 784 1554 fuit,
829 1505 927 1546 sua
955 1489 1157 1558 judicia
1190 1489 1553 1545 confirmavit.
1598 1488 1706 1546 Sed
1743 1502 1868 1544 cum
1913 1485 2148 1544 diversis
2189 1504 2262 1546 ex

664 1585 846 1641 causis
881 1584 1224 1652 diversisque
1263 1583 1602 1654 temporibus
1639 1583 1836 1656 singuli
1877 1598 2068 1640 eorum
2102 1584 2264 1656 digne

665 1676 738 1734 de
789 1676 1034 1737 Ecclesia
1078 1675 1192 1733 suis
1237 1691 1335 1748 pro
1378 1676 1585 1732 meritis
1621 1676 1975 1746 pellerentur,
2002 1676 2262 1746 majorem

2357 469 2659 536 eluderent,
2680 485 2854 543 neque
2873 470 3246 541 peccatoribus
3257 473 3740 528 communicarent:
3759 471 3970 530 deinde

2359 578 2464 622 una
2507 565 2792 622 nobiscum
2827 564 3078 622 audirent
3111 580 3200 632 ea,
3241 581 3363 637 quis
3405 582 3436 623 a
3471 566 3716 636 patribus
3757 567 3972 622 nostris

2359 665 2548 716 contra
2607 657 2757 730 ipsos
2814 657 2869 714 in
2907 659 3238 730 praeteritum
3279 659 3486 714 fuerant
3522 658 3762 730 iudicata
3811 658 3968 728 (nam

2361 753 2501 810 liber
2524 751 2760 808 Marcelli
2789 766 2895 807 non
2920 752 3272 824 exspectabat
3296 754 3702 808 accusationem
3727 795 3744 817 ,
3775 767 3878 822 per
3895 766 3967 808 se

2362 844 2508 902 enim
2542 852 2730 913 aperte
2755 841 3042 900 haereticus
3069 841 3414 914 noscebatur)
3439 861 3453 897 :
3485 853 3539 900 et
3561 859 3628 898 ne
3653 843 3806 899 falsis
3829 856 3970 913 sug-

2361 936 2695 1006 gestionilms
2720 936 3008 992 crederent
3034 979 3049 1002 ,
3079 937 3148 1010 (ei
3181 953 3286 990 non
3309 951 3498 991 eorum
3525 937 3805 1008 quisquam
3837 951 3970 1008 pra-

2363 1029 2642 1086 vissitnatn
2673 1041 2912 1085 mentem
2939 1037 3160 1101 propter
3195 1030 3370 1084 locum
3399 1030 3740 1099 episcopatus
3765 1031 3966 1084 obscu-

2369 1131 2516 1178 rant.
2547 1121 2620 1178 At
2663 1121 2742 1177 illi
2781 1129 2969 1177 contra
3019 1121 3132 1176 lure
3168 1121 3526 1178 resistebant:
3571 1135 3678 1190 qua
3723 1125 3966 1188 ratione,

2363 1215 2654 1272 nescimus.
2687 1215 2796 1271 Nec
2825 1230 2884 1268 se
2911 1214 3192 1270 voluerunt
3220 1214 3288 1268 ab
3316 1215 3556 1284 ipsorum
3578 1217 3968 1270 communione

2363 1322 2674 1376 secernere,
2706 1307 3095 1362 conﬁrmantes
3117 1307 3354 1363 Marcelli
3379 1306 3619 1363 Itast-elici
3643 1317 3879 1363 sectam:
3907 1317 3968 1361 et

2365 1400 2604 1458 facinora
2635 1399 2918 1456 Athanasii
2945 1409 3374 1472 cmtemrtunque
3397 1401 3606 1457 scelera
3635 1398 3761 1456 fidei
3785 1401 3971 1456 eccle-

2362 1495 2596 1554 siastica:
2624 1495 2850 1564 pacique
2879 1494 3288 1566 prasponebant.

2440 1587 2522 1645 16-
2555 1588 2650 1644 His
2676 1588 2854 1658 itaque
2876 1588 3128 1658 cognitis,
3155 1601 3256 1644 nos
3283 1590 3556 1660 octoginta
3587 1588 3660 1662 (n
3687 1589 3958 1667 episcopi,

2362 1683 2454 1755 qui
2483 1691 2706 1755 propter
2735 1697 2920 1753 pacem
2945 1681 3365 1738 confirmandam
3397 1681 3654 1740 Ecclesia!
3679 1697 3747 1738 ex
3775 1681 3965 1738 diver-

665 1771 1018 1827 concortliam
1073 1783 1180 1826 una
1227 1769 1629 1840 conspiratione
1665 1769 1951 1836 fecerunt;
1997 1771 2260 1827 donantes
2289 1774 2341 1838 B
2363 1777 2440 1834 sis
2479 1777 2893 1848 longinquisqnc
2950 1776 3246 1848 provinciis
3287 1791 3412 1832 cum
3463 1777 3664 1851 ingenti
3701 1777 3850 1834 exitu
3907 1786 3970 1833 et

666 1861 768 1916 sibi
793 1863 1024 1934 quisque
1049 1861 1245 1918 delicta
1268 1903 1283 1930 ,
1325 1877 1446 1934 qua:
1483 1878 1606 1918 cum
1635 1863 1878 1936 episcopi
1907 1871 2122 1932 essent,
2161 1879 2260 1936 pro

665 1955 989 2011 auctoritate
1013 1954 1194 2011 divina
1215 1955 1560 2012 damnarunt.

739 2047 827 2104 M.
857 2046 1186 2106 Sardiccnsis
1205 2049 1414 2104 concilii
1441 2050 1613 2105 initia.
1642 2076 1715 2091 --
1739 2049 1980 2120 Namque
2003 2050 2257 2118 quoniam

666 2140 1000 2199 Athanasius
1032 2143 1088 2198 in
1127 2141 1330 2199 Italiam
1369 2153 1426 2200 et
1467 2143 1695 2200 Galliam
1728 2158 1958 2216 pergens
1987 2145 2088 2200 sibi
2117 2143 2262 2215 judi-

666 2233 810 2289 cium
835 2234 1172 2305 comparavit
1199 2252 1214 2302 ;
1251 2245 1368 2306 post
1395 2243 1626 2292 mortem
1646 2236 1950 2308 aliquorum
1980 2245 2264 2294 accusato-

666 2343 806 2396 rum,
833 2330 1080 2392 testium,
1105 2329 1472 2400 iudicumque,
1494 2341 1549 2386 et
1569 2331 1799 2386 credidit
1821 2346 1979 2402 posse
1999 2345 2058 2388 se
2083 2331 2261 2389 denuo

667 2431 910 2492 tenuiore
935 2424 1104 2478 audiri
1129 2464 1142 2488 ,
1175 2423 1317 2490 quod
1351 2424 1466 2494 ejus
1495 2422 1695 2494 ﬂagitia
1725 2435 1968 2479 vetuStas
1999 2425 2260 2496 temporis

664 2517 1000 2571 obscuraret.
1036 2516 1133 2572 Cui
1161 2529 1484 2572 consensum
1517 2517 1923 2572 cotnmotlantes
1952 2533 2060 2572 non
2091 2527 2262 2586 recte,

662 2606 834 2665 Julius
879 2609 1030 2666 urbis
1075 2609 1261 2663 Bonna
1303 2610 1606 2681 epist-opus,
1661 2609 1924 2666 Maximus
1985 2610 2259 2681 (Maximi-

665 2714 770 2754 uus
789 2699 1024 2774 Trevir.)
1045 2712 1100 2756 ct
1127 2699 1338 2765 Ossius,
1358 2701 1646 2770 emtor-ique
1665 2701 1974 2771 complures
1993 2701 2259 2771 ipsorum,

665 2795 954 2850 concilium
983 2793 1125 2862 apud
1155 2793 1432 2852 Serdicam
1471 2794 1586 2850 ﬁeri
1630 2809 1698 2851 ex
1727 2797 2070 2866 imperaturis
2111 2796 2264 2852 beni-

662 2889 868 2956 gnitate
882 2886 1048 2961 656
1059 2900 1430 2958 sumpserunt.
1449 2887 1792 2945 Occurrintus
1806 2890 1874 2946 ad
1893 2889 2170 2946 Serdicam
2183 2891 2266 2947 lit-

665 2979 799 3034 teris
815 2979 1154 3050 imperatoris
1167 2983 1434 3038 couventi.
1469 2981 1587 3050 Quo
1606 2996 1728 3037 cum
1744 2984 2104 3050 venissemus,
2122 2983 2260 3039 didi-

661 3071 838 3128 cintus
853 3075 906 3128 in
928 3073 1108 3128 media
1127 3075 1359 3131 ecclesia
1387 3074 1762 3145 Athanasium,
1787 3076 2122 3142 Marcellum,
2139 3092 2260 3133 om-

2360 1869 2550 1928 labore
2583 1869 2651 1925 ad
2697 1869 2978 1926 Serdicam
3020 1873 3346 1927 veneramus
3365 1913 3382 1938 ,
3425 1871 3674 1928 videntes
3703 1871 3818 1927 haec
3849 1885 3964 1927 non

2361 1963 2481 2020 sine
2510 1963 2763 2036 laerymis
2791 1961 3114 2018 ferebamus.
3139 1961 3281 2018 Leve
3301 1965 3447 2019 enim
3471 1977 3578 2019 non
3601 1973 3740 2030 erat,
3761 1963 3908 2036 quod
3929 1977 3965 2018 ει

2361 2070 2422 2112 se
2445 2070 2542 2113 eos
2569 2054 2848 2112 dimittere
2863 2054 3088 2112 omnino
3109 2055 3401 2126 negabant,
3423 2070 3560 2128 quos
3581 2063 3758 2126 patres
3787 2058 3964 2112 nostri

2363 2149 2562 2208 merito
2581 2149 2696 2208 suis
2727 2163 2828 2221 pro
2855 2149 3172 2207 criminibus
3195 2157 3324 2207 ante
3349 2149 3696 2207 damnarunt.
3737 2149 3834 2206 liis
3859 2151 3968 2204 ita-

2361 2261 2468 2320 que
2489 2245 2890 2302 communicare
2919 2243 3072 2302 nefas
3105 2244 3388 2312 duximus,
3421 2261 3600 2314 neque
3629 2259 3754 2303 cum
3779 2245 3966 2316 profa-

2362 2341 2446 2397 nis
2492 2341 2762 2397 voluimus
2807 2349 2994 2396 sancta
3042 2339 3252 2394 Domini
3303 2351 3638 2396 sacramenta
3687 2341 3922 2396 miscere
3945 2380 3962 2406 ,

2361 2441 2644 2491 servantes
2687 2441 2742 2489 et
2789 2443 3036 2490 tenentes
3091 2433 3330 2504 regulam
3377 2433 3766 2490 ecclesiaStica:
3799 2433 3968 2490 disci-

2364 2529 2544 2598 Milite.
2585 2526 2718 2585 Nam
2747 2538 2804 2584 ut
2831 2529 3167 2597 supradictas
3205 2527 3418 2585 Ossitun
3444 2543 3474 2584 a
3495 2543 3558 2586 se
3579 2529 3964 2600 Protogenen:-

2360 2636 2468 2694 que
2493 2636 2598 2678 non
2619 2621 2970 2689 dimitterent,
3002 2621 3080 2695 (g)
3100 2624 3430 2680 conscientia
3455 2625 3594 2680 torto
3612 2621 3776 2691 mala,
3794 2623 3962 2697 657

2361 2729 2524 2786 quam
2551 2713 2656 2771 sibi
2681 2728 2872 2769 eorum
2893 2716 3261 2786 unusquisque
3278 2714 3508 2772 debebat
3538 2714 3729 2772 nudari
3753 2717 3960 2786 aliquo,

2363 2823 2523 2879 quam
2553 2809 2619 2864 ad
2650 2809 2824 2878 palam
2852 2807 2968 2865 tieri
2998 2823 3326 2880 magnOpet-c
3347 2810 3838 2880 pertimescebant:
3861 2825 3966 2867 nec

2364 2903 2444 2960 sic
2469 2907 2525 2958 in
2553 2917 2650 2960 eos
2675 2903 2908 2959 audebat
2939 2918 3128 2960 eorum
3160 2903 3358 2976 aliquis
3383 2903 3708 2960 sententiam
3736 2904 3924 2962 dicere
3947 2946 3964 2971 .

2366 3012 2436 3052 ne
2463 3003 2516 3052 et
2539 3009 2598 3051 se
2630 2997 2747 3064 ipse.
2773 2995 3076 3062 damnaret,
3105 2996 3248 3066 quod
3279 2995 3387 3053 illis
3406 3006 3594 3053 contra
3617 2997 3964 3054 interdictum

2367 3087 2890 3154 communicassent,
2931 3087 3126 3158 quibus
3154 3089 3554 3145 communicare
3581 3087 3732 3146 nullo
3759 3103 3967 3159 genere

661 3179 761 3220 nes
797 3165 1094 3224 sceleratos
1138 3167 1354 3223 concilii
1391 3169 1662 3224 sententia
1704 3171 1920 3238 pulsos,
1963 3179 2019 3227 et
2063 3173 2258 3228 merito
2285 3169 2332 3236 C
2361 3189 2658 3250 oporteret.

661 3256 904 3327 singulos
930 3271 1031 3329 pro
1049 3260 1164 3314 suis
1189 3259 1522 3315 facinoribus
1552 3262 1975 3329 praedamnatos,
2006 3278 2128 3320 cum
2155 3264 2261 3321 Os-

661 3349 744 3410 sio
770 3361 826 3406 et
856 3350 1160 3422 Pretogene
1191 3351 1383 3408 sedere
1425 3353 1585 3410 simul
1612 3362 1668 3410 et
1700 3356 2006 3426 disputare,
2033 3367 2090 3412 et
2117 3357 2262 3428 quod

661 3453 748 3499 est
771 3445 1036 3511 deterius,
1067 3447 1250 3503 divina
1280 3449 1534 3519 mysteria
1561 3450 1863 3508 celebrare.
1893 3449 2004 3507 Nec
2032 3451 2264 3509 confun-

661 3535 891 3594 dehatur
908 3538 1242 3610 Protogenes
1271 3541 1523 3598 Sertlires
1543 3543 1832 3614 episcopus
1855 3547 2264 3604 communicare

659 3629 912 3688 Marcello
935 3631 1216 3701 lia-retice,
1245 3633 1399 3704 cujus
1423 3644 1479 3690 et
1503 3644 1706 3690 sectam
1729 3644 1788 3693 et
1817 3638 2108 3708 reprobum
2129 3653 2260 3694 scn-

662 3739 804 3792 sum,
828 3723 884 3780 iu
924 3725 1158 3782 cuncllio
1205 3725 1280 3799 (ε)
1323 3735 1516 3797 quater
1553 3727 1842 3786 sententiis
1875 3731 2258 3802 cpiscopon

659 3816 1028 3883 subscribens,
1077 3819 1294 3890 propria
1336 3833 1474 3875 voce
1517 3819 1634 3890 ipse
1676 3822 2050 3879 damnaverat.
2099 3822 2257 3881 Unde

661 3909 1004 3967 manifestum
1032 3922 1140 3980 est,
1159 3914 1288 3984 quia
1308 3926 1430 3970 sese
1457 3915 1570 3984 ipse
1590 3927 1684 3970 sua
1705 3915 1974 3973 sententia
1999 3915 2260 3974 condem-

661 4003 832 4072 navit,
861 4017 986 4060 cum
1016 4020 1078 4060 se
1106 4005 1184 4060 illi
1211 4006 1660 4063 communicando
1689 4007 2008 4079 participem
2036 4006 2185 4064 fecit.

729 4096 818 4155 15.
862 4096 1207 4154 Orientalium
1248 4109 1468 4155 conatus
1505 4109 1562 4153 ut
1591 4099 1931 4156 Athanasium
1973 4108 2024 4156 et
2059 4101 2194 4156 alios
2224 4115 2260 4156 ο

659 4191 859 4261 synodo
887 4191 1120 4266 cjiciant.
1149 4221 1223 4234 —
1241 4191 1442 4250 Verum
1477 4206 1576 4248 nos
1604 4201 1852 4252 tenentes
1873 4193 2261 4251 ecclesiastica

660 4285 860 4354 regula:
895 4284 1234 4358 disciplinam
1253 4328 1270 4355 ,
1302 4295 1358 4343 et
1394 4287 1638 4343 volentes
1667 4287 1901 4343 miseros
1929 4286 1984 4342 iu
2012 4286 2261 4357 aliquan-

662 4381 828 4440 tulum
855 4381 937 4455 (tl)
967 4382 1152 4440 vivere
1175 4423 1190 4449 ,
1216 4383 1590 4440 mandavimus
1616 4380 1725 4437 illis
1743 4422 1762 4450 ,
1789 4381 1882 4452 qui
1910 4395 2036 4438 cum
2063 4379 2258 4438 Proto-

2441 3272 2528 3328 t7.
2559 3269 2752 3327 Verum
2781 3285 2880 3326 nos
2917 3271 3112 3327 iterum
3139 3270 3260 3328 illus
3301 3281 3462 3342 atque,
3497 3271 3696 3328 iterum
3737 3273 3968 3342 rogaba-

2363 3379 2486 3420 mus
2510 3404 2526 3428 ,
2560 3377 2630 3419 ne
2659 3365 2811 3418 firma
2841 3363 3126 3433 solidaque
3153 3371 3508 3420 concuterent
3527 3406 3544 3432 ,
3573 3379 3646 3419 ne
3681 3363 3970 3420 subvertc.

2363 3466 2486 3512 rent
2516 3454 2722 3526 legent,
2755 3469 2858 3510 nec
2899 3455 3020 3524 jura
3069 3455 3248 3510 divina
3303 3455 3604 3524 turbarent,
3647 3468 3718 3512 ne
3766 3465 3968 3512 cuncta

2363 3545 2786 3610 confunderent.
2813 3555 2976 3616 atque
3001 3546 3346 3602 traditionem
3369 3546 3627 3604 Ecclesiae
3653 3561 3722 3604 ne
3744 3547 3967 3617 quidem

2367 3639 2576 3698 modica
2605 3653 2740 3708 pace
2769 3637 2849 3713 (f.
2881 3639 3070 3712 parte)
3099 3639 3426 3696 frustrarem
3454 3657 3470 3694 :
3499 3640 3594 3698 sed
3625 3653 3728 3697 nec
3763 3655 3965 3698 novatn

2365 3741 2578 3791 sectam
2597 3731 2918 3790 inducet-ent
2935 3775 2952 3800 ,
2983 3741 3076 3789 aut
3095 3732 3460 3791 Orientalibus
3482 3735 3754 3806 episcopis
3777 3735 3968 3792 conci-

2364 3826 2562 3895 liisque
2587 3815 2948 3881 sanctissimis
2975 3826 3044 3881 de
3071 3824 3368 3883 Occidente
3395 3824 3676 3882 venientes
3701 3826 3878 3896 aliqua
3905 3825 3966 3885 In

2365 3929 2515 3990 mne
2545 3927 2946 3992 prarpo‘ncrent.
2973 3921 3043 3976 At
3075 3919 3152 3975 illi
3193 3931 3380 3978 contra
3421 3919 3786 3992 despicientes
3812 3923 3953 3990 lucc,

2365 4013 2522 4070 nobis
2550 4013 2913 4076 minabantur.
2935 4023 2992 4069 et
3022 4027 3084 4069 se
3114 4013 3470 4080 Athanasium
3495 4022 3552 4070 et
3588 4021 3818 4070 caeteros
3843 4027 3966 4071 sce-

2366 4105 2568 4162 let-atus
2595 4105 2968 4162 vindicatums
3011 4095 3426 4174 pollicebantur.
3452 4104 3620 4174 Quasi
3661 4119 3792 4162 vero
3816 4103 3964 4164 aliud

2363 4197 2545 4254 facere
2568 4203 2664 4253 aut
2687 4194 2870 4253 dicere
2896 4205 3153 4267 possent,
3179 4197 3270 4268 qui
3313 4185 3609 4252 sceleratos
3657 4210 3850 4254 omnes
3895 4211 3966 4253 ac

2365 4289 2609 4360 perditos
2637 4290 2690 4342 in
2729 4301 2884 4342 suum
2935 4287 3268 4344 consortium
3309 4297 3656 4356 receperunt.
3689 4287 3962 4346 Prastcrea

2367 4382 2584 4452 ingentc
2615 4379 2721 4435 hoc
2746 4387 2960 4436 tumore
2977 4389 3304 4451 proponunt,
3334 4378 3558 4437 audacia
3581 4379 3759 4452 potius
3784 4395 3850 4438 ac
3874 4386 3962 4439 te-

731 4547 807 4621 (a)
840 4545 1036 4621 Faber,
1063 4547 1326 4604 asterisco
1347 4547 1817 4621 posito,_qu:edam
1840 4543 2257 4621 bic‘decsseno—
2279 4545 2336 4607 Β
2359 4542 2475 4621 rius
2497 4555 2568 4621 _e_x
2602 4540 2716 4596 sola
2745 4538 2958 4621 illorum
2987 4538 3093 4596 fido
3127 4537 3441 4600 asscruerit.
3466 4536 3657 4611 fragm.
3689 4554 3751 4608 ιι,
3781 4555 3834 4596 n.
3863 4540 3960 4610 2i,

657 4614 810 4691 tavit.
846 4618 1058 4691 luti-gra
1087 4631 1266 4675 tamen
1294 4614 1449 4674 nobis
1473 4614 1685 4675 videtur
1711 4617 1976 4674 sententia
2001 4635 2014 4691 ς
2053 4625 2110 4670 ιιι
2140 4614 2248 4691 ρο.

657 4687 988 4758 ςίιιοιηςιιθςξ
1017 4692 1128 4760 qui,
1181 4707 1330 4744 num.
1381 4692 1469 4755 l0,
1505 4697 1750 4746 nontam
1783 4703 1881 4761 pro
1930 4687 2248 4752 Athanasio,

656 4776 811 4832 quant
837 4778 932 4831 pro
953 4761 1062 4818 suis
1086 4761 1286 4817 actibus
1309 4761 1546 4817 laborare
1571 4760 1804 4831 capiat-te
1826 4760 1955 4816 dicti
1990 4767 2138 4824 sunt,
2160 4771 2256 4813 eo-

657 4831 780 4887 dem
809 4847 972 4889 seusn
999 4849 1142 4888 nunc
1169 4833 1416 4891 dicantur
1440 4849 1548 4888 non
1577 4843 1686 4890 tam
1724 4833 1870 4888 illius
1889 4845 1956 4887 ac
1977 4831 2250 4888 sociorum

657 4903 888 4964 actibus.
919 4919 1081 4974 quam
1108 4904 1224 4960 suis
1249 4905 1517 4962 misereri.

731 4997 812 5068 (ὁ)
865 4992 1349 5052 Condemnatinnis
1391 4996 1550 5068 hujus
1596 4997 1800 5068 nullum
1849 5005 1932 5051 est
1974 5001 2068 5068 aut
2111 4991 2253 5063 apud

657 5066 1032 5132 Athanasium,
1057 5079 1150 5122 aut
1174 5068 1316 5132 apud
1341 5066 1476 5124 alios
1495 5084 1661 5124 sacrae
1689 5067 1931 5124 historia:
1956 5067 2253 5134 scriptores

656 5139 963 5208 vestigium.
991 5137 1100 5194 Nec
1123 5141 1238 5195 veri
1261 5139 1470 5196 videtur
1494 5141 1694 5205 simile,
1721 5153 1776 5194 ut
1807 5139 2129 5193 Athanasius
2151 5139 2251 5190 As-

653 5211 865 5280 clepatn
894 5209 1311 5282 damnaverit,
1343 5227 1503 5282 quem
1559 5211 1908 5282 reprehendit
1950 5223 2246 5282 nusquam.

657 5279 856 5352 passim
891 5281 1140 5354 laudibus
1174 5279 1401 5354 extollit.
1453 5279 1706 5354 Ejusdem
1753 5283 1940 5337 l'aritue
1979 5279 2246 5354 censenda

655 5350 802 5420 bunt,
828 5369 949 5423 qua!
977 5353 1046 5408 de
1071 5353 1325 5410 Marcello
1351 5366 1399 5409 et
1431 5350 1596 5410 Pztttitt
1613 5355 1990 5422 subjiciuntur.
2023 5351 2088 5407 Et
2113 5350 2250 5404 Pauc-

658 5426 768 5480 lum
803 5424 1022 5494 quidem
1050 5466 1064 5490 ,
1105 5427 1416 5497 priusquam
1455 5429 1524 5481 ab
1557 5428 1866 5496 episcopatu
1893 5423 2217 5497 dejiceretttr
2239 5465 2255 5488 ,

661 5493 845 5549 secum
868 5493 1298 5551 cotttmtttitcztSsé
1319 5499 1453 5553 satis
1479 5500 1676 5552 indicat
1705 5493 2029 5552 Athanasius
2061 5493 2128 5547 ad
2158 5495 2260 5548 So-

659 5567 757 5640 ίίι,
787 5584 840 5634 νο
883 5566 1012 5640 815.
1049 5568 1182 5625 lliuc
1221 5581 1404 5623 nostra
1449 5577 1677 5634 augt-tur
1715 5567 1970 5640 suspicio,
2013 5585 2080 5640 ne
2119 5563 2258 5640 forte

665 5637 876 5704 Ariani,
913 5639 1113 5696 Sirmio
1151 5641 1510 5697 rescribeutus
1543 5641 1612 5696 de
1635 5637 1980 5696 damnatione
2016 5637 2251 5700 Photini,

661 5709 1016 5766 Athanasium
1069 5729 1098 5765 :t
1152 5711 1387 5770 Marcelli
1442 5716 1822 5770 communione
1873 5728 1934 5768 se
1983 5707 2256 5765 abstinere

664 5780 996 5841 mendaciter
1023 5785 1347 5843 inscrueriut
1369 5827 1385 5844 .
1427 5785 1589 5858 idque
1615 5787 1775 5858 paulo
1801 5783 2074 5842 credulior
2109 5779 2250 5837 llila-

2361 4623 2419 4668 ut
2439 4613 2568 4668 ibitl.
2603 4613 2930 4668 monuimus.

2427 4684 2502 4757 (ε)
2528 4681 2666 4757 Quid
2692 4683 2806 4757 sibi
2821 4683 2955 4738 velit
2994 4679 3122 4737 illttd
3161 4689 3366 4757 quater,
3396 4694 3504 4736 non
3533 4679 3692 4757 facile
3717 4680 3954 4757 dixeris;

2355 4751 2489 4814 cuin
2507 4751 2759 4818 llilarius,
2783 4753 3084 4823 fragmento
3103 4751 3390 4823 superiori.
3411 4769 3559 4807 num.
3585 4753 3680 4820 22,
3699 4752 3956 4820 afﬁrmet,

2359 4829 2557 4883 nullout
2585 4841 2826 4893 nusquam
2851 4822 3095 4896 adversus
3126 4822 3452 4896 Marcellum.
3474 4836 3683 4896 praeter
3713 4841 3823 4880 eam
3845 4842 3960 4896 quin

2361 4896 2754 4955 Sin-dicentibus
2778 4905 2852 4951 est
2867 4895 3126 4952 dissoluta
3146 4895 3428 4963 sententiis,
3449 4893 3686 4966 deinceps
3706 4893 3958 4969 synodum

2358 4972 2521 5045 fuisse
2546 4977 2880 5045 contractam.
3127 5037 3140 5045 ἡ
3183 4988 3186 4992 ί

2433 5041 2512 5112 (d)
2545 5040 2727 5112 l'forle,
2757 5053 3044 5112 removere,
3058 5037 3141 5094 vel
3171 5047 3394 5094 remotos
3418 5039 3600 5112 uiuere.

2427 5108 2500 5197 (ε)
2541 5111 2980 5194 blendosadcctio
3005 5111 3296 5197 sic‘pntest
3317 5109 3521 5197 corrigi.
3537 5127 3577 5197 ε,
3605 5108 3744 5197 ll’ont
3761 5195 3764 5197 Δ
3780 5125 3962 5197 eorum

2355 5180 2569 5257 quisque
2592 5182 2950 5257 pravissimam
2971 5191 3191 5257 mentem
3225 5221 3236 5234 .
3266 5221 3280 5236 .
3310 5221 3324 5237 .
3353 5180 3684 5249 occultabat;
3712 5181 3819 5247 vel,
3841 5198 3962 5237 cum

2355 5254 2531 5311 contu:
2562 5254 2773 5325 quisque
2804 5293 2820 5309 .
2857 5292 2872 5306 .
2909 5291 2924 5304 .
2956 5254 3255 5325 occultaret.

2429 5328 2496 5398 (n
2527 5321 2779 5382 Socrates
2811 5325 2904 5398 lib.
2937 5339 2998 5390 ιι,
3023 5339 3075 5379 c.
3116 5324 3210 5388 '20,
3249 5337 3315 5398 es
3360 5321 3546 5398 Sabini
3577 5323 3683 5398 {ide
3708 5334 3962 5398 recenset

2367 5393 2570 5454 tantum
2607 5397 2942 5468 septuaginta
2971 5410 3064 5450 sex
3086 5437 3103 5462 ,
3145 5409 3248 5450 nec
3291 5395 3560 5452 habentur
3587 5393 3728 5454 infra
3757 5395 3858 5452 nisi
3887 5397 3962 5452 73

2365 5469 2806 5539 subscriptiones.

2439 5563 2517 5637 (g)
2547 5563 2907 5637 luunts.,_cnt_n
2930 5560 3160 5637 scicntia.
3185 5559 3402 5637 Plenior
3419 5559 3668 5637 sinessct
3701 5561 3814 5629 huic
3833 5577 3961 5616 seu-

2366 5630 2561 5691 tentia:
2595 5632 2916 5688 Corn-cicutis
2952 5633 3085 5702 forte
3107 5631 3248 5702 malo
3277 5630 3699 5699 prohibebantur,
3738 5648 3839 5702 qua
3875 5649 3966 5688 eo-

2363 5724 2476 5760 rum
2497 5707 2843 5778 tutusquisque
2872 5701 3077 5762 timebat
3111 5701 3298 5761 nudari
3330 5705 3395 5762 ab
3415 5703 3611 5774 aliquo,
3637 5701 3757 5774 quat
3785 5705 3963 5776 palam

2362 5779 2498 5851 ﬁeri,
2523 5787 2627 5835 etc.
