4328 6486
572 345 678 406 n75

1769 352 2013 412 SANL‘T!
2053 352 2308 412 lﬂLARll
2352 352 2654 414 El’lStzm’l

3753 360 3861 421 616

570 461 858 531 stxiitinop.
883 459 1089 519 nefario
1113 461 1315 519 hmoini
1339 476 1402 518 ac
1417 463 1623 536 perdito
1644 467 1844 536 primus
1877 468 1990 536 ipse
2010 483 2158 525 com-
2183 472 2240 534 Α
2262 469 2384 532 bus.
2428 485 2522 538 per
2541 483 2703 540 quem
2753 468 3154 524 sanctilleanmr
3192 466 3384 521 animo.
3433 467 3485 522 in
3518 469 3690 539 ipsum
3722 469 3862 524 tide-

568 554 883 620 tuuuicavit,
921 565 975 610 et
998 555 1138 626 quod
1173 558 1284 626 ipse
1326 566 1490 612 tautze
1541 558 1709 613 cladis
1743 572 1900 614 causa
1953 558 2069 622 fuit,
2103 569 2162 615 ιιι

570 643 770 702 1’;ιίι1ιιδ
818 645 888 703 ad
928 647 1452 720 COtistantittopnlitlt
1495 651 1765 706 civitatem
1791 661 2158 714 revocaretur.

567 749 788 810 propter
811 741 952 810 quod
982 741 1266 798 homicidia
1313 741 1480 799 multa
1513 742 1649 799 facta
1679 751 1826 799 sunt.
1854 744 2028 798 Causa
2062 743 2163 815 ἰεί-

570 844 657 888 ιιιι·
705 834 1116 892 homicidiorum
1170 846 1440 893 tantorum
1486 837 1601 908 ipse
1647 834 1763 903 fuit,
1805 836 1899 908 qui
1939 837 2159 893 Paulum

567 928 696 984 clim
744 928 1056 986 damnatum
1083 929 1152 985 ad
1177 927 1703 1002 Constantinopolim
1733 931 2028 988 revocavit.

639 1021 728 1076 ‘28.
773 1021 1001 1089 Pronter
1039 1020 1138 1079 has
1165 1022 1325 1094 igitur
1353 1025 1760 1095 causasjustmu
1800 1024 1952 1081 duxit
1979 1025 2160 1081 conci-

567 1113 721 1181 lium,
745 1113 1022 1171 utJulium
1055 1115 1202 1171 urbis
1243 1115 1446 1181 Romte,
1475 1126 1532 1172 et
1556 1117 1792 1183 Ossium,
1827 1127 2161 1186 exterasque

569 1222 729 1276 supra
781 1217 1110 1264 memoratos
1129 1208 1457 1279 discingor-et
1497 1217 1660 1281 atque
1697 1210 2000 1266 damnaret.
2028 1210 2162 1277 Qua:

567 1319 687 1356 cum
711 1304 780 1357 ita
807 1303 936 1369 sint,
961 1303 1238 1360 custodire
1267 1318 1364 1360 rus
1383 1303 1451 1360 ab
1473 1307 1603 1375 ipsis
1625 1315 1680 1362 et
1707 1306 1978 1364 abstinere
1993 1307 2158 1363 debe-

567 1395 655 1462 tis,
705 1395 1040 1455 dilectissimi
1066 1395 1306 1465 Fratres.
1339 1412 1437 1457 nec
1465 1413 1563 1454 eus
1589 1397 1879 1469 aliquando
1910 1397 1974 1454 ad
2009 1413 2160 1453 com-

568 1489 879 1545 lll'lttiOlll‘m
921 1503 1156 1547 vestram
1184 1488 1502 1546 admittere:
1534 1491 1629 1547 sed
1678 1507 1778 1547 nec
1805 1491 2039 1562 ipsorum
2069 1492 2154 1546 lit-

571 1597 712 1636 teras
737 1584 1004 1650 accipere,
1054 1599 1156 1641 nec
1185 1582 1251 1639 ad
1283 1584 1404 1641 illus
1435 1583 1642 1640 litteras
1668 1584 1969 1641 dominicas
2002 1584 2156 1641 dare.

569 1671 634 1727 Et
663 1674 918 1744 quoniam
941 1675 1264 1731 catholicam
1321 1688 1375 1731 et
1403 1679 1756 1747 apostolicam
1783 1677 1946 1732 tidem
1973 1674 2158 1732 volue-

569 1775 694 1819 runt
719 1766 1011 1839 infringere
1036 1769 1070 1822 ii
1090 1769 1182 1839 qui
1204 1784 1324 1823 cum
1346 1769 1505 1825 Ossio
1529 1779 1706 1826 erant.
1735 1770 2159 1840 indui-eutesque

2261 561 2385 615 liter
2409 561 2716 616 mdmtes.
2750 559 2850 636 [(b)
2880 561 3162 616 Credimus
3211 567 3265 615 et
3293 561 3346 613 in
3375 569 3618 616 sanctam
3668 561 3863 617 Eccle-

2260 655 2416 719 siam,
2451 652 2506 710 iu
2549 654 2923 712 remissionem
2971 663 3333 723 [It‘t't?.ll0r"ﬂl,
3373 653 3428 706 in
3455 653 3639 708 carnis
3666 656 3853 709 res'ttr-

2259 749 2589 812 rectionem.
2613 747 2670 804 in
2695 749 2863 802 vitam
2889 744 3194 818 attentam.)
3223 745 3351 800 Illos
3377 759 3503 800 vero
3531 745 3622 815 qui
3645 745 3853 812 dicunt,

2262 841 2341 896 Ex
2368 841 2419 895 id
2466 840 2610 910 quod
2642 854 2748 894 non
2795 839 2895 894 fuit
2925 840 3063 893 lliirts
3114 839 3209 894 Dei
3253 839 3341 905 (ex
3364 849 3467 891 non
3510 837 3858 892 exstantibus

2259 947 2382 987 esse
2406 931 2599 987 Filium
2655 930 2795 1002 Dei).
2824 941 2917 984 aut
2947 946 3011 984 ex
3055 931 3156 984 alia
3187 929 3509 996 substantia,
3537 935 3593 984 et
3635 943 3743 984 non
3785 941 3855 984 et

2263 1028 2408 1092 Deo;
2433 1037 2525 1082 aut
2550 1028 2641 1097 qui
2670 1028 2879 1090 dicunt,
2899 1024 3060 1080 tuisse
3088 1024 3380 1094 aliquando
3409 1032 3621 1095 tempus
3644 1024 3726 1078 vel
3752 1039 3852 1077 so:-

2259 1117 2442 1174 culum
2511 1119 2728 1190 quando
2775 1133 2880 1174 non
2939 1117 3039 1172 fuit
3082 1117 3253 1179 titius,
3307 1115 3594 1172 ha-rcticiis
3636 1115 3860 1172 damnat.

2261 1220 2446 1266 saneta
2489 1222 2544 1266 et
2580 1211 2846 1266 catholica
2881 1210 3142 1266 Ecclesia.
3189 1209 3452 1264 Similiter
3481 1205 3536 1262 e‘t
3582 1207 3725 1274 illos,
3752 1209 3848 1278 qui

2259 1303 2446 1358 dicunt
2475 1313 2585 1361 tres
2603 1320 2726 1360 esse
2753 1303 2885 1359 deas
2911 1319 2925 1368 ;
2961 1312 3054 1359 aut
3076 1303 3350 1358 Christum
3377 1316 3485 1356 non
3503 1319 3624 1356 esse
3651 1301 3854 1364 Deum;

2260 1407 2354 1452 aut
2381 1406 2506 1452 ante
2539 1398 2666 1468 (leg.
2690 1397 2888 1454 secula
2917 1412 3022 1452 non
3049 1396 3240 1466 fuisse)
3265 1411 3329 1450 ea
3358 1411 3521 1451 unum
3551 1412 3656 1449 non
3688 1395 3856 1451 fuisse

2260 1489 2554 1558 Christum,
2588 1506 2764 1562 neque
2804 1490 2971 1545 flliutn
3000 1491 3126 1548 Dei:
3161 1499 3254 1544 aut
3280 1490 3454 1560 ipsum
3485 1493 3633 1560 (eum
3679 1493 3855 1560 ipsum

2261 1583 2406 1652 csso)
2455 1582 2665 1639 Putrem
2708 1591 2762 1636 et
2814 1582 3005 1638 Filium
3054 1591 3108 1638 et
3153 1581 3413 1650 Spiritum
3439 1591 3720 1646 sanctum;
3763 1594 3857 1640 aut

2263 1687 2371 1730 non
2402 1683 2584 1730 natum
2614 1676 2811 1738 lilium;
2842 1686 2932 1730 aut
2972 1692 3078 1729 non
3137 1676 3406 1731 sententia
3452 1674 3728 1747 (consilio)
3755 1694 3856 1732 uc-

2260 1785 2368 1839 qtte
2415 1771 2693 1826 voluntate
2721 1771 2889 1826 Deum
2941 1780 3145 1841 patrem
3187 1772 3440 1841 genuisse
3483 1770 3693 1826 filium:
3753 1771 3858 1827 lius

570 1875 761 1914 novam
793 1868 994 1918 sectam
1042 1862 1121 1935 (α)
1164 1862 1321 1918 iudeo
1368 1863 1563 1920 croniti
1608 1865 1844 1920 Marcelli
1871 1866 2032 1920 mixta
2064 1868 2163 1921 δι·
2191 1860 2240 1920 Β
2264 1879 2456 1921 omnes
2500 1865 2920 1933 anathemattmt
2945 1875 2997 1921 et
3029 1873 3340 1920 exsecratur
3369 1874 3554 1920 sancta
3583 1877 3634 1918 et
3664 1865 3857 1920 catho-

571 1951 730 2009 bcllio
758 1965 814 2008 et
839 1953 1027 2019 Paulo.
1060 1955 1186 2011 inde
1213 1969 1414 2023 artem;
1462 1959 1771 2013 necessario
1791 1955 2161 2011 ordinatitutts

569 2045 849 2104 catholica:
894 2048 1152 2105 Ecclesia:
1196 2049 1377 2110 fidem,
1406 2065 1567 2120 quam
1613 2056 1945 2120 llf'g-H’CI'Ilnl
1973 2062 2161 2117 supra-

568 2135 696 2192 dicti
744 2139 835 2209 qui
878 2155 1000 2194 cum
1044 2138 1202 2194 Ossi-i
1233 2148 1396 2203 sunt,
1424 2152 1478 2196 et
1507 2137 1757 2195 Marcello
1787 2137 2025 2194 hzcretici
2072 2138 2158 2210 (f.

569 2232 798 2289 Marcelli
837 2231 1111 2306 haeresim)
1146 2232 1497 2290 induxerunt.
1542 2231 1892 2305 Consequens
1946 2241 2050 2296 est,
2101 2243 2163 2287 ut

569 2328 804 2398 acceptis
835 2327 1030 2383 litteris
1065 2327 1265 2382 nostris
1289 2325 1486 2396 singuli
1532 2341 1854 2383 consensum
1882 2325 2009 2381 huic
2031 2341 2159 2379 sen-

570 2422 754 2477 tentia:
793 2420 1222 2488 coitimodautcs,
1263 2420 1477 2476 decrevi
1526 2428 1708 2475 nostra
1766 2423 1982 2490 propria
2028 2419 2162 2474 sub-

569 2515 862 2586 scriptione
885 2516 1130 2585 signctis.
1163 2515 1258 2570 list
1283 2520 1462 2568 autem
1496 2512 1826 2570 tldesnostra
1843 2511 1968 2568 talis
2005 2509 2158 2584 (Viti.

580 2605 669 2661 lib.
702 2607 765 2661 de
787 2606 1016 2680 Synodis
1045 2624 1100 2663 ri.
1130 2604 1247 2678 34).

639 2699 735 2754 «λθ.
772 2699 1060 2756 Credimus
1086 2699 1142 2755 in
1169 2714 1333 2755 unum
1379 2699 1546 2754 Deum
1576 2707 1782 2768 patrem
1829 2693 1996 2770 68E.
2042 2712 2164 2752 om—

574 2793 908 2861 nipotentem
933 2831 951 2858 ,
1023 2791 1394 2848 institutorem
1444 2800 1502 2846 et
1548 2799 1848 2845 creatorem
1895 2790 2158 2852 omnium,

573 2901 638 2940 ex
662 2899 770 2955 quo
785 2888 964 2942 omnis
990 2887 1594 2956 creatura(pateruitas)
1623 2885 1678 2940 in
1703 2885 1915 2942 ecloet
1939 2884 1992 2939 in
2019 2894 2162 2941 terra

575 2979 906 3035 nominatur.
939 2979 1004 3036 Et
1026 2979 1082 3033 in
1140 2977 1469 3050 unigenitum
1503 2978 1672 3033 filium
1715 2977 1836 3048 ejus
1875 2977 2160 3032 Dominum

576 3081 819 3126 nostrum
860 3070 1046 3127 Iesum
1086 3070 1385 3139 Christum,
1440 3073 1530 3142 qui
1579 3083 1704 3125 ante
1739 3084 1915 3125 terum
1958 3069 2163 3142 (oumia

575 3165 797 3237 secula)
825 3179 891 3222 ex
922 3163 1083 3221 Patre
1104 3175 1395 3238 generatus
1418 3175 1521 3230 est,
1553 3181 1620 3221 ex
1653 3164 1768 3220 Deo
1789 3164 1950 3229 Deus,
1979 3176 2048 3218 ex
2076 3161 2160 3218 lu-

2268 1957 2367 2011 lica
2402 1957 2662 2013 Ecclesia.
2691 1960 2830 2027 Opto
2861 1973 2956 2011 vos
2977 1959 3030 2014 in
3065 1959 3290 2013 Domino
3329 1959 3469 2012 bene
3499 1958 3696 2014 valere.
3726 1955 3856 2014 Ste-

2266 2051 2475 2120 phanus
2503 2051 2800 2121 Episcopus
2853 2051 3152 2106 Antiochia:
3199 2051 3494 2120 provincia
3531 2052 3705 2121 Syria:
3756 2050 3856 2122 (al.

2266 2141 2546 2215 Sprecilae)
2591 2141 2768 2200 Cocles
2807 2153 2936 2212 opto
2967 2159 3062 2201 vos
3109 2145 3159 2197 in
3191 2144 3419 2199 Domino
3462 2143 3604 2200 bene
3646 2145 3851 2202 vetere.

2263 2236 2522 2305 Ulimpius
2550 2239 2842 2306 episcopus
2873 2235 3124 2293 Dolioeus
3153 2246 3284 2307 opto
3307 2250 3405 2292 vos
3432 2238 3484 2291 in
3514 2236 3742 2292 Domino
3759 2237 3854 2293 be-

2267 2345 2334 2383 ne
2391 2330 2589 2384 scatere.
2633 2329 2927 2385 Gerontius
2952 2331 3240 2399 episcopus
3271 2328 3638 2400 Lampbanite.
3667 2329 3858 2386 Meno-

2267 2418 2500 2489 pbantus
2554 2423 2840 2490 episcopus
2881 2421 2949 2477 ab
2977 2420 3192 2490 Epheso
3216 2431 3344 2490 Opto
3377 2434 3473 2475 ves
3521 2421 3576 2476 in
3625 2421 3859 2476 Domino

2268 2515 2404 2570 bene
2433 2516 2632 2571 valere.
2687 2516 2882 2571 Paulos
2930 2518 3220 2586 episcopus
3247 2523 3375 2586 opto
3397 2529 3492 2570 vos
3537 2517 3590 2570 in
3620 2516 3857 2572 Domino

2267 2607 2406 2662 bene
2423 2608 2621 2663 valere.
2654 2604 2819 2680 665
2859 2606 3097 2663 Eulalius
3151 2609 3437 2677 episcopus
3461 2607 3532 2664 ab
3573 2609 3856 2663 Amantia

2262 2709 2499 2772 optet-os
2528 2702 2580 2757 in
2617 2701 2846 2757 Domino
2867 2702 3003 2757 bene
3039 2701 3238 2758 valere.
3259 2700 3602 2758 Macedonius
3640 2702 3858 2771 episco-

2267 2808 2365 2863 pus
2381 2794 2452 2850 ab
2468 2793 2847 2864 Atuarquetias
2860 2797 2915 2862 (a
2930 2794 3274 2867 Mopsvestia)
3286 2804 3523 2866 eptovos
3547 2796 3598 2850 in
3623 2795 3858 2854 Dorniiio

2265 2886 2405 2942 bene
2434 2886 2632 2944 valere.
2668 2885 3000 2956 'l'helapbius
3026 2888 3312 2958 episcopus
3337 2904 3364 2940 ε
3380 2885 3700 2944 Calcedonia
3721 2898 3856 2960 opto

2264 2990 2364 3032 vos
2396 2977 2447 3032 in
2477 2977 2702 3034 Domino
2725 2980 2861 3035 bene
2891 2980 3095 3035 valere.
3130 2981 3358 3036 Aeacius
3374 2978 3852 3050 episcopusaCm-

2267 3083 2418 3126 sarea
2439 3079 2565 3140 opto
2585 3085 2684 3126 Vos
2702 3070 2758 3125 in
2797 3070 3023 3124 Domino
3037 3071 3177 3128 bene
3197 3070 3719 3128 valerelfbcodorus
3731 3071 3855 3141 opi-

2266 3174 2462 3232 SCOptts
2508 3163 2580 3218 ab
2605 3162 2862 3219 Heraclea
2891 3172 3020 3234 opto
3040 3179 3136 3218 vos
3164 3163 3215 3218 in
3239 3163 3467 3219 Domino
3493 3163 3629 3219 bene
3649 3163 3853 3222 valere.

572 3273 638 3316 ce
666 3259 780 3327 lux,
809 3273 905 3329 per
919 3274 1079 3331 quem
1125 3260 1262 3314 facta
1307 3266 1436 3313 sunt
1459 3257 1782 3327 omniaquae
1825 3255 1880 3312 in
1926 3255 2080 3312 etelis
2109 3263 2166 3312 et
2189 3257 2236 3321 C
2270 3256 2592 3324 Quintianus
2621 3258 2906 3328 episcopus
2937 3257 3014 3329 (c)
3038 3273 3068 3312 a
3090 3257 3238 3313 Taxe
3263 3266 3391 3328 Opto
3417 3271 3517 3313 vos
3543 3257 3599 3314 in
3627 3258 3859 3315 Domino

575 3368 694 3423 qua:
716 3351 770 3408 in
799 3362 965 3420 terra,
989 3351 1217 3409 visibilia
1238 3359 1295 3408 et
1311 3352 1620 3416 invisibilia,
1651 3363 1836 3406 sermo
1849 3351 1940 3418 qui
1955 3359 2026 3405 sit
2046 3348 2162 3422 (qui

576 3462 660 3503 est
681 3447 952 3520 verbum),
981 3456 1040 3504 et
1071 3448 1362 3517 sapientia.
1390 3453 1448 3500 et
1472 3445 1666 3508 virtus,
1692 3454 1752 3499 et
1803 3442 1945 3509 vita,
1990 3454 2040 3498 et
2071 3444 2164 3500 lux

576 3555 725 3607 vera,
773 3543 864 3611 qui
914 3542 968 3598 in
998 3539 1305 3596 novissimis
1340 3538 1677 3608 temporibus
1698 3543 1918 3607 propter
1944 3549 2049 3590 nos
2078 3536 2162 3588 itt-

577 3637 758 3694 duerit
802 3635 1078 3693 hominem
1131 3634 1470 3707 (incarnatus
1517 3633 1648 3699 cst),
1708 3641 1763 3687 et
1802 3640 1959 3686 natus
1997 3628 2068 3684 sit
2097 3628 2164 3686 de

579 3739 761 3784 sancta
807 3729 1025 3800 Virgine
1054 3727 1240 3790 Maria,
1266 3736 1323 3783 et
1361 3725 1669 3791 cruciﬁxus,
1702 3731 1760 3780 et
1801 3731 2066 3788 mortuus.
2109 3731 2164 3777 ct

581 3824 828 3894 sepultus
850 3826 922 3878 sit
956 3839 971 3876 :
1019 3821 1173 3876 tertia
1198 3821 1286 3875 die
1313 3818 1606 3875 resurrexit
1637 3832 1667 3870 a
1715 3817 1963 3881 mortuis,
1996 3825 2051 3870 et
2079 3830 2167 3870 as-

580 3927 827 3990 sumptus
850 3917 906 3971 in
931 3915 1150 3978 coitum,
1177 3913 1332 3970 sedet
1359 3915 1408 3967 in
1432 3915 1654 3968 dextera
1685 3910 1879 3975 Patris,
1906 3921 2166 3965 venturus

581 4008 634 4063 in
673 4009 780 4063 line
807 4007 988 4063 mundi
1018 4005 1258 4074 judicare
1287 4005 1437 4062 vivos
1468 4013 1523 4060 et
1561 4015 1823 4069 mortuos,
1849 4011 1907 4059 et
1938 4004 2167 4060 reddere

583 4100 871 4171 unicuique
897 4099 1193 4157 secundum
1209 4112 1373 4169 opera
1403 4113 1536 4162 sua;
1564 4097 1721 4167 cujus
1743 4110 1965 4166 regnum
1993 4096 2168 4151 inces-

577 4197 747 4253 sabile
780 4207 1060 4268 permanet
1087 4195 1140 4250 iu
1183 4203 1382 4251 aeterna
1413 4195 1631 4250 mula.
1660 4191 1758 4249 Est
1796 4193 1939 4248 enim
1970 4193 2166 4248 sedens

582 4292 634 4347 in
664 4291 884 4349 dextera
925 4291 1126 4358 Patris,
1155 4307 1262 4346 non
1291 4289 1462 4346 solum
1499 4288 1552 4343 in
1604 4288 1707 4347 isto
1745 4288 1964 4351 sarculo,
1995 4289 2086 4342 sed
2114 4295 2168 4343 ct

580 4387 632 4441 iu
659 4386 859 4441 futuro.
912 4384 1198 4441 Credimus
1242 4383 1294 4439 in
1329 4383 1587 4454 Spiritum
1617 4391 1889 4446 sanctum,
1914 4379 2018 4434 hoc
2061 4389 2163 4445 est,

579 4479 633 4534 iit
680 4479 1028 4549 paracletum,
1053 4492 1213 4550 quem
1243 4475 1463 4530 mittens
1493 4471 1860 4546 (promittens)
1891 4473 2165 4542 Apostolis

582 4583 700 4643 post
745 4572 1168 4643 assumptionem
1215 4585 1362 4625 suam
1405 4568 1459 4623 in
1505 4568 1724 4632 caelum,
1774 4567 1917 4622 misit
1964 4568 2166 4623 docens

2275 3349 2415 3406 bene
2444 3351 2641 3408 valere.
2674 3350 2885 3409 Marcus
2903 3353 3190 3423 episcopus
3213 3353 3281 3408 ab
3304 3349 3507 3408 Aretiis
3528 3351 3855 3424 (Arethusa)

2265 3452 2394 3513 opto
2439 3456 2534 3499 vos
2559 3443 2612 3497 in
2641 3441 2868 3498 Domino
2881 3443 3017 3500 bene
3033 3443 3235 3500 valere.
3262 3439 3493 3514 Cyrotus
3514 3445 3800 3518 episcopus
3819 3457 3854 3498 a

2267 3534 2420 3591 lineo
2439 3544 2568 3606 opto
2585 3547 2680 3591 vos
2699 3535 2750 3590 in
2768 3535 2995 3592 Domino
3022 3536 3156 3592 bene
3177 3537 3378 3591 valere.
3406 3533 3615 3606 Eugeus
3642 3534 3855 3606 episco-

2268 3644 2367 3699 pus
2392 3645 2422 3684 a
2454 3628 2643 3685 Lisicia
2680 3639 2808 3702 opto
2840 3644 2938 3686 vos
2979 3631 3033 3686 in
3083 3630 3311 3686 Domino
3350 3629 3486 3687 bene
3519 3632 3721 3687 valere.
3744 3635 3858 3685 An-

2270 3724 2448 3778 tonius
2477 3725 2760 3794 cpiscopus
2798 3738 2828 3779 a
2860 3722 3114 3782 Zeumate
3135 3734 3260 3795 opto
3277 3737 3372 3780 vos
3401 3726 3452 3780 in
3474 3724 3697 3780 Domino
3716 3726 3858 3781 bene

2271 3817 2470 3872 valere.
2530 3815 2793 3874 Antonius
2839 3819 3180 3887 episcopttsa
3228 3819 3447 3875 Decimo
3489 3829 3615 3890 opto
3656 3837 3748 3876 vos
3799 3820 3854 3874 in

2272 3909 2500 3968 Domino
2529 3911 2663 3967 bene
2693 3909 2897 3968 valere.
2941 3911 3025 3985 (d)
3054 3911 3186 3969 Dion
3217 3913 3504 3984 episcopus
3545 3928 3574 3967 a
3605 3911 3856 3970 Caesarea

2271 4013 2398 4071 opto
2437 4019 2534 4061 vos
2571 4007 2625 4059 in
2664 4003 2889 4061 Domino
2954 4004 3092 4062 bene
3147 4006 3344 4062 valere.
3406 4004 3590 4062 Vitatis
3651 4007 3858 4078 epist-oo

2272 4111 2372 4167 pus
2410 4114 2438 4151 ιι
2495 4098 2640 4169 Tyro
2687 4108 2817 4171 opto
2843 4113 2939 4154 vos
2986 4099 3039 4156 iu
3080 4099 3309 4156 Domino
3339 4097 3474 4156 bene
3504 4097 3705 4157 valere.
3747 4097 3858 4155 Eu-

2269 4192 2462 4248 doxius
2521 4193 2808 4264 episc0pus
2861 4211 2888 4248 a
2941 4192 3281 4252 Germanicia
3324 4205 3454 4265 opto
3500 4207 3599 4250 vos
3649 4195 3702 4251 in
3747 4195 3856 4250 Do-

2269 4288 2418 4341 mino
2458 4287 2594 4345 bene
2649 4289 2849 4346 valere.
2875 4287 3160 4361 Dionysius
3185 4292 3472 4360 episc0pus
3521 4289 3590 4344 ab
3615 4287 3858 4345 Alexan-

2268 4381 2383 4436 dria
2422 4380 2708 4452 provinciae
2747 4389 2875 4454 opto
2929 4397 3022 4437 vos
3087 4396 3128 4445 ιι
3179 4381 3403 4438 Domino
3453 4381 3593 4439 bene
3649 4382 3852 4438 valere.

2267 4472 2611 4530 Macedonius
2633 4476 2922 4546 episcopus
2957 4489 2988 4530 a
3030 4473 3203 4531 Virito
3230 4486 3358 4547 opto
3394 4488 3490 4530 vos
3526 4475 3580 4530 iu
3627 4474 3856 4530 Domino

2269 4567 2406 4622 bene
2435 4567 2634 4623 valere.
2663 4567 2736 4640 (ε)
2761 4567 3021 4624 Eusebius
3074 4569 3360 4637 episcopus
3407 4582 3439 4622 a
3480 4565 3696 4623 Durlani
3721 4576 3854 4636 opto

579 4667 698 4724 illos
724 4677 777 4723 et
806 4669 1078 4723 instruens
1107 4665 1326 4735 (docere
1347 4661 1471 4718 illos
1496 4671 1552 4717 et
1575 4658 1864 4731 instruere)
1889 4660 1960 4716 de
1989 4663 2165 4716 omni-
2186 4652 2242 4715 Ι)
2267 4675 2364 4716 vos
2394 4662 2445 4716 iit
2503 4661 2730 4717 Domino
2777 4663 2916 4718 bene
2961 4661 3167 4719 valere.
3208 4660 3438 4720 Basilius
3466 4661 3755 4733 episcopus
3782 4663 3855 4718 ab

576 4832 894 4887 amandatos
941 4843 1062 4884 esse
1107 4825 1272 4883 refert
1328 4822 1659 4879 Athanasius
1703 4820 1799 4878 lib.
1848 4820 1917 4876 de
1957 4820 2158 4892 Synod.

579 4922 629 4975 p.
660 4902 784 4959 θυι.

650 5001 726 5065 (η)
770 4998 824 5050 lu
854 5011 956 5050 ms.
995 4994 1181 5056 Sirm.,
1215 4991 1376 5066 judeo
1427 4991 1646 5066 croniti._
1682 4986 2031 5066 Stispicamttr
2077 4988 2160 5044 hic

575 5059 748 5128 notari
783 5068 1013 5123 Marcelli
1045 5059 1343 5121 «lectriiiattt
1381 5079 1503 5118 cum
1549 5061 1747 5116 Judzeis
1775 5059 1971 5126 lacere,
2007 5075 2160 5112 eum-

572 5159 675 5203 ιμιι·
698 5139 885 5195 ,Ιιιιίτιςο
904 5155 1090 5194 errore
1118 5154 1238 5192 esse
1263 5136 1544 5191 imlmtum.
1564 5132 1682 5187 Mox
1711 5131 1950 5203 proinde
1968 5144 2152 5195 artem,

574 5201 716 5267 idem
743 5211 1061 5266 Sit-mundus
1093 5211 1149 5264 in
1177 5225 1276 5262 ius.
1307 5207 1518 5276 llemig.
1569 5201 1771 5276 reperit
1795 5201 1940 5257 Iuda
1964 5212 2153 5276 artem:

572 5285 713 5338 unde
760 5283 1042 5350 legendum
1090 5291 1360 5349 putamus.
1415 5273 1601 5332 sectam
1626 5273 1814 5350 (edico
1841 5273 2152 5350 unitiﬂar-

573 5357 687 5410 (μυί
706 5344 856 5423 mit;
904 5344 1258 5409 Sabelliumct
1293 5350 1515 5403 Paulum
1563 5347 1928 5423 ίιιιιτιίιωιμεηιἶ
1953 5344 2154 5423 _V_erum

571 5417 727 5496 hujus
761 5429 861 5483 Ioci
890 5441 1079 5480 sensus
1118 5424 1288 5492 repeti
1319 5430 1494 5488 potest
1519 5434 1584 5473 ex
1616 5434 1763 5496 num.
1880 5419 1966 5496 ubi
1994 5417 2151 5496 indu-

569 5488 708 5552 citiir
737 5497 1018 5552 Marcellus
1047 5488 1376 5550 .tssertiones
1406 5506 1533 5546 suus
1556 5507 1691 5543 nunc
1721 5488 2027 5554 falsitatibus
2047 5489 2151 5542 Sa-

568 5569 729 5637 Iu'llii,
757 5585 893 5622 nunc
917 5567 1126 5621 molitur
1151 5565 1306 5620 Pauli
1333 5561 1733 5625 Sumosatemt's,
1754 5560 2150 5637 nunc-blasphe-

567 5659 701 5694 "NH.
715 5679 751 5693 ..

567 5699 880 5782 supradictis
936 5699 1166 5782 furious:
1218 5708 1297 5762 vel
1347 5721 1416 5762 ex
1442 5699 1611 5782 num.
1640 5699 1822 5782 4,_ubi
1855 5713 2152 5756 restaurans

573 5772 724 5838 I’tiult
743 5772 1110 5840 Sumouilemis
1133 5790 1175 5834 et
1193 5789 1324 5833 artes
1349 5787 1398 5830 et
1417 5774 1566 5830 dolos
1587 5772 1934 5843 praedicatur.

646 5875 721 5944 .b)
760 5879 888 5940 ρυλε
943 5871 1143 5928 uncinis
1193 5868 1577 5938 cuitiiprebeusa
1607 5873 1752 5932 sunt,
1804 5873 2151 5920 ttuttcxstzmt

809 5651 979 5708 aperte
1029 5637 1356 5708 permiscens,
1415 5647 1668 5708 unamque
1709 5633 2057 5708 confusionem
2087 5630 2172 5683 (ιε’

2270 4823 2322 4897 in
2355 4822 2588 4897 formula
2613 4821 2822 4879 Sardic.
2849 4822 3121 4895 descripta
3147 4823 3240 4881 lib.
3263 4823 3333 4884 de
3351 4823 3556 4897 Synod.
3590 4839 3647 4879 n.
3676 4823 3770 4894 3i,
3794 4833 3856 4880 ut

2267 4895 2335 4949 ibi
2355 4895 2465 4963 jam
2497 4898 2822 4951 notavimus.

2339 4965 2407 5036 (ε)
2442 4966 2572 5037 Leg.
2603 4983 2634 5020 ιι
2657 4965 2920 5040 Gaza:__is
2947 4968 3091 5023 enim
3128 4977 3210 5024 est
3259 4966 3351 5040 qui
3373 4969 3619 5038 Asclepae
3663 4967 3854 5024 sedem

2264 5050 2546 5108 usui-parat
2567 5081 2582 5104 ,
2607 5040 2676 5094 de
2699 5053 2807 5109 quo
2837 5037 3211 5106 Fragmentum
3239 5037 3488 5110 superius
3515 5037 3661 5095 itum.
3689 5040 3743 5095 8.

2331 5131 2413 5204 (ά)
2453 5131 2548 5188 Hic
2567 5141 2681 5195 est,
2714 5141 2972 5205 quantum
2998 5140 3242 5201 augurari
3273 5134 3428 5201 licet,
3462 5134 3709 5190 Dianam:
3733 5133 3852 5188 Ca:-

2259 5220 2428 5259 δέη-απ
2475 5206 2524 5255 in
2574 5204 2908 5329 CaXpadOcia
2957 5208 3272 5278 episcopus,
3299 5223 3458 5276 quem
3494 5209 3850 5271 Sozomenus,

2263 5276 2354 5329 lib.
2376 5289 2536 5329 tu.c.
2556 5277 2610 5329 5.
2685 5276 2971 5329 ntiocltctto
2991 5280 3360 5329 cont'ilioauiti
3406 5277 3506 5329 5-H
3544 5278 3850 5329 interfuisse

2263 5276 2354 5331 lib.
2376 5289 2434 5329 tu
2452 5316 2464 5330 .
2484 5289 2536 5328 c.
2556 5277 2610 5340 5,
2634 5276 2971 5330 Antioclteuo
2991 5276 3219 5331 cont-ilio
3235 5281 3360 5333 anni
3406 5277 3506 5332 541
3544 5278 3854 5333 interfuisse

2263 5361 2548 5412 memorat,
2563 5363 2830 5417 quemque
2843 5347 3068 5402 Basilius
3085 5352 3241 5417 epist.
3265 5365 3429 5404 cum
3443 5365 3482 5412 ι.
3499 5352 3818 5404 testitieitur
3835 5389 3850 5417 ,

2263 5433 2387 5474 cum
2419 5421 2469 5471 in
2501 5421 2905 5488 aegrotationem
2936 5435 3003 5474 ex
3030 5435 3134 5490 qua
3160 5430 3214 5490 ot
3255 5435 3498 5478 mortuus
3521 5432 3606 5477 est
3628 5422 3855 5477 decum-

2259 5490 2408 5545 bcrct
2434 5531 2446 5548 ,
2476 5499 2831 5544 contestatam
2874 5505 2995 5546 esse
3017 5533 3030 5548 .
3053 5489 3118 5545 ’se
3159 5489 3385 5560 simplici
3417 5493 3581 5548 corde
3621 5492 3852 5560 mseri-

2260 5573 2406 5634 ptum
2427 5561 3038 5634 Constantinopolitanm
3065 5561 3189 5619 fidei
3214 5569 3329 5634 (an.
3353 5568 3482 5628 560)
3506 5559 3853 5620 cunsﬂrsissc

2257 5633 2504 5700 quidem;
2528 5631 2623 5686 sed
2653 5632 2795 5686 nulla
2823 5633 2876 5688 in
2908 5648 2966 5688 re
2997 5634 3201 5691 irritam
3225 5631 3468 5692 Voluisse
3494 5651 3614 5692 eam
3649 5635 3809 5691 lideut
3831 5677 3848 5702 ,

2257 5720 2378 5773 qua:
2405 5702 2596 5759 Nicaeae
2621 5705 2861 5774 exposita
2892 5704 3084 5761 fuerat.

2330 5793 2402 5865 (υ)
2444 5793 2698 5872 liii-udose
2738 5796 2940 5872 editum
2970 5808 3084 5872 erat
3128 5799 3415 5872 Eufeuius,
3455 5818 3575 5856 eum
3606 5803 3657 5857 in
3708 5814 3842 5854 mas.

2258 5875 2430 5923 iit-tet
2473 5867 2734 5923 Ιυίιιδιηοὶιιδ.
2780 5869 2875 5924 llic
2913 5867 3355 5944 epiSCoptts'cjus
3401 5875 3547 5928 urbis
3599 5872 3791 5928 videtin
3835 5930 3839 5934 _
