4328 6476
503 309 596 360 711

1685 312 2018 376 EPISTOLA
2071 318 2205 384 SEU
2260 322 2624 386 “DELLUS.

3706 336 3812 392 ’112

499 421 822 480 distribuant
867 422 1184 496 facultates,
1214 435 1273 483 ut
1309 427 1421 483 sint
1449 426 1656 487 sitriics
1691 431 1805 490 Deo
1836 434 1940 490 i50
1969 454 1983 490 :
2016 435 2110 499 lli-
2135 439 2188 501 Α
2217 442 2416 497 mentis
2453 442 2785 514 infringitur,
2815 444 2988 503 vii-tus
3029 448 3273 518 corporis
3316 457 3623 506 enervatur.
3664 453 3730 508 At
3762 456 3811 506 in

497 517 805 572 scricordcs
833 537 848 571 :
882 534 988 574 neu
1026 519 1236 592 profusi
1269 536 1332 576 ac
1363 524 1668 590 perttitorcs
1715 528 1792 582 rei
1822 527 2108 594 dominicu:

492 607 824 678 iudicentur.
862 611 928 668 Et
976 611 1210 670 tldenter
1250 613 1468 682 quidem
1519 615 1635 672 iure
1675 630 1871 693 agant,
1903 631 2107 689 etcum

499 702 791 760 hilaritate.
824 705 915 762 Αιι
944 706 1090 762 enim
1123 704 1326 764 Paulus
1352 701 1652 777 Apostolus
1679 708 1758 786 (ll
1789 709 1992 769 Corint.
2022 729 2104 781 tt,

497 795 600 864 7):
646 794 884 854 "iterent
921 800 1152 854 datorem
1198 798 1369 871 diligit
1413 797 1577 857 Deus.
1628 801 1746 860 Non
1797 807 2111 866 existiment

499 891 640 946 linit-i
673 905 855 962 posse.
890 893 1036 964 quod
1064 895 1122 951 lu
1154 907 1284 952 usus
1313 910 1611 968 pauperum
1643 900 2110 970 contemplatione

498 993 891 1054 praeceptorum
940 987 1033 1044 Dei
1059 986 1159 1046 181
1201 987 1532 1059 dependitur
1579 989 1705 1048 152.
1753 993 1893 1049 Cum
1935 1001 1993 1049 et
2038 995 2108 1052 ab

495 1078 616 1147 ipso
642 1084 883 1150 accepta:
921 1083 1063 1149 sint.
1095 1089 1155 1139 et
1178 1085 1542 1141 necessariae:
1570 1093 1624 1144 et
1653 1102 1748 1145 eas
1777 1071 1979 1145 utitiier
2007 1091 2108 1147 ηιὶο

494 1172 752 1238 nistrare.
783 1184 840 1231 et
861 1190 1063 1247 augere
1088 1177 1384 1236 confuerit.
1412 1179 1568 1237 Unde
1596 1183 1744 1240 enim
1788 1184 2106 1256 temneralia

493 1266 690 1326 deesse
719 1275 978 1342 ponunt.
1006 1284 1130 1329 cum
1175 1285 1399 1347 propter
1426 1276 1543 1348 ipsa
1565 1320 1584 1346 .
1621 1279 1671 1335 si
1710 1281 1848 1337 bene
1876 1296 2109 1356 croceo-

495 1369 584 1417 Iur
618 1371 825 1421 :cterna
859 1366 1125 1437 promissa
1157 1368 1299 1436 sint.
1343 1379 1398 1426 et
1424 1372 1644 1442 parata?
1675 1372 1892 1432 Veritas
1931 1377 2108 1456 loqui-

493 1461 604 1523 tur,
629 1455 720 1526 qui
744 1465 831 1512 est
855 1454 1126 1527 Christus,
1160 1459 1348 1518 dicens
1380 1459 1601 1534 (Matth.
1650 1478 1771 1534 ιιι,
1799 1466 1906 1533 29;
1939 1454 2110 1529 litorei

492 1562 549 1616 κ,
578 1546 673 1618 29)
701 1566 714 1602 ;
748 1548 849 1618 Qui
874 1549 1133 1608 dimiserit
1155 1562 1370 1626 propter
1400 1571 1480 1612 me
1503 1555 1736 1624 domum,
1771 1568 1861 1614 aut
1891 1561 2101 1629 villosis.

489 1652 584 1698 aut
608 1653 873 1717 parentes,
914 1656 1006 1701 aut
1033 1646 1234 1718 reliquo
1257 1670 1277 1704 ,ο
1317 1651 1614 1720 centuplum
1654 1653 1871 1726 accipiet
1910 1655 1965 1708 in
2005 1656 2105 1712 isto

487 1739 720 1806 unctito;
745 1741 798 1794 in
821 1742 998 1815 futuro
1021 1752 1194 1799 autem
1219 1744 1374 1800 vitam
1396 1754 1668 1802 meritam.
1695 1750 1762 1804 Et
1783 1747 1830 1804 si
1852 1745 1961 1805 hoc
1975 1749 2100 1822 qui-

2211 544 2530 608 paupertatc
2577 554 2683 594 non
2731 539 2930 596 lasciva
2962 543 3240 609 convivia,
3276 562 3382 600 non
3427 552 3614 618 turpes
3662 557 3817 620 pota-

2209 629 2391 687 tiones
2415 649 2430 686 :
2458 631 2640 688 omnia
2668 629 2872 692 sobria.
2901 633 3083 691 omnia
3111 634 3309 708 rigida.
3337 636 3518 694 omnia
3547 631 3771 696 humilia
3795 656 3810 695 :

2212 736 2320 778 non
2349 723 2592 795 abiecta.
2638 728 2894 796 quoniam
2938 727 3268 785 conscientia
3318 744 3483 801 pura.
3529 737 3585 787 et
3615 731 3815 789 virtute

2209 809 2336 874 sunt
2359 819 2540 888 plena.
2574 819 2692 876 Non
2721 826 2807 877 est
2824 819 3107 879 abundans
3129 821 3403 880 extraneis
3426 818 3813 880 facultatibus:

2211 918 2293 966 est
2315 909 2516 981 justus.
2548 910 2667 968 Non
2699 910 2860 969 facile
2884 913 2952 972 ad
2982 912 3202 972 divitias
3227 915 3416 983 animi.
3449 918 3500 973 id
3543 928 3628 973 est
3649 919 3815 974 virtu-

2210 1013 2293 1062 tes
2349 1004 2509 1076 hujus
2560 1007 2786 1074 tnundi.
2846 1009 3001 1065 dives
3050 1010 3280 1066 accedit.
3337 1010 3439 1082 Qui
3486 1010 3616 1067 dicit
3664 1014 3812 1068 enim

2210 1096 2428 1167 (Matth.
2462 1115 2571 1161 ais.
2606 1095 2726 1168 24),
2751 1099 3011 1171 άὶθειῑιὸιιε
3038 1099 3245 1156 divitem
3272 1102 3562 1160 iutroireiu
3596 1118 3814 1175 reginam

2207 1190 2487 1260 ratorum,
2522 1192 2709 1265 utique
2745 1193 3000 1267 intelligit
3038 1211 3326 1267 pauperem
3368 1194 3600 1255 facilius.
3631 1198 3709 1254 Ne
3749 1216 3814 1257 se

2207 1285 2279 1342 ob
2305 1292 2677 1358 paupertatem
2720 1287 2954 1345 alienum
2997 1305 3120 1345 esse
3159 1307 3186 1344 a
3217 1305 3348 1346 cura
3380 1290 3476 1347 Dei
3501 1291 3809 1358 existimet.

2209 1376 2479 1450 Pmpheta
2509 1387 2738 1436 testatur
2756 1379 2946 1437 dicens
2975 1382 3158 1450 (Prov.
3186 1395 3321 1446 nn.
3351 1383 3419 1445 Ως
3448 1396 3495 1439 et
3521 1387 3814 1458 apt-assius

2210 1471 2343 1543 Sep.
2369 1488 2445 1540 vt,
2473 1471 2534 1545 8)
2562 1491 2587 1528 ει
2611 1472 2680 1528 Et
2702 1490 2998 1547 pauperem.
3038 1487 3088 1532 et
3109 1474 3318 1532 diuitem
3347 1494 3442 1550 ego
3470 1477 3570 1550 [rei
3591 1493 3611 1532 :
3640 1489 3689 1532 et
3719 1497 3810 1549 pro

2205 1563 2443 1620 omnibus
2469 1565 2686 1637 aqualis
2709 1583 2836 1621 cura
2854 1577 2932 1623 est
2953 1567 3100 1624 mihi.
3131 1565 3254 1624 Non
3282 1578 3360 1624 est
3387 1569 3586 1642 (Actor.
3614 1587 3668 1632 ι,
3700 1572 3801 1631 3t;

2207 1656 2228 1713 Ι
2257 1654 2404 1714 Petr.
2435 1659 2570 1731 arts)
2591 1659 2728 1714 enim
2751 1658 2898 1717 Deus
2928 1677 3260 1729 personarum
3284 1673 3522 1735 oet-rptor
3549 1662 3656 1720 159
3698 1663 3809 1719 Nec

2205 1766 2309 1824 pro
2337 1752 2430 1810 illo
2453 1769 2513 1810 se
2540 1769 2724 1812 curam
2749 1771 2942 1829 gerere
2974 1754 3082 1814 160
3121 1755 3406 1827 proﬁtetur
3445 1759 3688 1824 tantum.
3719 1760 3810 1829 qui

492 1830 620 1889 dam
646 1834 875 1904 tempori
904 1837 1302 1907 persecutionis
1323 1836 1663 1905 adscribunt,
1683 1855 1786 1913 ego
1817 1851 1996 1898 tamen
2023 1845 2104 1901 sic
2133 1839 2182 1903 Β
2206 1847 2392 1905 saeculi
2417 1847 2622 1906 divitiis
2645 1851 2836 1921 pollet,
2868 1851 2967 1909 sed
2991 1868 3088 1921 pro
3108 1853 3383 1921 omnibus,
3412 1869 3470 1909 et
3490 1869 3592 1924 pro
3611 1864 3812 1924 paupe-

491 1929 653 1986 audio
685 1929 972 1988 Dominum
1005 1943 1251 1989 nostrum
1298 1943 1648 2000 monentem,
1698 1936 1840 2005 quod
1876 1946 2096 2009 ptOpter

490 2037 553 2079 se
577 2022 816 2094 quolibet
845 2030 1092 2097 tempore
1129 2027 1196 2081 ad
1243 2025 1624 2100 quodcumque
1670 2044 1807 2098 opus
1848 2041 2093 2092 sanatum

489 2113 651 2174 fuerit
668 2128 1001 2190 promptum
1021 2119 1142 2191 eius
1164 2119 1468 2191 impletum.
1495 2138 1601 2177 non
1624 2123 1932 2179 defuturum
1958 2141 2095 2195 pra-.-

487 2214 656 2271 mium
695 2213 1044 2274 destinatum.
1076 2216 1196 2275 Non
1245 2222 1416 2276 simus
1445 2220 1687 2276 solliciti.
1717 2221 1915 2277 Curam
1957 2225 2098 2299 get-it

488 2323 588 2376 pro
614 2309 769 2366 nobis
800 2312 963 2369 Deus.
993 2307 1206 2368 Clamat
1223 2310 1495 2385 Propheta
1520 2312 1709 2370 dicens
1735 2313 1921 2384 (Prov.
1948 2331 2090 2383 ml.

480 2404 540 2468 2,
571 2415 618 2460 et
637 2422 929 2481 expressius
957 2406 1087 2479 Sep.
1136 2423 1219 2476 vx.
1265 2407 1325 2479 8)
1359 2426 1372 2465 :
1407 2407 1476 2463 Et
1523 2425 1829 2481 pauperem,
1860 2419 1909 2466 et
1960 2406 2096 2466 dioi-

485 2510 586 2554 tcnt
613 2517 706 2573 ego
726 2503 844 2574 feri.
890 2500 953 2558 Et
994 2519 1090 2575 pro
1119 2502 1354 2558 omnibus
1394 2503 1610 2574 sitqualis
1655 2519 1782 2557 cura
1821 2513 1896 2560 est
1940 2503 2090 2564 milii.

484 2593 682 2652 Curam
711 2597 854 2668 gerit
874 2596 1020 2653 Deus
1046 2617 1062 2654 :
1090 2607 1148 2654 et
1171 2598 1457 2670 quisquam
1485 2597 1702 2665 metuit,
1729 2610 1798 2656 ne
1823 2598 2095 2657 minuatur

484 2687 910 2758 patrimonium?
937 2687 1094 2749 Unde
1141 2693 1252 2747 Deo
1287 2690 1516 2762 jubentc
1558 2700 1836 2764 erogatur.
1871 2690 2091 2753 Timea-

482 2798 608 2847 mus
648 2785 850 2857 magis,
884 2801 992 2854 ne,
1037 2784 1084 2843 si
1117 2786 1348 2857 trepidi,
1387 2797 1444 2843 et
1473 2786 1720 2855 steriles,
1760 2799 1816 2845 et
1846 2789 2094 2846 iulideles

481 2875 744 2935 fuerimus
795 2878 848 2934 in
895 2877 1052 2937 bonis
1082 2879 1373 2952 Operibus.
1401 2881 1557 2950 egeni
1589 2889 1752 2954 atque
1784 2883 1974 2954 inopes
1997 2883 2091 2955 ju-

481 2970 748 3029 dieemur.
774 2971 1088 3029 Timeamus
1123 2973 1304 3045 potius
1343 2973 1560 3045 impleri
1590 2971 1805 3029 tristitia
1829 3016 1842 3039 ,
1885 2980 2008 3045 quia
2038 2988 2092 3031 et

479 3068 549 3123 de
578 3066 890 3139 huiusmodi
933 3063 1194 3126 divitibus
1224 3067 1278 3124 in
1326 3068 1630 3142 Evangelia
1673 3071 1727 3136 in
1774 3069 1936 3130 unius
1966 3070 2093 3124 licet

483 3173 736 3231 persona,
765 3162 831 3218 ad
859 3163 1210 3236 complexum
1243 3174 1422 3220 tamen
1450 3163 1637 3219 retulit
1655 3163 1846 3219 dicens
1866 3161 2086 3234 (Matth.

2199 1941 2351 1996 ribus
2367 1952 2553 1997 curant
2570 1943 2803 2001 sustinet
2821 1962 2835 1998 :
2858 1955 3301 2002 remuneraturus
3317 1960 3477 2017 quem
3496 1945 3701 2004 invenit
3717 1956 3817 2004 aut

2201 2033 2253 2090 itt
2279 2034 2484 2092 divitiis
2509 2033 2790 2106 humilem,
2818 2049 2907 2094 aut
2927 2038 2978 2092 in
3009 2049 3325 2110 paupertate
3350 2034 3661 2111 patientem.
3689 2040 3807 2095 llis-

2202 2127 2423 2185 tributio
2449 2130 2614 2188 veluti
2642 2131 2807 2186 totius
2825 2132 3072 2203 corporis
3096 2129 3340 2200 humani.
3362 2143 3418 2189 et
3445 2133 3806 2190 ministerium

2195 2223 2465 2292 quaeritur
2513 2224 2873 2296 singulorum.
2922 2225 3278 2290 Consideret.
3328 2229 3564 2285 hottunis
3606 2235 3808 2298 Corpus

2195 2331 2309 2371 esse
2325 2333 2480 2372 unum
2519 2317 2723 2388 quidem
2750 2335 2961 2391 corpus,
2983 2320 3076 2375 sed
3093 2317 3326 2393 plurima
3351 2319 3592 2376 membro.
3636 2318 3805 2374 Nutu-

2193 2407 2323 2479 qtts'd
2347 2409 2524 2464 omnia
2549 2418 2672 2465 stutt
2702 2411 2902 2475 oculus.
2926 2419 3018 2465 out
3043 2429 3130 2480 pos
3147 2454 3159 2476 ,
3205 2422 3299 2467 aut
3345 2408 3544 2483 reliqua
3579 2414 3806 2469 membra

2196 2500 2240 2560 ll
2267 2499 2393 2558 Cor.
2423 2519 2521 2569 an,
2554 2503 2684 2576 lli)?
2711 2502 2845 2566 Sed.
2867 2503 3031 2561 sicuti
3051 2508 3128 2560 ait
3148 2503 3350 2563 Paulus
3376 2504 3559 2562 doctor
3575 2509 3804 2578 gentium

2193 2594 2250 2648 its
2276 2592 2382 2661 ﬁde
2408 2604 2458 2650 et
2482 2592 2696 2652 ueritate
2727 2593 2771 2669 (l
2791 2594 2984 2651 Timor.
3015 2610 3074 2663 tt,
3107 2599 3167 2666 7)
3195 2639 3208 2652 .
3241 2597 3372 2666 auc
3411 2598 3660 2670 inferiora
3686 2611 3804 2655 sunt

2195 2687 2442 2756 numero,
2468 2692 2720 2763 majorem
2748 2690 2830 2744 Itis
2874 2689 3147 2747 tribuimus
3177 2692 3424 2748 honorent
3474 2687 3526 2762 (i
3550 2689 3671 2750 Cor.
3705 2709 3800 2759 an.

2194 2780 2312 2852 25).
2347 2781 2414 2838 Et
2453 2784 2908 2853 quemadmodum
2937 2787 3106 2841 virtus
3146 2783 3484 2857 singularum
3531 2788 3802 2842 membro.

2195 2890 2314 2931 rum
2349 2875 2400 2931 in
2430 2889 2532 2932 suo
2555 2877 2745 2932 ordine
2775 2885 2935 2949 atque
2966 2877 3149 2936 niilcio
3184 2878 3610 2946 demonstratur.
3643 2877 3718 2936 ita
3747 2883 3801 2937 iu

2196 2969 2363 3024 totius
2395 2967 2614 3041 generis
2663 2970 2884 3027 humani
2919 2985 3152 3042 oorpore
3181 2971 3344 3027 veluti
3393 2972 3632 3028 membra
3661 2967 3800 3028 l‘au-

2192 3073 2378 3136 pertas
2407 3071 2463 3118 et
2494 3062 2703 3119 Divitiae
2739 3064 3106 3133 collocantur;
3136 3074 3194 3120 ut
3233 3065 3493 3138 Pauperis
3523 3069 3801 3137 patiettlitt.

2191 3163 2253 3212 et
2266 3154 2457 3212 Divitis
2468 3155 2775 3216 humanitas
2788 3157 2883 3214 Dei
2906 3157 3160 3215 examine
3179 3174 3297 3215 com
3305 3159 3583 3231 probetur.
3613 3160 3804 3216 Exsul~

485 3270 574 3311 aut
598 3296 612 3318 .
641 3255 737 3328 22)
770 3274 783 3311 :
818 3255 957 3311 Abiit
990 3232 1171 3312 autem
1196 3299 1211 3323 .
1257 3273 1373 3312 cum
1411 3256 1669 3326 audisset,
1717 3232 2045 3311 contristatus
2069 3273 2088 3311 :
2113 3232 2162 3298 Ο
2197 3259 2318 3307 tare
2341 3249 2506 3307 debet
2532 3266 2756 3323 pauper.
2786 3263 2840 3309 et
2871 3251 2980 3307 Deo
3009 3253 3208 3325 gratias
3239 3268 3400 3324 agere
3428 3253 3589 3324 :quia
3619 3253 3804 3308 multis

479 3349 600 3418 quia
640 3347 740 3421 fuit
776 3347 968 3403 Imlrens
994 3348 1345 3418 possessiones
1375 3347 1582 3403 inultos.
1631 3345 1750 3403 Non
1782 3348 1996 3416 timeat.
2027 3361 2092 3401 tte

479 3442 687 3514 tliﬁicite
726 3443 1046 3515 ingrediatur
1077 3459 1236 3512 regna
1262 3443 1508 3499 calorum
1529 3439 1724 3514 (ΗΜΛ,
1750 3459 1801 3496 ν.
1828 3441 1900 3497 25
1925 3453 1976 3497 et
1995 3439 2092 3512 26)

484 3536 608 3593 155.
646 3535 734 3593 Sit
772 3536 882 3592 imo
913 3536 1128 3593 humilis
1159 3553 1173 3590 :
1203 3537 1276 3592 sit
1301 3535 1486 3608 largus
1507 3577 1522 3602 ,
1555 3544 1616 3592 ut
1656 3535 1867 3592 beatior
1891 3550 1961 3592 ex
1990 3533 2094 3592 boc

477 3630 749 3700 indicetur
773 3647 790 3684 :
815 3629 859 3686 si
892 3645 992 3686 nec
1020 3630 1075 3685 in
1105 3629 1213 3684 isto
1255 3630 1492 3695 stt-culo.
1526 3643 1627 3684 nec
1667 3628 1721 3682 iu
1755 3628 1938 3712 futuro
1959 3641 2089 3684 sen-

483 3724 581 3780 tiat
621 3729 920 3796 egestatem
949 3719 1076 3779 151.
1111 3721 1210 3778 Det
1242 3721 1504 3793 pauperi,
1539 3731 1597 3776 ut
1643 3720 1812 3777 Deum
1861 3719 2092 3782 frenet-e-

484 3826 571 3871 tut'
602 3834 616 3871 :
649 3814 822 3874 Deum
863 3822 1144 3887 computet
1189 3814 1491 3872 debitorem
1521 3813 1798 3886 (Proverb.
1834 3830 1964 3879 λιι,
1999 3814 2091 3887 17)

490 3911 610 3968 155.
637 3908 783 3966 Sciat
808 3910 1160 3981 praepositam
1193 3925 1319 3966 esse
1348 3907 1780 3967 tuisericmdiam
1811 3909 2093 3966 sacriﬁciis

489 4005 610 4061 ltili.
641 4001 882 4062 Gloriam
927 4017 1322 4063 consecuturus
1357 4013 1417 4062 et
1459 4006 1739 4078 requiem,
1791 4005 1838 4061 si
1881 4006 1954 4061 de
2000 4003 2089 4062 bis

483 4099 722 4166 divitiis,
761 4100 815 4156 in
847 4100 1047 4173 quibus
1085 4100 1174 4155 alii
1218 4109 1276 4156 et
1312 4095 1554 4170 corrupti
1581 4143 1598 4168 ,
1638 4109 1693 4156 et
1723 4099 1919 4171 perditi
1942 4099 2094 4170 judi-

483 4204 707 4262 eantur;
738 4194 841 4251 iste
865 4192 1076 4254 fruetus
1095 4194 1321 4266 justitiaa
1352 4207 1416 4250 ac
1445 4193 1832 4250 misericordiae
1863 4192 2097 4265 accipiat

483 4303 767 4345 coronam.
793 4289 919 4346 l57.

559 4382 627 4440 Χ.
668 4380 880 4457 Pauper
918 4400 1048 4444 vero
1091 4383 1163 4441 ita
1208 4382 1573 4442 mnsolandus
1603 4392 1724 4450 est,
1758 4389 1815 4438 ut
1855 4383 1993 4440 sciat
2037 4384 2091 4438 iu

487 4488 803 4549 paupertate
846 4477 1444 4549 consideranda-magis
1473 4477 1578 4536 sibi
1608 4479 1769 4535 bona.
1821 4477 1888 4532 Et
1916 4479 2096 4547 primo

487 4573 706 4640 quidem
741 4573 886 4644 quod
917 4587 946 4626 τι
992 4572 1105 4628 Deo
1132 4570 1204 4629 sit
1231 4572 1304 4628 illi
1333 4572 1538 4628 utiliter
1574 4571 1849 4642 provisum
1878 4588 1891 4624 :
1947 4587 2086 4641 pra:-

489 4669 658 4722 st-iuut
702 4667 869 4722 Deum
901 4667 1270 4724 inﬁrmitatem
1304 4669 1424 4738 ejus
1451 4665 1861 4732 considerasse,
1905 4678 1958 4721 et
2005 4668 2096 4720 lir-

491 4775 669 4816 masse
689 4803 704 4828 ,
757 4760 901 4832 quod
947 4760 1256 4817 divitiarum
1288 4761 1555 4818 sarcinam
1587 4771 1637 4816 et
1668 4749 2094 4814 suilli-itudinem

490 4856 634 4910 ferre
665 4871 770 4909 non
810 4863 1016 4926 posset.
1054 4855 1258 4911 Deinde
1298 4855 1533 4920 sentiat,
1573 4861 1800 4924 quantas
1833 4853 2092 4910 tentatio-

492 4966 586 5006 nes
605 4989 624 5017 .
653 4959 708 5005 et
732 4960 931 5018 quanta
967 4950 1204 5022 pericula
1245 4949 1524 5005 transierit
1554 4947 1771 5004 nomine
1802 4958 2092 5018 pattperta~

493 5044 564 5101 tis
593 5042 716 5100 158.
747 5037 854 5100 Sed
900 5042 1175 5099 afﬂuentia
1221 5043 1377 5099 deest
1399 5085 1415 5110 .
1451 5051 1577 5112 quin
1617 5028 1931 5112 frequenter
1956 5057 2096 5097 cou-

491 5139 658 5194 traria
694 5146 819 5196 est:
852 5135 919 5192 ad
948 5134 1110 5193 animi
1143 5144 1324 5194 tamen
1365 5135 1583 5192 divitias
1623 5136 1946 5207 quantocius
1971 5135 2096 5192 sine

493 5233 880 5302 impedimento
921 5230 976 5287 itt
1009 5241 1323 5303 paupertate
1349 5230 1627 5287 transitur.
1657 5219 1817 5286 Curio
1838 5228 2099 5300 qualibus

495 5326 649 5383 malis
671 5329 843 5383 caruit
865 5369 882 5395 ,
904 5326 1234 5383 consideret.
1266 5324 1430 5383 Caret
1453 5325 1649 5382 invidia
1672 5367 1687 5392 .
1715 5326 2094 5396 aemulatione.

494 5418 725 5486 insidiis,
756 5414 904 5487 dolo,
933 5418 1212 5491 superbia,
1238 5418 1614 5485 contentione,
1643 5426 1698 5473 et
1739 5417 1822 5474 his
1846 5432 1966 5494 qua:
1994 5417 2096 5472 ho-

495 5511 625 5567 niiui
661 5510 719 5566 in
757 5510 958 5568 saeculo
999 5510 1203 5569 divitia:
1229 5510 1410 5568 solent
1447 5510 1719 5576 conflare;
1753 5510 1900 5568 ﬂuxu
1944 5513 2091 5567 enim

495 5618 673 5660 rerum
693 5645 707 5670 .
734 5612 792 5661 et
832 5605 1081 5663 ubertate
1108 5600 1386 5676 copiarum
1412 5603 1628 5660 animus
1651 5601 1905 5672 solvitur,
1935 5603 2093 5678 vigor

2198 3339 2505 3410 patrimonii
2533 3343 2762 3399 nexibus
2792 3341 3054 3400 liberatus
3093 3355 3197 3401 est.
3245 3345 3302 3400 lu
3333 3345 3423 3401 die
3468 3347 3805 3416 probationis

2197 3449 2305 3490 non
2349 3445 2604 3506 gravatur
2632 3435 2988 3507 compedibus
3034 3436 3380 3504 facultatum;
3429 3437 3637 3495 facilius
3667 3438 3806 3494 llhcr

2195 3527 2442 3598 sequitur
2465 3525 2764 3597 discipulus
2793 3525 3079 3585 Dominum
3104 3529 3270 3584 nullis
3297 3528 3526 3587 nexibus
3554 3530 3803 3604 implica-

2198 3629 2306 3676 tus.
2329 3618 2444 3677 Non
2476 3619 2618 3677 desit
2647 3621 2811 3677 etiam
2839 3621 2907 3677 ab
2932 3621 3071 3691 ipso,
3101 3621 3155 3676 in
3182 3632 3439 3693 quantum
3463 3630 3669 3693 potest,
3697 3622 3803 3678 nti-

2199 3713 2492 3771 serietvrdia
2526 3715 2673 3784 justa
2703 3716 2758 3771 in
2789 3730 2991 3786 egenos
3018 3713 3171 3789 (Tob.
3201 3731 3273 3782 tv.
3295 3718 3373 3784 8),
3405 3718 3529 3788 quia
3559 3720 3697 3774 sicut
3723 3718 3805 3772 di-

2197 3822 2294 3864 ves
2319 3805 2670 3880 libetalitatc,
2706 3809 2778 3865 ita
2807 3825 3009 3881 pauper
3028 3807 3207 3881 justus
3232 3811 3468 3867 eilieitur
3491 3812 3561 3869 de
3585 3812 3807 3884 frugali-

2199 3910 2330 3967 tate,
2364 3903 2408 3959 si
2433 3900 2802 3968 inierim-ibus,
2829 3911 2885 3959 et
2911 3917 3020 3960 non
3048 3901 3374 3958 habet‘itibus
3399 3905 3660 3975 erogarlt.
3689 3905 3805 3963 Non

2199 4003 2469 4060 vereatur.
2511 4006 2579 4051 ne
2607 3995 2724 4067 ipse
2749 3994 3001 4061 deficiat,
3029 4010 3152 4051 cum
3186 3996 3238 4051 in
3266 4011 3366 4052 usu
3405 4003 3608 4052 Sancta!
3631 3998 3804 4053 aduri.

2199 4087 2538 4145 nistrationis
2564 4085 2756 4144 habeat
2781 4086 3238 4158 promptisdtnam
3264 4089 3598 4146 voluntatem
3623 4107 3635 4142 :
3670 4089 3802 4143 nihil

2199 4178 2410 4237 deurit:
2445 4194 2544 4252 per
2585 4179 2912 4248 Prupltetaut
2959 4179 3199 4248 Spiritus
3239 4181 3559 4236 corroborat
3605 4178 3804 4252 (I'roo.

2198 4289 2259 4338 ι,
2288 4274 2386 4343 5);
2422 4269 2545 4327 Non
2575 4270 2763 4327 occidit
2789 4269 2930 4326 Deus
2951 4273 3084 4344 jlsti
3120 4273 3345 4327 animum
3391 4275 3546 4344 futue.
3586 4272 3654 4329 Et
3692 4273 3799 4327 Du-

2201 4367 2383 4423 minus
2420 4365 2474 4421 in
2506 4362 2803 4436 Evangelio
2839 4362 3056 4436 (Nam.
3084 4379 3171 4428 vt.
3202 4362 3297 4434 35)
3325 4381 3339 4419 :
3370 4364 3600 4430 atterite
3637 4364 3808 4436 primo

2200 4470 2416 4540 regnum
2439 4461 2566 4527 Dei.
2592 4472 2644 4517 et
2677 4463 2789 4519 Mc
2815 4462 2990 4517 omnia
3022 4465 3347 4534 opponentur
3374 4459 3534 4514 rotis.
3563 4458 3681 4515 Non
3708 4471 3805 4514 cu-

2203 4560 2318 4631 piat
2341 4558 2494 4616 tiivcs
2535 4557 2587 4613 in
2630 4555 2733 4613 hoc
2758 4555 2960 4613 sa:on
2983 4554 3098 4610 lteri
3117 4595 3132 4620 ,
3166 4570 3236 4610 nc
3264 4555 3402 4608 mala
3441 4551 3673 4622 plurima
3698 4553 3802 4607 sibi

2122 4628 2174 4693 D
2202 4628 2478 4725 acquirat.
2518 4651 2734 4708 dicente
2775 4656 2832 4707 et
2870 4656 3128 4706 oriente
3153 4648 3393 4720 glorioso
3419 4647 3586 4704 Paulo
3630 4646 3675 4719 (i
3707 4647 3799 4701 τή-

2201 4748 2365 4802 math.
2392 4760 2465 4811 vt,
2493 4743 2549 4816 8)
2575 4760 2589 4795 :
2623 4739 2879 4798 [iubentes
2916 4743 3076 4816 igitur
3099 4742 3305 4803 rictum.
3339 4749 3386 4795 et
3412 4741 3646 4796 vestit-tut
3683 4755 3700 4793 :
3726 4740 3805 4793 itis

2206 4840 2424 4895 t‘otttettli
2452 4842 2628 4894 simus.
2661 4836 2762 4905 Qui
2787 4847 2959 4892 autem
2986 4837 3162 4892 uolunt
3185 4832 3366 4889 diuites
3393 4829 3508 4902 fieri
3529 4875 3544 4899 ,
3573 4832 3809 4886 incidunt

2204 4934 2256 4988 in
2279 4935 2626 4998 imitationem,
2653 4942 2698 4986 et
2718 4932 3080 5001 utuscipttiam,
3114 4939 3160 4983 et
3187 4929 3442 4983 desiderio
3466 4929 3628 4982 multo
3655 4945 3666 4979 :
3695 4943 3810 4997 quur

2207 5039 2434 5102 mergunt
2457 5027 2688 5082 homines
2716 5030 2768 5080 in
2798 5021 3138 5096 perditionem
3163 5023 3186 5075 1
3239 5021 3286 5076 1.
3318 5019 3434 5078 luto
3455 5021 3500 5074 si
3525 5035 3654 5077 vera
3679 5020 3806 5082 dde.

2205 5137 2263 5184 et
2293 5119 2510 5200 propter
2537 5124 2764 5178 salutem
2791 5119 3018 5177 credere
3045 5117 3252 5190 optavit
3270 5163 3286 5182 .
3319 5117 3570 5174 calcares
3594 5115 3695 5172 sibi
3727 5114 3810 5170 di-
3906 5185 3908 5187 _

2208 5221 2368 5277 villas
2395 5226 2647 5292 coeptet,
2689 5224 2747 5273 et
2792 5222 3071 5284 comparet
3115 5209 3217 5284 (tt),
3260 5222 3394 5280 quas
3439 5210 3807 5279 unusquisque

2203 5314 2461 5389 iustitia,
2499 5313 2557 5370 et
2595 5305 3017 5372 misericordiae,
3049 5314 3104 5361 ct
3130 5303 3354 5374 reliquis
3397 5301 3553 5358 bonis
3597 5302 3807 5358 actibus

2209 5418 2521 5480 comparat.
2575 5413 2631 5463 et
2686 5400 2934 5460 assumit.
2977 5392 3392 5468 Temporalibus
3439 5404 3638 5450 :eterna
3682 5403 3810 5449 sunt

2211 5500 2573 5577 praeponenda
2605 5542 2620 5569 ,
2675 5495 2894 5556 caducis
2940 5490 3174 5558 stabilia.
3222 5489 3470 5546 sollicitis
3509 5489 3807 5557 securiora.

2209 5594 2533 5674 periculusis
2588 5595 2790 5660 libera,
2845 5583 3214 5646 inbotiorillcls
3261 5581 3516 5641 clariora.
3575 5584 3665 5640 llis
3696 5601 3810 5640 mo-

570 5795 644 5870 (a)
687 5793 939 5854 Fortasse
970 5794 1190 5870 respicit
1218 5793 1285 5853 ad
1321 5809 1463 5852 vers.
1493 5790 1528 5852 6
1561 5807 1680 5866 cap.
1709 5806 1838 5851 xuii
1867 5789 1990 5849 lsai.
2020 5809 2035 5848 ;
2071 5787 2278 5847 Divitiis
2307 5783 2490 5844 salutis
2511 5782 2762 5857 sapientia
2789 5791 2838 5838 et
2877 5777 3092 5839 scientia
3119 5793 3134 5832 ξ
3165 5779 3320 5833 umor
3349 5770 3562 5830 Domini
3603 5773 3711 5847 ipsa?
3737 5781 3810 5830 est

502 5869 774 5926 thesaurus
806 5871 935 5942 ejus.
