4464 6512
854 289 959 345 335

1574 287 1641 344 ΙΝ
1679 276 1934 347 "ILAR"
1979 289 2194 347 Ei’lST.
2241 290 2369 346 Stat!
2413 288 2635 348 i.lBBl..
2685 291 3137 352 iilsSl‘jnl'ATlt)
3179 294 3409 352 υιιιδιλ,

4058 301 4178 359 856

923 407 1022 462 £8:
1058 407 1236 477 Atque
1261 405 1327 461 ad
1351 419 1436 466 ea.
1466 422 1585 477 qum
1615 423 1680 463 ex
1713 406 2058 463 multitudine
2093 411 2348 468 let-aiam.
2383 428 2444 461 ne
2477 417 2516 471 Α
2552 424 2643 476 per
2678 409 2764 462 illi
2796 409 3014 480 quidem
3045 412 3190 482 ipsos
3220 423 3508 480 terremus,
3543 430 3636 485 per
3662 413 3781 470 hare
3807 423 3997 471 autem
4031 432 4172 470 ertw

853 499 1184 571 serpentium
1210 513 1240 553 a
1271 497 1381 555 Deo
1407 498 1749 555 conditorum
1784 501 1997 570 objecta
2028 510 2189 566 sunt,
2232 502 2444 572 vulgata

852 591 1101 663 quidem,
1131 590 1228 646 sed
1258 605 1366 648 non
1421 592 1774 664 improbanda
1827 592 2108 664 respoiisio
2153 591 2268 648 haec
2329 603 2441 661 εει,

850 702 1033 757 quam,
1062 686 1110 741 si
1131 687 1235 750 vis,
1263 689 1589 743 conﬁrmare
1615 687 1900 744 commode
1921 695 2076 758 potes
2101 687 2167 742 iis
2186 729 2201 753 ,
2230 704 2348 756 (μην
2379 705 2441 740 με

853 777 1177 836 Theodoreti
1203 777 1504 850 quastione
1538 794 1667 836 xvut
1715 779 1766 835 itt
1790 778 2043 836 Genesim
2066 777 2323 850 deinceps
2352 779 2445 836 ad-

850 871 1132 927 ducemus.

917 959 1010 1020 S9.
1055 961 1229 1019 Venio
1257 975 1399 1019 nunc
1437 963 1506 1018 ad
1537 977 1597 1017 ea
1627 961 1959 1018 Theodoreti
2001 961 2188 1026 verba,
2217 977 2338 1034 qua)
2375 977 2444 1018 ea

849 1060 1146 1129 qumstionc
1183 1074 1251 1114 xx
1298 1059 1350 1112 tu
1383 1057 1635 1114 Geoesim
1667 1065 2095 1126 excerpserunt,
2139 1064 2302 1127 atque
2352 1054 2447 1112 ad-

848 1163 1039 1207 versus
1069 1155 1170 1206 nos
1194 1159 1473 1206 urserunt.
1507 1148 1706 1205 Fateor
1747 1163 1908 1220 porro
1943 1150 2123 1205 statim
2151 1191 2165 1214 ,
2193 1164 2282 1204 me
2322 1163 2444 1204 eum

851 1243 968 1300 hinc
1020 1241 1074 1298 in
1125 1243 1401 1300 veteribus
1427 1242 1758 1299 editionibus
1787 1242 1888 1314 legi
1918 1283 1931 1301 .
1977 1239 2222 1297 nonnihil
2278 1240 2446 1296 inisse

847 1345 1176 1393 commotum
1230 1355 1243 1392 :
1287 1337 1644 1394 adversantur
1694 1338 1838 1392 enim
1880 1339 1980 1392 ista
2012 1353 2118 1392 non
2151 1335 2312 1391 modo
2345 1336 2444 1390 νει-

849 1433 1020 1488 tribus
1047 1433 1115 1488 iis
1138 1474 1154 1499 ,
1183 1445 1320 1502 quos
1355 1431 1611 1502 aiiegavi,
1643 1447 1828 1485 verum
1877 1432 2038 1484 etiam
2089 1428 2437 1486 Theodoreto

849 1525 948 1596 ipsi
973 1570 986 1591 ,
1034 1525 1123 1594 qui
1165 1534 1220 1581 et
1249 1528 1299 1577 in
1332 1522 1746 1579 Conmentariis
1769 1523 1824 1578 in
1859 1523 2152 1594 Epistolatn
2184 1517 2228 1577 Ii
2253 1522 2320 1574 ad
2345 1535 2448 1577 Lo-

849 1616 1103 1684 rinthlos,
1133 1632 1254 1689 qua:
1283 1617 1673 1672 Dissertatioue
1697 1613 1762 1668 ill
1787 1612 2030 1676 :tiTeratn,
2059 1622 2114 1670 ct
2141 1613 2193 1667 in
2216 1628 2277 1668 ea
2307 1614 2443 1684 ipsa,

847 1726 1007 1781 quam
1049 1711 1356 1782 allegarunt
1379 1751 1394 1777 ,
1437 1710 1737 1780 quiesdoue
1767 1715 1834 1763 sx
1862 1712 1914 1764 in
1943 1705 2198 1764 Genesim
2241 1705 2326 1779 (si
2356 1722 2446 1762 ve-

2550 501 2760 563 iiiutus;
2794 515 3021 576 ultaque
3074 520 3203 560 vero
3253 505 3514 574 fat-imus,
3548 507 3892 565 honestatem
3935 525 4174 564 omnem

2548 595 2626 647 eis
2654 605 3023 665 ptui-armatos.
3063 597 3194 654 Cum
3228 601 3386 671 igitur
3417 601 3680 659 Dotuiuns
3720 603 3862 660 Deus
3901 603 4175 660 anituado

2549 691 2800 746 γρηξοιιει
2821 732 2835 756 ,
2867 707 2964 748 nos
2993 694 3059 747 ad
3093 693 3357 763 ignaviain
3388 697 3676 764 proclives,
3709 696 3936 762 bestias,
3978 711 4042 754 et
4069 716 4171 753 re-

2549 786 2701 857 ptilia
2732 786 2882 856 prius
2924 787 3202 853 condidit,
3229 790 3392 846 veluti
3424 793 3536 846 lora
3581 787 3830 864 quaedam
3854 834 3870 854 ,
3903 801 3961 846 et
3986 794 4133 848 terri
4157 822 4171 830 -

2546 880 2853 934 culatrenla
2887 899 2902 937 :
2935 894 2990 934 ut
3038 899 3132 953 per
3162 899 3225 937 ea
3256 899 3353 938 nos
3383 892 3598 940 terrens
3639 884 3704 941 ad
3757 901 3815 941 se
3864 886 4115 943 traheret
4148 931 4165 953 ι

2548 983 2710 1041 atque
2735 973 2856 1042 ejus
2885 975 3148 1032 auxilium
3189 976 3625 1048 imploraremus.
3684 982 3757 1036 At
3794 979 4171 1049 quemadmo-

2547 1065 2674 1121 dum
2699 1069 2786 1134 qui
2829 1068 3125 1140 perfectam
3153 1079 3367 1127 aztatem
3405 1073 4174 1146 attigerunt,terriculamen-

2550 1172 2599 1214 ta
2646 1160 2989 1230 huiusmodi.
3047 1171 3105 1220 et
3147 1164 3262 1220 lora
3289 1175 3650 1223 contemnunt
3681 1186 3694 1220 :
3723 1168 3802 1224 sic
3831 1169 3924 1241 qui
3958 1171 4010 1224 in
4044 1170 4170 1222 vir-

2550 1262 2660 1306 tute
2691 1254 2904 1310 educati
2949 1265 3111 1324 sunt,
3161 1258 3458 1314 bestiarum
3500 1260 3750 1316 incursus
3780 1261 4008 1317 minime
4047 1261 4170 1316 for-

2548 1347 2773 1404 midant.
2821 1347 3098 1419 Siquidem
3131 1350 3260 1407 Adze
3280 1393 3298 1420 ,
3341 1354 3494 1423 prius
3517 1361 3680 1426 quam
3709 1369 3824 1435 pec:
3844 1365 3988 1409 asset
4016 1398 4033 1420 ,
4068 1370 4161 1408 as-

2547 1441 2809 1499 sistebant
2855 1443 3040 1499 bestiae
3070 1444 3389 1516 obsequium
3421 1446 3848 1506 delerentes.£l
3889 1469 4112 1506 i'lll‘anll
4144 1496 4158 1520 ,

2548 1536 2722 1605 ipsum
2754 1535 2866 1594 Noe
2891 1539 3284 1610 ingredientem
3314 1541 3511 1598 Arcam
3533 1584 3546 1606 .
3577 1543 3686 1610 leo,
3719 1540 3942 1613 pardus.
3977 1556 4036 1600 et
4071 1560 4156 1600 re-

2550 1631 2695 1700 ptilia
2718 1632 3057 1688 atrocissima
3090 1649 3339 1707 qumque,
3368 1634 3551 1691 ovium
3583 1652 3734 1693 more
3755 1634 4156 1709 sequebantur.

2550 1725 2614 1778 Et
2646 1722 2853 1780 Danteli
2885 1725 3110 1780 aderunt
3141 1725 3328 1784 leones
3349 1769 3366 1793 ,
3398 1728 3522 1800 qui,
3551 1729 3752 1801 alioqui
3775 1722 4032 1795 famelici,
4067 1745 4167 1785 at:-

851 1813 1048 1858 tustam
1073 1802 1184 1857 Pici
1209 1799 1501 1856 editionem
1527 1794 1914 1870 sequit‘nttr),id
1943 1800 2144 1868 ipsum,
2175 1795 2320 1869 quod
2347 1812 2444 1853 uos
2476 1803 2522 1865 Β
2549 1833 2612 1873 (τε

2402 1812 2444 1853 ’5
2476 1803 2522 1865 Β
2549 1817 2744 1874 cedere
2777 1829 2953 1875 tamen
2983 1819 3048 1873 ad
3075 1835 3198 1876 eum
3227 1837 3333 1876 non
3361 1821 3671 1891 audebant,
3702 1838 3772 1880 eo
3796 1825 3938 1894 quod
3970 1825 4024 1880 in
4061 1824 4165 1890 illo

849 1892 1201 1960 tradidimus,
1231 1892 1428 1960 docet,
1461 1892 1577 1947 haec
1611 1892 1829 1960 scriptis
1862 1890 2096 1959 prodens
2124 1908 2136 1942 :
2182 1909 2200 1943 t
2231 1891 2287 1946 Si
2317 1906 2444 1957 ergo

848 1987 938 2056 qui
967 2000 1074 2041 non
1103 1984 1263 2042 debet
1286 1985 1466 2042 velare
1490 1994 1672 2054 caput,
1716 1985 1892 2056 imago
1925 1983 2022 2040 Dei
2051 1994 2136 2038 est
2156 2025 2169 2046 ,
2204 1985 2446 2053 proferto

847 2097 970 2152 qua:
996 2080 1210 2136 velatur
1229 2122 1247 2145 ,
1298 2095 1404 2135 non
1436 2087 1523 2133 est
1549 2082 1724 2147 imago
1753 2078 1881 2143 Dei,
1930 2077 2176 2148 quamvis
2201 2077 2443 2147 ejusdem

846 2177 1040 2231 anima:
1068 2175 1142 2229 sit
1170 2175 1461 2244 particeps.
1495 2170 1780 2238 Quomodo
1807 2185 1939 2238 ergo
1966 2170 2129 2224 homo
2155 2182 2238 2225 est
2270 2171 2446 2239 imago

850 2268 984 2324 Dei?
1013 2269 1310 2324 secundum
1359 2264 1645 2338 imperium
1675 2273 1732 2320 et
1760 2272 2108 2336 potestatem.
2139 2261 2292 2329 Quod
2325 2278 2446 2329 per-

853 2362 1042 2419 lubere
1080 2362 1296 2416 videtur
1321 2361 1484 2415 etiam
1515 2373 1616 2414 vox
1648 2357 1864 2422 divina,
1893 2372 2013 2428 qtne
2048 2357 2179 2412 dicit
2211 2373 2224 2410 :
2260 2355 2449 2410 Facia-

849 2473 965 2514 nttts
993 2457 1251 2512 hominem
1273 2453 1340 2509 ad
1368 2453 1644 2526 imaginem
1663 2494 1676 2516 ,
1707 2460 1757 2507 et
1777 2450 2167 2505 similitudinem
2193 2460 2442 2504 nostram.

853 2549 917 2605 Et.
969 2549 1187 2604 modum
1229 2546 1566 2618 subjungens
1611 2545 1686 2601 ait
1727 2541 1842 2599 :Et
1890 2543 2180 2598 dominetur
2221 2542 2446 2612 piscibus

851 2646 1029 2709 muris,
1064 2653 1112 2700 et
1133 2642 1424 2698 volatilibus
1450 2642 1566 2697 cali
1583 2683 1598 2706 ,
1626 2651 1674 2697 et
1699 2639 1870 2696 bestiis
1902 2652 2052 2693 terra
2078 2679 2092 2702 ,
2125 2648 2183 2695 ct
2213 2639 2445 2709 reliqua.

852 2741 1316 2810 Quemadmodum
1376 2740 1521 2795 enim
1570 2738 1712 2794 Deus
1758 2735 2011 2792 omnibus
2059 2734 2318 2804 imperat,
2367 2733 2449 2788 sic

856 2837 1020 2890 horno
1063 2835 1164 2900 iis,
1195 2847 1315 2905 qua!
1361 2842 1488 2888 sunt
1532 2846 1696 2902 super
1747 2840 1965 2886 terram.
1999 2830 2072 2886 At
2097 2827 2446 2900 quamobrem

853 2927 1051 2984 mulier
1081 2942 1188 2982 non
1219 2926 1528 2981 dominatur
1576 2921 1850 2995 prmdimis
1877 2965 1891 2988 ,
1940 2921 2033 2978 sed
2082 2919 2254 2977 virum
2288 2918 2449 2976 habet

854 3039 950 3092 pro
976 3024 1176 3094 capite,
1208 3035 1330 3093 qua:
1361 3030 1542 3078 tamen
1573 3020 1782 3089 reliqua
1813 3018 1913 3074 sub
1943 3024 2213 3088 potr5late
2251 3021 2401 3070 tenet
2431 3030 2446 3067 :

852 3119 934 3173 vir
956 3127 1136 3173 autem
1158 3131 1266 3172 non
1297 3102 1571 3186 subiectus
1595 3125 1679 3168 est
1706 3111 1918 3166 mulieri
1934 3109 1989 3163 ἲ»
2004 3109 2199 3164 Verum
2220 3106 2443 3162 dubium

2549 1911 2827 1978 Speeimen
2855 1911 3126 1980 quoddam
3149 1913 3387 1969 divinam
3414 1916 3702 1986 imaginem
3735 1932 3848 1987 pra:
3883 1932 3943 1973 se
3969 1917 4164 1974 ferens

2551 2005 2950 2072 conspicerent.
2981 2003 3170 2061 itidem
3203 2010 3406 2078 vipera,
3435 2023 3557 2080 qua:
3591 2008 3786 2066 deuios
3813 2010 4077 2081 itije‘ecrat
4105 2013 4165 2069 in

2551 2114 2768 2154 manum
2799 2097 3079 2168 Apostuli,
3128 2117 3251 2156 cum
3296 2103 3430 2159 nihil
3483 2104 3690 2174 peccati
3738 2113 3985 2162 tenerum
4011 2147 4030 2173 ,
4059 2115 4166 2161 aut

2552 2194 2716 2248 molle
2745 2193 2796 2246 in
2827 2208 2893 2248 oo
2927 2193 3253 2265 reperisset;
3288 2204 3410 2252 mox
3440 2197 3631 2254 resiliit
3654 2240 3671 2264 ,
3713 2208 3770 2254 et
3798 2197 3852 2255 in
3882 2199 4064 2270 ignem
4098 2215 4164 2254 se

2551 2288 2820 2359 conjecit,
2868 2286 3191 2363 supplicium
3235 2289 3640 2364 quodammodo
3685 2293 3756 2352 de
3799 2307 3859 2349 se
3898 2294 4011 2365 ipsa
4064 2308 4162 2348 su-

2552 2396 2727 2444 mens,
2760 2383 2904 2453 quod
2927 2399 3126 2453 corpus
3155 2383 3258 2441 sibi
3280 2385 3589 2443 nullatenus
3610 2390 3941 2443 conveniens
3963 2386 4159 2444 adorta

2551 2486 2715 2529 esset.
2755 2476 2859 2531 Nos
2889 2489 3067 2532 autetn
3095 2477 3219 2534 ideo
3247 2479 3450 2535 bestias
3477 2479 3832 2538 fortnidamns
3853 2524 3867 2546 ,
3895 2483 4018 2553 quia
4046 2483 4161 2537 viro

2553 2577 2666 2623 tute
2696 2566 2934 2638 prmditis
2962 2569 3202 2625 moribus
3227 2586 3333 2626 non
3363 2586 3573 2630 sumus.
3603 2569 3668 2628 Et
3696 2571 3767 2630 ob
3797 2572 3849 2629 id
3891 2570 4034 2629 liene
4065 2589 4156 2630 so-

2551 2660 2798 2716 cordiam
2822 2665 2987 2717 etiam
3009 2662 3289 2722 hominum
3318 2679 3503 2722 curam
3533 2681 3698 2740 agens
3717 2707 3733 2734 ,
3761 2683 3858 2725 eas
3881 2669 3933 2724 in
3972 2683 4160 2725 remo-

2556 2757 2691 2807 tiora
2720 2755 2836 2810 loca
2867 2758 3161 2825 relegavit,
3194 2767 3249 2815 et
3276 2759 3339 2814 iis
3364 2768 3690 2817 nocturnum
3723 2769 3937 2831 tempus
3969 2759 4035 2815 ad
4065 2778 4162 2817 es-

2553 2861 2672 2902 cam
2697 2849 3042 2918 quaerendam
3070 2849 3298 2922 largitus
3317 2863 3395 2908 est
3419 2870 3433 2907 :
3453 2851 3518 2907 In
3545 2851 3660 2926 ipsa
3683 2855 3818 2910 enim
3840 2866 4007 2923 nocte,
4039 2853 4117 2911 ait
4141 2895 4156 2922 ,

2555 2940 2933 3010 pertransibunt
2960 2960 3135 2998 eomes
3160 2945 3335 3001 bes-tite
3353 2947 3516 3002 silva.
3547 2944 3860 3019 Reptilibus
3880 2950 4014 3004 vero
4047 2962 4158 3002 an-

2558 3042 2636 3087 tra
2668 3044 2826 3088 terrtc
2859 3035 3120 3105 przrbuit,
3156 3043 3216 3092 ut
3249 3036 3303 3092 in
3332 3037 3414 3094 eis
3441 3039 3662 3096 latentia
3702 3038 3938 3096 humano
3964 3040 4159 3107 generi

2560 3141 2665 3181 non
2691 3131 2944 3184 noeeant.
2977 3129 3049 3186 At
3067 3144 3136 3187 nc
3158 3129 3362 3188 bestias
3383 3174 3398 3198 ,
3426 3130 3576 3188 velut
3619 3133 3690 3190 ab
3729 3131 3816 3190 his
3841 3149 4064 3206 prorsus
4091 3135 4162 3190 ilo

852 3225 1018 3268 omne
1042 3210 1270 3281 deposui
1292 3250 1311 3276 ,
1340 3224 1504 3276 quum
1535 3206 1697 3262 didici
1720 3222 1785 3261 ex
1817 3202 2128 3267 Sirmondo,
2151 3201 2307 3272 cuius
2334 3197 2447 3255 cdi-
2477 3207 2526 3271 ο
2556 3217 2615 3276 ιπ

2394 3197 2447 3253 'l'
2477 3207 2526 3271 Ο
2556 3217 2667 3276 laesi
2690 3263 2705 3287 ,
2731 3222 3168 3291 contemnamus,
3191 3227 3343 3297 quasi
3373 3225 3531 3282 nobis
3553 3226 3777 3285 minime
3798 3242 3997 3287 nocere
4019 3236 4157 3301 pos-

853 3305 1054 3362 lionem
1085 3312 1272 3375 postea
1296 3301 1569 3368 consului,
1605 3309 1846 3356 veterem
1873 3296 2167 3353 editionem
2192 3308 2313 3352 esse
2339 3309 2456 3350 cor-

855 3405 1098 3468 ruptam.
1132 3397 1345 3452 Etenim
1373 3394 1428 3448 in
1464 3392 1781 3462 pra-latione
1808 3389 1952 3445 idetn
1983 3390 2305 3445 Sirmondns
2337 3399 2454 3441 mo-

853 3501 977 3556 net,
1010 3493 1063 3544 in
1089 3487 1333 3545 codicem
1371 3503 1497 3543 eum
1526 3499 1546 3550 ,'
1569 3499 1676 3555 quo
1704 3497 1835 3540 usus
1860 3490 1946 3539 est
1975 3482 2137 3539 Picus
2155 3522 2173 3548 ,
2201 3490 2260 3534 ut
2298 3494 2451 3551 qum-

856 3583 1064 3639 stiones
1088 3581 1188 3637 bas
1217 3581 1487 3637 latinitate
1515 3578 1776 3644 donaret,
1805 3583 1861 3630 et
1887 3574 2189 3646 praesertim
2223 3573 2276 3628 in
2307 3588 2450 3638 eam,

854 3676 925 3732 de
953 3690 1060 3747 qua
1106 3675 1319 3745 agimus
1342 3711 1361 3741 ,
1385 3672 1747 3743 quaestionem
1777 3684 1852 3726 xx
1879 3669 2048 3724 multa
2078 3666 2362 3737 irrepsisse
2385 3679 2454 3719 ex

859 3768 1095 3839 antiquis
1117 3763 1361 3832 Catenis,
1382 3776 1611 3836 quarum
1635 3759 1928 3818 auctoritas
1955 3801 1969 3827 ,
2007 3756 2086 3814 ttti
2118 3772 2309 3813 omnes
2355 3771 2456 3810 no-

855 3870 1026 3925 runt,
1070 3872 1179 3914 non
1229 3855 1518 3915 admodum
1572 3852 1753 3925 gravis
1803 3862 1907 3908 est.
1955 3850 2124 3907 Addit
2161 3849 2454 3920 permixtas

856 3952 1027 4009 fuisse
1053 3953 1106 4006 in
1138 3951 1250 4008 Pici
1281 3949 1524 4007 editione
1550 3964 1674 4003 cum
1701 3949 1970 4002 sententia
1997 3942 2330 4002 Theodoreti
2361 3959 2454 3998 eas

854 4047 1023 4116 ipsas,
1051 4059 1187 4117 quas
1217 4044 1309 4102 ille
1335 4044 1531 4113 reiicit,
1563 4041 1816 4113 Origenis
1843 4054 2041 4110 netnpe
2061 4080 2077 4106 ,
2113 4036 2336 4093 Diodori
2359 4079 2374 4103 ,
2399 4044 2456 4093 et

854 4137 1150 4197 Theodori.
1197 4127 1460 4208 ‘Adjicere
1529 4136 1693 4192 etiam
1743 4133 1878 4188 alias
1927 4140 2173 4203 poterat.
2221 4129 2455 4200 ideoque

856 4248 978 4288 eam
1003 4273 1018 4296 ,
1065 4230 1132 4286 de
1161 4245 1268 4302 qua
1312 4227 1674 4297 disserimus,
1697 4241 1820 4283 cum
1852 4226 2008 4295 hujus
2050 4223 2358 4296 opinionis,
2399 4233 2458 4276 ut

856 4338 982 4380 nio:
1009 4321 1222 4388 dicam,
1253 4321 1458 4377 ttullum
1504 4329 1761 4393 appareat
1806 4319 1862 4376 in
1889 4317 2163 4376 ὃίηηυιιιιὶ
2213 4315 2458 4373 editione

857 4416 1162 4491 vestigium.
1208 4415 1384 4488 Atque
1413 4429 1477 4471 ea
1506 4412 1724 4485 quidem
1771 4411 2048 4469 Sinnondi
2093 4411 2263 4467 editio
2288 4425 2458 4480 super

859 4511 1239 4583 probatissimo
1282 4511 1432 4578 regio
1461 4507 1650 4564 codice
1699 4505 1984 4561 elaborata
2032 4515 2137 4560 est.
2175 4501 2274 4560 Ubi
2325 4517 2457 4559 vero

2556 3313 2702 3380 sint,
2748 3330 3134 3385 nonnunquam
3167 3319 3305 3374 duos
3355 3326 3451 3374 aut
3497 3330 3610 3375 tres
3634 3335 3666 3376 e
3695 3319 3877 3376 multis
3913 3319 4161 3377 millibus

2556 3404 2641 3462 vel
2670 3422 2698 3460 a
2722 3406 3102 3478 scorpionibus
3127 3411 3324 3483 pungi,
3357 3421 3453 3466 aut
3474 3427 3504 3467 a
3535 3411 3880 3483 serpentibus
3914 3412 4162 3470 morderi

2557 3499 2821 3571 permittit
2850 3501 2897 3556 is
2921 3544 2935 3568 ,
2967 3503 3057 3572 qui
3100 3503 3377 3574 sapienter
3400 3520 3487 3560 res
3512 3512 3727 3562 nostras
3757 3506 4053 3577 gubernat;
4101 3513 4163 3560 ttt

2557 3606 2658 3648 nos
2683 3593 2862 3660 veriti,
2894 3609 2966 3651 ne
2985 3594 3113 3666 quid
3132 3597 3312 3654 simile
3340 3596 3628 3668 patiamur,
3659 3595 3827 3656 Deum
3853 3609 4160 3656 creatorem

2558 3683 2611 3740 in
2642 3684 2901 3741 auxilium
2934 3685 3250 3744 invocemus
3275 3729 3290 3754 ,
3321 3691 3672 3746 obsecrantes
3699 3699 3759 3746 ut
3789 3691 3879 3745 illa
3911 3691 4161 3746 oumium

2558 3776 2824 3833 malorum
2849 3777 3154 3850 depultrice
3175 3781 3511 3851 providentia
3525 3796 3624 3836 nos
3645 3783 4160 3839 tueatur.Pt-a:terea

2557 3879 2614 3924 et
2643 3867 2710 3924 ad
2731 3868 2856 3934 alia,
2883 3867 3072 3927 bestia:
3099 3887 3207 3927 non
3232 3881 3360 3928 sunt
3383 3871 3542 3929 nobis
3563 3873 3802 3931 inutiles.
3831 3873 3965 3929 Nam
3984 3889 4051 3930 ex
4074 3874 4164 3930 eis

2559 3959 2751 4016 Medici
2793 3959 3084 4033 pharmaca
3117 3979 3225 4020 non
3269 3978 3436 4035 pauca
3475 3976 3810 4034 componunt
3836 3964 3902 4020 ad
3934 3966 4164 4022 morbos

2560 4053 2978 4123 propttisandos.
2995 4046 3173 4110 Nemo
3199 4055 3362 4127 igitur
3383 4056 3570 4115 bestiis
3591 4072 3689 4129 per
3717 4072 3777 4114 se
3797 4057 4165 4114 consideratis

2558 4143 2628 4197 de
2669 4151 2920 4200 creatore
2963 4148 3364 4218 continentur,
3393 4147 3490 4203 sed
3520 4150 3807 4206 utilitatem
3841 4150 4163 4220 investiget.

2559 4235 2838 4306 Siquidem
2866 4237 3043 4309 ipsum
3099 4242 3261 4296 etiam
3307 4255 3506 4311 corpus
3541 4241 3858 4312 humanum
3909 4245 4165 4316 quamvis

2559 4326 2894 4399 formosum,
2942 4340 3336 4403 temperatum,
3381 4345 3434 4390 et
3462 4334 3608 4391 Varia
3641 4338 3874 4408 partium
3927 4337 4165 4396 utilitate

2562 4420 2844 4490 praeditum
2863 4463 2881 4490 ,
2931 4438 3088 4481 mneo
3139 4435 3320 4483 tamen
3340 4469 3357 4494 ,
3389 4438 3445 4483 et
3486 4441 3646 4500 sputo
3669 4472 3685 4496 .
3715 4431 3779 4486 ac
3805 4430 3991 4490 fetido
4019 4443 4166 4489 ster-

2559 4527 2712 4580 core,
2743 4515 2891 4586 quod
2916 4518 3195 4587 excernit,
3221 4535 3328 4574 non
3355 4532 3572 4578 caret...
3608 4524 3689 4579 Ad
3720 4524 3863 4584 hunc
3881 4519 4013 4599 etgo
4039 4541 4166 4584 mo-

855 4605 1212 4676 quteStionem
1240 4602 1411 4671 ipsa"!
1439 4614 1506 4654 XX
1540 4598 1685 4665 οάίῑν
1720 4597 1854 4652 nihil
1881 4611 2068 4695 eorum
2108 4595 2308 4664 tradit.
2333 4608 2458 4666 qui”
2483 4598 2536 4672 ι)
2560 4605 2690 4664 dum
2717 4619 2768 4663 cl
2799 4609 3027 4666 aliorum
3060 4617 3480 4686 unumquodque
3499 4620 3873 4675 examinatum
3895 4662 3910 4686 ,
3941 4595 4048 4677 non
4076 4622 4166 4695 ip-

859 4694 1072 4765 ohjecta
1121 4703 1250 4749 sunt
1269 4729 1287 4760 ,
1313 4706 1436 4764 qua:
1475 4700 1766 4763 propterea
1792 4687 2034 4744 addititia
2067 4701 2189 4745 esse
2217 4698 2452 4744 constat.

871 4785 954 4841 Ad
985 4787 1099 4840 lucc
1126 4771 1219 4859 (ut
1261 4785 1467 4854 reliqua
1496 4784 1660 4838 etiam
1702 4778 1987 4852 omittam)
2013 4824 2027 4849 ,
2057 4796 2121 4836 ea
2161 4781 2455 4836 tradiderat

860 4876 1237 4934 Theodoretus
1271 4876 1579 4946 qmestionc
1624 4890 1756 4930 xvtn
1803 4876 1858 4930 in
1887 4873 2145 4930 Genesim
2168 4916 2182 4942 ,
2215 4889 2334 4945 qua:
2379 4876 2452 4929 uti

862 4973 1057 5026 mirum
1092 4968 1148 5024 iu
1179 4970 1397 5024 modum
1425 4967 1749 5024 sententiam
1783 4977 2024 5023 nostram
2059 4968 2449 5038 comprobant,

859 5064 934 5120 ita
965 5061 1253 5119 manifesto
1295 5061 1362 5118 iis
1387 5061 1744 5116 adversantur
1767 5101 1782 5128 ,
1809 5073 1933 5130 qua:
1956 5059 2169 5129 objecta
2197 5068 2343 5117 sunt.
2370 5061 2452 5116 An

859 5156 1258 5214 Theodoretum
1289 5156 1462 5213 virum
1485 5169 1740 5227 gravem,
1769 5141 2004 5226 et'apud.
2029 5165 2240 5213 veteres
2267 5156 2451 5212 lauda-

862 5251 1126 5306 tissimum
1170 5247 1261 5303 hic
1289 5255 1398 5304 tam
1445 5247 1650 5302 [utilem
1679 5260 1907 5316 tenses,
1935 5254 1994 5302 ut
2033 5245 2139 5302 levi
2163 5248 2454 5304 intervallo

861 5347 1128 5401 contraria
1156 5340 1461 5412 proponat?
1486 5341 1593 5396 Sed
1629 5355 1811 5410 operae
1838 5339 2070 5409 pretium
2101 5357 2224 5395 reor
2254 5343 2451 5412 ipsam,

862 5452 1023 5508 quam
1051 5435 1202 5504 dixi,
1233 5446 1364 5490 xvut
1393 5431 1717 5489 Theodoreti
1745 5431 2100 5503 quaestionem
2125 5435 2178 5488 in
2211 5431 2452 5490 Genesim

864 5530 1084 5587 lectoris
1105 5527 1280 5588 oculis
1313 5526 1619 5597 subjicere,
1672 5535 1734 5581 ut
1778 5539 1846 5581 ex
1885 5540 1948 5582 ea
1996 5527 2336 5596 apertissime
2366 5544 2454 5585 tne

867 5639 993 5680 vera
1017 5620 1374 5696 proposuisse
1399 5619 1681 5690 dignoscat
1701 5632 1715 5671 :
1737 5635 1756 5670 t
1790 5616 2151 5689 Interrogatio
2184 5634 2336 5675 xtltt.
2374 5621 2453 5676 Ad

863 5719 989 5792 quid
1019 5718 1162 5774 Deus
1186 5713 1390 5772 creavit
1409 5712 1634 5778 bestias,
1661 5720 1716 5767 et
1744 5710 2000 5782 reptilia?
2034 5711 2190 5767 l'ueri
2214 5723 2326 5768 tum
2351 5723 2457 5768 ter-

868 5814 1256 5877 tieulatnentis,
1286 5820 1397 5866 tum
1427 5809 1591 5865 etiam
1623 5808 1785 5875 lotis,
1829 5814 1884 5861 et
1911 5809 2070 5878 \‘il‘gh‘
2097 5809 2357 5880 indigent.
2390 5807 2456 5864 Et

2559 4717 2680 4757 sum
2707 4718 2806 4774 per
2847 4719 2908 4760 se
2951 4705 3361 4764 considerantes
3382 4752 3397 4776 ,
3446 4712 3738 4770 noxiumne
3775 4714 3878 4782 sit,
3910 4729 3978 4772 an
4009 4731 4170 4774 eom-

2562 4795 2780 4851 niodtnn
2805 4811 2821 4861 ;
2851 4797 2946 4852 sed
2978 4812 3046 4852 an
3090 4799 3326 4872 aliquam
3355 4801 3612 4859 universo
3639 4805 3925 4863 utilitatem
3965 4808 4169 4866 confe-

2559 4895 2663 4942 rat.
2691 4887 2822 4944 Nam
2847 4898 2906 4945 et
2933 4889 3063 4947 fere:
3093 4892 3363 4950 hominem
3392 4907 3711 4953 reverentur
3747 4908 3971 4971 propter
3999 4904 4170 4958 attri-

2558 4979 2740 5034 butam
2785 4981 2863 5036 illi
2892 4983 2964 5037 ab
2992 4983 3150 5039 initio
3197 4985 3252 5040 in
3298 4988 3442 5057 ipsas
3488 4997 3832 5059 potestatem.
3883 4991 4168 5051 interdum

2563 5084 2740 5129 tamen
2773 5072 2920 5130 illum
2949 5078 3098 5133 velut
3123 5078 3323 5134 divina.-
3367 5078 3503 5153 iegis
3528 5085 3995 5154 pnuvaricatiireni
4028 5103 4166 5146 cono

2561 5175 2846 5232 temnunt,
2898 5169 3352 5239 quemadmodum
3398 5173 3630 5246 improbi
3680 5179 3826 5236 servi
3875 5171 4170 5252 despicere

2562 5260 2683 5314 illos
2711 5262 2886 5318 solent
2908 5305 2924 5328 ,
2959 5266 3048 5334 qui
3077 5281 3170 5321 eos
3193 5281 3382 5338 regere
3421 5283 3454 5323 a
3483 5270 3725 5329 Dominis
3746 5275 3879 5346 iussi
3906 5288 4032 5332 sunt
4054 5321 4068 5344 ,
4110 5282 4168 5336 si

2559 5367 2654 5407 eos
2683 5355 2918 5411 viderint
2960 5358 3211 5418 admisds
3235 5363 3553 5424 criminibus
3597 5371 3975 5426 auctoritatem
4011 5374 4164 5427 ami-

2559 5445 2721 5501 sisse.
2763 5465 2783 5498 ι
2835 5448 2900 5504 Et
2931 5449 2999 5508 de
3028 5451 3377 5514 Theodoreto
3419 5459 3702 5518 hactenus.
3728 5462 3932 5521 Cretera
3961 5478 4165 5537 prose-

2557 5553 2806 5605 quantur.

2636 5630 2726 5684 so.
2757 5630 2814 5686 Si
2842 5633 3114 5692 interdum
3159 5640 3286 5696 lerat
3308 5682 3326 5708 ,
3353 5653 3744 5719 serpentesque
3784 5662 3884 5706 nos
3911 5658 4162 5720 terrent,

2562 5734 2723 5792 atque
2752 5736 2848 5780 eos
2888 5726 3170 5801 eii‘ogitnus
3191 5774 3206 5800 ,
3236 5732 3288 5790 id
3319 5750 3421 5792 nec
3446 5737 3640 5811 ubique
3669 5783 3684 5805 ,
3715 5757 3816 5799 nec
3843 5755 4164 5801 constanter

2569 5819 2621 5869 tit
2645 5857 2658 5876 ,
2693 5833 2792 5872 nec.
2825 5835 2986 5886 quum
3017 5824 3093 5889 lit,
3125 5825 3360 5883 ostendit
3387 5871 3402 5895 ,
3433 5845 3493 5887 re
3523 5847 3646 5890 tera
3675 5833 3922 5892 houunes
3954 5837 4156 5892 anima-
