  <div class='ocr_page' id='page_1' title='image "/cluster/home/n/w/nwhite01/storage/ocr_20150623/10/umn.319510024773048/426.png"; bbox 0 0 4464 6466; ppageno 0'>
   <div class='ocr_carea' id='block_1_1' title="bbox 450 311 555 366">
    <p class='ocr_par' dir='ltr' id='par_1_1' title="bbox 450 311 555 366">
     <span class='ocr_line' id='line_1_1' title="bbox 450 311 555 366; baseline 0.01 -2"><span class='ocrx_word' id='word_1_1' title='bbox 450 311 555 366; x_wconf 76' lang='lat'><strong>837</strong></span> 
     </span>
    </p>
   </div>
   <div class='ocr_carea' id='block_1_2' title="bbox 1190 310 3031 383">
    <p class='ocr_par' dir='ltr' id='par_1_2' title="bbox 1190 310 3031 383">
     <span class='ocr_line' id='line_1_2' title="bbox 1190 310 3031 383; baseline 0.008 -16"><span class='ocrx_word' id='word_1_2' title='bbox 1190 310 1256 367; x_wconf 76' lang='lat' dir='ltr'><strong>lN</strong></span> <span class='ocrx_word' id='word_1_3' title='bbox 1296 310 1553 369; x_wconf 67' lang='grc' dir='ltr'><strong>ᾺΠΛΒΗ</strong></span> <span class='ocrx_word' id='word_1_4' title='bbox 1592 310 1813 372; x_wconf 75' lang='lat' dir='ltr'><strong>EPIST.</strong></span> <span class='ocrx_word' id='word_1_5' title='bbox 1854 313 1986 371; x_wconf 72' lang='lat' dir='ltr'><strong>Sbl}</strong></span> <span class='ocrx_word' id='word_1_6' title='bbox 2028 314 2252 372; x_wconf 51' lang='lat' dir='ltr'><strong>Mitti!»</strong></span> <span class='ocrx_word' id='word_1_7' title='bbox 2293 315 2754 377; x_wconf 68' lang='lat' dir='ltr'><strong>DISSEI‘J‘ATIO</strong></span> <span class='ocrx_word' id='word_1_8' title='bbox 2792 321 3031 383; x_wconf 64' lang='lat' dir='ltr'><strong>PRIMA.</strong></span> 
     </span>
    </p>
   </div>
   <div class='ocr_carea' id='block_1_3' title="bbox 3647 337 3759 391">
    <p class='ocr_par' dir='ltr' id='par_1_3' title="bbox 3647 337 3759 391">
     <span class='ocr_line' id='line_1_3' title="bbox 3647 337 3759 391; baseline 0 -1"><span class='ocrx_word' id='word_1_9' title='bbox 3647 337 3759 391; x_wconf 81' lang='lat'><strong>858</strong></span> 
     </span>
    </p>
   </div>
   <div class='ocr_carea' id='block_1_4' title="bbox 454 426 3755 509">
    <p class='ocr_par' dir='ltr' id='par_1_4' title="bbox 454 426 3755 509">
     <span class='ocr_line' id='line_1_4' title="bbox 454 426 3755 509; baseline 0.006 -27"><span class='ocrx_word' id='word_1_10' title='bbox 454 426 591 483; x_wconf 85' lang='lat' dir='ltr'><strong>iibus</strong></span> <span class='ocrx_word' id='word_1_11' title='bbox 634 426 806 481; x_wconf 67' lang='lat' dir='ltr'><strong>brutis</strong></span> <span class='ocrx_word' id='word_1_12' title='bbox 858 428 1094 501; x_wconf 66' lang='lat' dir='ltr'><strong>ferisque</strong></span> <span class='ocrx_word' id='word_1_13' title='bbox 1150 429 1411 487; x_wconf 72' lang='lat' dir='ltr'><strong>inservire</strong></span> <span class='ocrx_word' id='word_1_14' title='bbox 1462 449 1473 485; x_wconf 89' lang='lat'>:</span> <span class='ocrx_word' id='word_1_15' title='bbox 1510 441 1714 488; x_wconf 76' lang='lat' dir='ltr'><strong>terrent</strong></span> <span class='ocrx_word' id='word_1_16' title='bbox 1759 435 1905 490; x_wconf 86' lang='lat' dir='ltr'><strong>enim</strong></span> <span class='ocrx_word' id='word_1_17' title='bbox 1954 449 2052 489; x_wconf 86' lang='lat' dir='ltr'><strong>nos</strong></span> <span class='ocrx_word' id='word_1_18' title='bbox 2080 433 2340 504; x_wconf 64' lang='lat' dir='ltr'><strong>AUsque</strong></span> <span class='ocrx_word' id='word_1_19' title='bbox 2379 438 2514 491; x_wconf 80' lang='lat' dir='ltr'><strong>adeo</strong></span> <span class='ocrx_word' id='word_1_20' title='bbox 2561 439 2827 509; x_wconf 85' lang='lat' dir='ltr'><strong>siquidem</strong></span> <span class='ocrx_word' id='word_1_21' title='bbox 2858 441 2912 496; x_wconf 89' lang='lat' dir='ltr'><strong>in</strong></span> <span class='ocrx_word' id='word_1_22' title='bbox 2941 441 3082 499; x_wconf 78' lang='lat' dir='ltr'><strong>hunc</strong></span> <span class='ocrx_word' id='word_1_23' title='bbox 3117 444 3335 501; x_wconf 83' lang='lat' dir='ltr'><strong>modum</strong></span> <span class='ocrx_word' id='word_1_24' title='bbox 3366 449 3547 503; x_wconf 86' lang='lat' dir='ltr'><strong>omnia</strong></span> <span class='ocrx_word' id='word_1_25' title='bbox 3601 451 3755 505; x_wconf 81' lang='lat' dir='ltr'><strong>nobis</strong></span> 
     </span>
    </p>
   </div>
   <div class='ocr_carea' id='block_1_5' title="bbox 452 524 2053 598">
    <p class='ocr_par' dir='ltr' id='par_1_5' title="bbox 452 524 2053 598">
     <span class='ocr_line' id='line_1_5' title="bbox 452 524 2053 598; baseline 0.003 -21"><span class='ocrx_word' id='word_1_26' title='bbox 452 526 615 577; x_wconf 86' lang='lat' dir='ltr'><strong>ctiam</strong></span> <span class='ocrx_word' id='word_1_27' title='bbox 647 524 925 589; x_wconf 82' lang='lat' dir='ltr'><strong>latrones,</strong></span> <span class='ocrx_word' id='word_1_28' title='bbox 955 534 1117 597; x_wconf 84' lang='lat' dir='ltr'><strong>atque</strong></span> <span class='ocrx_word' id='word_1_29' title='bbox 1146 542 1240 582; x_wconf 84' lang='lat' dir='ltr'><strong>eos</strong></span> <span class='ocrx_word' id='word_1_30' title='bbox 1270 526 1555 598; x_wconf 62' lang='lat' dir='ltr'><strong>effugimus</strong></span> <span class='ocrx_word' id='word_1_31' title='bbox 1582 570 1597 591; x_wconf 86' lang='lat'><strong>,</strong></span> <span class='ocrx_word' id='word_1_32' title='bbox 1645 543 1743 584; x_wconf 83' lang='lat' dir='ltr'><strong>nec</strong></span> <span class='ocrx_word' id='word_1_33' title='bbox 1770 539 2053 597; x_wconf 61' lang='lat' dir='ltr'><strong>iit-optineo</strong></span> 
     </span>
    </p>
   </div>
   <div class='ocr_carea' id='block_1_6' title="bbox 454 615 2057 692">
    <p class='ocr_par' dir='ltr' id='par_1_6' title="bbox 454 615 2057 692">
     <span class='ocr_line' id='line_1_6' title="bbox 454 615 2057 692; baseline 0.002 -20"><span class='ocrx_word' id='word_1_34' title='bbox 454 615 758 673; x_wconf 82' lang='lat' dir='ltr'><strong>latronibus</strong></span> <span class='ocrx_word' id='word_1_35' title='bbox 778 615 1043 674; x_wconf 73' lang='lat' dir='ltr'><strong>inservire</strong></span> <span class='ocrx_word' id='word_1_36' title='bbox 1066 619 1317 674; x_wconf 80' lang='lat' dir='ltr'><strong>dicimur.</strong></span> <span class='ocrx_word' id='word_1_37' title='bbox 1374 620 1483 677; x_wconf 84' lang='lat' dir='ltr'><strong>Sed</strong></span> <span class='ocrx_word' id='word_1_38' title='bbox 1513 620 2057 692; x_wconf 68' lang='lat' dir='ltr'><strong>praestatpra-elaris-</strong></span> 
     </span>
    </p>
   </div>
   <div class='ocr_carea' id='block_1_7' title="bbox 453 707 2057 784">
    <p class='ocr_par' dir='ltr' id='par_1_7' title="bbox 453 707 2057 784">
     <span class='ocr_line' id='line_1_7' title="bbox 453 707 2057 784; baseline 0.002 -17"><span class='ocrx_word' id='word_1_39' title='bbox 453 708 605 767; x_wconf 83' lang='lat' dir='ltr'><strong>simis</strong></span> <span class='ocrx_word' id='word_1_40' title='bbox 624 707 997 782; x_wconf 77' lang='lat' dir='ltr'><strong>Cbrysostomi</strong></span> <span class='ocrx_word' id='word_1_41' title='bbox 1020 712 1206 768; x_wconf 81' lang='lat' dir='ltr'><strong>verbis</strong></span> <span class='ocrx_word' id='word_1_42' title='bbox 1229 729 1342 769; x_wconf 72' lang='lat' dir='ltr'><strong>rem</strong></span> <span class='ocrx_word' id='word_1_43' title='bbox 1371 722 1539 770; x_wconf 81' lang='lat' dir='ltr'><strong>totam</strong></span> <span class='ocrx_word' id='word_1_44' title='bbox 1564 730 1839 784; x_wconf 62' lang='lat' dir='ltr'><strong>imponi-ie</strong></span> <span class='ocrx_word' id='word_1_45' title='bbox 1870 732 1883 767; x_wconf 91' lang='lat'><strong>:</strong></span> <span class='ocrx_word' id='word_1_46' title='bbox 1924 714 2057 771; x_wconf 64' lang='grc' dir='ltr'>«Ἴθι</span> 
     </span>
    </p>
   </div>
   <div class='ocr_carea' id='block_1_8' title="bbox 456 801 2051 881">
    <p class='ocr_par' dir='ltr' id='par_1_8' title="bbox 456 801 2051 881">
     <span class='ocr_line' id='line_1_8' title="bbox 456 801 2051 881; baseline 0.003 -23"><span class='ocrx_word' id='word_1_47' title='bbox 456 820 573 859; x_wconf 88' lang='lat' dir='ltr'><strong>rum</strong></span> <span class='ocrx_word' id='word_1_48' title='bbox 598 802 687 861; x_wconf 80' lang='lat' dir='ltr'><strong>llic</strong></span> <span class='ocrx_word' id='word_1_49' title='bbox 715 804 960 860; x_wconf 72' lang='lat' dir='ltr'><strong>Gentiles</strong></span> <span class='ocrx_word' id='word_1_50' title='bbox 989 801 1202 874; x_wconf 81' lang='lat' dir='ltr'><strong>(inquit</strong></span> <span class='ocrx_word' id='word_1_51' title='bbox 1234 805 1356 877; x_wconf 86' lang='lat' dir='ltr'><strong>ille)</strong></span> <span class='ocrx_word' id='word_1_52' title='bbox 1390 805 1628 881; x_wconf 78' lang='lat' dir='ltr'><strong>(Homil.</strong></span> <span class='ocrx_word' id='word_1_53' title='bbox 1655 824 1705 862; x_wconf 71' lang='grc' dir='ltr'><strong>ιιι</strong></span> <span class='ocrx_word' id='word_1_54' title='bbox 1736 807 1865 861; x_wconf 68' lang='lat' dir='ltr'><strong>lien.</strong></span> <span class='ocrx_word' id='word_1_55' title='bbox 1894 824 1946 862; x_wconf 83' lang='grc' dir='ltr'>ιι.</span> <span class='ocrx_word' id='word_1_56' title='bbox 1983 806 2051 879; x_wconf 78' lang='lat'><strong>5)</strong></span> 
     </span>
    </p>
   </div>
   <div class='ocr_carea' id='block_1_9' title="bbox 457 898 2052 972">
    <p class='ocr_par' dir='ltr' id='par_1_9' title="bbox 457 898 2052 972">
     <span class='ocr_line' id='line_1_9' title="bbox 457 898 2052 972; baseline 0.004 -19"><span class='ocrx_word' id='word_1_57' title='bbox 457 898 509 953; x_wconf 88' lang='lat' dir='ltr'><strong>in</strong></span> <span class='ocrx_word' id='word_1_58' title='bbox 535 914 635 954; x_wconf 87' lang='lat' dir='ltr'><strong>nos</strong></span> <span class='ocrx_word' id='word_1_59' title='bbox 656 899 961 972; x_wconf 85' lang='lat' dir='ltr'><strong>insurgunt,</strong></span> <span class='ocrx_word' id='word_1_60' title='bbox 989 908 1045 955; x_wconf 85' lang='lat' dir='ltr'><strong>et</strong></span> <span class='ocrx_word' id='word_1_61' title='bbox 1065 899 1249 957; x_wconf 85' lang='lat' dir='ltr'><strong>dicunt</strong></span> <span class='ocrx_word' id='word_1_62' title='bbox 1274 920 1287 955; x_wconf 91' lang='lat'><strong>:</strong></span> <span class='ocrx_word' id='word_1_63' title='bbox 1319 904 1665 972; x_wconf 62' lang='lat' dir='ltr'><strong>Compertum</strong></span> <span class='ocrx_word' id='word_1_64' title='bbox 1692 913 1797 971; x_wconf 80' lang='lat' dir='ltr'><strong>est,</strong></span> <span class='ocrx_word' id='word_1_65' title='bbox 1822 906 1925 961; x_wconf 84' lang='lat' dir='ltr'><strong>hoc</strong></span> <span class='ocrx_word' id='word_1_66' title='bbox 1947 920 2052 959; x_wconf 88' lang='lat' dir='ltr'><strong>non</strong></span> 
     </span>
    </p>
   </div>
   <div class='ocr_carea' id='block_1_10' title="bbox 455 995 2055 1070">
    <p class='ocr_par' dir='ltr' id='par_1_10' title="bbox 455 995 2055 1070">
     <span class='ocr_line' id='line_1_10' title="bbox 455 995 2055 1070; baseline 0.004 -24"><span class='ocrx_word' id='word_1_67' title='bbox 455 1007 578 1048; x_wconf 85' lang='lat' dir='ltr'><strong>esse</strong></span> <span class='ocrx_word' id='word_1_68' title='bbox 626 1008 850 1049; x_wconf 83' lang='lat' dir='ltr'><strong>verum:</strong></span> <span class='ocrx_word' id='word_1_69' title='bbox 881 1010 986 1049; x_wconf 81' lang='lat' dir='ltr'><strong>non</strong></span> <span class='ocrx_word' id='word_1_70' title='bbox 1016 995 1159 1051; x_wconf 87' lang='lat' dir='ltr'><strong>enim</strong></span> <span class='ocrx_word' id='word_1_71' title='bbox 1204 995 1547 1053; x_wconf 79' lang='lat' dir='ltr'><strong>dmniuatnur</strong></span> <span class='ocrx_word' id='word_1_72' title='bbox 1590 997 1754 1066; x_wconf 82' lang='lat' dir='ltr'><strong>feris,</strong></span> <span class='ocrx_word' id='word_1_73' title='bbox 1797 998 2055 1070; x_wconf 72' lang='lat' dir='ltr'><strong>quemad-</strong></span> 
     </span>
    </p>
   </div>
   <div class='ocr_carea' id='block_1_11' title="bbox 459 1082 2054 1161">
    <p class='ocr_par' dir='ltr' id='par_1_11' title="bbox 459 1082 2054 1161">
     <span class='ocr_line' id='line_1_11' title="bbox 459 1082 2054 1161; baseline 0.006 -24"><span class='ocrx_word' id='word_1_74' title='bbox 459 1084 675 1141; x_wconf 86' lang='lat' dir='ltr'><strong>modum</strong></span> <span class='ocrx_word' id='word_1_75' title='bbox 718 1085 988 1157; x_wconf 74' lang='lat' dir='ltr'><strong>pollicitus</strong></span> <span class='ocrx_word' id='word_1_76' title='bbox 1029 1096 1151 1156; x_wconf 88' lang='lat' dir='ltr'><strong>est,</strong></span> <span class='ocrx_word' id='word_1_77' title='bbox 1181 1090 1278 1144; x_wconf 71' lang='lat' dir='ltr'><strong>st-d</strong></span> <span class='ocrx_word' id='word_1_78' title='bbox 1326 1089 1454 1160; x_wconf 80' lang='lat' dir='ltr'><strong>ipsa:</strong></span> <span class='ocrx_word' id='word_1_79' title='bbox 1495 1089 1652 1146; x_wconf 86' lang='lat' dir='ltr'><strong>nobis</strong></span> <span class='ocrx_word' id='word_1_80' title='bbox 1696 1094 1891 1161; x_wconf 79' lang='lat' dir='ltr'><strong>potius.</strong></span> <span class='ocrx_word' id='word_1_81' title='bbox 1943 1082 2054 1147; x_wconf 82' lang='lat' dir='ltr'><strong>Intu</strong></span> 
     </span>
    </p>
   </div>
   <div class='ocr_carea' id='block_1_12' title="bbox 458 1180 2057 1255">
    <p class='ocr_par' dir='ltr' id='par_1_12' title="bbox 458 1180 2057 1255">
     <span class='ocr_line' id='line_1_12' title="bbox 458 1180 2057 1255; baseline 0.005 -23"><span class='ocrx_word' id='word_1_82' title='bbox 458 1195 565 1233; x_wconf 89' lang='lat' dir='ltr'><strong>non</strong></span> <span class='ocrx_word' id='word_1_83' title='bbox 594 1194 790 1235; x_wconf 82' lang='lat' dir='ltr'><strong>verum</strong></span> <span class='ocrx_word' id='word_1_84' title='bbox 820 1188 906 1237; x_wconf 91' lang='lat' dir='ltr'><strong>est</strong></span> <span class='ocrx_word' id='word_1_85' title='bbox 932 1180 1076 1252; x_wconf 85' lang='lat' dir='ltr'><strong>quod</strong></span> <span class='ocrx_word' id='word_1_86' title='bbox 1107 1182 1163 1236; x_wconf 89' lang='lat' dir='ltr'><strong>bi</strong></span> <span class='ocrx_word' id='word_1_87' title='bbox 1186 1180 1472 1251; x_wconf 75' lang='lat' dir='ltr'><strong>objiciunt.</strong></span> <span class='ocrx_word' id='word_1_88' title='bbox 1502 1182 1637 1239; x_wconf 85' lang='lat' dir='ltr'><strong>Nam</strong></span> <span class='ocrx_word' id='word_1_89' title='bbox 1663 1199 1787 1239; x_wconf 77' lang='lat' dir='ltr'><strong>mox</strong></span> <span class='ocrx_word' id='word_1_90' title='bbox 1817 1195 1875 1240; x_wconf 87' lang='lat' dir='ltr'><strong>ut</strong></span> <span class='ocrx_word' id='word_1_91' title='bbox 1898 1199 2057 1255; x_wconf 84' lang='lat' dir='ltr'><strong>appa-</strong></span> 
     </span>
    </p>
   </div>
   <div class='ocr_carea' id='block_1_13' title="bbox 457 1273 2052 1351">
    <p class='ocr_par' dir='ltr' id='par_1_13' title="bbox 457 1273 2052 1351">
     <span class='ocr_line' id='line_1_13' title="bbox 457 1273 2052 1351; baseline 0.004 -24"><span class='ocrx_word' id='word_1_92' title='bbox 457 1273 625 1329; x_wconf 81' lang='lat' dir='ltr'><strong>ruerit</strong></span> <span class='ocrx_word' id='word_1_93' title='bbox 656 1273 840 1341; x_wconf 86' lang='lat' dir='ltr'><strong>homo,</strong></span> <span class='ocrx_word' id='word_1_94' title='bbox 871 1274 997 1331; x_wconf 71' lang='lat' dir='ltr'><strong>fera:</strong></span> <span class='ocrx_word' id='word_1_95' title='bbox 1028 1274 1205 1351; x_wconf 82' lang='lat' dir='ltr'><strong>fugam</strong></span> <span class='ocrx_word' id='word_1_96' title='bbox 1240 1276 1458 1332; x_wconf 85' lang='lat' dir='ltr'><strong>faciunt.</strong></span> <span class='ocrx_word' id='word_1_97' title='bbox 1489 1276 1642 1346; x_wconf 81' lang='lat' dir='ltr'><strong>Quod</strong></span> <span class='ocrx_word' id='word_1_98' title='bbox 1679 1277 1724 1334; x_wconf 73' lang='lat' dir='ltr'><strong>si</strong></span> <span class='ocrx_word' id='word_1_99' title='bbox 1756 1278 2052 1349; x_wconf 87' lang='lat' dir='ltr'><strong>aliquando</strong></span> 
     </span>
    </p>
   </div>
   <div class='ocr_carea' id='block_1_14' title="bbox 456 1364 2055 1439">
    <p class='ocr_par' dir='ltr' id='par_1_14' title="bbox 456 1364 2055 1439">
     <span class='ocr_line' id='line_1_14' title="bbox 456 1364 2055 1439; baseline 0.003 -17"><span class='ocrx_word' id='word_1_100' title='bbox 456 1368 538 1422; x_wconf 91' lang='lat' dir='ltr'><strong>vel</strong></span> <span class='ocrx_word' id='word_1_101' title='bbox 580 1364 723 1422; x_wconf 75' lang='lat' dir='ltr'><strong>fame</strong></span> <span class='ocrx_word' id='word_1_102' title='bbox 752 1381 977 1439; x_wconf 79' lang='lat' dir='ltr'><strong>urgente</strong></span> <span class='ocrx_word' id='word_1_103' title='bbox 1000 1410 1015 1435; x_wconf 91' lang='lat'><strong>,</strong></span> <span class='ocrx_word' id='word_1_104' title='bbox 1041 1370 1123 1425; x_wconf 94' lang='lat' dir='ltr'><strong>vel</strong></span> <span class='ocrx_word' id='word_1_105' title='bbox 1155 1369 1311 1426; x_wconf 86' lang='lat' dir='ltr'><strong>nobis</strong></span> <span class='ocrx_word' id='word_1_106' title='bbox 1339 1368 1465 1428; x_wconf 81' lang='lat' dir='ltr'><strong>illas</strong></span> <span class='ocrx_word' id='word_1_107' title='bbox 1506 1370 1936 1438; x_wconf 60' lang='lat' dir='ltr'><strong>laceSsentibus,</strong></span> <span class='ocrx_word' id='word_1_108' title='bbox 1985 1370 2055 1427; x_wconf 88' lang='lat' dir='ltr'><strong>ab</strong></span> 
     </span>
    </p>
   </div>
   <div class='ocr_carea' id='block_1_15' title="bbox 453 1459 2054 1537">
    <p class='ocr_par' dir='ltr' id='par_1_15' title="bbox 453 1459 2054 1537">
     <span class='ocr_line' id='line_1_15' title="bbox 453 1459 2054 1537; baseline 0.006 -24"><span class='ocrx_word' id='word_1_109' title='bbox 453 1459 536 1513; x_wconf 83' lang='lat' dir='ltr'><strong>eis</strong></span> <span class='ocrx_word' id='word_1_110' title='bbox 573 1459 829 1516; x_wconf 85' lang='lat' dir='ltr'><strong>damnum</strong></span> <span class='ocrx_word' id='word_1_111' title='bbox 859 1463 1191 1529; x_wconf 78' lang='lat' dir='ltr'><strong>accipimus,</strong></span> <span class='ocrx_word' id='word_1_112' title='bbox 1221 1466 1325 1518; x_wconf 89' lang='lat' dir='ltr'><strong>huc</strong></span> <span class='ocrx_word' id='word_1_113' title='bbox 1354 1479 1459 1519; x_wconf 85' lang='lat' dir='ltr'><strong>non</strong></span> <span class='ocrx_word' id='word_1_114' title='bbox 1496 1464 1552 1518; x_wconf 82' lang='lat' dir='ltr'><strong>fit</strong></span> <span class='ocrx_word' id='word_1_115' title='bbox 1578 1465 1701 1520; x_wconf 85' lang='lat' dir='ltr'><strong>ideo</strong></span> <span class='ocrx_word' id='word_1_116' title='bbox 1726 1507 1741 1528; x_wconf 89' lang='lat'><strong>,</strong></span> <span class='ocrx_word' id='word_1_117' title='bbox 1772 1465 1916 1537; x_wconf 86' lang='lat' dir='ltr'><strong>quod</strong></span> <span class='ocrx_word' id='word_1_118' title='bbox 1946 1464 2054 1522; x_wconf 86' lang='lat' dir='ltr'><strong>illis</strong></span> 
     </span>
    </p>
   </div>
   <div class='ocr_carea' id='block_1_16' title="bbox 456 1551 2051 1626">
    <p class='ocr_par' dir='ltr' id='par_1_16' title="bbox 456 1551 2051 1626">
     <span class='ocr_line' id='line_1_16' title="bbox 456 1551 2051 1626; baseline 0.004 -20"><span class='ocrx_word' id='word_1_119' title='bbox 456 1551 509 1607; x_wconf 87' lang='lat' dir='ltr'><strong>in</strong></span> <span class='ocrx_word' id='word_1_120' title='bbox 543 1569 641 1607; x_wconf 84' lang='lat' dir='ltr'><strong>nos</strong></span> <span class='ocrx_word' id='word_1_121' title='bbox 661 1553 733 1609; x_wconf 84' lang='lat' dir='ltr'><strong>sit</strong></span> <span class='ocrx_word' id='word_1_122' title='bbox 763 1556 1046 1626; x_wconf 84' lang='lat' dir='ltr'><strong>imperium</strong></span> <span class='ocrx_word' id='word_1_123' title='bbox 1068 1597 1083 1619; x_wconf 90' lang='lat'><strong>,</strong></span> <span class='ocrx_word' id='word_1_124' title='bbox 1116 1555 1213 1611; x_wconf 86' lang='lat' dir='ltr'><strong>sed</strong></span> <span class='ocrx_word' id='word_1_125' title='bbox 1254 1554 1327 1612; x_wconf 85' lang='lat' dir='ltr'><strong>ob</strong></span> <span class='ocrx_word' id='word_1_126' title='bbox 1368 1556 1580 1625; x_wconf 78' lang='lat' dir='ltr'><strong>culpam</strong></span> <span class='ocrx_word' id='word_1_127' title='bbox 1624 1568 1888 1613; x_wconf 74' lang='lat' dir='ltr'><strong>nostram.</strong></span> <span class='ocrx_word' id='word_1_128' title='bbox 1915 1554 2051 1613; x_wconf 81' lang='lat' dir='ltr'><strong>Nam</strong></span> 
     </span>
    </p>
   </div>
   <div class='ocr_carea' id='block_1_17' title="bbox 454 1646 2051 1723">
    <p class='ocr_par' dir='ltr' id='par_1_17' title="bbox 454 1646 2051 1723">
     <span class='ocr_line' id='line_1_17' title="bbox 454 1646 2051 1723; baseline 0.003 -22"><span class='ocrx_word' id='word_1_129' title='bbox 454 1658 578 1702; x_wconf 82' lang='lat' dir='ltr'><strong>cum</strong></span> <span class='ocrx_word' id='word_1_130' title='bbox 626 1648 864 1704; x_wconf 83' lang='lat' dir='ltr'><strong>latrones</strong></span> <span class='ocrx_word' id='word_1_131' title='bbox 889 1661 992 1705; x_wconf 84' lang='lat' dir='ltr'><strong>nos</strong></span> <span class='ocrx_word' id='word_1_132' title='bbox 1021 1646 1278 1705; x_wconf 84' lang='lat' dir='ltr'><strong>invadunt</strong></span> <span class='ocrx_word' id='word_1_133' title='bbox 1299 1690 1314 1715; x_wconf 91' lang='lat'><strong>,</strong></span> <span class='ocrx_word' id='word_1_134' title='bbox 1342 1649 1387 1706; x_wconf 85' lang='lat' dir='ltr'><strong>si</strong></span> <span class='ocrx_word' id='word_1_135' title='bbox 1419 1664 1528 1705; x_wconf 89' lang='lat' dir='ltr'><strong>non</strong></span> <span class='ocrx_word' id='word_1_136' title='bbox 1561 1651 1896 1723; x_wconf 76' lang='lat' dir='ltr'><strong>negligumus</strong></span> <span class='ocrx_word' id='word_1_137' title='bbox 1915 1692 1929 1716; x_wconf 83' lang='lat'><strong>,</strong></span> <span class='ocrx_word' id='word_1_138' title='bbox 1954 1651 2051 1706; x_wconf 85' lang='lat' dir='ltr'><strong>sed</strong></span> 
     </span>
    </p>
   </div>
   <div class='ocr_carea' id='block_1_18' title="bbox 456 1734 2055 1816">
    <p class='ocr_par' dir='ltr' id='par_1_18' title="bbox 456 1734 2055 1816">
     <span class='ocr_line' id='line_1_18' title="bbox 456 1734 2055 1816; baseline 0.004 -23"><span class='ocrx_word' id='word_1_139' title='bbox 456 1742 510 1795; x_wconf 88' lang='lat' dir='ltr'><strong>in</strong></span> <span class='ocrx_word' id='word_1_140' title='bbox 533 1738 655 1797; x_wconf 88' lang='lat' dir='ltr'><strong>illos</strong></span> <span class='ocrx_word' id='word_1_141' title='bbox 680 1754 832 1799; x_wconf 84' lang='lat' dir='ltr'><strong>arma</strong></span> <span class='ocrx_word' id='word_1_142' title='bbox 861 1754 1161 1811; x_wconf 85' lang='lat' dir='ltr'><strong>sumamus,</strong></span> <span class='ocrx_word' id='word_1_143' title='bbox 1193 1744 1245 1798; x_wconf 89' lang='lat' dir='ltr'><strong>id</strong></span> <span class='ocrx_word' id='word_1_144' title='bbox 1279 1759 1386 1799; x_wconf 85' lang='lat' dir='ltr'><strong>non</strong></span> <span class='ocrx_word' id='word_1_145' title='bbox 1418 1740 1543 1800; x_wconf 85' lang='lat' dir='ltr'><strong>ideo</strong></span> <span class='ocrx_word' id='word_1_146' title='bbox 1571 1746 1665 1808; x_wconf 87' lang='lat' dir='ltr'><strong>lit,</strong></span> <span class='ocrx_word' id='word_1_147' title='bbox 1706 1734 1852 1816; x_wconf 85' lang='lat' dir='ltr'><strong>quod</strong></span> <span class='ocrx_word' id='word_1_148' title='bbox 1880 1743 2055 1816; x_wconf 81' lang='lat' dir='ltr'><strong>impe-</strong></span> 
     </span>
    </p>
   </div>
   <div class='ocr_carea' id='block_1_19' title="bbox 2156 534 3749 609">
    <p class='ocr_par' dir='ltr' id='par_1_19' title="bbox 2156 534 3749 609">
     <span class='ocr_line' id='line_1_19' title="bbox 2156 534 3749 609; baseline 0.008 -24"><span class='ocrx_word' id='word_1_149' title='bbox 2156 539 2518 597; x_wconf 69' lang='lat' dir='ltr'><strong>COoperantur</strong></span> <span class='ocrx_word' id='word_1_150' title='bbox 2547 534 2597 586; x_wconf 88' lang='lat' dir='ltr'><strong>in</strong></span> <span class='ocrx_word' id='word_1_151' title='bbox 2626 534 2847 601; x_wconf 89' lang='lat' dir='ltr'><strong>bonum,</strong></span> <span class='ocrx_word' id='word_1_152' title='bbox 2875 545 2931 589; x_wconf 88' lang='lat' dir='ltr'><strong>ut</strong></span> <span class='ocrx_word' id='word_1_153' title='bbox 2960 536 3243 592; x_wconf 67' lang='lat' dir='ltr'><strong>interitum</strong></span> <span class='ocrx_word' id='word_1_154' title='bbox 3272 540 3450 599; x_wconf 76' lang='lat' dir='ltr'><strong>omnia</strong></span> <span class='ocrx_word' id='word_1_155' title='bbox 3475 543 3638 596; x_wconf 84' lang='lat' dir='ltr'><strong>etiam</strong></span> <span class='ocrx_word' id='word_1_156' title='bbox 3661 558 3749 609; x_wconf 86' lang='lat' dir='ltr'><strong>ea,</strong></span> 
     </span>
    </p>
   </div>
   <div class='ocr_carea' id='block_1_20' title="bbox 2155 623 3757 697">
    <p class='ocr_par' dir='ltr' id='par_1_20' title="bbox 2155 623 3757 697">
     <span class='ocr_line' id='line_1_20' title="bbox 2155 623 3757 697; baseline 0.011 -27"><span class='ocrx_word' id='word_1_157' title='bbox 2155 637 2278 689; x_wconf 63' lang='lat' dir='ltr'><strong>qua,-</strong></span> <span class='ocrx_word' id='word_1_158' title='bbox 2307 623 2439 692; x_wconf 73' lang='lat' dir='ltr'><strong>nihil</strong></span> <span class='ocrx_word' id='word_1_159' title='bbox 2488 635 2613 680; x_wconf 75' lang='lat' dir='ltr'><strong>sunt</strong></span> <span class='ocrx_word' id='word_1_160' title='bbox 2634 670 2649 689; x_wconf 89' lang='lat'><strong>,</strong></span> <span class='ocrx_word' id='word_1_161' title='bbox 2696 640 3050 683; x_wconf 77' lang='lat' dir='ltr'><strong>numerentur</strong></span> <span class='ocrx_word' id='word_1_162' title='bbox 3071 672 3085 691; x_wconf 83' lang='lat'><strong><em>.</em></strong></span> <span class='ocrx_word' id='word_1_163' title='bbox 3133 631 3382 687; x_wconf 80' lang='lat' dir='ltr'><strong>molestia</strong></span> <span class='ocrx_word' id='word_1_164' title='bbox 3404 674 3418 697; x_wconf 90' lang='lat'><strong>,</strong></span> <span class='ocrx_word' id='word_1_165' title='bbox 3449 633 3672 690; x_wconf 82' lang='lat' dir='ltr'><strong>morbus</strong></span> <span class='ocrx_word' id='word_1_166' title='bbox 3697 642 3757 689; x_wconf 87' lang='lat' dir='ltr'><strong>et</strong></span> 
     </span>
    </p>
   </div>
   <div class='ocr_carea' id='block_1_21' title="bbox 2158 714 3107 788">
    <p class='ocr_par' dir='ltr' id='par_1_21' title="bbox 2158 714 3107 788">
     <span class='ocr_line' id='line_1_21' title="bbox 2158 714 3107 788; baseline 0.006 -22"><span class='ocrx_word' id='word_1_167' title='bbox 2158 714 2270 782; x_wconf 83' lang='lat' dir='ltr'><strong>ipsa</strong></span> <span class='ocrx_word' id='word_1_168' title='bbox 2300 731 2446 770; x_wconf 88' lang='lat' dir='ltr'><strong>mors</strong></span> <span class='ocrx_word' id='word_1_169' title='bbox 2475 719 2661 781; x_wconf 87' lang='lat' dir='ltr'><strong>etiam,</strong></span> <span class='ocrx_word' id='word_1_170' title='bbox 2689 727 2747 773; x_wconf 87' lang='lat' dir='ltr'><strong>et</strong></span> <span class='ocrx_word' id='word_1_171' title='bbox 2774 732 3107 788; x_wconf 51' lang='lat' dir='ltr'><strong>peceatum»</strong></span> 
     </span>
    </p>
   </div>
   <div class='ocr_carea' id='block_1_22' title="bbox 2230 809 3754 888">
    <p class='ocr_par' dir='ltr' id='par_1_22' title="bbox 2230 809 3754 888">
     <span class='ocr_line' id='line_1_22' title="bbox 2230 809 3754 888; baseline 0.007 -21"><span class='ocrx_word' id='word_1_172' title='bbox 2230 809 2323 867; x_wconf 78' lang='lat'><strong>55.</strong></span> <span class='ocrx_word' id='word_1_173' title='bbox 2364 809 2706 868; x_wconf 75' lang='lat' dir='ltr'><strong>Perstitimus</strong></span> <span class='ocrx_word' id='word_1_174' title='bbox 2728 812 2997 870; x_wconf 72' lang='lat' dir='ltr'><strong>hactenus</strong></span> <span class='ocrx_word' id='word_1_175' title='bbox 3023 815 3079 871; x_wconf 92' lang='lat' dir='ltr'><strong>in</strong></span> <span class='ocrx_word' id='word_1_176' title='bbox 3107 817 3192 881; x_wconf 89' lang='lat' dir='ltr'><strong>iis,</strong></span> <span class='ocrx_word' id='word_1_177' title='bbox 3216 832 3335 888; x_wconf 75' lang='lat' dir='ltr'><strong>qum</strong></span> <span class='ocrx_word' id='word_1_178' title='bbox 3361 818 3568 876; x_wconf 82' lang='lat' dir='ltr'><strong>homini</strong></span> <span class='ocrx_word' id='word_1_179' title='bbox 3595 822 3754 878; x_wconf 76' lang='lat' dir='ltr'><strong>noxia</strong></span> 
     </span>
    </p>
   </div>
   <div class='ocr_carea' id='block_1_23' title="bbox 2154 902 3755 980">
    <p class='ocr_par' dir='ltr' id='par_1_23' title="bbox 2154 902 3755 980">
     <span class='ocr_line' id='line_1_23' title="bbox 2154 902 3755 980; baseline 0.008 -23"><span class='ocrx_word' id='word_1_180' title='bbox 2154 902 2471 959; x_wconf 86' lang='lat' dir='ltr'><strong>creduntur.</strong></span> <span class='ocrx_word' id='word_1_181' title='bbox 2501 905 2658 973; x_wconf 73' lang='lat' dir='ltr'><strong>Quod</strong></span> <span class='ocrx_word' id='word_1_182' title='bbox 2688 905 2756 959; x_wconf 84' lang='lat' dir='ltr'><strong>ad</strong></span> <span class='ocrx_word' id='word_1_183' title='bbox 2784 922 2848 961; x_wconf 84' lang='lat' dir='ltr'><strong>ea</strong></span> <span class='ocrx_word' id='word_1_184' title='bbox 2893 909 3111 975; x_wconf 77' lang='lat' dir='ltr'><strong>attinet,</strong></span> <span class='ocrx_word' id='word_1_185' title='bbox 3141 925 3264 980; x_wconf 73' lang='lat' dir='ltr'><strong>quae</strong></span> <span class='ocrx_word' id='word_1_186' title='bbox 3314 911 3557 980; x_wconf 87' lang='lat' dir='ltr'><strong>inutilia;</strong></span> <span class='ocrx_word' id='word_1_187' title='bbox 3607 914 3755 969; x_wconf 81' lang='lat' dir='ltr'><strong>dilti-</strong></span> 
     </span>
    </p>
   </div>
   <div class='ocr_carea' id='block_1_24' title="bbox 2154 995 3757 1075">
    <p class='ocr_par' dir='ltr' id='par_1_24' title="bbox 2154 995 3757 1075">
     <span class='ocr_line' id='line_1_24' title="bbox 2154 995 3757 1075; baseline 0.007 -24"><span class='ocrx_word' id='word_1_188' title='bbox 2154 996 2410 1054; x_wconf 83' lang='lat' dir='ltr'><strong>cultatem</strong></span> <span class='ocrx_word' id='word_1_189' title='bbox 2454 995 2595 1053; x_wconf 86' lang='lat' dir='ltr'><strong>banc</strong></span> <span class='ocrx_word' id='word_1_190' title='bbox 2641 1011 3039 1070; x_wconf 58' lang='lat' dir='ltr'><strong>praveuerunt,</strong></span> <span class='ocrx_word' id='word_1_191' title='bbox 3088 1018 3152 1059; x_wconf 84' lang='lat' dir='ltr'><strong>ac</strong></span> <span class='ocrx_word' id='word_1_192' title='bbox 3197 1018 3419 1075; x_wconf 88' lang='lat' dir='ltr'><strong>prorsus</strong></span> <span class='ocrx_word' id='word_1_193' title='bbox 3459 1005 3757 1063; x_wconf 85' lang='lat' dir='ltr'><strong>dissolvere</strong></span> 
     </span>
    </p>
   </div>
   <div class='ocr_carea' id='block_1_25' title="bbox 2154 1096 3752 1170">
    <p class='ocr_par' dir='ltr' id='par_1_25' title="bbox 2154 1096 3752 1170">
     <span class='ocr_line' id='line_1_25' title="bbox 2154 1096 3752 1170; baseline 0.007 -25"><span class='ocrx_word' id='word_1_194' title='bbox 2154 1104 2214 1145; x_wconf 80' lang='lat' dir='ltr'><strong>se</strong></span> <span class='ocrx_word' id='word_1_195' title='bbox 2259 1105 2420 1161; x_wconf 80' lang='lat' dir='ltr'><strong>posse</strong></span> <span class='ocrx_word' id='word_1_196' title='bbox 2465 1101 2763 1161; x_wconf 78' lang='lat' dir='ltr'><strong>sperarunt</strong></span> <span class='ocrx_word' id='word_1_197' title='bbox 2800 1096 2993 1161; x_wconf 75' lang='lat' dir='ltr'><strong>Stoici,</strong></span> <span class='ocrx_word' id='word_1_198' title='bbox 3024 1108 3310 1151; x_wconf 86' lang='lat' dir='ltr'><strong>monentes</strong></span> <span class='ocrx_word' id='word_1_199' title='bbox 3338 1110 3586 1167; x_wconf 78' lang='lat' dir='ltr'><strong>magnam</strong></span> <span class='ocrx_word' id='word_1_200' title='bbox 3625 1112 3752 1170; x_wconf 84' lang='lat' dir='ltr'><strong>par-</strong></span> 
     </span>
    </p>
   </div>
   <div class='ocr_carea' id='block_1_26' title="bbox 2158 1185 3752 1260">
    <p class='ocr_par' dir='ltr' id='par_1_26' title="bbox 2158 1185 3752 1260">
     <span class='ocr_line' id='line_1_26' title="bbox 2158 1185 3752 1260; baseline 0.008 -23"><span class='ocrx_word' id='word_1_201' title='bbox 2158 1191 2263 1241; x_wconf 83' lang='lat' dir='ltr'><strong>tem</strong></span> <span class='ocrx_word' id='word_1_202' title='bbox 2293 1198 2510 1250; x_wconf 84' lang='lat' dir='ltr'><strong>eorum,</strong></span> <span class='ocrx_word' id='word_1_203' title='bbox 2538 1201 2662 1257; x_wconf 60' lang='lat' dir='ltr'><strong>qua</strong></span> <span class='ocrx_word' id='word_1_204' title='bbox 2705 1185 2912 1242; x_wconf 79' lang='lat' dir='ltr'><strong>homini</strong></span> <span class='ocrx_word' id='word_1_205' title='bbox 2956 1189 3162 1243; x_wconf 76' lang='lat' dir='ltr'><strong>inutilia</strong></span> <span class='ocrx_word' id='word_1_206' title='bbox 3193 1190 3383 1260; x_wconf 82' lang='lat' dir='ltr'><strong>vulgus</strong></span> <span class='ocrx_word' id='word_1_207' title='bbox 3411 1202 3620 1259; x_wconf 61' lang='lat' dir='ltr'><strong>censa,</strong></span> <span class='ocrx_word' id='word_1_208' title='bbox 3662 1208 3752 1249; x_wconf 83' lang='lat' dir='ltr'><strong>rc-</strong></span> 
     </span>
    </p>
   </div>
   <div class='ocr_carea' id='block_1_27' title="bbox 2156 1277 3752 1346">
    <p class='ocr_par' dir='ltr' id='par_1_27' title="bbox 2156 1277 3752 1346">
     <span class='ocr_line' id='line_1_27' title="bbox 2156 1277 3752 1346; baseline 0.008 -18"><span class='ocrx_word' id='word_1_209' title='bbox 2156 1291 2281 1331; x_wconf 80' lang='lat' dir='ltr'><strong>vera</strong></span> <span class='ocrx_word' id='word_1_210' title='bbox 2326 1291 2453 1334; x_wconf 81' lang='lat' dir='ltr'><strong>esse</strong></span> <span class='ocrx_word' id='word_1_211' title='bbox 2478 1277 2788 1346; x_wconf 82' lang='lat' dir='ltr'><strong>utilissima,</strong></span> <span class='ocrx_word' id='word_1_212' title='bbox 2824 1282 3038 1337; x_wconf 60' lang='lat' dir='ltr'><strong>tametsi</strong></span> <span class='ocrx_word' id='word_1_213' title='bbox 3088 1298 3278 1338; x_wconf 84' lang='lat' dir='ltr'><strong>eorum</strong></span> <span class='ocrx_word' id='word_1_214' title='bbox 3319 1284 3523 1339; x_wconf 80' lang='lat' dir='ltr'><strong>utilitas</strong></span> <span class='ocrx_word' id='word_1_215' title='bbox 3570 1286 3752 1341; x_wconf 86' lang='lat' dir='ltr'><strong>statim</strong></span> 
     </span>
    </p>
   </div>
   <div class='ocr_carea' id='block_1_28' title="bbox 2156 1372 3753 1440">
    <p class='ocr_par' dir='ltr' id='par_1_28' title="bbox 2156 1372 3753 1440">
     <span class='ocr_line' id='line_1_28' title="bbox 2156 1372 3753 1440; baseline 0.006 -15"><span class='ocrx_word' id='word_1_216' title='bbox 2156 1384 2262 1427; x_wconf 86' lang='lat' dir='ltr'><strong>non</strong></span> <span class='ocrx_word' id='word_1_217' title='bbox 2289 1380 2522 1428; x_wconf 76' lang='lat' dir='ltr'><strong>constet.</strong></span> <span class='ocrx_word' id='word_1_218' title='bbox 2554 1372 2723 1430; x_wconf 75' lang='lat' dir='ltr'><strong>Aiunt</strong></span> <span class='ocrx_word' id='word_1_219' title='bbox 2746 1374 2894 1431; x_wconf 82' lang='lat' dir='ltr'><strong>enim</strong></span> <span class='ocrx_word' id='word_1_220' title='bbox 2915 1414 2930 1440; x_wconf 91' lang='lat'><strong>,</strong></span> <span class='ocrx_word' id='word_1_221' title='bbox 2957 1386 3014 1429; x_wconf 87' lang='lat' dir='ltr'><strong>ut</strong></span> <span class='ocrx_word' id='word_1_222' title='bbox 3038 1377 3217 1433; x_wconf 82' lang='lat' dir='ltr'><strong>verbis</strong></span> <span class='ocrx_word' id='word_1_223' title='bbox 3258 1391 3445 1433; x_wconf 79' lang='lat' dir='ltr'><strong>eorum</strong></span> <span class='ocrx_word' id='word_1_224' title='bbox 3474 1378 3753 1435; x_wconf 72' lang='lat' dir='ltr'><strong>Lactantio</strong></span> 
     </span>
    </p>
   </div>
   <div class='ocr_carea' id='block_1_29' title="bbox 2155 1460 3753 1538">
    <p class='ocr_par' dir='ltr' id='par_1_29' title="bbox 2155 1460 3753 1538">
     <span class='ocr_line' id='line_1_29' title="bbox 2155 1460 3753 1538; baseline 0.006 -21"><span class='ocrx_word' id='word_1_225' title='bbox 2155 1460 2427 1519; x_wconf 70' lang='lat' dir='ltr'><strong>referente</strong></span> <span class='ocrx_word' id='word_1_226' title='bbox 2454 1463 2542 1537; x_wconf 75' lang='lat' dir='ltr'><strong>(de</strong></span> <span class='ocrx_word' id='word_1_227' title='bbox 2570 1465 2665 1519; x_wconf 85' lang='lat' dir='ltr'><strong>Im</strong></span> <span class='ocrx_word' id='word_1_228' title='bbox 2708 1466 2806 1521; x_wconf 79' lang='lat' dir='ltr'><strong>Dei</strong></span> <span class='ocrx_word' id='word_1_229' title='bbox 2835 1485 2951 1538; x_wconf 82' lang='lat' dir='ltr'><strong>cap.</strong></span> <span class='ocrx_word' id='word_1_230' title='bbox 2982 1467 3070 1536; x_wconf 76' lang='lat' dir='ltr'><strong>i3)</strong></span> <span class='ocrx_word' id='word_1_231' title='bbox 3119 1481 3265 1535; x_wconf 87' lang='lat' dir='ltr'><strong>utar,</strong></span> <span class='ocrx_word' id='word_1_232' title='bbox 3299 1489 3319 1522; x_wconf 87' lang='grc' dir='ltr'><strong>ι</strong></span> <span class='ocrx_word' id='word_1_233' title='bbox 3344 1470 3502 1525; x_wconf 74' lang='lat' dir='ltr'><strong>Multa</strong></span> <span class='ocrx_word' id='word_1_234' title='bbox 3547 1485 3669 1527; x_wconf 79' lang='lat' dir='ltr'><strong>esse</strong></span> <span class='ocrx_word' id='word_1_235' title='bbox 3698 1472 3753 1527; x_wconf 89' lang='lat' dir='ltr'><strong>in</strong></span> 
     </span>
    </p>
   </div>
   <div class='ocr_carea' id='block_1_30' title="bbox 2152 1555 3756 1632">
    <p class='ocr_par' dir='ltr' id='par_1_30' title="bbox 2152 1555 3756 1632">
     <span class='ocr_line' id='line_1_30' title="bbox 2152 1555 3756 1632; baseline 0.007 -25"><span class='ocrx_word' id='word_1_236' title='bbox 2152 1555 2521 1625; x_wconf 74' lang='lat' dir='ltr'><strong>gignentibus,</strong></span> <span class='ocrx_word' id='word_1_237' title='bbox 2551 1572 2599 1612; x_wconf 88' lang='lat' dir='ltr'><strong>et</strong></span> <span class='ocrx_word' id='word_1_238' title='bbox 2630 1558 2685 1614; x_wconf 86' lang='lat' dir='ltr'><strong>in</strong></span> <span class='ocrx_word' id='word_1_239' title='bbox 2713 1575 2941 1615; x_wconf 74' lang='lat' dir='ltr'><strong>numero</strong></span> <span class='ocrx_word' id='word_1_240' title='bbox 2968 1561 3306 1626; x_wconf 76' lang='lat' dir='ltr'><strong>animalium,</strong></span> <span class='ocrx_word' id='word_1_241' title='bbox 3330 1579 3557 1632; x_wconf 56' lang='lat' dir='ltr'><strong>quinum</strong></span> <span class='ocrx_word' id='word_1_242' title='bbox 3578 1564 3756 1619; x_wconf 81' lang='lat' dir='ltr'><strong>adhuc</strong></span> 
     </span>
    </p>
   </div>
   <div class='ocr_carea' id='block_1_31' title="bbox 2153 1644 3753 1724">
    <p class='ocr_par' dir='ltr' id='par_1_31' title="bbox 2153 1644 3753 1724">
     <span class='ocr_line' id='line_1_31' title="bbox 2153 1644 3753 1724; baseline 0.006 -22"><span class='ocrx_word' id='word_1_243' title='bbox 2153 1644 2320 1702; x_wconf 85' lang='lat' dir='ltr'><strong>lateat</strong></span> <span class='ocrx_word' id='word_1_244' title='bbox 2362 1649 2589 1715; x_wconf 84' lang='lat' dir='ltr'><strong>utilitas,</strong></span> <span class='ocrx_word' id='word_1_245' title='bbox 2636 1650 2730 1706; x_wconf 87' lang='lat' dir='ltr'><strong>sed</strong></span> <span class='ocrx_word' id='word_1_246' title='bbox 2763 1667 2882 1709; x_wconf 82' lang='lat' dir='ltr'><strong>eam</strong></span> <span class='ocrx_word' id='word_1_247' title='bbox 2915 1668 3174 1724; x_wconf 73' lang='lat' dir='ltr'><strong>processu</strong></span> <span class='ocrx_word' id='word_1_248' title='bbox 3206 1657 3464 1721; x_wconf 78' lang='lat' dir='ltr'><strong>temporis</strong></span> <span class='ocrx_word' id='word_1_249' title='bbox 3493 1656 3753 1723; x_wconf 76' lang='lat' dir='ltr'><strong>inveniri;</strong></span> 
     </span>
    </p>
   </div>
   <div class='ocr_carea' id='block_1_32' title="bbox 2154 1741 3750 1821">
    <p class='ocr_par' dir='ltr' id='par_1_32' title="bbox 2154 1741 3750 1821">
     <span class='ocr_line' id='line_1_32' title="bbox 2154 1741 3750 1821; baseline 0.008 -27"><span class='ocrx_word' id='word_1_250' title='bbox 2154 1742 2295 1796; x_wconf 85' lang='lat' dir='ltr'><strong>sicut</strong></span> <span class='ocrx_word' id='word_1_251' title='bbox 2318 1741 2429 1812; x_wconf 84' lang='lat' dir='ltr'><strong>jam</strong></span> <span class='ocrx_word' id='word_1_252' title='bbox 2458 1743 2606 1813; x_wconf 86' lang='lat' dir='ltr'><strong>plura</strong></span> <span class='ocrx_word' id='word_1_253' title='bbox 2634 1745 2902 1814; x_wconf 74' lang='lat' dir='ltr'><strong>prioribus</strong></span> <span class='ocrx_word' id='word_1_254' title='bbox 2924 1748 3138 1804; x_wconf 62' lang='lat' dir='ltr'><strong>seculis</strong></span> <span class='ocrx_word' id='word_1_255' title='bbox 3170 1748 3467 1821; x_wconf 83' lang='lat' dir='ltr'><strong>incognita,</strong></span> <span class='ocrx_word' id='word_1_256' title='bbox 3516 1751 3750 1808; x_wconf 80' lang='lat' dir='ltr'><strong>necessi-</strong></span> 
     </span>
    </p>
   </div>
   <div class='ocr_carea' id='block_1_33' title="bbox 456 1835 2849 1907">
    <p class='ocr_par' dir='ltr' id='par_1_33' title="bbox 456 1835 2849 1907">
     <span class='ocr_line' id='line_1_33' title="bbox 456 1835 2849 1907; baseline 0.002 -18"><span class='ocrx_word' id='word_1_257' title='bbox 456 1836 593 1889; x_wconf 85' lang='lat' dir='ltr'><strong>rium</strong></span> <span class='ocrx_word' id='word_1_258' title='bbox 623 1835 675 1889; x_wconf 89' lang='lat' dir='ltr'><strong>in</strong></span> <span class='ocrx_word' id='word_1_259' title='bbox 702 1848 803 1892; x_wconf 84' lang='lat' dir='ltr'><strong>nos</strong></span> <span class='ocrx_word' id='word_1_260' title='bbox 831 1835 1152 1904; x_wconf 85' lang='lat' dir='ltr'><strong>obtineant,</strong></span> <span class='ocrx_word' id='word_1_261' title='bbox 1181 1836 1276 1892; x_wconf 89' lang='lat' dir='ltr'><strong>sed</strong></span> <span class='ocrx_word' id='word_1_262' title='bbox 1304 1838 1449 1907; x_wconf 88' lang='lat' dir='ltr'><strong>quod</strong></span> <span class='ocrx_word' id='word_1_263' title='bbox 1480 1848 1677 1892; x_wconf 79' lang='lat' dir='ltr'><strong>nostra:</strong></span> <span class='ocrx_word' id='word_1_264' title='bbox 1723 1835 1885 1892; x_wconf 85' lang='lat' dir='ltr'><strong>saluti</strong></span> <span class='ocrx_word' id='word_1_265' title='bbox 1926 1853 2049 1907; x_wconf 83' lang='lat' dir='ltr'><strong>pro-</strong></span> <span class='ocrx_word' id='word_1_266' title='bbox 2079 1837 2127 1902; x_wconf 82' lang='grc' dir='ltr'><strong>Β</strong></span> <span class='ocrx_word' id='word_1_267' title='bbox 2155 1840 2256 1897; x_wconf 78' lang='lat' dir='ltr'><strong>tas,</strong></span> <span class='ocrx_word' id='word_1_268' title='bbox 2287 1847 2345 1890; x_wconf 85' lang='lat' dir='ltr'><strong>et</strong></span> <span class='ocrx_word' id='word_1_269' title='bbox 2374 1850 2503 1890; x_wconf 70' lang='lat' dir='ltr'><strong>usus</strong></span> <span class='ocrx_word' id='word_1_270' title='bbox 2527 1837 2849 1894; x_wconf 71' lang='lat' dir='ltr'><strong>invenerim</strong></span> 
     </span>
    </p>
   </div>
   <div class='ocr_carea' id='block_1_34' title="bbox 455 1932 2055 2005">
    <p class='ocr_par' dir='ltr' id='par_1_34' title="bbox 455 1932 2055 2005">
     <span class='ocr_line' id='line_1_34' title="bbox 455 1932 2055 2005; baseline 0 -18"><span class='ocrx_word' id='word_1_271' title='bbox 455 1933 766 2004; x_wconf 77' lang='lat' dir='ltr'><strong>spiciamu&#39;s.</strong></span> <span class='ocrx_word' id='word_1_272' title='bbox 803 1949 824 1984; x_wconf 86' lang='grc' dir='ltr'><strong>ι</strong></span> <span class='ocrx_word' id='word_1_273' title='bbox 857 1932 1061 1989; x_wconf 80' lang='lat' dir='ltr'><strong>Eadem</strong></span> <span class='ocrx_word' id='word_1_274' title='bbox 1101 1934 1389 2005; x_wconf 80' lang='lat' dir='ltr'><strong>ipsissimis</strong></span> <span class='ocrx_word' id='word_1_275' title='bbox 1435 1936 1546 1990; x_wconf 79' lang='lat' dir='ltr'><strong>fere</strong></span> <span class='ocrx_word' id='word_1_276' title='bbox 1594 1932 1773 1990; x_wconf 74' lang='lat' dir='ltr'><strong>verbis</strong></span> <span class='ocrx_word' id='word_1_277' title='bbox 1810 1933 1938 1988; x_wconf 88' lang='lat' dir='ltr'><strong>alibi</strong></span> <span class='ocrx_word' id='word_1_278' title='bbox 1968 1946 2055 1988; x_wconf 78' lang='lat' dir='ltr'><strong>re—</strong></span> 
     </span>
    </p>
   </div>
   <div class='ocr_carea' id='block_1_35' title="bbox 457 2026 2054 2103">
    <p class='ocr_par' dir='ltr' id='par_1_35' title="bbox 457 2026 2054 2103">
     <span class='ocr_line' id='line_1_35' title="bbox 457 2026 2054 2103; baseline 0.001 -22"><span class='ocrx_word' id='word_1_279' title='bbox 457 2028 587 2096; x_wconf 89' lang='lat' dir='ltr'><strong>petit</strong></span> <span class='ocrx_word' id='word_1_280' title='bbox 612 2026 819 2097; x_wconf 82' lang='lat' dir='ltr'><strong>(Serm.</strong></span> <span class='ocrx_word' id='word_1_281' title='bbox 853 2042 913 2085; x_wconf 89' lang='grc' dir='ltr'><strong>ιιι</strong></span> <span class='ocrx_word' id='word_1_282' title='bbox 954 2029 1009 2083; x_wconf 81' lang='lat' dir='ltr'><strong>in</strong></span> <span class='ocrx_word' id='word_1_283' title='bbox 1034 2027 1220 2085; x_wconf 70' lang='lat' dir='ltr'><strong>(lenes.</strong></span> <span class='ocrx_word' id='word_1_284' title='bbox 1252 2045 1308 2085; x_wconf 89' lang='grc' dir='ltr'>ιι.</span> <span class='ocrx_word' id='word_1_285' title='bbox 1337 2027 1388 2091; x_wconf 78' lang='grc'>5,</span> <span class='ocrx_word' id='word_1_286' title='bbox 1414 2044 1534 2103; x_wconf 78' lang='lat' dir='ltr'><strong>pag.</strong></span> <span class='ocrx_word' id='word_1_287' title='bbox 1562 2028 1633 2085; x_wconf 85' lang='lat'><strong>66</strong></span> <span class='ocrx_word' id='word_1_288' title='bbox 1691 2037 1814 2084; x_wconf 78' lang='lat' dir='ltr'><strong>tom.</strong></span> <span class='ocrx_word' id='word_1_289' title='bbox 1868 2044 1919 2084; x_wconf 86' lang='lat' dir='ltr'><strong>tv</strong></span> <span class='ocrx_word' id='word_1_290' title='bbox 1946 2030 2054 2084; x_wconf 80' lang='lat' dir='ltr'><strong>edi-</strong></span> 
     </span>
    </p>
   </div>
   <div class='ocr_carea' id='block_1_36' title="bbox 455 2120 1080 2195">
    <p class='ocr_par' dir='ltr' id='par_1_36' title="bbox 455 2120 1080 2195">
     <span class='ocr_line' id='line_1_36' title="bbox 455 2120 1080 2195; baseline 0.005 -21"><span class='ocrx_word' id='word_1_291' title='bbox 455 2120 610 2177; x_wconf 77' lang='lat' dir='ltr'><strong>tionis</strong></span> <span class='ocrx_word' id='word_1_292' title='bbox 641 2120 1023 2195; x_wconf 70' lang='lat' dir='ltr'><strong>Montfmouii</strong></span> <span class='ocrx_word' id='word_1_293' title='bbox 1042 2122 1080 2195; x_wconf 86' lang='lat'><strong>).</strong></span> 
     </span>
    </p>
   </div>
   <div class='ocr_carea' id='block_1_37' title="bbox 526 2212 2051 2289">
    <p class='ocr_par' dir='ltr' id='par_1_37' title="bbox 526 2212 2051 2289">
     <span class='ocr_line' id='line_1_37' title="bbox 526 2212 2051 2289; baseline 0 -15"><span class='ocrx_word' id='word_1_294' title='bbox 526 2214 617 2274; x_wconf 73' lang='grc' dir='ltr'><strong>ει.</strong></span> <span class='ocrx_word' id='word_1_295' title='bbox 661 2216 920 2274; x_wconf 75' lang='lat' dir='ltr'><strong>Eamdem</strong></span> <span class='ocrx_word' id='word_1_296' title='bbox 946 2217 1317 2275; x_wconf 83' lang='lat' dir='ltr'><strong>dillieultatcm</strong></span> <span class='ocrx_word' id='word_1_297' title='bbox 1343 2221 1509 2275; x_wconf 78' lang='lat' dir='ltr'><strong>evitat</strong></span> <span class='ocrx_word' id='word_1_298' title='bbox 1540 2216 1896 2289; x_wconf 76' lang='lat' dir='ltr'><strong>Augustinus.</strong></span> <span class='ocrx_word' id='word_1_299' title='bbox 1923 2212 2051 2274; x_wconf 88' lang='lat' dir='ltr'><strong>dum</strong></span> 
     </span>
    </p>
   </div>
   <div class='ocr_carea' id='block_1_38' title="bbox 454 2309 2052 2385">
    <p class='ocr_par' dir='ltr' id='par_1_38' title="bbox 454 2309 2052 2385">
     <span class='ocr_line' id='line_1_38' title="bbox 454 2309 2052 2385; baseline 0.002 -20"><span class='ocrx_word' id='word_1_300' title='bbox 454 2310 654 2368; x_wconf 84' lang='lat' dir='ltr'><strong>fatetur</strong></span> <span class='ocrx_word' id='word_1_301' title='bbox 678 2309 856 2383; x_wconf 76' lang='lat' dir='ltr'><strong>aliqua</strong></span> <span class='ocrx_word' id='word_1_302' title='bbox 877 2328 943 2368; x_wconf 78' lang='lat' dir='ltr'><strong>ex</strong></span> <span class='ocrx_word' id='word_1_303' title='bbox 969 2324 1121 2382; x_wconf 87' lang='lat' dir='ltr'><strong>parte</strong></span> <span class='ocrx_word' id='word_1_304' title='bbox 1150 2313 1399 2369; x_wconf 58' lang='lat' dir='ltr'><strong>amisisse</strong></span> <span class='ocrx_word' id='word_1_305' title='bbox 1437 2329 1536 2370; x_wconf 79' lang='lat' dir='ltr'><strong>nus</strong></span> <span class='ocrx_word' id='word_1_306' title='bbox 1560 2312 1914 2385; x_wconf 78' lang='lat' dir='ltr'><strong>dignitatem,</strong></span> <span class='ocrx_word' id='word_1_307' title='bbox 1943 2328 2052 2385; x_wconf 88' lang='lat' dir='ltr'><strong>qua</strong></span> 
     </span>
    </p>
   </div>
   <div class='ocr_carea' id='block_1_39' title="bbox 453 2401 2051 2479">
    <p class='ocr_par' dir='ltr' id='par_1_39' title="bbox 453 2401 2051 2479">
     <span class='ocr_line' id='line_1_39' title="bbox 453 2401 2051 2479; baseline 0.003 -22"><span class='ocrx_word' id='word_1_308' title='bbox 453 2401 577 2461; x_wconf 83' lang='lat' dir='ltr'><strong>facti</strong></span> <span class='ocrx_word' id='word_1_309' title='bbox 606 2418 796 2461; x_wconf 82' lang='lat' dir='ltr'><strong>sumus</strong></span> <span class='ocrx_word' id='word_1_310' title='bbox 832 2404 897 2460; x_wconf 88' lang='lat' dir='ltr'><strong>ad</strong></span> <span class='ocrx_word' id='word_1_311' title='bbox 937 2405 1224 2478; x_wconf 88' lang='lat' dir='ltr'><strong>imaginem</strong></span> <span class='ocrx_word' id='word_1_312' title='bbox 1257 2406 1382 2474; x_wconf 78' lang='lat' dir='ltr'><strong>Dei,</strong></span> <span class='ocrx_word' id='word_1_313' title='bbox 1412 2406 1626 2479; x_wconf 87' lang='lat' dir='ltr'><strong>quando</strong></span> <span class='ocrx_word' id='word_1_314' title='bbox 1656 2408 1938 2463; x_wconf 84' lang='lat' dir='ltr'><strong>amisimus</strong></span> <span class='ocrx_word' id='word_1_315' title='bbox 1966 2408 2051 2461; x_wconf 86' lang='lat' dir='ltr'><strong>in-</strong></span> 
     </span>
    </p>
   </div>
   <div class='ocr_carea' id='block_1_40' title="bbox 455 2500 2052 2572">
    <p class='ocr_par' dir='ltr' id='par_1_40' title="bbox 455 2500 2052 2572">
     <span class='ocr_line' id='line_1_40' title="bbox 455 2500 2052 2572; baseline 0.001 -17"><span class='ocrx_word' id='word_1_316' title='bbox 455 2501 756 2556; x_wconf 81' lang='lat' dir='ltr'><strong>nocentiam</strong></span> <span class='ocrx_word' id='word_1_317' title='bbox 778 2516 795 2567; x_wconf 84' lang='lat'><strong>;</strong></span> <span class='ocrx_word' id='word_1_318' title='bbox 820 2500 895 2556; x_wconf 86' lang='lat' dir='ltr'><strong>ita</strong></span> <span class='ocrx_word' id='word_1_319' title='bbox 924 2509 1102 2557; x_wconf 82' lang='lat' dir='ltr'><strong>tamen</strong></span> <span class='ocrx_word' id='word_1_320' title='bbox 1155 2515 1252 2556; x_wconf 88' lang='lat' dir='ltr'><strong>nos</strong></span> <span class='ocrx_word' id='word_1_321' title='bbox 1298 2501 1547 2565; x_wconf 72' lang='lat' dir='ltr'><strong>amisisse</strong></span> <span class='ocrx_word' id='word_1_322' title='bbox 1576 2501 1773 2557; x_wconf 79' lang='lat' dir='ltr'><strong>fatetur</strong></span> <span class='ocrx_word' id='word_1_323' title='bbox 1799 2517 1861 2557; x_wconf 91' lang='lat' dir='ltr'><strong>ea</strong></span> <span class='ocrx_word' id='word_1_324' title='bbox 1884 2545 1897 2567; x_wconf 87' lang='lat'><strong>,</strong></span> <span class='ocrx_word' id='word_1_325' title='bbox 1930 2518 2052 2572; x_wconf 76' lang='lat' dir='ltr'><strong>quae</strong></span> 
     </span>
    </p>
   </div>
   <div class='ocr_carea' id='block_1_41' title="bbox 453 2592 2053 2665">
    <p class='ocr_par' dir='ltr' id='par_1_41' title="bbox 453 2592 2053 2665">
     <span class='ocr_line' id='line_1_41' title="bbox 453 2592 2053 2665; baseline 0.004 -20"><span class='ocrx_word' id='word_1_326' title='bbox 453 2592 754 2658; x_wconf 87' lang='lat' dir='ltr'><strong>amisimus,</strong></span> <span class='ocrx_word' id='word_1_327' title='bbox 784 2604 841 2648; x_wconf 92' lang='lat' dir='ltr'><strong>ut</strong></span> <span class='ocrx_word' id='word_1_328' title='bbox 868 2604 1050 2665; x_wconf 82' lang='lat' dir='ltr'><strong>neget,</strong></span> <span class='ocrx_word' id='word_1_329' title='bbox 1082 2608 1300 2664; x_wconf 79' lang='lat' dir='ltr'><strong>prorsus</strong></span> <span class='ocrx_word' id='word_1_330' title='bbox 1330 2595 1581 2650; x_wconf 78' lang='lat' dir='ltr'><strong>amisisse</strong></span> <span class='ocrx_word' id='word_1_331' title='bbox 1602 2635 1615 2657; x_wconf 89' lang='lat'><strong>.</strong></span> <span class='ocrx_word' id='word_1_332' title='bbox 1645 2594 2053 2663; x_wconf 66' lang='lat' dir='ltr'><strong>contendantque</strong></span> 
     </span>
    </p>
   </div>
   <div class='ocr_carea' id='block_1_42' title="bbox 456 2684 2052 2760">
    <p class='ocr_par' dir='ltr' id='par_1_42' title="bbox 456 2684 2052 2760">
     <span class='ocr_line' id='line_1_42' title="bbox 456 2684 2052 2760; baseline 0.003 -23"><span class='ocrx_word' id='word_1_333' title='bbox 456 2698 807 2754; x_wconf 78' lang='lat' dir='ltr'><strong>perseverare</strong></span> <span class='ocrx_word' id='word_1_334' title='bbox 850 2684 1030 2742; x_wconf 81' lang='lat' dir='ltr'><strong>adhuc</strong></span> <span class='ocrx_word' id='word_1_335' title='bbox 1075 2689 1130 2741; x_wconf 90' lang='lat' dir='ltr'><strong>in</strong></span> <span class='ocrx_word' id='word_1_336' title='bbox 1170 2686 1386 2743; x_wconf 81' lang='lat' dir='ltr'><strong>bonnne</strong></span> <span class='ocrx_word' id='word_1_337' title='bbox 1428 2695 1755 2760; x_wconf 50' lang='lat' dir='ltr'><strong>potestatem</strong></span> <span class='ocrx_word' id='word_1_338' title='bbox 1809 2688 1861 2742; x_wconf 90' lang='lat' dir='ltr'><strong>in</strong></span> <span class='ocrx_word' id='word_1_339' title='bbox 1910 2687 2052 2742; x_wconf 86' lang='lat' dir='ltr'><strong>leras</strong></span> 
     </span>
    </p>
   </div>
   <div class='ocr_carea' id='block_1_43' title="bbox 455 2782 2051 2854">
    <p class='ocr_par' dir='ltr' id='par_1_43' title="bbox 455 2782 2051 2854">
     <span class='ocr_line' id='line_1_43' title="bbox 455 2782 2051 2854; baseline 0.001 -20"><span class='ocrx_word' id='word_1_340' title='bbox 455 2782 619 2852; x_wconf 82' lang='lat' dir='ltr'><strong>ipsas.</strong></span> <span class='ocrx_word' id='word_1_341' title='bbox 650 2793 703 2838; x_wconf 86' lang='lat' dir='ltr'><strong>et</strong></span> <span class='ocrx_word' id='word_1_342' title='bbox 730 2782 940 2839; x_wconf 83' lang='lat' dir='ltr'><strong>belluas</strong></span> <span class='ocrx_word' id='word_1_343' title='bbox 960 2827 974 2848; x_wconf 93' lang='lat'><strong>,</strong></span> <span class='ocrx_word' id='word_1_344' title='bbox 1008 2783 1137 2838; x_wconf 87' lang='lat' dir='ltr'><strong>dum</strong></span> <span class='ocrx_word' id='word_1_345' title='bbox 1174 2784 1317 2854; x_wconf 87' lang='lat' dir='ltr'><strong>ipsas</strong></span> <span class='ocrx_word' id='word_1_346' title='bbox 1347 2783 1698 2849; x_wconf 86' lang='lat' dir='ltr'><strong>cdomamus,</strong></span> <span class='ocrx_word' id='word_1_347' title='bbox 1738 2798 1841 2839; x_wconf 86' lang='lat' dir='ltr'><strong>nec</strong></span> <span class='ocrx_word' id='word_1_348' title='bbox 1872 2794 2051 2838; x_wconf 85' lang='lat' dir='ltr'><strong>tamen</strong></span> 
     </span>
    </p>
   </div>
   <div class='ocr_carea' id='block_1_44' title="bbox 453 2872 2053 2949">
    <p class='ocr_par' dir='ltr' id='par_1_44' title="bbox 453 2872 2053 2949">
     <span class='ocr_line' id='line_1_44' title="bbox 453 2872 2053 2949; baseline 0.003 -21"><span class='ocrx_word' id='word_1_349' title='bbox 453 2872 521 2929; x_wconf 92' lang='lat' dir='ltr'><strong>ab</strong></span> <span class='ocrx_word' id='word_1_350' title='bbox 540 2874 605 2930; x_wconf 89' lang='lat' dir='ltr'><strong>iis</strong></span> <span class='ocrx_word' id='word_1_351' title='bbox 626 2872 840 2932; x_wconf 85' lang='lat' dir='ltr'><strong>domari</strong></span> <span class='ocrx_word' id='word_1_352' title='bbox 858 2888 958 2931; x_wconf 86' lang='lat' dir='ltr'><strong>nos</strong></span> <span class='ocrx_word' id='word_1_353' title='bbox 978 2874 1229 2934; x_wconf 80' lang='lat' dir='ltr'><strong>sinimus.</strong></span> <span class='ocrx_word' id='word_1_354' title='bbox 1254 2873 1361 2933; x_wconf 84' lang='lat' dir='ltr'><strong>Sed</strong></span> <span class='ocrx_word' id='word_1_355' title='bbox 1385 2889 1607 2949; x_wconf 64' lang='lat' dir='ltr'><strong>pratstat</strong></span> <span class='ocrx_word' id='word_1_356' title='bbox 1625 2877 1737 2944; x_wconf 83' lang='lat' dir='ltr'><strong>ipsa</strong></span> <span class='ocrx_word' id='word_1_357' title='bbox 1769 2876 2053 2947; x_wconf 75' lang='lat' dir='ltr'><strong>Augustini</strong></span> 
     </span>
    </p>
   </div>
   <div class='ocr_carea' id='block_1_45' title="bbox 454 2969 2051 3045">
    <p class='ocr_par' dir='ltr' id='par_1_45' title="bbox 454 2969 2051 3045">
     <span class='ocr_line' id='line_1_45' title="bbox 454 2969 2051 3045; baseline 0.003 -22"><span class='ocrx_word' id='word_1_358' title='bbox 454 2972 655 3025; x_wconf 85' lang='lat' dir='ltr'><strong>monita</strong></span> <span class='ocrx_word' id='word_1_359' title='bbox 685 2969 872 3025; x_wconf 83' lang='lat' dir='ltr'><strong>audire</strong></span> <span class='ocrx_word' id='word_1_360' title='bbox 897 2969 1053 3042; x_wconf 84' lang='lat' dir='ltr'><strong>(Lib.</strong></span> <span class='ocrx_word' id='word_1_361' title='bbox 1085 2985 1103 3026; x_wconf 88' lang='grc' dir='ltr'><strong>ι</strong></span> <span class='ocrx_word' id='word_1_362' title='bbox 1136 2970 1200 3026; x_wconf 85' lang='lat' dir='ltr'><strong>dc</strong></span> <span class='ocrx_word' id='word_1_363' title='bbox 1228 2969 1413 3027; x_wconf 65' lang='lat' dir='ltr'><strong>(Jones.</strong></span> <span class='ocrx_word' id='word_1_364' title='bbox 1436 2981 1615 3045; x_wconf 81' lang='lat' dir='ltr'><strong>contra</strong></span> <span class='ocrx_word' id='word_1_365' title='bbox 1665 2970 1895 3026; x_wconf 78' lang='lat' dir='ltr'><strong>Mam&#39;clt.</strong></span> <span class='ocrx_word' id='word_1_366' title='bbox 1931 2988 2051 3042; x_wconf 81' lang='lat' dir='ltr'><strong>cap.</strong></span> 
     </span>
    </p>
   </div>
   <div class='ocr_carea' id='block_1_46' title="bbox 460 3061 2052 3135">
    <p class='ocr_par' dir='ltr' id='par_1_46' title="bbox 460 3061 2052 3135">
     <span class='ocr_line' id='line_1_46' title="bbox 460 3061 2052 3135; baseline 0.002 -19"><span class='ocrx_word' id='word_1_367' title='bbox 460 3061 522 3118; x_wconf 77' lang='lat'><strong>18</strong></span> <span class='ocrx_word' id='word_1_368' title='bbox 544 3104 559 3128; x_wconf 92' lang='lat'><strong>,</strong></span> <span class='ocrx_word' id='word_1_369' title='bbox 590 3062 723 3117; x_wconf 82' lang='lat' dir='ltr'><strong>alios</strong></span> <span class='ocrx_word' id='word_1_370' title='bbox 770 3079 824 3118; x_wconf 80' lang='lat' dir='ltr'><strong>rt.</strong></span> <span class='ocrx_word' id='word_1_371' title='bbox 854 3063 948 3135; x_wconf 72' lang='lat'><strong>29)</strong></span> <span class='ocrx_word' id='word_1_372' title='bbox 984 3079 999 3117; x_wconf 88' lang='lat'>:</span> <span class='ocrx_word' id='word_1_373' title='bbox 1033 3083 1050 3117; x_wconf 87' lang='grc' dir='ltr'><strong>ι</strong></span> <span class='ocrx_word' id='word_1_374' title='bbox 1091 3062 1394 3135; x_wconf 77' lang='lat' dir='ltr'><strong>Aliquando</strong></span> <span class='ocrx_word' id='word_1_375' title='bbox 1438 3065 1598 3120; x_wconf 87' lang='lat' dir='ltr'><strong>etiam</strong></span> <span class='ocrx_word' id='word_1_376' title='bbox 1641 3061 2052 3120; x_wconf 71' lang='lat' dir='ltr'><strong>solentdicere</strong></span> 
     </span>
    </p>
   </div>
   <div class='ocr_carea' id='block_1_47' title="bbox 454 3154 2048 3231">
    <p class='ocr_par' dir='ltr' id='par_1_47' title="bbox 454 3154 2048 3231">
     <span class='ocr_line' id='line_1_47' title="bbox 454 3154 2048 3231; baseline -0.001 -20"><span class='ocrx_word' id='word_1_377' title='bbox 454 3154 782 3229; x_wconf 72' lang='lat' dir='ltr'><strong>(Maniclnei)</strong></span> <span class='ocrx_word' id='word_1_378' title='bbox 816 3176 830 3213; x_wconf 89' lang='lat'><strong>:</strong></span> <span class='ocrx_word' id='word_1_379' title='bbox 862 3158 1137 3231; x_wconf 85' lang='lat' dir='ltr'><strong>quomodo</strong></span> <span class='ocrx_word' id='word_1_380' title='bbox 1156 3158 1550 3226; x_wconf 82' lang='lat' dir='ltr'><strong>accepithonio</strong></span> <span class='ocrx_word' id='word_1_381' title='bbox 1581 3165 1904 3229; x_wconf 80' lang='lat' dir='ltr'><strong>potestatem</strong></span> <span class='ocrx_word' id='word_1_382' title='bbox 1940 3158 2048 3226; x_wconf 65' lang='lat' dir='ltr'><strong>piso</strong></span> 
     </span>
    </p>
   </div>
   <div class='ocr_carea' id='block_1_48' title="bbox 2227 1921 3754 2001">
    <p class='ocr_par' dir='ltr' id='par_1_48' title="bbox 2227 1921 3754 2001">
     <span class='ocr_line' id='line_1_48' title="bbox 2227 1921 3754 2001; baseline 0.005 -18"><span class='ocrx_word' id='word_1_383' title='bbox 2227 1922 2318 1983; x_wconf 74' lang='grc'><strong>54.</strong></span> <span class='ocrx_word' id='word_1_384' title='bbox 2347 1926 2685 2000; x_wconf 82' lang='lat' dir='ltr'><strong>Quamquam</strong></span> <span class='ocrx_word' id='word_1_385' title='bbox 2711 1946 2938 1988; x_wconf 65' lang='lat' dir='ltr'><strong>necesse</strong></span> <span class='ocrx_word' id='word_1_386' title='bbox 2978 1948 3085 1987; x_wconf 90' lang='lat' dir='ltr'><strong>non</strong></span> <span class='ocrx_word' id='word_1_387' title='bbox 3112 1944 3215 2001; x_wconf 83' lang='lat' dir='ltr'><strong>est,</strong></span> <span class='ocrx_word' id='word_1_388' title='bbox 3249 1942 3305 1987; x_wconf 91' lang='lat' dir='ltr'><strong>ut</strong></span> <span class='ocrx_word' id='word_1_389' title='bbox 3329 1933 3397 1991; x_wconf 87' lang='lat' dir='ltr'><strong>ad</strong></span> <span class='ocrx_word' id='word_1_390' title='bbox 3424 1921 3754 1991; x_wconf 78' lang='lat' dir='ltr'><strong>solutionem</strong></span> 
     </span>
    </p>
   </div>
   <div class='ocr_carea' id='block_1_49' title="bbox 2156 2020 3759 2100">
    <p class='ocr_par' dir='ltr' id='par_1_49' title="bbox 2156 2020 3759 2100">
     <span class='ocr_line' id='line_1_49' title="bbox 2156 2020 3759 2100; baseline 0.006 -26"><span class='ocrx_word' id='word_1_391' title='bbox 2156 2020 2321 2087; x_wconf 87' lang='lat' dir='ltr'><strong>hanc,</strong></span> <span class='ocrx_word' id='word_1_392' title='bbox 2348 2036 2470 2091; x_wconf 71' lang='lat' dir='ltr'><strong>qua:</strong></span> <span class='ocrx_word' id='word_1_393' title='bbox 2493 2025 2789 2096; x_wconf 71' lang='lat' dir='ltr'><strong>caeteroqni</strong></span> <span class='ocrx_word' id='word_1_394' title='bbox 2819 2025 2973 2081; x_wconf 85' lang='lat' dir='ltr'><strong>valde</strong></span> <span class='ocrx_word' id='word_1_395' title='bbox 3001 2026 3294 2099; x_wconf 74' lang='lat' dir='ltr'><strong>probabilis</strong></span> <span class='ocrx_word' id='word_1_396' title='bbox 3338 2038 3444 2093; x_wconf 88' lang='lat' dir='ltr'><strong>est,</strong></span> <span class='ocrx_word' id='word_1_397' title='bbox 3478 2029 3759 2100; x_wconf 79' lang='lat' dir='ltr'><strong>confugiu-</strong></span> 
     </span>
    </p>
   </div>
   <div class='ocr_carea' id='block_1_50' title="bbox 2157 2113 3753 2191">
    <p class='ocr_par' dir='ltr' id='par_1_50' title="bbox 2157 2113 3753 2191">
     <span class='ocr_line' id='line_1_50' title="bbox 2157 2113 3753 2191; baseline 0.007 -25"><span class='ocrx_word' id='word_1_398' title='bbox 2157 2127 2298 2169; x_wconf 86' lang='lat' dir='ltr'><strong>mus.</strong></span> <span class='ocrx_word' id='word_1_399' title='bbox 2357 2113 2428 2170; x_wconf 78' lang='lat' dir='ltr'><strong>Ea</strong></span> <span class='ocrx_word' id='word_1_400' title='bbox 2485 2121 2724 2188; x_wconf 84' lang='lat' dir='ltr'><strong>quippe,</strong></span> <span class='ocrx_word' id='word_1_401' title='bbox 2775 2134 2898 2189; x_wconf 70' lang='lat' dir='ltr'><strong>quae</strong></span> <span class='ocrx_word' id='word_1_402' title='bbox 2960 2116 3163 2174; x_wconf 80' lang='lat' dir='ltr'><strong>homini</strong></span> <span class='ocrx_word' id='word_1_403' title='bbox 3218 2118 3429 2176; x_wconf 77' lang='lat' dir='ltr'><strong>inutilia</strong></span> <span class='ocrx_word' id='word_1_404' title='bbox 3478 2123 3753 2191; x_wconf 75' lang='lat' dir='ltr'><strong>dixerunt,</strong></span> 
     </span>
    </p>
   </div>
   <div class='ocr_carea' id='block_1_51' title="bbox 2155 2203 3759 2287">
    <p class='ocr_par' dir='ltr' id='par_1_51' title="bbox 2155 2203 3759 2287">
     <span class='ocr_line' id='line_1_51' title="bbox 2155 2203 3759 2287; baseline 0.006 -26"><span class='ocrx_word' id='word_1_405' title='bbox 2155 2203 2438 2264; x_wconf 67' lang='lat' dir='ltr'><strong>utilissima</strong></span> <span class='ocrx_word' id='word_1_406' title='bbox 2508 2226 2631 2265; x_wconf 80' lang='lat' dir='ltr'><strong>esse</strong></span> <span class='ocrx_word' id='word_1_407' title='bbox 2684 2211 2969 2279; x_wconf 81' lang='lat' dir='ltr'><strong>novimus;</strong></span> <span class='ocrx_word' id='word_1_408' title='bbox 3022 2224 3206 2285; x_wconf 87' lang='lat' dir='ltr'><strong>atque.</strong></span> <span class='ocrx_word' id='word_1_409' title='bbox 3263 2224 3319 2270; x_wconf 89' lang='lat' dir='ltr'><strong>ut</strong></span> <span class='ocrx_word' id='word_1_410' title='bbox 3372 2218 3759 2287; x_wconf 66' lang='lat' dir='ltr'><strong>pra—terentium</strong></span> 
     </span>
    </p>
   </div>
   <div class='ocr_carea' id='block_1_52' title="bbox 2158 2298 3760 2379">
    <p class='ocr_par' dir='ltr' id='par_1_52' title="bbox 2158 2298 3760 2379">
     <span class='ocr_line' id='line_1_52' title="bbox 2158 2298 3760 2379; baseline 0.005 -23"><span class='ocrx_word' id='word_1_411' title='bbox 2158 2298 2439 2356; x_wconf 71' lang='lat' dir='ltr'><strong>utilissima</strong></span> <span class='ocrx_word' id='word_1_412' title='bbox 2491 2302 2780 2372; x_wconf 87' lang='lat' dir='ltr'><strong>declarari,</strong></span> <span class='ocrx_word' id='word_1_413' title='bbox 2833 2317 3104 2377; x_wconf 83' lang='lat' dir='ltr'><strong>quatenus</strong></span> <span class='ocrx_word' id='word_1_414' title='bbox 3151 2306 3219 2362; x_wconf 82' lang='lat' dir='ltr'><strong>iis</strong></span> <span class='ocrx_word' id='word_1_415' title='bbox 3268 2306 3560 2379; x_wconf 82' lang='lat' dir='ltr'><strong>aliquando</strong></span> <span class='ocrx_word' id='word_1_416' title='bbox 3590 2309 3760 2364; x_wconf 83' lang='lat' dir='ltr'><strong>utitur</strong></span> 
     </span>
    </p>
   </div>
   <div class='ocr_carea' id='block_1_53' title="bbox 2162 2393 3753 2465">
    <p class='ocr_par' dir='ltr' id='par_1_53' title="bbox 2162 2393 3753 2465">
     <span class='ocr_line' id='line_1_53' title="bbox 2162 2393 3753 2465; baseline 0.006 -19"><span class='ocrx_word' id='word_1_417' title='bbox 2162 2393 2319 2462; x_wconf 82' lang='lat' dir='ltr'><strong>lteus,</strong></span> <span class='ocrx_word' id='word_1_418' title='bbox 2357 2402 2415 2449; x_wconf 91' lang='lat' dir='ltr'><strong>ut</strong></span> <span class='ocrx_word' id='word_1_419' title='bbox 2442 2396 2893 2465; x_wconf 85' lang='lat' dir='ltr'><strong>otnuipotentiam</strong></span> <span class='ocrx_word' id='word_1_420' title='bbox 2926 2412 3101 2463; x_wconf 85' lang='lat' dir='ltr'><strong>suam,</strong></span> <span class='ocrx_word' id='word_1_421' title='bbox 3132 2415 3195 2454; x_wconf 85' lang='lat' dir='ltr'><strong>ac</strong></span> <span class='ocrx_word' id='word_1_422' title='bbox 3226 2401 3504 2459; x_wconf 83' lang='lat' dir='ltr'><strong>robustam</strong></span> <span class='ocrx_word' id='word_1_423' title='bbox 3531 2416 3753 2457; x_wconf 83' lang='lat' dir='ltr'><strong>manum</strong></span> 
     </span>
    </p>
   </div>
   <div class='ocr_carea' id='block_1_54' title="bbox 2157 2489 3759 2564">
    <p class='ocr_par' dir='ltr' id='par_1_54' title="bbox 2157 2489 3759 2564">
     <span class='ocr_line' id='line_1_54' title="bbox 2157 2489 3759 2564; baseline 0.006 -27"><span class='ocrx_word' id='word_1_424' title='bbox 2157 2489 2438 2557; x_wconf 66' lang='lat' dir='ltr'><strong>intendat;</strong></span> <span class='ocrx_word' id='word_1_425' title='bbox 2466 2504 2569 2562; x_wconf 86' lang='lat' dir='ltr'><strong>qua</strong></span> <span class='ocrx_word' id='word_1_426' title='bbox 2599 2490 2668 2546; x_wconf 89' lang='lat' dir='ltr'><strong>de</strong></span> <span class='ocrx_word' id='word_1_427' title='bbox 2695 2505 2753 2546; x_wconf 89' lang='lat' dir='ltr'><strong>re</strong></span> <span class='ocrx_word' id='word_1_428' title='bbox 2784 2494 3008 2547; x_wconf 80' lang='lat' dir='ltr'><strong>consule</strong></span> <span class='ocrx_word' id='word_1_429' title='bbox 3037 2508 3160 2562; x_wconf 75' lang='lat' dir='ltr'><strong>qua:</strong></span> <span class='ocrx_word' id='word_1_430' title='bbox 3197 2491 3333 2549; x_wconf 88' lang='lat' dir='ltr'><strong>liher</strong></span> <span class='ocrx_word' id='word_1_431' title='bbox 3357 2494 3527 2550; x_wconf 75' lang='lat' dir='ltr'><strong>Exodi</strong></span> <span class='ocrx_word' id='word_1_432' title='bbox 3575 2496 3759 2564; x_wconf 80' lang='lat' dir='ltr'><strong>cupio-</strong></span> 
     </span>
    </p>
   </div>
   <div class='ocr_carea' id='block_1_55' title="bbox 2156 2580 3757 2657">
    <p class='ocr_par' dir='ltr' id='par_1_55' title="bbox 2156 2580 3757 2657">
     <span class='ocr_line' id='line_1_55' title="bbox 2156 2580 3757 2657; baseline 0.008 -23"><span class='ocrx_word' id='word_1_433' title='bbox 2156 2580 2371 2639; x_wconf 66' lang='lat' dir='ltr'><strong>sis.~ime</strong></span> <span class='ocrx_word' id='word_1_434' title='bbox 2416 2582 2575 2641; x_wconf 87' lang='lat' dir='ltr'><strong>docet</strong></span> <span class='ocrx_word' id='word_1_435' title='bbox 2613 2583 2812 2657; x_wconf 72' lang='lat' dir='ltr'><strong>(Exod.</strong></span> <span class='ocrx_word' id='word_1_436' title='bbox 2846 2602 2961 2653; x_wconf 89' lang='lat' dir='ltr'><strong>vtu.</strong></span> <span class='ocrx_word' id='word_1_437' title='bbox 2994 2586 3080 2649; x_wconf 79' lang='lat' dir='ltr'><strong>I7.</strong></span> <span class='ocrx_word' id='word_1_438' title='bbox 3110 2599 3242 2655; x_wconf 88' lang='lat' dir='ltr'><strong>etc.,</strong></span> <span class='ocrx_word' id='word_1_439' title='bbox 3271 2589 3361 2653; x_wconf 70' lang='lat' dir='ltr'><strong>2t.</strong></span> <span class='ocrx_word' id='word_1_440' title='bbox 3392 2592 3529 2655; x_wconf 66' lang='lat' dir='ltr'><strong>etc.)</strong></span> <span class='ocrx_word' id='word_1_441' title='bbox 3555 2611 3569 2647; x_wconf 77' lang='lat'><em>;</em></span> <span class='ocrx_word' id='word_1_442' title='bbox 3597 2603 3655 2647; x_wconf 92' lang='lat' dir='ltr'><strong>ut</strong></span> <span class='ocrx_word' id='word_1_443' title='bbox 3680 2590 3757 2657; x_wconf 90' lang='lat' dir='ltr'><strong>id,</strong></span> 
     </span>
    </p>
   </div>
   <div class='ocr_carea' id='block_1_56' title="bbox 2155 2677 3759 2752">
    <p class='ocr_par' dir='ltr' id='par_1_56' title="bbox 2155 2677 3759 2752">
     <span class='ocr_line' id='line_1_56' title="bbox 2155 2677 3759 2752; baseline 0.006 -21"><span class='ocrx_word' id='word_1_444' title='bbox 2155 2677 2390 2749; x_wconf 80' lang='lat' dir='ltr'><strong>inquam,</strong></span> <span class='ocrx_word' id='word_1_445' title='bbox 2437 2690 2847 2752; x_wconf 79' lang='lat' dir='ltr'><strong>pra-tereamus,</strong></span> <span class='ocrx_word' id='word_1_446' title='bbox 2880 2698 2948 2739; x_wconf 88' lang='lat' dir='ltr'><strong>an</strong></span> <span class='ocrx_word' id='word_1_447' title='bbox 3000 2701 3106 2741; x_wconf 90' lang='lat' dir='ltr'><strong>non</strong></span> <span class='ocrx_word' id='word_1_448' title='bbox 3137 2685 3500 2743; x_wconf 62' lang='lat' dir='ltr'><strong>minutissima</strong></span> <span class='ocrx_word' id='word_1_449' title='bbox 3549 2688 3759 2743; x_wconf 66' lang='lat' dir='ltr'><strong>insueta</strong></span> 
     </span>
    </p>
   </div>
   <div class='ocr_carea' id='block_1_57' title="bbox 2157 2772 3759 2850">
    <p class='ocr_par' dir='ltr' id='par_1_57' title="bbox 2157 2772 3759 2850">
     <span class='ocr_line' id='line_1_57' title="bbox 2157 2772 3759 2850; baseline 0.005 -25"><span class='ocrx_word' id='word_1_450' title='bbox 2157 2772 2361 2829; x_wconf 78' lang='lat' dir='ltr'><strong>homini</strong></span> <span class='ocrx_word' id='word_1_451' title='bbox 2427 2777 2713 2831; x_wconf 84' lang='lat' dir='ltr'><strong>utilissima</strong></span> <span class='ocrx_word' id='word_1_452' title='bbox 2763 2788 2925 2849; x_wconf 82' lang='lat' dir='ltr'><strong>sunt,</strong></span> <span class='ocrx_word' id='word_1_453' title='bbox 2976 2780 3420 2850; x_wconf 74' lang='lat' dir='ltr'><strong>quandoquidem</strong></span> <span class='ocrx_word' id='word_1_454' title='bbox 3468 2797 3655 2837; x_wconf 82' lang='lat' dir='ltr'><strong>corum</strong></span> <span class='ocrx_word' id='word_1_455' title='bbox 3703 2788 3759 2835; x_wconf 81' lang='lat' dir='ltr'><strong>et</strong></span> 
     </span>
    </p>
   </div>
   <div class='ocr_carea' id='block_1_58' title="bbox 2158 2866 3756 2942">
    <p class='ocr_par' dir='ltr' id='par_1_58' title="bbox 2158 2866 3756 2942">
     <span class='ocr_line' id='line_1_58' title="bbox 2158 2866 3756 2942; baseline 0.005 -22"><span class='ocrx_word' id='word_1_456' title='bbox 2158 2866 2523 2933; x_wconf 87' lang='lat' dir='ltr'><strong>multitudine,</strong></span> <span class='ocrx_word' id='word_1_457' title='bbox 2557 2881 2611 2926; x_wconf 85' lang='lat' dir='ltr'><strong>et</strong></span> <span class='ocrx_word' id='word_1_458' title='bbox 2637 2886 2861 2942; x_wconf 79' lang='lat' dir='ltr'><strong>genere,</strong></span> <span class='ocrx_word' id='word_1_459' title='bbox 2893 2888 2956 2927; x_wconf 88' lang='lat' dir='ltr'><strong>ac</strong></span> <span class='ocrx_word' id='word_1_460' title='bbox 2987 2871 3251 2930; x_wconf 83' lang='lat' dir='ltr'><strong>varietate</strong></span> <span class='ocrx_word' id='word_1_461' title='bbox 3293 2872 3514 2927; x_wconf 81' lang='lat' dir='ltr'><strong>Divinos</strong></span> <span class='ocrx_word' id='word_1_462' title='bbox 3558 2873 3756 2929; x_wconf 78' lang='lat' dir='ltr'><strong>artifex</strong></span> 
     </span>
    </p>
   </div>
   <div class='ocr_carea' id='block_1_59' title="bbox 2156 2961 3763 3037">
    <p class='ocr_par' dir='ltr' id='par_1_59' title="bbox 2156 2961 3763 3037">
     <span class='ocr_line' id='line_1_59' title="bbox 2156 2961 3763 3037; baseline 0.004 -22"><span class='ocrx_word' id='word_1_463' title='bbox 2156 2974 2218 3016; x_wconf 86' lang='lat' dir='ltr'><strong>se</strong></span> <span class='ocrx_word' id='word_1_464' title='bbox 2266 2975 2326 3016; x_wconf 88' lang='lat' dir='ltr'><strong>se</strong></span> <span class='ocrx_word' id='word_1_465' title='bbox 2381 2962 2595 3031; x_wconf 80' lang='lat' dir='ltr'><strong>prodit?</strong></span> <span class='ocrx_word' id='word_1_466' title='bbox 2643 2961 2702 3018; x_wconf 67' lang='lat' dir='ltr'><strong>Si</strong></span> <span class='ocrx_word' id='word_1_467' title='bbox 2731 2964 2853 3035; x_wconf 82' lang='lat' dir='ltr'><strong>quis</strong></span> <span class='ocrx_word' id='word_1_468' title='bbox 2877 2963 2948 3022; x_wconf 85' lang='lat' dir='ltr'><strong>ad</strong></span> <span class='ocrx_word' id='word_1_469' title='bbox 2978 2980 3039 3022; x_wconf 89' lang='lat' dir='ltr'><strong>ea</strong></span> <span class='ocrx_word' id='word_1_470' title='bbox 3069 2981 3190 3037; x_wconf 76' lang='lat' dir='ltr'><strong>qua:</strong></span> <span class='ocrx_word' id='word_1_471' title='bbox 3220 2966 3509 3023; x_wconf 69' lang='lat' dir='ltr'><strong>clarissimi</strong></span> <span class='ocrx_word' id='word_1_472' title='bbox 3562 2964 3763 3022; x_wconf 79' lang='lat' dir='ltr'><strong>ltedius</strong></span> 
     </span>
    </p>
   </div>
   <div class='ocr_carea' id='block_1_60' title="bbox 2160 3050 3763 3128">
    <p class='ocr_par' dir='ltr' id='par_1_60' title="bbox 2160 3050 3763 3128">
     <span class='ocr_line' id='line_1_60' title="bbox 2160 3050 3763 3128; baseline 0.003 -21"><span class='ocrx_word' id='word_1_473' title='bbox 2160 3050 2280 3125; x_wconf 84' lang='lat' dir='ltr'><strong>(De&#39;</strong></span> <span class='ocrx_word' id='word_1_474' title='bbox 2315 3050 2515 3110; x_wconf 74' lang='lat' dir='ltr'><strong>Viventi</strong></span> <span class='ocrx_word' id='word_1_475' title='bbox 2543 3055 2623 3113; x_wconf 80' lang='lat' dir='ltr'><strong>ns’</strong></span> <span class='ocrx_word' id='word_1_476' title='bbox 2678 3057 2912 3128; x_wconf 77' lang='lat' dir='ltr'><strong>viventi),</strong></span> <span class='ocrx_word' id='word_1_477' title='bbox 2940 3072 3005 3112; x_wconf 83' lang='lat' dir='ltr'><strong>nc</strong></span> <span class='ocrx_word' id='word_1_478' title='bbox 3052 3055 3404 3123; x_wconf 84' lang='lat' dir='ltr'><strong>Valisnerius,</strong></span> <span class='ocrx_word' id='word_1_479' title='bbox 3428 3066 3485 3113; x_wconf 86' lang='lat' dir='ltr'><strong>et</strong></span> <span class='ocrx_word' id='word_1_480' title='bbox 3503 3056 3763 3124; x_wconf 83' lang='lat' dir='ltr'><strong>deinceps</strong></span> 
     </span>
    </p>
   </div>
   <div class='ocr_carea' id='block_1_61' title="bbox 2158 3149 3762 3219">
    <p class='ocr_par' dir='ltr' id='par_1_61' title="bbox 2158 3149 3762 3219">
     <span class='ocr_line' id='line_1_61' title="bbox 2158 3149 3762 3219; baseline 0.002 -16"><span class='ocrx_word' id='word_1_481' title='bbox 2158 3150 2323 3205; x_wconf 86' lang='lat' dir='ltr'><strong>multo</strong></span> <span class='ocrx_word' id='word_1_482' title='bbox 2356 3150 2630 3219; x_wconf 77' lang='lat' dir='ltr'><strong>copiosius</strong></span> <span class='ocrx_word' id='word_1_483' title='bbox 2655 3149 3015 3207; x_wconf 76' lang='lat' dir='ltr'><strong>lieaumnrius</strong></span> <span class='ocrx_word' id='word_1_484' title='bbox 3060 3151 3124 3206; x_wconf 79' lang='lat' dir='ltr'><strong>de</strong></span> <span class='ocrx_word' id='word_1_485' title='bbox 3154 3151 3358 3207; x_wconf 74' lang='lat' dir='ltr'><strong>insectis</strong></span> <span class='ocrx_word' id='word_1_486' title='bbox 3402 3151 3606 3217; x_wconf 88' lang='lat' dir='ltr'><strong>docuit,</strong></span> <span class='ocrx_word' id='word_1_487' title='bbox 3638 3149 3762 3206; x_wconf 86' lang='lat' dir='ltr'><strong>ani-</strong></span> 
     </span>
    </p>
   </div>
   <div class='ocr_carea' id='block_1_62' title="bbox 453 3241 2216 3323">
    <p class='ocr_par' dir='ltr' id='par_1_62' title="bbox 453 3241 2210 3323">
     <span class='ocr_line' id='line_1_62' title="bbox 453 3241 2210 3323; baseline 0.001 -20"><span class='ocrx_word' id='word_1_488' title='bbox 453 3253 594 3307; x_wconf 78' lang='lat' dir='ltr'><strong>citnn</strong></span> <span class='ocrx_word' id='word_1_489' title='bbox 624 3252 812 3320; x_wconf 75' lang='lat' dir='ltr'><strong>maris,</strong></span> <span class='ocrx_word' id='word_1_490' title='bbox 835 3264 890 3309; x_wconf 91' lang='lat' dir='ltr'><strong>et</strong></span> <span class='ocrx_word' id='word_1_491' title='bbox 919 3252 1213 3309; x_wconf 86' lang='lat' dir='ltr'><strong>volatillum</strong></span> <span class='ocrx_word' id='word_1_492' title='bbox 1244 3252 1391 3321; x_wconf 63' lang='lat' dir='ltr'><strong>caeli,</strong></span> <span class='ocrx_word' id='word_1_493' title='bbox 1418 3263 1473 3308; x_wconf 90' lang='lat' dir='ltr'><strong>ct</strong></span> <span class='ocrx_word' id='word_1_494' title='bbox 1502 3254 1740 3309; x_wconf 90' lang='lat' dir='ltr'><strong>omnium</strong></span> <span class='ocrx_word' id='word_1_495' title='bbox 1771 3268 2047 3323; x_wconf 78' lang='lat' dir='ltr'><strong>pecorum,</strong></span> <span class='ocrx_word' id='word_1_496' title='bbox 2079 3241 2123 3304; x_wconf 92' lang='lat' dir='ltr'><strong>C</strong></span> <span class='ocrx_word' id='word_1_497' title='bbox 2158 3256 2210 3296; x_wconf 77' lang='grc' dir='ltr'>ιη</span> 
     </span>
    </p>
   </div>
   <div class='ocr_carea' id='block_1_63' title="bbox 1998 3241 3761 3323">
    <p class='ocr_par' dir='ltr' id='par_1_63' title="bbox 1998 3241 3761 3315">
     <span class='ocr_line' id='line_1_63' title="bbox 1998 3241 3761 3315; baseline 0.003 -20"><span class='ocrx_word' id='word_1_498' title='bbox 1998 3271 2047 3315; x_wconf 69' lang='grc' dir='ltr'><strong>ιι,</strong></span> <span class='ocrx_word' id='word_1_499' title='bbox 2079 3241 2123 3304; x_wconf 93' lang='lat' dir='ltr'><strong>C</strong></span> <span class='ocrx_word' id='word_1_500' title='bbox 2158 3256 2304 3296; x_wconf 89' lang='lat' dir='ltr'><strong>mum</strong></span> <span class='ocrx_word' id='word_1_501' title='bbox 2332 3243 2646 3309; x_wconf 88' lang='lat' dir='ltr'><strong>attenderit,</strong></span> <span class='ocrx_word' id='word_1_502' title='bbox 2679 3244 2968 3301; x_wconf 78' lang='lat' dir='ltr'><strong>manifesto</strong></span> <span class='ocrx_word' id='word_1_503' title='bbox 3011 3248 3333 3315; x_wconf 63' lang='lat' dir='ltr'><strong>conspiciat,</strong></span> <span class='ocrx_word' id='word_1_504' title='bbox 3379 3245 3665 3301; x_wconf 86' lang='lat' dir='ltr'><strong>utilissima</strong></span> <span class='ocrx_word' id='word_1_505' title='bbox 3697 3260 3761 3300; x_wconf 89' lang='lat' dir='ltr'><strong>ea</strong></span> 
     </span>
    </p>
   </div>
   <div class='ocr_carea' id='block_1_64' title="bbox 454 3344 2054 3413">
    <p class='ocr_par' dir='ltr' id='par_1_64' title="bbox 454 3344 2054 3413">
     <span class='ocr_line' id='line_1_64' title="bbox 454 3344 2054 3413; baseline 0.001 -13"><span class='ocrx_word' id='word_1_506' title='bbox 454 3350 509 3400; x_wconf 83' lang='lat' dir='ltr'><strong>ct</strong></span> <span class='ocrx_word' id='word_1_507' title='bbox 536 3344 807 3413; x_wconf 76' lang='lat' dir='ltr'><strong>terarum,</strong></span> <span class='ocrx_word' id='word_1_508' title='bbox 838 3361 959 3401; x_wconf 88' lang='lat' dir='ltr'><strong>cunt</strong></span> <span class='ocrx_word' id='word_1_509' title='bbox 1006 3345 1287 3402; x_wconf 78' lang='lat' dir='ltr'><strong>videmnus</strong></span> <span class='ocrx_word' id='word_1_510' title='bbox 1335 3363 1364 3400; x_wconf 88' lang='lat' dir='ltr'><strong>a</strong></span> <span class='ocrx_word' id='word_1_511' title='bbox 1422 3347 1606 3403; x_wconf 82' lang='lat' dir='ltr'><strong>multis</strong></span> <span class='ocrx_word' id='word_1_512' title='bbox 1630 3346 1760 3404; x_wconf 80' lang='lat' dir='ltr'><strong>feris</strong></span> <span class='ocrx_word' id='word_1_513' title='bbox 1804 3345 2054 3401; x_wconf 86' lang='lat' dir='ltr'><strong>homines</strong></span> 
     </span>
    </p>
   </div>
   <div class='ocr_carea' id='block_1_65' title="bbox 452 3441 2054 3514">
    <p class='ocr_par' dir='ltr' id='par_1_65' title="bbox 452 3441 2054 3514">
     <span class='ocr_line' id='line_1_65' title="bbox 452 3441 2054 3514; baseline 0.002 -18"><span class='ocrx_word' id='word_1_514' title='bbox 452 3441 666 3510; x_wconf 85' lang='lat' dir='ltr'><strong>occidi,</strong></span> <span class='ocrx_word' id='word_1_515' title='bbox 693 3452 747 3499; x_wconf 87' lang='lat' dir='ltr'><strong>et</strong></span> <span class='ocrx_word' id='word_1_516' title='bbox 775 3458 805 3496; x_wconf 87' lang='lat' dir='ltr'><strong>a</strong></span> <span class='ocrx_word' id='word_1_517' title='bbox 833 3444 1018 3498; x_wconf 87' lang='lat' dir='ltr'><strong>multis</strong></span> <span class='ocrx_word' id='word_1_518' title='bbox 1044 3443 1353 3500; x_wconf 78' lang='lat' dir='ltr'><strong>t&#39;nlatilibus</strong></span> <span class='ocrx_word' id='word_1_519' title='bbox 1377 3442 1538 3500; x_wconf 85' lang='lat' dir='ltr'><strong>nobis</strong></span> <span class='ocrx_word' id='word_1_520' title='bbox 1568 3443 1781 3512; x_wconf 87' lang='lat' dir='ltr'><strong>noceri,</strong></span> <span class='ocrx_word' id='word_1_521' title='bbox 1812 3458 1935 3514; x_wconf 66' lang='lat' dir='ltr'><strong>quae</strong></span> <span class='ocrx_word' id='word_1_522' title='bbox 1959 3458 2054 3499; x_wconf 80' lang='grc' dir='ltr'><strong>νο·-</strong></span> 
     </span>
    </p>
   </div>
   <div class='ocr_carea' id='block_1_66' title="bbox 455 3534 2051 3615">
    <p class='ocr_par' dir='ltr' id='par_1_66' title="bbox 455 3534 2051 3615">
     <span class='ocr_line' id='line_1_66' title="bbox 455 3534 2051 3615; baseline 0.001 -27"><span class='ocrx_word' id='word_1_523' title='bbox 455 3535 630 3591; x_wconf 87' lang='lat' dir='ltr'><strong>Iunius</strong></span> <span class='ocrx_word' id='word_1_524' title='bbox 650 3534 735 3591; x_wconf 81' lang='lat' dir='ltr'><strong>vel</strong></span> <span class='ocrx_word' id='word_1_525' title='bbox 767 3535 959 3601; x_wconf 83' lang='lat' dir='ltr'><strong>vitare,</strong></span> <span class='ocrx_word' id='word_1_526' title='bbox 992 3535 1081 3592; x_wconf 82' lang='lat' dir='ltr'><strong>vel</strong></span> <span class='ocrx_word' id='word_1_527' title='bbox 1105 3544 1403 3615; x_wconf 72' lang='lat' dir='ltr'><strong>capet&#39;c._et</strong></span> <span class='ocrx_word' id='word_1_528' title='bbox 1430 3536 1748 3608; x_wconf 82' lang='lat' dir='ltr'><strong>plerumque</strong></span> <span class='ocrx_word' id='word_1_529' title='bbox 1776 3551 1883 3590; x_wconf 90' lang='lat' dir='ltr'><strong>non</strong></span> <span class='ocrx_word' id='word_1_530' title='bbox 1924 3551 2051 3607; x_wconf 82' lang='lat' dir='ltr'><strong>pus-</strong></span> 
     </span>
    </p>
   </div>
   <div class='ocr_carea' id='block_1_67' title="bbox 350 3626 2051 3699">
    <p class='ocr_par' dir='ltr' id='par_1_67' title="bbox 350 3626 2051 3699">
     <span class='ocr_line' id='line_1_67' title="bbox 350 3626 2051 3699; baseline 0.001 -18"><span class='ocrx_word' id='word_1_531' title='bbox 350 3684 355 3689; x_wconf 37' lang='lat'><strong>,</strong></span> <span class='ocrx_word' id='word_1_532' title='bbox 452 3627 679 3683; x_wconf 73' lang='lat' dir='ltr'><strong>sumus?</strong></span> <span class='ocrx_word' id='word_1_533' title='bbox 705 3626 990 3695; x_wconf 81' lang='lat' dir='ltr'><strong>Quomodo</strong></span> <span class='ocrx_word' id='word_1_534' title='bbox 1032 3644 1164 3699; x_wconf 79' lang='lat' dir='ltr'><strong>ergo</strong></span> <span class='ocrx_word' id='word_1_535' title='bbox 1215 3631 1266 3684; x_wconf 91' lang='lat' dir='ltr'><strong>in</strong></span> <span class='ocrx_word' id='word_1_536' title='bbox 1316 3629 1430 3686; x_wconf 68' lang='lat' dir='ltr'><strong>haec</strong></span> <span class='ocrx_word' id='word_1_537' title='bbox 1460 3629 1769 3699; x_wconf 84' lang='lat' dir='ltr'><strong>accepimus</strong></span> <span class='ocrx_word' id='word_1_538' title='bbox 1813 3635 2051 3697; x_wconf 80' lang='lat' dir='ltr'><strong>potesta-</strong></span> 
     </span>
    </p>
   </div>
   <div class='ocr_carea' id='block_1_68' title="bbox 456 3721 2056 3793">
    <p class='ocr_par' dir='ltr' id='par_1_68' title="bbox 456 3721 2056 3793">
     <span class='ocr_line' id='line_1_68' title="bbox 456 3721 2056 3793; baseline 0.001 -17"><span class='ocrx_word' id='word_1_539' title='bbox 456 3723 603 3778; x_wconf 72' lang='lat' dir='ltr'><strong>tem?</strong></span> <span class='ocrx_word' id='word_1_540' title='bbox 643 3721 740 3779; x_wconf 73' lang='lat' dir='ltr'><strong>ilic</strong></span> <span class='ocrx_word' id='word_1_541' title='bbox 761 3722 867 3779; x_wconf 86' lang='lat' dir='ltr'><strong>illis</strong></span> <span class='ocrx_word' id='word_1_542' title='bbox 889 3723 1064 3784; x_wconf 82' lang='lat' dir='ltr'><strong>Dritnn</strong></span> <span class='ocrx_word' id='word_1_543' title='bbox 1093 3723 1380 3779; x_wconf 87' lang='lat' dir='ltr'><strong>dicendum</strong></span> <span class='ocrx_word' id='word_1_544' title='bbox 1412 3736 1517 3789; x_wconf 73' lang='lat' dir='ltr'><strong>est,</strong></span> <span class='ocrx_word' id='word_1_545' title='bbox 1539 3725 1679 3793; x_wconf 87' lang='lat' dir='ltr'><strong>quod</strong></span> <span class='ocrx_word' id='word_1_546' title='bbox 1709 3724 1934 3779; x_wconf 88' lang='lat' dir='ltr'><strong>multum</strong></span> <span class='ocrx_word' id='word_1_547' title='bbox 1965 3740 2056 3778; x_wconf 89' lang='lat' dir='ltr'><strong>er-</strong></span> 
     </span>
    </p>
   </div>
   <div class='ocr_carea' id='block_1_69' title="bbox 454 3818 2052 3887">
    <p class='ocr_par' dir='ltr' id='par_1_69' title="bbox 454 3818 2052 3887">
     <span class='ocr_line' id='line_1_69' title="bbox 454 3818 2052 3887; baseline 0 -16"><span class='ocrx_word' id='word_1_548' title='bbox 454 3826 576 3871; x_wconf 87' lang='lat' dir='ltr'><strong>rent</strong></span> <span class='ocrx_word' id='word_1_549' title='bbox 595 3856 614 3882; x_wconf 95' lang='lat'><strong>,</strong></span> <span class='ocrx_word' id='word_1_550' title='bbox 641 3831 733 3887; x_wconf 81' lang='lat' dir='ltr'><strong>qui</strong></span> <span class='ocrx_word' id='word_1_551' title='bbox 761 3828 881 3887; x_wconf 85' lang='lat' dir='ltr'><strong>post</strong></span> <span class='ocrx_word' id='word_1_552' title='bbox 906 3827 1186 3886; x_wconf 84' lang='lat' dir='ltr'><strong>peccatum</strong></span> <span class='ocrx_word' id='word_1_553' title='bbox 1214 3818 1564 3872; x_wconf 72' lang='lat' dir='ltr'><strong>considerent</strong></span> <span class='ocrx_word' id='word_1_554' title='bbox 1595 3818 1867 3874; x_wconf 89' lang='lat' dir='ltr'><strong>hominem</strong></span> <span class='ocrx_word' id='word_1_555' title='bbox 1886 3858 1903 3885; x_wconf 89' lang='lat'><strong>,</strong></span> <span class='ocrx_word' id='word_1_556' title='bbox 1927 3832 2052 3871; x_wconf 90' lang='lat' dir='ltr'><strong>eum</strong></span> 
     </span>
    </p>
   </div>
   <div class='ocr_carea' id='block_1_70' title="bbox 455 3906 2055 3978">
    <p class='ocr_par' dir='ltr' id='par_1_70' title="bbox 455 3906 2055 3978">
     <span class='ocr_line' id='line_1_70' title="bbox 455 3906 2055 3978; baseline 0.001 -14"><span class='ocrx_word' id='word_1_557' title='bbox 455 3908 508 3964; x_wconf 89' lang='lat' dir='ltr'><strong>in</strong></span> <span class='ocrx_word' id='word_1_558' title='bbox 530 3906 690 3978; x_wconf 82' lang='lat' dir='ltr'><strong>hujus</strong></span> <span class='ocrx_word' id='word_1_559' title='bbox 732 3907 857 3964; x_wconf 74' lang='lat' dir='ltr'><strong>vita:</strong></span> <span class='ocrx_word' id='word_1_560' title='bbox 882 3908 1264 3967; x_wconf 77' lang='lat' dir='ltr'><strong>mortalitatem</strong></span> <span class='ocrx_word' id='word_1_561' title='bbox 1296 3911 1587 3965; x_wconf 86' lang='lat' dir='ltr'><strong>damnatus</strong></span> <span class='ocrx_word' id='word_1_562' title='bbox 1606 3920 1691 3964; x_wconf 82' lang='lat' dir='ltr'><strong>est</strong></span> <span class='ocrx_word' id='word_1_563' title='bbox 1716 3951 1730 3976; x_wconf 87' lang='lat'><strong>,</strong></span> <span class='ocrx_word' id='word_1_564' title='bbox 1778 3918 1834 3966; x_wconf 88' lang='lat' dir='ltr'><strong>et</strong></span> <span class='ocrx_word' id='word_1_565' title='bbox 1871 3909 2055 3965; x_wconf 85' lang='lat' dir='ltr'><strong>:nnisit</strong></span> 
     </span>
    </p>
   </div>
   <div class='ocr_carea' id='block_1_71' title="bbox 457 3996 2051 4075">
    <p class='ocr_par' dir='ltr' id='par_1_71' title="bbox 457 3996 2051 4075">
     <span class='ocr_line' id='line_1_71' title="bbox 457 3996 2051 4075; baseline 0.001 -20"><span class='ocrx_word' id='word_1_566' title='bbox 457 3999 841 4072; x_wconf 76' lang='lat' dir='ltr'><strong>perfectionem</strong></span> <span class='ocrx_word' id='word_1_567' title='bbox 870 4001 1037 4068; x_wconf 77' lang='lat' dir='ltr'><strong>illam,</strong></span> <span class='ocrx_word' id='word_1_568' title='bbox 1065 4017 1170 4075; x_wconf 87' lang='lat' dir='ltr'><strong>qua</strong></span> <span class='ocrx_word' id='word_1_569' title='bbox 1201 3996 1377 4059; x_wconf 63' lang='lat' dir='ltr'><strong>{dctus</strong></span> <span class='ocrx_word' id='word_1_570' title='bbox 1405 4001 1580 4058; x_wconf 87' lang='lat' dir='ltr'><strong>estad</strong></span> <span class='ocrx_word' id='word_1_571' title='bbox 1613 4002 1903 4070; x_wconf 76' lang='lat' dir='ltr'><strong>imaginem</strong></span> <span class='ocrx_word' id='word_1_572' title='bbox 1933 4003 2051 4058; x_wconf 81' lang='lat' dir='ltr'><strong>Dei.</strong></span> 
     </span>
    </p>
   </div>
   <div class='ocr_carea' id='block_1_72' title="bbox 456 4093 2054 4169">
    <p class='ocr_par' dir='ltr' id='par_1_72' title="bbox 456 4093 2054 4169">
     <span class='ocr_line' id='line_1_72' title="bbox 456 4093 2054 4169; baseline 0 -15"><span class='ocrx_word' id='word_1_573' title='bbox 456 4096 564 4154; x_wconf 83' lang='lat' dir='ltr'><strong>Sed</strong></span> <span class='ocrx_word' id='word_1_574' title='bbox 594 4093 641 4155; x_wconf 89' lang='lat' dir='ltr'><strong>si</strong></span> <span class='ocrx_word' id='word_1_575' title='bbox 686 4098 960 4153; x_wconf 80' lang='lat' dir='ltr'><strong>damnatio</strong></span> <span class='ocrx_word' id='word_1_576' title='bbox 1009 4096 1127 4169; x_wconf 78' lang='lat' dir='ltr'><strong>ejus</strong></span> <span class='ocrx_word' id='word_1_577' title='bbox 1155 4106 1360 4154; x_wconf 80' lang='lat' dir='ltr'><strong>tantum</strong></span> <span class='ocrx_word' id='word_1_578' title='bbox 1409 4096 1589 4161; x_wconf 82' lang='lat' dir='ltr'><strong>valet,</strong></span> <span class='ocrx_word' id='word_1_579' title='bbox 1635 4105 1693 4152; x_wconf 89' lang='lat' dir='ltr'><strong>ut</strong></span> <span class='ocrx_word' id='word_1_580' title='bbox 1735 4108 1842 4152; x_wconf 88' lang='lat' dir='ltr'><strong>tam</strong></span> <span class='ocrx_word' id='word_1_581' title='bbox 1871 4097 2054 4154; x_wconf 88' lang='lat' dir='ltr'><strong>multis</strong></span> 
     </span>
    </p>
   </div>
   <div class='ocr_carea' id='block_1_73' title="bbox 458 4188 2054 4262">
    <p class='ocr_par' dir='ltr' id='par_1_73' title="bbox 458 4188 2054 4262">
     <span class='ocr_line' id='line_1_73' title="bbox 458 4188 2054 4262; baseline 0 -16"><span class='ocrx_word' id='word_1_582' title='bbox 458 4188 745 4259; x_wconf 82' lang='lat' dir='ltr'><strong>pecoribus</strong></span> <span class='ocrx_word' id='word_1_583' title='bbox 793 4189 1061 4261; x_wconf 83' lang='lat' dir='ltr'><strong>imperet,</strong></span> <span class='ocrx_word' id='word_1_584' title='bbox 1113 4190 1365 4262; x_wconf 80' lang='lat' dir='ltr'><strong>quamvis</strong></span> <span class='ocrx_word' id='word_1_585' title='bbox 1410 4189 1555 4246; x_wconf 85' lang='lat' dir='ltr'><strong>enim</strong></span> <span class='ocrx_word' id='word_1_586' title='bbox 1606 4206 1635 4245; x_wconf 85' lang='lat' dir='ltr'><strong>a</strong></span> <span class='ocrx_word' id='word_1_587' title='bbox 1693 4188 1880 4245; x_wconf 88' lang='lat' dir='ltr'><strong>multis</strong></span> <span class='ocrx_word' id='word_1_588' title='bbox 1924 4188 2054 4246; x_wconf 84' lang='lat' dir='ltr'><strong>feris</strong></span> 
     </span>
    </p>
   </div>
   <div class='ocr_carea' id='block_1_74' title="bbox 462 4282 2057 4355">
    <p class='ocr_par' dir='ltr' id='par_1_74' title="bbox 462 4282 2057 4355">
     <span class='ocr_line' id='line_1_74' title="bbox 462 4282 2057 4355; baseline 0.003 -20"><span class='ocrx_word' id='word_1_589' title='bbox 462 4294 681 4354; x_wconf 87' lang='lat' dir='ltr'><strong>propter</strong></span> <span class='ocrx_word' id='word_1_590' title='bbox 705 4283 1050 4353; x_wconf 80' lang='lat' dir='ltr'><strong>tragilitatem</strong></span> <span class='ocrx_word' id='word_1_591' title='bbox 1077 4286 1323 4355; x_wconf 87' lang='lat' dir='ltr'><strong>corporis</strong></span> <span class='ocrx_word' id='word_1_592' title='bbox 1345 4284 1518 4355; x_wconf 86' lang='lat' dir='ltr'><strong>possit</strong></span> <span class='ocrx_word' id='word_1_593' title='bbox 1555 4282 1760 4348; x_wconf 87' lang='lat' dir='ltr'><strong>occidi,</strong></span> <span class='ocrx_word' id='word_1_594' title='bbox 1805 4299 1836 4339; x_wconf 85' lang='lat' dir='ltr'><strong>a</strong></span> <span class='ocrx_word' id='word_1_595' title='bbox 1889 4283 2057 4339; x_wconf 88' lang='lat' dir='ltr'><strong>nullis</strong></span> 
     </span>
    </p>
   </div>
   <div class='ocr_carea' id='block_1_75' title="bbox 462 4374 2055 4449">
    <p class='ocr_par' dir='ltr' id='par_1_75' title="bbox 462 4374 2055 4449">
     <span class='ocr_line' id='line_1_75' title="bbox 462 4374 2055 4449; baseline 0.003 -19"><span class='ocrx_word' id='word_1_596' title='bbox 462 4386 639 4432; x_wconf 85' lang='lat' dir='ltr'><strong>tamen</strong></span> <span class='ocrx_word' id='word_1_597' title='bbox 656 4374 865 4432; x_wconf 83' lang='lat' dir='ltr'><strong>domari</strong></span> <span class='ocrx_word' id='word_1_598' title='bbox 898 4384 1097 4448; x_wconf 78' lang='lat' dir='ltr'><strong>potest,</strong></span> <span class='ocrx_word' id='word_1_599' title='bbox 1128 4393 1251 4432; x_wconf 89' lang='lat' dir='ltr'><strong>cum</strong></span> <span class='ocrx_word' id='word_1_600' title='bbox 1282 4375 1396 4448; x_wconf 85' lang='lat' dir='ltr'><strong>ipse</strong></span> <span class='ocrx_word' id='word_1_601' title='bbox 1421 4387 1528 4435; x_wconf 80' lang='lat' dir='ltr'><strong>tum</strong></span> <span class='ocrx_word' id='word_1_602' title='bbox 1556 4378 1755 4431; x_wconf 86' lang='lat' dir='ltr'><strong>multas</strong></span> <span class='ocrx_word' id='word_1_603' title='bbox 1774 4418 1788 4442; x_wconf 92' lang='lat'><strong>,</strong></span> <span class='ocrx_word' id='word_1_604' title='bbox 1808 4387 1862 4432; x_wconf 91' lang='lat' dir='ltr'><strong>et</strong></span> <span class='ocrx_word' id='word_1_605' title='bbox 1885 4392 2055 4449; x_wconf 85' lang='lat' dir='ltr'><strong>prope</strong></span> 
     </span>
    </p>
   </div>
   <div class='ocr_carea' id='block_1_76' title="bbox 461 4471 932 4529">
    <p class='ocr_par' dir='ltr' id='par_1_76' title="bbox 461 4471 932 4529">
     <span class='ocr_line' id='line_1_76' title="bbox 461 4471 932 4529; baseline -0.008 0"><span class='ocrx_word' id='word_1_606' title='bbox 461 4486 650 4529; x_wconf 74' lang='lat' dir='ltr'><strong>omnes</strong></span> <span class='ocrx_word' id='word_1_607' title='bbox 674 4471 877 4528; x_wconf 86' lang='lat' dir='ltr'><strong>domet.</strong></span> <span class='ocrx_word' id='word_1_608' title='bbox 913 4492 932 4526; x_wconf 81' lang='grc' dir='ltr'><strong>ι</strong></span> 
     </span>
    </p>
   </div>
   <div class='ocr_carea' id='block_1_77' title="bbox 525 4564 2055 4636">
    <p class='ocr_par' dir='ltr' id='par_1_77' title="bbox 525 4564 2055 4636">
     <span class='ocr_line' id='line_1_77' title="bbox 525 4564 2055 4636; baseline -0.001 -15"><span class='ocrx_word' id='word_1_609' title='bbox 525 4564 615 4621; x_wconf 70' lang='lat'><strong>52.</strong></span> <span class='ocrx_word' id='word_1_610' title='bbox 658 4564 767 4622; x_wconf 84' lang='lat' dir='ltr'><strong>Sed</strong></span> <span class='ocrx_word' id='word_1_611' title='bbox 798 4564 1052 4636; x_wconf 84' lang='lat' dir='ltr'><strong>quoniam</strong></span> <span class='ocrx_word' id='word_1_612' title='bbox 1085 4564 1349 4621; x_wconf 78' lang='lat' dir='ltr'><strong>Bernardi</strong></span> <span class='ocrx_word' id='word_1_613' title='bbox 1370 4566 1711 4629; x_wconf 65' lang='lat' dir='ltr'><strong>auctoritate,</strong></span> <span class='ocrx_word' id='word_1_614' title='bbox 1748 4579 1853 4620; x_wconf 92' lang='lat' dir='ltr'><strong>nou</strong></span> <span class='ocrx_word' id='word_1_615' title='bbox 1881 4564 2055 4620; x_wconf 88' lang='lat' dir='ltr'><strong>Theo-</strong></span> 
     </span>
    </p>
   </div>
   <div class='ocr_carea' id='block_1_78' title="bbox 2157 3334 3759 3410">
    <p class='ocr_par' dir='ltr' id='par_1_78' title="bbox 2157 3334 3759 3410">
     <span class='ocr_line' id='line_1_78' title="bbox 2157 3334 3759 3410; baseline 0.001 -18"><span class='ocrx_word' id='word_1_616' title='bbox 2157 3351 2278 3392; x_wconf 73' lang='lat' dir='ltr'><strong>esse</strong></span> <span class='ocrx_word' id='word_1_617' title='bbox 2305 3334 2537 3404; x_wconf 84' lang='lat' dir='ltr'><strong>homini,</strong></span> <span class='ocrx_word' id='word_1_618' title='bbox 2572 3346 2682 3392; x_wconf 90' lang='lat' dir='ltr'><strong>tum</strong></span> <span class='ocrx_word' id='word_1_619' title='bbox 2710 3337 2831 3395; x_wconf 86' lang='lat' dir='ltr'><strong>aliis</strong></span> <span class='ocrx_word' id='word_1_620' title='bbox 2864 3339 3084 3410; x_wconf 84' lang='lat' dir='ltr'><strong>quidem</strong></span> <span class='ocrx_word' id='word_1_621' title='bbox 3116 3337 3185 3395; x_wconf 89' lang='lat' dir='ltr'><strong>de</strong></span> <span class='ocrx_word' id='word_1_622' title='bbox 3233 3341 3433 3404; x_wconf 79' lang='lat' dir='ltr'><strong>causis,</strong></span> <span class='ocrx_word' id='word_1_623' title='bbox 3468 3349 3578 3396; x_wconf 89' lang='lat' dir='ltr'><strong>tum</strong></span> <span class='ocrx_word' id='word_1_624' title='bbox 3610 3354 3759 3409; x_wconf 73' lang='lat' dir='ltr'><strong>prte-</strong></span> 
     </span>
    </p>
   </div>
   <div class='ocr_carea' id='block_1_79' title="bbox 2157 3428 3762 3504">
    <p class='ocr_par' dir='ltr' id='par_1_79' title="bbox 2157 3428 3762 3504">
     <span class='ocr_line' id='line_1_79' title="bbox 2157 3428 3762 3504; baseline 0.001 -20"><span class='ocrx_word' id='word_1_625' title='bbox 2157 3432 2346 3498; x_wconf 78' lang='lat' dir='ltr'><strong>sertini</strong></span> <span class='ocrx_word' id='word_1_626' title='bbox 2390 3431 2513 3502; x_wconf 83' lang='lat' dir='ltr'><strong>quia</strong></span> <span class='ocrx_word' id='word_1_627' title='bbox 2560 3428 2800 3487; x_wconf 76' lang='lat' dir='ltr'><strong>divinam</strong></span> <span class='ocrx_word' id='word_1_628' title='bbox 2836 3448 3077 3497; x_wconf 85' lang='lat' dir='ltr'><strong>manum,</strong></span> <span class='ocrx_word' id='word_1_629' title='bbox 3110 3430 3426 3504; x_wconf 70' lang='lat' dir='ltr'><strong>puti-iniam,</strong></span> <span class='ocrx_word' id='word_1_630' title='bbox 3458 3446 3522 3488; x_wconf 89' lang='lat' dir='ltr'><strong>ac</strong></span> <span class='ocrx_word' id='word_1_631' title='bbox 3547 3432 3762 3488; x_wconf 86' lang='lat' dir='ltr'><strong>bonita-</strong></span> 
     </span>
    </p>
   </div>
   <div class='ocr_carea' id='block_1_80' title="bbox 2164 3521 3765 3590">
    <p class='ocr_par' dir='ltr' id='par_1_80' title="bbox 2164 3521 3765 3590">
     <span class='ocr_line' id='line_1_80' title="bbox 2164 3521 3765 3590; baseline 0.002 -12"><span class='ocrx_word' id='word_1_632' title='bbox 2164 3531 2270 3578; x_wconf 87' lang='lat' dir='ltr'><strong>tem</strong></span> <span class='ocrx_word' id='word_1_633' title='bbox 2320 3521 2374 3577; x_wconf 88' lang='lat' dir='ltr'><strong>in</strong></span> <span class='ocrx_word' id='word_1_634' title='bbox 2422 3540 2611 3578; x_wconf 83' lang='lat' dir='ltr'><strong>eorum</strong></span> <span class='ocrx_word' id='word_1_635' title='bbox 2664 3525 2959 3590; x_wconf 74' lang='lat' dir='ltr'><strong>creatione,</strong></span> <span class='ocrx_word' id='word_1_636' title='bbox 3011 3540 3076 3580; x_wconf 87' lang='lat' dir='ltr'><strong>ac</strong></span> <span class='ocrx_word' id='word_1_637' title='bbox 3106 3526 3321 3581; x_wconf 77' lang='lat' dir='ltr'><strong>diverso</strong></span> <span class='ocrx_word' id='word_1_638' title='bbox 3352 3525 3474 3581; x_wconf 63' lang='lat' dir='ltr'><strong>vita)</strong></span> <span class='ocrx_word' id='word_1_639' title='bbox 3517 3525 3765 3581; x_wconf 81' lang='lat' dir='ltr'><strong>instituto</strong></span> 
     </span>
    </p>
   </div>
   <div class='ocr_carea' id='block_1_81' title="bbox 2163 3618 3765 3692">
    <p class='ocr_par' dir='ltr' id='par_1_81' title="bbox 2163 3618 3765 3692">
     <span class='ocr_line' id='line_1_81' title="bbox 2163 3618 3765 3692; baseline 0.004 -19"><span class='ocrx_word' id='word_1_640' title='bbox 2163 3618 2323 3674; x_wconf 79' lang='lat' dir='ltr'><strong>facile</strong></span> <span class='ocrx_word' id='word_1_641' title='bbox 2372 3629 2646 3692; x_wconf 74' lang='lat' dir='ltr'><strong>agnoscet.</strong></span> <span class='ocrx_word' id='word_1_642' title='bbox 2695 3618 2778 3676; x_wconf 79' lang='lat' dir='ltr'><strong>Au</strong></span> <span class='ocrx_word' id='word_1_643' title='bbox 2830 3635 2934 3676; x_wconf 87' lang='lat' dir='ltr'><strong>non</strong></span> <span class='ocrx_word' id='word_1_644' title='bbox 2987 3621 3150 3681; x_wconf 82' lang='lat' dir='ltr'><strong>etiam</strong></span> <span class='ocrx_word' id='word_1_645' title='bbox 3200 3621 3421 3678; x_wconf 85' lang='lat' dir='ltr'><strong>insectis</strong></span> <span class='ocrx_word' id='word_1_646' title='bbox 3473 3630 3765 3678; x_wconf 84' lang='lat' dir='ltr'><strong>vescuntur</strong></span> 
     </span>
    </p>
   </div>
   <div class='ocr_carea' id='block_1_82' title="bbox 2161 3712 3761 3785">
    <p class='ocr_par' dir='ltr' id='par_1_82' title="bbox 2161 3712 3761 3785">
     <span class='ocr_line' id='line_1_82' title="bbox 2161 3712 3761 3785; baseline 0.003 -19"><span class='ocrx_word' id='word_1_647' title='bbox 2161 3713 2466 3768; x_wconf 84' lang='lat' dir='ltr'><strong>animantes</strong></span> <span class='ocrx_word' id='word_1_648' title='bbox 2493 3732 2592 3777; x_wconf 65' lang='grc' dir='ltr'>ειιι,</span> <span class='ocrx_word' id='word_1_649' title='bbox 2622 3713 2815 3785; x_wconf 88' lang='lat' dir='ltr'><strong>quibus</strong></span> <span class='ocrx_word' id='word_1_650' title='bbox 2857 3715 3159 3783; x_wconf 65' lang='lat' dir='ltr'><strong>praesertim</strong></span> <span class='ocrx_word' id='word_1_651' title='bbox 3190 3712 3496 3775; x_wconf 70' lang='lat' dir='ltr'><strong>oblectator</strong></span> <span class='ocrx_word' id='word_1_652' title='bbox 3522 3727 3588 3771; x_wconf 85' lang='lat' dir='ltr'><strong>ac</strong></span> <span class='ocrx_word' id='word_1_653' title='bbox 3635 3726 3761 3770; x_wconf 83' lang='lat' dir='ltr'><strong>ves-</strong></span> 
     </span>
    </p>
   </div>
   <div class='ocr_carea' id='block_1_83' title="bbox 2163 3804 2529 3862">
    <p class='ocr_par' dir='ltr' id='par_1_83' title="bbox 2163 3804 2529 3862">
     <span class='ocr_line' id='line_1_83' title="bbox 2163 3804 2529 3862; baseline 0 -2"><span class='ocrx_word' id='word_1_654' title='bbox 2163 3808 2295 3862; x_wconf 89' lang='lat' dir='ltr'><strong>titur</strong></span> <span class='ocrx_word' id='word_1_655' title='bbox 2324 3804 2529 3861; x_wconf 78' lang='lat' dir='ltr'><strong>homo?</strong></span> 
     </span>
    </p>
   </div>
   <div class='ocr_carea' id='block_1_84' title="bbox 2234 3897 3767 3975">
    <p class='ocr_par' dir='ltr' id='par_1_84' title="bbox 2234 3897 3767 3975">
     <span class='ocr_line' id='line_1_84' title="bbox 2234 3897 3767 3975; baseline -0.003 -16"><span class='ocrx_word' id='word_1_656' title='bbox 2234 3904 2324 3960; x_wconf 70' lang='lat'><strong>35.</strong></span> <span class='ocrx_word' id='word_1_657' title='bbox 2355 3907 2565 3961; x_wconf 71' lang='lat' dir='ltr'><strong>Montes</strong></span> <span class='ocrx_word' id='word_1_658' title='bbox 2598 3918 2761 3975; x_wconf 84' lang='lat' dir='ltr'><strong>porro</strong></span> <span class='ocrx_word' id='word_1_659' title='bbox 2812 3905 3141 3973; x_wconf 77' lang='lat' dir='ltr'><strong>inaccessos,</strong></span> <span class='ocrx_word' id='word_1_660' title='bbox 3190 3919 3257 3963; x_wconf 88' lang='lat' dir='ltr'><strong>ac</strong></span> <span class='ocrx_word' id='word_1_661' title='bbox 3299 3917 3495 3960; x_wconf 77' lang='lat' dir='ltr'><strong>saxeos</strong></span> <span class='ocrx_word' id='word_1_662' title='bbox 3540 3897 3767 3957; x_wconf 76' lang='lat' dir='ltr'><strong>utilissi-</strong></span> 
     </span>
    </p>
   </div>
   <div class='ocr_carea' id='block_1_85' title="bbox 2162 3991 3764 4072">
    <p class='ocr_par' dir='ltr' id='par_1_85' title="bbox 2162 3991 3764 4072">
     <span class='ocr_line' id='line_1_85' title="bbox 2162 3991 3764 4072; baseline 0 -20"><span class='ocrx_word' id='word_1_663' title='bbox 2162 4012 2283 4053; x_wconf 89' lang='lat' dir='ltr'><strong>mos</strong></span> <span class='ocrx_word' id='word_1_664' title='bbox 2323 3996 2527 4052; x_wconf 89' lang='lat' dir='ltr'><strong>homini</strong></span> <span class='ocrx_word' id='word_1_665' title='bbox 2558 3998 2604 4051; x_wconf 88' lang='lat' dir='ltr'><strong>is</strong></span> <span class='ocrx_word' id='word_1_666' title='bbox 2651 3997 2889 4062; x_wconf 87' lang='lat' dir='ltr'><strong>docebit,</strong></span> <span class='ocrx_word' id='word_1_667' title='bbox 2935 3996 3026 4072; x_wconf 88' lang='lat' dir='ltr'><strong>qui</strong></span> <span class='ocrx_word' id='word_1_668' title='bbox 3079 3996 3310 4067; x_wconf 65' lang='lat' dir='ltr'><strong>metalli,</strong></span> <span class='ocrx_word' id='word_1_669' title='bbox 3363 4012 3428 4052; x_wconf 85' lang='lat' dir='ltr'><strong>ac</strong></span> <span class='ocrx_word' id='word_1_670' title='bbox 3474 3991 3764 4053; x_wconf 82' lang='lat' dir='ltr'><strong>marmoris</strong></span> 
     </span>
    </p>
   </div>
   <div class='ocr_carea' id='block_1_86' title="bbox 2163 4084 3769 4163">
    <p class='ocr_par' dir='ltr' id='par_1_86' title="bbox 2163 4084 3769 4163">
     <span class='ocr_line' id='line_1_86' title="bbox 2163 4084 3769 4163; baseline -0.001 -17"><span class='ocrx_word' id='word_1_671' title='bbox 2163 4094 2374 4149; x_wconf 80' lang='lat' dir='ltr'><strong>fodinas</strong></span> <span class='ocrx_word' id='word_1_672' title='bbox 2422 4092 2476 4147; x_wconf 91' lang='lat' dir='ltr'><strong>in</strong></span> <span class='ocrx_word' id='word_1_673' title='bbox 2527 4091 2595 4147; x_wconf 85' lang='lat' dir='ltr'><strong>iis</strong></span> <span class='ocrx_word' id='word_1_674' title='bbox 2636 4091 3020 4150; x_wconf 82' lang='lat' dir='ltr'><strong>delitescentes</strong></span> <span class='ocrx_word' id='word_1_675' title='bbox 3069 4093 3318 4159; x_wconf 87' lang='lat' dir='ltr'><strong>noverit;</strong></span> <span class='ocrx_word' id='word_1_676' title='bbox 3364 4092 3409 4147; x_wconf 79' lang='lat' dir='ltr'><strong>is</strong></span> <span class='ocrx_word' id='word_1_677' title='bbox 3434 4106 3650 4163; x_wconf 88' lang='lat' dir='ltr'><strong>quoque</strong></span> <span class='ocrx_word' id='word_1_678' title='bbox 3673 4084 3769 4161; x_wconf 85' lang='lat' dir='ltr'><strong>qui</strong></span> 
     </span>
    </p>
   </div>
   <div class='ocr_carea' id='block_1_87' title="bbox 2163 4183 3766 4259">
    <p class='ocr_par' dir='ltr' id='par_1_87' title="bbox 2163 4183 3766 4259">
     <span class='ocr_line' id='line_1_87' title="bbox 2163 4183 3766 4259; baseline 0 -20"><span class='ocrx_word' id='word_1_679' title='bbox 2163 4186 2503 4256; x_wconf 83' lang='lat' dir='ltr'><strong>receptcnla</strong></span> <span class='ocrx_word' id='word_1_680' title='bbox 2552 4185 2779 4252; x_wconf 89' lang='lat' dir='ltr'><strong>nivium,</strong></span> <span class='ocrx_word' id='word_1_681' title='bbox 2810 4197 2975 4259; x_wconf 79' lang='lat' dir='ltr'><strong>atque</strong></span> <span class='ocrx_word' id='word_1_682' title='bbox 2999 4200 3286 4258; x_wconf 80' lang='lat' dir='ltr'><strong>aquarum,</strong></span> <span class='ocrx_word' id='word_1_683' title='bbox 3318 4201 3384 4241; x_wconf 74' lang='lat' dir='ltr'><strong>es</strong></span> <span class='ocrx_word' id='word_1_684' title='bbox 3416 4184 3615 4254; x_wconf 84' lang='lat' dir='ltr'><strong>quibus</strong></span> <span class='ocrx_word' id='word_1_685' title='bbox 3645 4183 3766 4239; x_wconf 81' lang='lat' dir='ltr'><strong>fon-</strong></span> 
     </span>
    </p>
   </div>
   <div class='ocr_carea' id='block_1_88' title="bbox 2164 4277 3766 4349">
    <p class='ocr_par' dir='ltr' id='par_1_88' title="bbox 2164 4277 3766 4349">
     <span class='ocr_line' id='line_1_88' title="bbox 2164 4277 3766 4349; baseline -0.001 -14"><span class='ocrx_word' id='word_1_686' title='bbox 2164 4289 2245 4336; x_wconf 85' lang='lat' dir='ltr'><strong>tes</strong></span> <span class='ocrx_word' id='word_1_687' title='bbox 2274 4278 2586 4335; x_wconf 83' lang='lat' dir='ltr'><strong>derivantur</strong></span> <span class='ocrx_word' id='word_1_688' title='bbox 2609 4278 2805 4335; x_wconf 59' lang='lat' dir='ltr'><strong>aestivo</strong></span> <span class='ocrx_word' id='word_1_689' title='bbox 2837 4279 3141 4349; x_wconf 62' lang='lat' dir='ltr'><strong>praesertim</strong></span> <span class='ocrx_word' id='word_1_690' title='bbox 3172 4287 3438 4349; x_wconf 85' lang='lat' dir='ltr'><strong>tempore.</strong></span> <span class='ocrx_word' id='word_1_691' title='bbox 3483 4277 3537 4333; x_wconf 85' lang='lat' dir='ltr'><strong>in</strong></span> <span class='ocrx_word' id='word_1_692' title='bbox 3572 4277 3766 4335; x_wconf 85' lang='lat' dir='ltr'><strong>iisdem</strong></span> 
     </span>
    </p>
   </div>
   <div class='ocr_carea' id='block_1_89' title="bbox 2164 4373 3764 4447">
    <p class='ocr_par' dir='ltr' id='par_1_89' title="bbox 2164 4373 3764 4447">
     <span class='ocr_line' id='line_1_89' title="bbox 2164 4373 3764 4447; baseline -0.003 -16"><span class='ocrx_word' id='word_1_693' title='bbox 2164 4375 2479 4442; x_wconf 71' lang='lat' dir='ltr'><strong>inaccessis,</strong></span> <span class='ocrx_word' id='word_1_694' title='bbox 2508 4385 2671 4443; x_wconf 86' lang='lat' dir='ltr'><strong>atque</strong></span> <span class='ocrx_word' id='word_1_695' title='bbox 2696 4373 3013 4447; x_wconf 77' lang='lat' dir='ltr'><strong>asperrimis</strong></span> <span class='ocrx_word' id='word_1_696' title='bbox 3042 4373 3319 4431; x_wconf 85' lang='lat' dir='ltr'><strong>montibus</strong></span> <span class='ocrx_word' id='word_1_697' title='bbox 3364 4373 3546 4429; x_wconf 78' lang='lat' dir='ltr'><strong>inesse</strong></span> <span class='ocrx_word' id='word_1_698' title='bbox 3589 4374 3764 4427; x_wconf 66' lang='lat' dir='ltr'><strong>srive«</strong></span> 
     </span>
    </p>
   </div>
   <div class='ocr_carea' id='block_1_90' title="bbox 2165 4468 3763 4537">
    <p class='ocr_par' dir='ltr' id='par_1_90' title="bbox 2165 4468 3763 4537">
     <span class='ocr_line' id='line_1_90' title="bbox 2165 4468 3763 4537; baseline -0.004 -13"><span class='ocrx_word' id='word_1_699' title='bbox 2165 4470 2252 4524; x_wconf 90' lang='lat' dir='ltr'><strong>rit.</strong></span> <span class='ocrx_word' id='word_1_700' title='bbox 2282 4469 2540 4534; x_wconf 85' lang='lat' dir='ltr'><strong>Consule,</strong></span> <span class='ocrx_word' id='word_1_701' title='bbox 2591 4484 2659 4525; x_wconf 89' lang='lat' dir='ltr'><strong>ne</strong></span> <span class='ocrx_word' id='word_1_702' title='bbox 2686 4480 2914 4527; x_wconf 88' lang='lat' dir='ltr'><strong>cunctos</strong></span> <span class='ocrx_word' id='word_1_703' title='bbox 2956 4469 3219 4535; x_wconf 74' lang='lat' dir='ltr'><strong>excitem,</strong></span> <span class='ocrx_word' id='word_1_704' title='bbox 3260 4468 3364 4523; x_wconf 90' lang='lat' dir='ltr'><strong>hoc</strong></span> <span class='ocrx_word' id='word_1_705' title='bbox 3390 4482 3557 4535; x_wconf 82' lang='lat' dir='ltr'><strong>super</strong></span> <span class='ocrx_word' id='word_1_706' title='bbox 3607 4480 3763 4537; x_wconf 81' lang='lat' dir='ltr'><strong>argu-</strong></span> 
     </span>
    </p>
   </div>
   <div class='ocr_carea' id='block_1_91' title="bbox 2162 4557 3766 4634">
    <p class='ocr_par' dir='ltr' id='par_1_91' title="bbox 2162 4557 3766 4634">
     <span class='ocr_line' id='line_1_91' title="bbox 2162 4557 3766 4634; baseline -0.002 -17"><span class='ocrx_word' id='word_1_707' title='bbox 2162 4575 2350 4618; x_wconf 90' lang='lat' dir='ltr'><strong>mento</strong></span> <span class='ocrx_word' id='word_1_708' title='bbox 2387 4560 2749 4620; x_wconf 78' lang='lat' dir='ltr'><strong>clarissimum</strong></span> <span class='ocrx_word' id='word_1_709' title='bbox 2787 4558 3149 4621; x_wconf 79' lang='lat' dir='ltr'><strong>Valisueriutn</strong></span> <span class='ocrx_word' id='word_1_710' title='bbox 3180 4558 3423 4634; x_wconf 79' lang='lat' dir='ltr'><strong>(Origine</strong></span> <span class='ocrx_word' id='word_1_711' title='bbox 3463 4560 3596 4616; x_wconf 79' lang='lat' dir='ltr'><strong>delle</strong></span> <span class='ocrx_word' id='word_1_712' title='bbox 3619 4557 3766 4615; x_wconf 78' lang='lat' dir='ltr'><strong>Fon-</strong></span> 
     </span>
    </p>
   </div>
   <div class='ocr_carea' id='block_1_92' title="bbox 453 4652 2327 4729">
    <p class='ocr_par' dir='ltr' id='par_1_92' title="bbox 453 4652 2327 4729">
     <span class='ocr_line' id='line_1_92' title="bbox 453 4652 2327 4729; baseline 0 -16"><span class='ocrx_word' id='word_1_713' title='bbox 453 4656 631 4713; x_wconf 83' lang='lat' dir='ltr'><strong>doreti</strong></span> <span class='ocrx_word' id='word_1_714' title='bbox 657 4657 1028 4714; x_wconf 81' lang='lat' dir='ltr'><strong>tantummodo</strong></span> <span class='ocrx_word' id='word_1_715' title='bbox 1053 4699 1067 4723; x_wconf 88' lang='lat'><strong>,</strong></span> <span class='ocrx_word' id='word_1_716' title='bbox 1099 4658 1358 4713; x_wconf 80' lang='lat' dir='ltr'><strong>adversus</strong></span> <span class='ocrx_word' id='word_1_717' title='bbox 1410 4671 1507 4711; x_wconf 82' lang='lat' dir='ltr'><strong>nos</strong></span> <span class='ocrx_word' id='word_1_718' title='bbox 1538 4657 1884 4724; x_wconf 76' lang='lat' dir='ltr'><strong>distuttarunt</strong></span> <span class='ocrx_word' id='word_1_719' title='bbox 1910 4699 1924 4723; x_wconf 88' lang='lat'><strong>,</strong></span> <span class='ocrx_word' id='word_1_720' title='bbox 1953 4673 2051 4712; x_wconf 85' lang='lat' dir='ltr'><strong>au-</strong></span> <span class='ocrx_word' id='word_1_721' title='bbox 2083 4652 2137 4715; x_wconf 87' lang='lat' dir='ltr'><strong>D</strong></span> <span class='ocrx_word' id='word_1_722' title='bbox 2162 4659 2327 4729; x_wconf 80' lang='lat' dir='ltr'><strong>lane).</strong></span> 
     </span>
    </p>
   </div>
   <div class='ocr_carea' id='block_1_93' title="bbox 453 4748 2051 4824">
    <p class='ocr_par' dir='ltr' id='par_1_93' title="bbox 453 4748 2051 4824">
     <span class='ocr_line' id='line_1_93' title="bbox 453 4748 2051 4824; baseline 0.001 -19"><span class='ocrx_word' id='word_1_723' title='bbox 453 4748 625 4821; x_wconf 84' lang='lat' dir='ltr'><strong>diant,</strong></span> <span class='ocrx_word' id='word_1_724' title='bbox 652 4749 902 4820; x_wconf 84' lang='lat' dir='ltr'><strong>obsecro,</strong></span> <span class='ocrx_word' id='word_1_725' title='bbox 935 4750 1206 4824; x_wconf 84' lang='lat' dir='ltr'><strong>quomodo</strong></span> <span class='ocrx_word' id='word_1_726' title='bbox 1237 4751 1544 4806; x_wconf 80' lang='lat' dir='ltr'><strong>Burnardns</strong></span> <span class='ocrx_word' id='word_1_727' title='bbox 1571 4752 1684 4820; x_wconf 69' lang='lat' dir='ltr'><strong>ipse</strong></span> <span class='ocrx_word' id='word_1_728' title='bbox 1712 4750 1893 4814; x_wconf 30' lang='lat' dir='ltr'><strong>istam.</strong></span> <span class='ocrx_word' id='word_1_729' title='bbox 1926 4766 2051 4821; x_wconf 77' lang='lat' dir='ltr'><strong>qua—</strong></span> 
     </span>
    </p>
   </div>
   <div class='ocr_carea' id='block_1_94' title="bbox 459 4844 2053 4919">
    <p class='ocr_par' dir='ltr' id='par_1_94' title="bbox 459 4844 2053 4919">
     <span class='ocr_line' id='line_1_94' title="bbox 459 4844 2053 4919; baseline -0.001 -16"><span class='ocrx_word' id='word_1_730' title='bbox 459 4846 762 4919; x_wconf 83' lang='lat' dir='ltr'><strong>liscumque</strong></span> <span class='ocrx_word' id='word_1_731' title='bbox 789 4860 850 4901; x_wconf 84' lang='lat' dir='ltr'><strong>ea</strong></span> <span class='ocrx_word' id='word_1_732' title='bbox 884 4856 969 4902; x_wconf 83' lang='lat' dir='ltr'><strong>est</strong></span> <span class='ocrx_word' id='word_1_733' title='bbox 992 4888 1007 4912; x_wconf 94' lang='lat'><strong>,</strong></span> <span class='ocrx_word' id='word_1_734' title='bbox 1040 4844 1412 4902; x_wconf 77' lang='lat' dir='ltr'><strong>diﬂicultatetn</strong></span> <span class='ocrx_word' id='word_1_735' title='bbox 1446 4844 1706 4911; x_wconf 64' lang='lat' dir='ltr'><strong>dissolvat</strong></span> <span class='ocrx_word' id='word_1_736' title='bbox 1728 4851 1817 4916; x_wconf 86' lang='lat' dir='ltr'><strong>(tt.</strong></span> <span class='ocrx_word' id='word_1_737' title='bbox 1861 4844 1895 4900; x_wconf 83' lang='grc'>6</span> <span class='ocrx_word' id='word_1_738' title='bbox 1942 4861 2053 4901; x_wconf 78' lang='lat' dir='ltr'><strong>ser-</strong></span> 
     </span>
    </p>
   </div>
   <div class='ocr_carea' id='block_1_95' title="bbox 464 4937 2047 5012">
    <p class='ocr_par' dir='ltr' id='par_1_95' title="bbox 464 4937 2047 5012">
     <span class='ocr_line' id='line_1_95' title="bbox 464 4937 2047 5012; baseline -0.001 -17"><span class='ocrx_word' id='word_1_739' title='bbox 464 4943 624 4997; x_wconf 73' lang='lat' dir='ltr'><strong>monis</strong></span> <span class='ocrx_word' id='word_1_740' title='bbox 648 4954 666 4997; x_wconf 87' lang='grc' dir='ltr'><strong>ι</strong></span> <span class='ocrx_word' id='word_1_741' title='bbox 690 4942 758 4998; x_wconf 90' lang='lat' dir='ltr'><strong>dc</strong></span> <span class='ocrx_word' id='word_1_742' title='bbox 785 4938 1043 5012; x_wconf 69' lang='lat' dir='ltr'><strong>Diversis)</strong></span> <span class='ocrx_word' id='word_1_743' title='bbox 1070 4958 1081 4995; x_wconf 87' lang='lat'><strong>:</strong></span> <span class='ocrx_word' id='word_1_744' title='bbox 1106 4937 1205 4996; x_wconf 64' lang='lat' dir='ltr'><strong>«Et</strong></span> <span class='ocrx_word' id='word_1_745' title='bbox 1227 4942 1342 4995; x_wconf 66' lang='lat' dir='ltr'><strong>haec</strong></span> <span class='ocrx_word' id='word_1_746' title='bbox 1366 4939 1584 5008; x_wconf 86' lang='lat' dir='ltr'><strong>quidem</strong></span> <span class='ocrx_word' id='word_1_747' title='bbox 1617 4940 1688 4993; x_wconf 87' lang='lat' dir='ltr'><strong>ita</strong></span> <span class='ocrx_word' id='word_1_748' title='bbox 1718 4954 1778 4995; x_wconf 89' lang='lat' dir='ltr'><strong>se</strong></span> <span class='ocrx_word' id='word_1_749' title='bbox 1808 4937 2007 4995; x_wconf 85' lang='lat' dir='ltr'><strong>habent</strong></span> <span class='ocrx_word' id='word_1_750' title='bbox 2032 4956 2047 4993; x_wconf 89' lang='lat'><strong>:</strong></span> 
     </span>
    </p>
   </div>
   <div class='ocr_carea' id='block_1_96' title="bbox 454 5034 2054 5104">
    <p class='ocr_par' dir='ltr' id='par_1_96' title="bbox 454 5034 2054 5104">
     <span class='ocr_line' id='line_1_96' title="bbox 454 5034 2054 5104; baseline 0.001 -15"><span class='ocrx_word' id='word_1_751' title='bbox 454 5034 551 5091; x_wconf 87' lang='lat' dir='ltr'><strong>sed</strong></span> <span class='ocrx_word' id='word_1_752' title='bbox 580 5044 757 5090; x_wconf 86' lang='lat' dir='ltr'><strong>tamen</strong></span> <span class='ocrx_word' id='word_1_753' title='bbox 792 5048 899 5090; x_wconf 90' lang='lat' dir='ltr'><strong>non</strong></span> <span class='ocrx_word' id='word_1_754' title='bbox 929 5035 1189 5090; x_wconf 86' lang='lat' dir='ltr'><strong>mentitur</strong></span> <span class='ocrx_word' id='word_1_755' title='bbox 1218 5036 1544 5104; x_wconf 72' lang='lat' dir='ltr'><strong>Apostolus,</strong></span> <span class='ocrx_word' id='word_1_756' title='bbox 1591 5036 1755 5090; x_wconf 88' lang='lat' dir='ltr'><strong>etiam</strong></span> <span class='ocrx_word' id='word_1_757' title='bbox 1784 5034 1892 5088; x_wconf 82' lang='lat' dir='ltr'><strong>alio</strong></span> <span class='ocrx_word' id='word_1_758' title='bbox 1931 5034 2054 5090; x_wconf 88' lang='lat' dir='ltr'><strong>loco</strong></span> 
     </span>
    </p>
   </div>
   <div class='ocr_carea' id='block_1_97' title="bbox 456 5128 2053 5198">
    <p class='ocr_par' dir='ltr' id='par_1_97' title="bbox 456 5128 2053 5198">
     <span class='ocr_line' id='line_1_97' title="bbox 456 5128 2053 5198; baseline -0.003 -13"><span class='ocrx_word' id='word_1_759' title='bbox 456 5129 789 5187; x_wconf 78' lang='lat' dir='ltr'><strong>manifestius</strong></span> <span class='ocrx_word' id='word_1_760' title='bbox 808 5144 1151 5195; x_wconf 74' lang='lat' dir='ltr'><strong>asseverans,</strong></span> <span class='ocrx_word' id='word_1_761' title='bbox 1174 5128 1316 5184; x_wconf 85' lang='lat' dir='ltr'><strong>scire</strong></span> <span class='ocrx_word' id='word_1_762' title='bbox 1337 5144 1418 5192; x_wconf 86' lang='lat' dir='ltr'><strong>se,</strong></span> <span class='ocrx_word' id='word_1_763' title='bbox 1446 5129 1695 5198; x_wconf 85' lang='lat' dir='ltr'><strong>quoniam</strong></span> <span class='ocrx_word' id='word_1_764' title='bbox 1722 5128 2053 5198; x_wconf 71' lang='lat' dir='ltr'><strong>diligentibus</strong></span> 
     </span>
    </p>
   </div>
   <div class='ocr_carea' id='block_1_98' title="bbox 460 5218 2050 5290">
    <p class='ocr_par' dir='ltr' id='par_1_98' title="bbox 460 5218 2050 5290">
     <span class='ocr_line' id='line_1_98' title="bbox 460 5218 2050 5290; baseline 0 -15"><span class='ocrx_word' id='word_1_765' title='bbox 460 5218 622 5275; x_wconf 79' lang='lat' dir='ltr'><strong>Deum</strong></span> <span class='ocrx_word' id='word_1_766' title='bbox 648 5222 823 5276; x_wconf 84' lang='lat' dir='ltr'><strong>omnia</strong></span> <span class='ocrx_word' id='word_1_767' title='bbox 858 5234 1197 5289; x_wconf 78' lang='lat' dir='ltr'><strong>coeperuntur</strong></span> <span class='ocrx_word' id='word_1_768' title='bbox 1220 5220 1273 5274; x_wconf 81' lang='lat' dir='ltr'><strong>in</strong></span> <span class='ocrx_word' id='word_1_769' title='bbox 1296 5218 1483 5275; x_wconf 77' lang='lat' dir='ltr'><strong>bonum</strong></span> <span class='ocrx_word' id='word_1_770' title='bbox 1502 5263 1519 5288; x_wconf 93' lang='lat'><strong>,</strong></span> <span class='ocrx_word' id='word_1_771' title='bbox 1552 5221 1631 5278; x_wconf 76' lang='lat' dir='ltr'><strong>liis</strong></span> <span class='ocrx_word' id='word_1_772' title='bbox 1658 5222 1744 5290; x_wconf 76' lang='lat' dir='ltr'><strong>qui</strong></span> <span class='ocrx_word' id='word_1_773' title='bbox 1771 5222 2050 5275; x_wconf 70' lang='lat' dir='ltr'><strong>secundant</strong></span> 
     </span>
    </p>
   </div>
   <div class='ocr_carea' id='block_1_99' title="bbox 456 5312 2052 5383">
    <p class='ocr_par' dir='ltr' id='par_1_99' title="bbox 456 5312 2052 5383">
     <span class='ocr_line' id='line_1_99' title="bbox 456 5312 2052 5383; baseline 0.004 -18"><span class='ocrx_word' id='word_1_774' title='bbox 456 5313 774 5383; x_wconf 73' lang='lat' dir='ltr'><strong>propositum</strong></span> <span class='ocrx_word' id='word_1_775' title='bbox 820 5315 983 5368; x_wconf 78' lang='lat' dir='ltr'><strong>vocati</strong></span> <span class='ocrx_word' id='word_1_776' title='bbox 1010 5325 1127 5370; x_wconf 78' lang='lat' dir='ltr'><strong>sunt</strong></span> <span class='ocrx_word' id='word_1_777' title='bbox 1172 5314 1356 5368; x_wconf 78' lang='lat' dir='ltr'><strong>sancti.</strong></span> <span class='ocrx_word' id='word_1_778' title='bbox 1381 5312 1766 5370; x_wconf 80' lang='lat' dir='ltr'><strong>Verumtamen</strong></span> <span class='ocrx_word' id='word_1_779' title='bbox 1824 5316 2052 5372; x_wconf 86' lang='lat' dir='ltr'><strong>solerter</strong></span> 
     </span>
    </p>
   </div>
   <div class='ocr_carea' id='block_1_100' title="bbox 455 5398 2051 5476">
    <p class='ocr_par' dir='ltr' id='par_1_100' title="bbox 455 5398 2051 5476">
     <span class='ocr_line' id='line_1_100' title="bbox 455 5398 2051 5476; baseline 0.003 -19"><span class='ocrx_word' id='word_1_780' title='bbox 455 5404 709 5473; x_wconf 82' lang='lat' dir='ltr'><strong>attende,</strong></span> <span class='ocrx_word' id='word_1_781' title='bbox 736 5398 881 5476; x_wconf 84' lang='lat' dir='ltr'><strong>quod</strong></span> <span class='ocrx_word' id='word_1_782' title='bbox 907 5420 1015 5460; x_wconf 90' lang='lat' dir='ltr'><strong>non</strong></span> <span class='ocrx_word' id='word_1_783' title='bbox 1046 5404 1113 5460; x_wconf 87' lang='lat' dir='ltr'><strong>ad</strong></span> <span class='ocrx_word' id='word_1_784' title='bbox 1142 5404 1351 5460; x_wconf 88' lang='lat' dir='ltr'><strong>libitum</strong></span> <span class='ocrx_word' id='word_1_785' title='bbox 1377 5403 1625 5461; x_wconf 83' lang='lat' dir='ltr'><strong>famulari</strong></span> <span class='ocrx_word' id='word_1_786' title='bbox 1655 5448 1667 5471; x_wconf 88' lang='lat'><strong>,</strong></span> <span class='ocrx_word' id='word_1_787' title='bbox 1710 5404 1804 5462; x_wconf 85' lang='lat' dir='ltr'><strong>sed</strong></span> <span class='ocrx_word' id='word_1_788' title='bbox 1854 5421 2051 5476; x_wconf 85' lang='lat' dir='ltr'><strong>coope—</strong></span> 
     </span>
    </p>
   </div>
   <div class='ocr_carea' id='block_1_101' title="bbox 456 5497 2049 5571">
    <p class='ocr_par' dir='ltr' id='par_1_101' title="bbox 456 5497 2049 5571">
     <span class='ocr_line' id='line_1_101' title="bbox 456 5497 2049 5571; baseline 0.004 -22"><span class='ocrx_word' id='word_1_789' title='bbox 456 5498 563 5554; x_wconf 85' lang='lat' dir='ltr'><strong>rari</strong></span> <span class='ocrx_word' id='word_1_790' title='bbox 591 5497 717 5555; x_wconf 82' lang='lat' dir='ltr'><strong>dicit</strong></span> <span class='ocrx_word' id='word_1_791' title='bbox 741 5498 808 5554; x_wconf 86' lang='lat' dir='ltr'><strong>ad</strong></span> <span class='ocrx_word' id='word_1_792' title='bbox 837 5498 1059 5554; x_wconf 87' lang='lat' dir='ltr'><strong>bonum.</strong></span> <span class='ocrx_word' id='word_1_793' title='bbox 1092 5497 1275 5571; x_wconf 82' lang='lat' dir='ltr'><strong>Neque</strong></span> <span class='ocrx_word' id='word_1_794' title='bbox 1296 5498 1439 5553; x_wconf 84' lang='lat' dir='ltr'><strong>enim</strong></span> <span class='ocrx_word' id='word_1_795' title='bbox 1473 5497 1538 5554; x_wconf 90' lang='lat' dir='ltr'><strong>ad</strong></span> <span class='ocrx_word' id='word_1_796' title='bbox 1564 5497 1897 5556; x_wconf 84' lang='lat' dir='ltr'><strong>voluntatem</strong></span> <span class='ocrx_word' id='word_1_797' title='bbox 1929 5514 2049 5557; x_wconf 88' lang='lat' dir='ltr'><strong>ser-</strong></span> 
     </span>
    </p>
   </div>
   <div class='ocr_carea' id='block_1_102' title="bbox 456 5591 2050 5662">
    <p class='ocr_par' dir='ltr' id='par_1_102' title="bbox 456 5591 2050 5662">
     <span class='ocr_line' id='line_1_102' title="bbox 456 5591 2050 5662; baseline 0.003 -16"><span class='ocrx_word' id='word_1_798' title='bbox 456 5595 626 5660; x_wconf 82' lang='lat' dir='ltr'><strong>viunt,</strong></span> <span class='ocrx_word' id='word_1_799' title='bbox 654 5593 747 5649; x_wconf 81' lang='lat' dir='ltr'><strong>sed</strong></span> <span class='ocrx_word' id='word_1_800' title='bbox 769 5594 836 5648; x_wconf 84' lang='lat' dir='ltr'><strong>ad</strong></span> <span class='ocrx_word' id='word_1_801' title='bbox 869 5593 1192 5660; x_wconf 83' lang='lat' dir='ltr'><strong>utilitatem;</strong></span> <span class='ocrx_word' id='word_1_802' title='bbox 1222 5608 1341 5650; x_wconf 90' lang='lat' dir='ltr'><strong>.non</strong></span> <span class='ocrx_word' id='word_1_803' title='bbox 1363 5591 1428 5650; x_wconf 85' lang='lat' dir='ltr'><strong>ad</strong></span> <span class='ocrx_word' id='word_1_804' title='bbox 1458 5594 1812 5662; x_wconf 81' lang='lat' dir='ltr'><strong>voluptatem,</strong></span> <span class='ocrx_word' id='word_1_805' title='bbox 1854 5594 1950 5649; x_wconf 86' lang='lat' dir='ltr'><strong>sed</strong></span> <span class='ocrx_word' id='word_1_806' title='bbox 1980 5595 2050 5651; x_wconf 88' lang='lat' dir='ltr'><strong>ad</strong></span> 
     </span>
    </p>
   </div>
   <div class='ocr_carea' id='block_1_103' title="bbox 457 5684 2046 5754">
    <p class='ocr_par' dir='ltr' id='par_1_103' title="bbox 457 5684 2046 5754">
     <span class='ocr_line' id='line_1_103' title="bbox 457 5684 2046 5754; baseline 0.001 -13"><span class='ocrx_word' id='word_1_807' title='bbox 457 5687 681 5742; x_wconf 78' lang='lat' dir='ltr'><strong>salutem</strong></span> <span class='ocrx_word' id='word_1_808' title='bbox 707 5701 722 5753; x_wconf 89' lang='lat'><strong>;</strong></span> <span class='ocrx_word' id='word_1_809' title='bbox 750 5700 858 5742; x_wconf 87' lang='lat' dir='ltr'><strong>non</strong></span> <span class='ocrx_word' id='word_1_810' title='bbox 884 5684 953 5743; x_wconf 87' lang='lat' dir='ltr'><strong>ad</strong></span> <span class='ocrx_word' id='word_1_811' title='bbox 976 5697 1180 5754; x_wconf 82' lang='lat' dir='ltr'><strong>votum,</strong></span> <span class='ocrx_word' id='word_1_812' title='bbox 1206 5685 1301 5742; x_wconf 86' lang='lat' dir='ltr'><strong>sed</strong></span> <span class='ocrx_word' id='word_1_813' title='bbox 1320 5685 1388 5742; x_wconf 89' lang='lat' dir='ltr'><strong>ad</strong></span> <span class='ocrx_word' id='word_1_814' title='bbox 1408 5684 1751 5743; x_wconf 83' lang='lat' dir='ltr'><strong>commodum</strong></span> <span class='ocrx_word' id='word_1_815' title='bbox 1777 5695 2046 5744; x_wconf 81' lang='lat' dir='ltr'><strong>nostrum.</strong></span> 
     </span>
    </p>
   </div>
   <div class='ocr_carea' id='block_1_104' title="bbox 529 5823 2065 5896">
    <p class='ocr_par' dir='ltr' id='par_1_104' title="bbox 529 5823 2065 5896">
     <span class='ocr_line' id='line_1_104' title="bbox 529 5823 2065 5896; baseline -0.001 -14"><span class='ocrx_word' id='word_1_816' title='bbox 529 5824 606 5886; x_wconf 81' lang='lat' dir='ltr'><strong>tu)</strong></span> <span class='ocrx_word' id='word_1_817' title='bbox 636 5823 751 5881; x_wconf 83' lang='lat' dir='ltr'><strong>Lib.</strong></span> <span class='ocrx_word' id='word_1_818' title='bbox 788 5840 881 5880; x_wconf 84' lang='lat' dir='ltr'><strong>vnt</strong></span> <span class='ocrx_word' id='word_1_819' title='bbox 910 5824 975 5878; x_wconf 77' lang='lat' dir='ltr'><strong>de</strong></span> <span class='ocrx_word' id='word_1_820' title='bbox 1026 5825 1225 5880; x_wconf 80' lang='lat' dir='ltr'><strong>llistor.</strong></span> <span class='ocrx_word' id='word_1_821' title='bbox 1267 5825 1487 5880; x_wconf 82' lang='lat' dir='ltr'><strong>animal.</strong></span> <span class='ocrx_word' id='word_1_822' title='bbox 1517 5843 1638 5896; x_wconf 78' lang='lat' dir='ltr'><strong>cap.</strong></span> <span class='ocrx_word' id='word_1_823' title='bbox 1674 5827 1697 5881; x_wconf 76' lang='grc'><strong>1</strong></span> <span class='ocrx_word' id='word_1_824' title='bbox 1740 5824 1887 5881; x_wconf 74' lang='lat' dir='ltr'><strong>28rd</strong></span> <span class='ocrx_word' id='word_1_825' title='bbox 1929 5828 2065 5881; x_wconf 76' lang='lat' dir='ltr'><strong>adeo</strong></span> 
     </span>
    </p>
   </div>
   <div class='ocr_carea' id='block_1_105' title="bbox 460 5896 2062 5966">
    <p class='ocr_par' dir='ltr' id='par_1_105' title="bbox 460 5896 2062 5966">
     <span class='ocr_line' id='line_1_105' title="bbox 460 5896 2062 5966; baseline 0.002 -18"><span class='ocrx_word' id='word_1_826' title='bbox 460 5899 515 5951; x_wconf 70' lang='grc' dir='ltr'><strong>ιιι</strong></span> <span class='ocrx_word' id='word_1_827' title='bbox 551 5896 846 5953; x_wconf 59' lang='lat' dir='ltr'><strong>inanimali;</strong></span> <span class='ocrx_word' id='word_1_828' title='bbox 875 5900 1148 5963; x_wconf 65' lang='lat' dir='ltr'><strong>paulatim,</strong></span> <span class='ocrx_word' id='word_1_829' title='bbox 1188 5914 1224 5949; x_wconf 69' lang='lat' dir='ltr'><strong>si</strong></span> <span class='ocrx_word' id='word_1_830' title='bbox 1244 5898 1474 5966; x_wconf 70' lang='lat' dir='ltr'><strong>usimqur</strong></span> <span class='ocrx_word' id='word_1_831' title='bbox 1501 5900 1568 5949; x_wconf 83' lang='lat' dir='ltr'><strong>ml</strong></span> <span class='ocrx_word' id='word_1_832' title='bbox 1612 5901 1840 5953; x_wconf 77' lang='lat' dir='ltr'><strong>animula</strong></span> <span class='ocrx_word' id='word_1_833' title='bbox 1868 5909 2062 5952; x_wconf 83' lang='lat' dir='ltr'><strong>natura</strong></span> 
     </span>
    </p>
   </div>
   <div class='ocr_carea' id='block_1_106' title="bbox 2235 4748 3767 4823">
    <p class='ocr_par' dir='ltr' id='par_1_106' title="bbox 2235 4748 3767 4823">
     <span class='ocr_line' id='line_1_106' title="bbox 2235 4748 3767 4823; baseline -0.004 -13"><span class='ocrx_word' id='word_1_834' title='bbox 2235 4752 2328 4810; x_wconf 74' lang='lat'><strong>36.</strong></span> <span class='ocrx_word' id='word_1_835' title='bbox 2380 4750 2666 4808; x_wconf 64' lang='lat' dir='ltr'><strong>Nonnullae</strong></span> <span class='ocrx_word' id='word_1_836' title='bbox 2710 4759 2860 4823; x_wconf 89' lang='lat' dir='ltr'><strong>sunt,</strong></span> <span class='ocrx_word' id='word_1_837' title='bbox 2910 4749 3110 4817; x_wconf 82' lang='lat' dir='ltr'><strong>fateor,</strong></span> <span class='ocrx_word' id='word_1_838' title='bbox 3157 4748 3616 4818; x_wconf 46' lang='lat' dir='ltr'><strong>herbquuibus</strong></span> <span class='ocrx_word' id='word_1_839' title='bbox 3658 4762 3767 4804; x_wconf 87' lang='lat' dir='ltr'><strong>non</strong></span> 
     </span>
    </p>
   </div>
   <div class='ocr_carea' id='block_1_107' title="bbox 2168 4838 3768 4914">
    <p class='ocr_par' dir='ltr' id='par_1_107' title="bbox 2168 4838 3768 4914">
     <span class='ocr_line' id='line_1_107' title="bbox 2168 4838 3768 4914; baseline -0.002 -15"><span class='ocrx_word' id='word_1_840' title='bbox 2168 4847 2409 4901; x_wconf 80' lang='lat' dir='ltr'><strong>vescitur</strong></span> <span class='ocrx_word' id='word_1_841' title='bbox 2439 4844 2622 4901; x_wconf 88' lang='lat' dir='ltr'><strong>homo.</strong></span> <span class='ocrx_word' id='word_1_842' title='bbox 2650 4843 2823 4902; x_wconf 66' lang='lat' dir='ltr'><strong>Nulla</strong></span> <span class='ocrx_word' id='word_1_843' title='bbox 2849 4851 2979 4899; x_wconf 83' lang='lat' dir='ltr'><strong>sunt</strong></span> <span class='ocrx_word' id='word_1_844' title='bbox 3002 4854 3207 4908; x_wconf 82' lang='lat' dir='ltr'><strong>tamen,</strong></span> <span class='ocrx_word' id='word_1_845' title='bbox 3237 4842 3431 4914; x_wconf 83' lang='lat' dir='ltr'><strong>quibus</strong></span> <span class='ocrx_word' id='word_1_846' title='bbox 3451 4840 3566 4896; x_wconf 89' lang='lat' dir='ltr'><strong>avis</strong></span> <span class='ocrx_word' id='word_1_847' title='bbox 3585 4838 3768 4911; x_wconf 88' lang='lat' dir='ltr'><strong>aliqua</strong></span> 
     </span>
    </p>
   </div>
   <div class='ocr_carea' id='block_1_108' title="bbox 2164 4930 3770 5007">
    <p class='ocr_par' dir='ltr' id='par_1_108' title="bbox 2164 4930 3770 5007">
     <span class='ocr_line' id='line_1_108' title="bbox 2164 4930 3770 5007; baseline -0.005 -12"><span class='ocrx_word' id='word_1_848' title='bbox 2164 4954 2271 4995; x_wconf 89' lang='lat' dir='ltr'><strong>non</strong></span> <span class='ocrx_word' id='word_1_849' title='bbox 2302 4948 2571 4994; x_wconf 88' lang='lat' dir='ltr'><strong>vescatur.</strong></span> <span class='ocrx_word' id='word_1_850' title='bbox 2604 4935 2809 4993; x_wconf 81' lang='lat' dir='ltr'><strong>Cornix</strong></span> <span class='ocrx_word' id='word_1_851' title='bbox 2853 4952 2985 5007; x_wconf 83' lang='lat' dir='ltr'><strong>sane</strong></span> <span class='ocrx_word' id='word_1_852' title='bbox 3029 4937 3205 4992; x_wconf 90' lang='lat' dir='ltr'><strong>cicuta</strong></span> <span class='ocrx_word' id='word_1_853' title='bbox 3237 4932 3491 4999; x_wconf 76' lang='lat' dir='ltr'><strong>vescitur,</strong></span> <span class='ocrx_word' id='word_1_854' title='bbox 3528 4930 3770 4987; x_wconf 78' lang='lat' dir='ltr'><strong>veneﬁca</strong></span> 
     </span>
    </p>
   </div>
   <div class='ocr_carea' id='block_1_109' title="bbox 2166 5022 3774 5100">
    <p class='ocr_par' dir='ltr' id='par_1_109' title="bbox 2166 5022 3774 5100">
     <span class='ocr_line' id='line_1_109' title="bbox 2166 5022 3774 5100; baseline -0.006 -12"><span class='ocrx_word' id='word_1_855' title='bbox 2166 5032 2325 5088; x_wconf 81' lang='lat' dir='ltr'><strong>nobis</strong></span> <span class='ocrx_word' id='word_1_856' title='bbox 2356 5030 2544 5087; x_wconf 84' lang='lat' dir='ltr'><strong>herba.</strong></span> <span class='ocrx_word' id='word_1_857' title='bbox 2571 5029 2704 5100; x_wconf 80' lang='lat' dir='ltr'><strong>Quis</strong></span> <span class='ocrx_word' id='word_1_858' title='bbox 2730 5039 2909 5087; x_wconf 79' lang='lat' dir='ltr'><strong>autem</strong></span> <span class='ocrx_word' id='word_1_859' title='bbox 2935 5030 3135 5096; x_wconf 85' lang='lat' dir='ltr'><strong>nescit,</strong></span> <span class='ocrx_word' id='word_1_860' title='bbox 3170 5042 3300 5084; x_wconf 85' lang='lat' dir='ltr'><strong>aves</strong></span> <span class='ocrx_word' id='word_1_861' title='bbox 3327 5026 3607 5082; x_wconf 88' lang='lat' dir='ltr'><strong>hominum</strong></span> <span class='ocrx_word' id='word_1_862' title='bbox 3650 5022 3774 5081; x_wconf 89' lang='lat' dir='ltr'><strong>usui</strong></span> 
     </span>
    </p>
   </div>
   <div class='ocr_carea' id='block_1_110' title="bbox 2167 5118 3768 5194">
    <p class='ocr_par' dir='ltr' id='par_1_110' title="bbox 2167 5118 3768 5194">
     <span class='ocr_line' id='line_1_110' title="bbox 2167 5118 3768 5194; baseline -0.004 -14"><span class='ocrx_word' id='word_1_863' title='bbox 2167 5124 2466 5181; x_wconf 72' lang='lat' dir='ltr'><strong>inservire?</strong></span> <span class='ocrx_word' id='word_1_864' title='bbox 2516 5121 2785 5181; x_wconf 60' lang='lat' dir='ltr'><strong>Caeterum</strong></span> <span class='ocrx_word' id='word_1_865' title='bbox 2816 5122 2904 5187; x_wconf 89' lang='lat' dir='ltr'><strong>iis,</strong></span> <span class='ocrx_word' id='word_1_866' title='bbox 2932 5122 3130 5194; x_wconf 89' lang='lat' dir='ltr'><strong>quibus</strong></span> <span class='ocrx_word' id='word_1_867' title='bbox 3164 5136 3273 5176; x_wconf 90' lang='lat' dir='ltr'><strong>non</strong></span> <span class='ocrx_word' id='word_1_868' title='bbox 3306 5120 3543 5175; x_wconf 83' lang='lat' dir='ltr'><strong>vescitur</strong></span> <span class='ocrx_word' id='word_1_869' title='bbox 3582 5118 3768 5183; x_wconf 85' lang='lat' dir='ltr'><strong>homo,</strong></span> 
     </span>
    </p>
   </div>
   <div class='ocr_carea' id='block_1_111' title="bbox 2163 5208 3773 5283">
    <p class='ocr_par' dir='ltr' id='par_1_111' title="bbox 2163 5208 3773 5283">
     <span class='ocr_line' id='line_1_111' title="bbox 2163 5208 3773 5283; baseline -0.007 -8"><span class='ocrx_word' id='word_1_870' title='bbox 2163 5230 2220 5275; x_wconf 89' lang='lat' dir='ltr'><strong>et</strong></span> <span class='ocrx_word' id='word_1_871' title='bbox 2250 5234 2387 5274; x_wconf 67' lang='lat' dir='ltr'><strong>rarae</strong></span> <span class='ocrx_word' id='word_1_872' title='bbox 2417 5226 2710 5273; x_wconf 85' lang='lat' dir='ltr'><strong>vescuntur</strong></span> <span class='ocrx_word' id='word_1_873' title='bbox 2753 5230 2903 5283; x_wconf 87' lang='lat' dir='ltr'><strong>aves,</strong></span> <span class='ocrx_word' id='word_1_874' title='bbox 2937 5214 3080 5272; x_wconf 89' lang='lat' dir='ltr'><strong>idem</strong></span> <span class='ocrx_word' id='word_1_875' title='bbox 3112 5215 3275 5271; x_wconf 86' lang='lat' dir='ltr'><strong>homo</strong></span> <span class='ocrx_word' id='word_1_876' title='bbox 3305 5211 3493 5267; x_wconf 85' lang='lat' dir='ltr'><strong>utitur.</strong></span> <span class='ocrx_word' id='word_1_877' title='bbox 3526 5210 3679 5278; x_wconf 78' lang='lat' dir='ltr'><strong>Quod</strong></span> <span class='ocrx_word' id='word_1_878' title='bbox 3724 5208 3773 5265; x_wconf 87' lang='lat' dir='ltr'><strong>si</strong></span> 
     </span>
    </p>
   </div>
   <div class='ocr_carea' id='block_1_112' title="bbox 2164 5300 3777 5379">
    <p class='ocr_par' dir='ltr' id='par_1_112' title="bbox 2164 5300 3777 5379">
     <span class='ocr_line' id='line_1_112' title="bbox 2164 5300 3777 5379; baseline -0.006 -13"><span class='ocrx_word' id='word_1_879' title='bbox 2164 5312 2304 5368; x_wconf 87' lang='lat' dir='ltr'><strong>alios</strong></span> <span class='ocrx_word' id='word_1_880' title='bbox 2326 5310 2397 5367; x_wconf 88' lang='lat' dir='ltr'><strong>ob</strong></span> <span class='ocrx_word' id='word_1_881' title='bbox 2442 5310 2577 5366; x_wconf 73' lang='lat' dir='ltr'><strong>finies</strong></span> <span class='ocrx_word' id='word_1_882' title='bbox 2604 5306 2823 5365; x_wconf 76' lang='lat' dir='ltr'><strong>inutiles</strong></span> <span class='ocrx_word' id='word_1_883' title='bbox 2853 5318 3032 5379; x_wconf 80' lang='lat' dir='ltr'><strong>putas,</strong></span> <span class='ocrx_word' id='word_1_884' title='bbox 3060 5315 3351 5378; x_wconf 80' lang='lat' dir='ltr'><strong>propterea</strong></span> <span class='ocrx_word' id='word_1_885' title='bbox 3381 5312 3566 5360; x_wconf 82' lang='lat' dir='ltr'><strong>tamen</strong></span> <span class='ocrx_word' id='word_1_886' title='bbox 3611 5300 3777 5357; x_wconf 88' lang='lat' dir='ltr'><strong>utiles</strong></span> 
     </span>
    </p>
   </div>
   <div class='ocr_carea' id='block_1_113' title="bbox 2165 5394 3777 5476">
    <p class='ocr_par' dir='ltr' id='par_1_113' title="bbox 2165 5394 3777 5476">
     <span class='ocr_line' id='line_1_113' title="bbox 2165 5394 3777 5476; baseline -0.008 -14"><span class='ocrx_word' id='word_1_887' title='bbox 2165 5415 2359 5464; x_wconf 87' lang='lat' dir='ltr'><strong>erunt.</strong></span> <span class='ocrx_word' id='word_1_888' title='bbox 2422 5405 2563 5476; x_wconf 79' lang='lat' dir='ltr'><strong>quod</strong></span> <span class='ocrx_word' id='word_1_889' title='bbox 2612 5401 2813 5458; x_wconf 86' lang='lat' dir='ltr'><strong>seriem</strong></span> <span class='ocrx_word' id='word_1_890' title='bbox 2866 5401 3012 5457; x_wconf 87' lang='lat' dir='ltr'><strong>illam</strong></span> <span class='ocrx_word' id='word_1_891' title='bbox 3062 5398 3223 5457; x_wconf 87' lang='lat' dir='ltr'><strong>nobis</strong></span> <span class='ocrx_word' id='word_1_892' title='bbox 3288 5396 3630 5454; x_wconf 80' lang='lat' dir='ltr'><strong>manifestius</strong></span> <span class='ocrx_word' id='word_1_893' title='bbox 3674 5394 3777 5450; x_wconf 85' lang='lat' dir='ltr'><strong>sub</strong></span> 
     </span>
    </p>
   </div>
   <div class='ocr_carea' id='block_1_114' title="bbox 2163 5489 3775 5570">
    <p class='ocr_par' dir='ltr' id='par_1_114' title="bbox 2163 5489 3775 5570">
     <span class='ocr_line' id='line_1_114' title="bbox 2163 5489 3775 5570; baseline -0.01 -13"><span class='ocrx_word' id='word_1_894' title='bbox 2163 5500 2354 5557; x_wconf 86' lang='lat' dir='ltr'><strong>oculos</strong></span> <span class='ocrx_word' id='word_1_895' title='bbox 2385 5507 2606 5570; x_wconf 87' lang='lat' dir='ltr'><strong>ponant,</strong></span> <span class='ocrx_word' id='word_1_896' title='bbox 2636 5510 2797 5566; x_wconf 87' lang='lat' dir='ltr'><strong>quam</strong></span> <span class='ocrx_word' id='word_1_897' title='bbox 2827 5489 3121 5563; x_wconf 85' lang='lat' dir='ltr'><strong>aliquando</strong></span> <span class='ocrx_word' id='word_1_898' title='bbox 3165 5500 3471 5547; x_wconf 84' lang='lat' dir='ltr'><strong>memorant</strong></span> <span class='ocrx_word' id='word_1_899' title='bbox 3509 5489 3775 5545; x_wconf 78' lang='lat' dir='ltr'><strong>Aristote-</strong></span> 
     </span>
    </p>
   </div>
   <div class='ocr_carea' id='block_1_115' title="bbox 2171 5579 3781 5667">
    <p class='ocr_par' dir='ltr' id='par_1_115' title="bbox 2171 5579 3781 5667">
     <span class='ocr_line' id='line_1_115' title="bbox 2171 5579 3781 5667; baseline -0.007 -18"><span class='ocrx_word' id='word_1_900' title='bbox 2171 5598 2249 5650; x_wconf 86' lang='lat' dir='ltr'><strong>les</strong></span> <span class='ocrx_word' id='word_1_901' title='bbox 2274 5593 2377 5667; x_wconf 77' lang='grc' dir='ltr'>(ιι),</span> <span class='ocrx_word' id='word_1_902' title='bbox 2400 5600 2457 5649; x_wconf 86' lang='lat' dir='ltr'><strong>et</strong></span> <span class='ocrx_word' id='word_1_903' title='bbox 2479 5591 2711 5658; x_wconf 75' lang='lat' dir='ltr'><strong>Tullius,</strong></span> <span class='ocrx_word' id='word_1_904' title='bbox 2740 5603 2794 5646; x_wconf 90' lang='lat' dir='ltr'><strong>et</strong></span> <span class='ocrx_word' id='word_1_905' title='bbox 2821 5585 3113 5645; x_wconf 85' lang='lat' dir='ltr'><strong>inculcavit</strong></span> <span class='ocrx_word' id='word_1_906' title='bbox 3134 5585 3398 5655; x_wconf 77' lang='lat' dir='ltr'><strong>deinceps</strong></span> <span class='ocrx_word' id='word_1_907' title='bbox 3446 5579 3781 5637; x_wconf 71' lang='lat' dir='ltr'><strong>Valisnrrius</strong></span> 
     </span>
    </p>
   </div>
   <div class='ocr_carea' id='block_1_116' title="bbox 2165 5673 3770 5758">
    <p class='ocr_par' dir='ltr' id='par_1_116' title="bbox 2165 5673 3770 5758">
     <span class='ocr_line' id='line_1_116' title="bbox 2165 5673 3770 5758; baseline -0.009 -16"><span class='ocrx_word' id='word_1_908' title='bbox 2165 5684 2459 5758; x_wconf 78' lang='lat' dir='ltr'><strong>(Peculiari</strong></span> <span class='ocrx_word' id='word_1_909' title='bbox 2483 5682 2733 5756; x_wconf 77' lang='lat' dir='ltr'><strong>opusculo</strong></span> <span class='ocrx_word' id='word_1_910' title='bbox 2762 5698 2822 5737; x_wconf 83' lang='lat' dir='ltr'><strong>ea</strong></span> <span class='ocrx_word' id='word_1_911' title='bbox 2850 5680 2917 5741; x_wconf 76' lang='lat' dir='ltr'><strong>de</strong></span> <span class='ocrx_word' id='word_1_912' title='bbox 2941 5695 2998 5736; x_wconf 71' lang='lat' dir='ltr'><strong>re</strong></span> <span class='ocrx_word' id='word_1_913' title='bbox 3025 5678 3219 5752; x_wconf 80' lang='lat' dir='ltr'><strong>edito);</strong></span> <span class='ocrx_word' id='word_1_914' title='bbox 3251 5683 3313 5735; x_wconf 85' lang='lat' dir='ltr'><strong>et</strong></span> <span class='ocrx_word' id='word_1_915' title='bbox 3337 5676 3501 5734; x_wconf 79' lang='lat' dir='ltr'><strong>facile</strong></span> <span class='ocrx_word' id='word_1_916' title='bbox 3530 5673 3584 5732; x_wconf 90' lang='lat' dir='ltr'><strong>id</strong></span> <span class='ocrx_word' id='word_1_917' title='bbox 3608 5674 3770 5745; x_wconf 86' lang='lat' dir='ltr'><strong>quis-</strong></span> 
     </span>
    </p>
   </div>
   <div class='ocr_carea' id='block_1_117' title="bbox 2187 5813 3783 5887">
    <p class='ocr_par' dir='ltr' id='par_1_117' title="bbox 2187 5813 3783 5887">
     <span class='ocr_line' id='line_1_117' title="bbox 2187 5813 3783 5887; baseline -0.008 -10"><span class='ocrx_word' id='word_1_918' title='bbox 2187 5826 2368 5878; x_wconf 78' lang='lat' dir='ltr'><strong>trunsit</strong></span> <span class='ocrx_word' id='word_1_919' title='bbox 2398 5831 2449 5878; x_wconf 82' lang='lat' dir='ltr'><strong>ut</strong></span> <span class='ocrx_word' id='word_1_920' title='bbox 2480 5820 2862 5877; x_wconf 79' lang='lat' dir='ltr'><strong>continuatione</strong></span> <span class='ocrx_word' id='word_1_921' title='bbox 2906 5819 3017 5887; x_wconf 71' lang='lat' dir='ltr'><strong>ipsa</strong></span> <span class='ocrx_word' id='word_1_922' title='bbox 3066 5818 3219 5870; x_wconf 77' lang='lat' dir='ltr'><strong>latrat</strong></span> <span class='ocrx_word' id='word_1_923' title='bbox 3266 5829 3441 5871; x_wconf 67' lang='lat' dir='ltr'><strong>eorum</strong></span> <span class='ocrx_word' id='word_1_924' title='bbox 3476 5813 3783 5883; x_wconf 76' lang='lat' dir='ltr'><strong>conﬁnium,</strong></span> 
     </span>
    </p>
   </div>
   <div class='ocr_carea' id='block_1_118' title="bbox 2187 5893 3195 5963">
    <p class='ocr_par' dir='ltr' id='par_1_118' title="bbox 2187 5893 3195 5963">
     <span class='ocr_line' id='line_1_118' title="bbox 2187 5893 3195 5963; baseline -0.01 -12"><span class='ocrx_word' id='word_1_925' title='bbox 2187 5908 2234 5951; x_wconf 79' lang='lat' dir='ltr'><strong>et</strong></span> <span class='ocrx_word' id='word_1_926' title='bbox 2262 5895 2485 5951; x_wconf 74' lang='lat' dir='ltr'><strong>medium</strong></span> <span class='ocrx_word' id='word_1_927' title='bbox 2513 5894 2773 5963; x_wconf 67' lang='lat' dir='ltr'><strong>utriusque</strong></span> <span class='ocrx_word' id='word_1_928' title='bbox 2803 5893 2867 5948; x_wconf 70' lang='lat' dir='ltr'><strong>sit</strong></span> <span class='ocrx_word' id='word_1_929' title='bbox 2896 5899 3195 5945; x_wconf 56' lang='lat' dir='ltr'><strong>extremum</strong></span> 
     </span>
    </p>
   </div>
   <div class='ocr_carea' id='block_1_119' title="bbox 3948 28 4145 35">
    <p class='ocr_par' dir='ltr' id='par_1_119' title="bbox 3948 28 4145 35">
     <span class='ocr_line' id='line_1_119' title="bbox 3948 28 4145 35; baseline 0 -2"><span class='ocrx_word' id='word_1_930' title='bbox 3948 28 4073 35; x_wconf 41' lang='lat' dir='ltr'><strong>has,</strong></span> <span class='ocrx_word' id='word_1_931' title='bbox 4102 30 4145 33; x_wconf 15' lang='grc' dir='ltr'><strong>νς</strong></span> 
     </span>
    </p>
   </div>
  </div>
