4464 6462
423 312 519 366 841

1163 322 1224 377 l.\'
1265 320 1522 383 HlLAllll
1565 324 1782 385 Ei’lSl‘.
1820 325 1950 383 SEU
1992 323 2211 384 LlBEL.
2257 327 2715 389 DlSSElt'l‘ATlO
2750 330 3074 391 SECUNDA

3601 341 3706 396 852

419 424 640 479 datum.
686 426 779 483 sed
813 429 1119 488 mandatum
1167 444 1375 494 natum.
1406 436 1693 507 Quomodo
1722 438 1869 497 enim
1899 456 2009 497 non
2036 440 2088 501 Α
2114 438 2345 500 humana
2397 453 2585 502 natura
2634 455 2906 515 assumpta
2945 447 3129 512 habet.
3181 450 3431 523 accipiat,
3467 463 3707 523 potestn-

417 527 501 572 est
550 519 862 577 mandatum
914 523 1111 589 Patris,
1165 529 1308 598 quod
1336 538 1420 586 est
1464 528 1698 587 Ver-bum
1730 532 1947 588 Patris?
1982 553 2001 587 ι

419 607 625 667 ltursus
639 626 762 669 cum
783 612 898 670 hac
928 618 1153 686 protulit
1177 618 1256 692 (a)
1284 637 1299 676 :
1328 638 1348 675 ι
1377 621 1631 679 Formam
1651 622 1752 681 sibi
1771 626 1823 680 in
1838 625 2007 696 phan-

414 711 643 762 laniate
668 706 849 771 cordis
877 710 960 766 sui
1006 712 1161 782 quasi
1214 713 1356 772 duos
1403 716 1616 789 aliquos
1660 720 1813 791 quasi
1854 720 2008 789 juxta

415 794 666 867 invicem,
698 796 756 855 in
798 800 913 857 suis
952 810 1131 862 tamen
1162 804 1298 862 locis
1326 809 1675 876 constitutos,
1725 827 1891 868 unum
1918 812 2006 882 ju-

413 887 652 960 bentcm,
682 899 740 950 et
766 892 997 952 alterum
1027 896 1493 968 obtemperantem
1525 922 1538 958 :
1568 919 1671 962 nec
1700 906 2008 978 intelligunt

415 981 584 1055 ipSam
603 985 894 1060 jwionem
932 987 1128 1059 Patris,
1165 1001 1223 1049 ιιι
1250 992 1443 1053 tierent
1488 997 1693 1066 omnia,
1725 1014 1833 1055 non
1883 1014 2005 1056 esse

412 1077 512 1135 nisi
541 1076 777 1139 Verbum
806 1080 1003 1152 Patris,
1033 1100 1131 1157 per
1156 1088 1302 1160 quod
1334 1090 1471 1148 facta
1501 1100 1629 1150 sunt
1654 1094 1857 1150 omnia.
1908 1115 1927 1148 ι

489 1171 574 1227 lli.
630 1170 725 1231 llis
770 1174 1098 1248 adiungendi
1148 1189 1276 1236 sunt
1321 1181 1511 1241 Patres
1561 1184 1660 1251 illi,
1704 1189 1795 1257 qui
1839 1187 2002 1244 verba

412 1264 600 1334 psalmi
630 1283 828 1325 curnt
857 1267 926 1344 (ιν.
962 1269 995 1326 ὃ
1022 1270 1042 1340 )
1074 1290 1086 1327 :
1118 1269 1242 1347 Ipse
1269 1276 1550 1343 mandavit,
1571 1286 1621 1333 et
1649 1290 1822 1333 creata
1858 1291 2000 1347 sunt,

408 1357 481 1414 ita
510 1371 810 1433 exponunt,
859 1370 917 1418 ut
945 1363 1157 1422 Patrem
1206 1367 1518 1431 describant
1547 1387 1728 1431 rerum
1766 1376 2001 1432 creatio-

409 1466 532 1509 nem
577 1450 715 1511 Filio
758 1457 1201 1529 pracipientem;
1254 1461 1308 1519 in
1360 1478 1591 1536 quorum
1633 1484 1862 1526 numero
1891 1467 2001 1530 lrc—

407 1561 559 1602 utens
587 1548 815 1617 eminet,
844 1548 1002 1621 cujus
1027 1549 1143 1609 bzec
1171 1553 1456 1618 notissima
1483 1558 1722 1631 quidem,
1754 1561 1851 1620 sed
1877 1580 2000 1636 quac

405 1648 586 1697 tamen
618 1636 823 1700 referre
853 1642 942 1701 hic
969 1644 1170 1717 placet,
1226 1648 1387 1708 verba
1418 1660 1546 1709 sunt
1569 1652 1682 1717 (lib.
1715 1670 1794 1721 ut,
1819 1674 1869 1713 ο.
1895 1655 1955 1729 8)
1982 1676 1995 1714 :

400 1729 502 1787 Cui
550 1748 674 1806 ergo
727 1736 1017 1810 prmerpit?
1062 1735 1228 1797 Verbo
1272 1742 1506 1813 scilicet,
1559 1763 1651 1814 per
1703 1748 1842 1818 quod
1886 1750 1999 1806 coal:

324 1888 327 1889 ν
404 1822 603 1894 [innati
628 1838 762 1885 sunt.

480 1919 569 1978 lt.
628 1921 888 1982 Irenaeum
938 1940 1240 2001 sequmitur
1295 1930 1485 1990 Patres
1543 1936 1759 1993 concilii
1808 1939 1999 1997 Antio-

404 2010 567 2071 cbeni
605 2015 780 2090 (Tom.
808 2035 825 2074 ι
854 2019 1053 2078 Coneil.
1082 2021 1273 2081 ιιιωεὶ
1301 2045 1425 2099 pag.
1466 2028 1599 2101 867)
1626 2040 1813 2087 contra
1862 2033 2000 2091 Pau-

406 2106 522 2164 lum
545 2107 959 2177 Samosatenum
990 2116 1268 2187 celebrati,
1300 2121 1629 2179 Athanasius
1657 2123 1748 2198 (Ιιι
1775 2126 1907 2184 ltbro
1934 2130 2000 2184 de

409 2200 638 2279 Daretis
660 2202 701 2275 ),
732 2202 968 2279 Cyrillus
997 2211 1395 2272 Alexandrinus
1418 2215 1534 2287 (lib.
1566 2232 1697 2275 xxix
1726 2218 1994 2289 Thesauri,

403 2308 527 2368 pag.
556 2295 711 2371 255).
742 2307 797 2356 et
827 2298 1058 2376 Prosper
1093 2302 1190 2381 (In
1234 2322 1505 2367 conantem.
1545 2313 1603 2368 in
1648 2315 1819 2371 locum
1860 2317 1998 2374 [tunc

404 2386 596 2458 psalmi
639 2407 836 2453 cxcvtu
935 2396 1053 2465 ipse
1080 2399 1380 2473 urandavit,
1411 2415 1469 2463 et
1496 2418 1677 2465 creata
1699 2409 1872 2485 sunt).
1902 2411 2000 2470 At-

406 2497 512 2552 que
563 2482 720 2576 hujus
764 2487 982 2560 quidem
1012 2495 1274 2565 postremi
1318 2494 1513 2566 Patris,
1544 2507 1608 2556 ut
1634 2511 1761 2573 pote
1784 2482 1876 2576 qui
1906 2505 1997 2561 diu

407 2586 528 2644 post
561 2575 857 2643 Nicaanum.
887 2590 1051 2648 atque
1080 2582 1221 2643 adeo
1267 2598 1392 2659 post
1442 2575 1997 2665 Constantinopolita-

406 2682 535 2721 num
566 2670 854 2729 concilium
898 2672 1053 2741 visit,
1103 2677 1265 2734 verba
1314 2678 1429 2751 ipsa
1477 2684 1680 2745 relerre
1708 2685 1798 2744 hic
1823 2686 1952 2747 libet

414 2778 435 2811 ι
468 2759 623 2831 Quod
651 2765 794 2822 enim
845 2764 987 2824 Deus
1015 2768 1168 2838 dicit,
1204 2768 1378 2832 Verbo
1422 2776 1572 2834 dicit.
1622 2778 1689 2837 Et
1736 2781 1993 2853 Verbtun,

404 2873 502 2927 per
528 2856 669 2929 quod
699 2859 838 2921 facta
867 2874 995 2920 sunt
1019 2866 1223 2937 nuntia,
1243 2869 1552 2931 mandatum
1581 2871 1814 2934 dicentis
1835 2890 1995 2937 exse-

402 2953 588 3021 quitur
616 2949 884 3024 (Ibidem).
922 2974 944 3010 ι

478 3042 566 3101 l5.
597 3044 676 3102 Ad
703 3046 996 3107 secundum
1020 3065 1183 3121 porro
1210 3065 1373 3127 caput
1399 3056 1477 3130 (id
1491 3068 1576 3116 est
1601 3060 1669 3117 ad
1687 3076 1752 3120 ea
1774 3061 1994 3121 Patrum

406 3135 544 3204 loca,
595 3136 648 3193 in
692 3136 889 3211 quibus
930 3140 1127 3203 dicitur
1172 3146 1424 3207 obedisse
1469 3149 1664 3219 Filios,
1708 3164 1993 3228 antequam

2113 542 2219 590 tem
2251 537 2458 591 creandi
2486 546 2543 593 et
2586 540 2886 610 providendi
2914 554 3364 612 commemorant,
3390 560 3554 616 quam
3585 564 3709 618 pro-

2110 627 2198 682 cul
2248 626 2417 683 dubio
2448 630 2610 688 habet
2654 647 2720 688 ex
2752 641 2944 691 natura
2973 633 3177 701 divina,
3209 644 3266 693 et
3294 638 3348 693 in
3394 649 3590 696 natura
3624 641 3708 697 di-

2110 721 2254 782 tina.
2284 724 2505 781 minime
2534 739 2665 782 vero
2694 741 2761 783 ex
2791 727 3048 784 humana.
3100 729 3182 785 En
3210 746 3333 803 qum
3376 733 3448 790 ibi
3479 734 3704 792 tradun-

2111 826 2197 872 tur
2213 835 2255 869 ;‹
2266 817 2631 888 Quaecumque
2642 832 2823 877 tamen
2837 829 3012 891 potest
3030 820 3371 898 (Diaconos),
3392 830 3705 886 moderetur

2110 926 2207 981 per
2233 928 2376 981 sese,
2440 921 2661 982 accepta
2687 913 2757 969 ab
2783 914 3050 986 Episcopo
3077 925 3366 987 potestate,
3392 920 3534 977 sicut
3550 922 3706 979 Chri-

2106 1017 2227 1063 stus
2275 1016 2599 1078 potestatem
2647 1008 2888 1075 creandi,
2945 1017 3002 1066 et
3049 1010 3366 1080 providendi
3422 1020 3633 1087 accepit
3675 1037 3703 1073 a

2105 1096 2285 1154 Patre.
2321 1118 2340 1152 ι
2369 1098 2526 1166 Vide,
2570 1099 2822 1165 obsecro,
2865 1101 3132 1172 integrum
3164 1115 3323 1173 caput
3370 1106 3447 1165 26
3495 1108 3616 1165 libri
3664 1126 3700 1165 ιι

2107 1192 2417 1249 earumdem
2446 1192 2878 1249 Constitutionum
2903 1235 2917 1249 .
2949 1193 3003 1249 in
3044 1211 3152 1266 quo
3183 1198 3402 1267 quidem
3433 1200 3553 1257 loco
3581 1202 3701 1257 lucc

2103 1284 2246 1342 inter
2273 1294 2469 1343 caetera
2503 1286 2753 1357 leguntur
2783 1305 2798 1342 :
2841 1306 2861 1340 ι
2902 1288 3269 1346 Diaeonissant
3301 1302 3697 1360 reprzcseutare

2104 1380 2365 1450 Spiritum
2410 1382 2693 1447 Sanctum,
2751 1396 2872 1451 quae
2903 1381 3038 1439 nihil
3085 1384 3204 1441 sine
3251 1384 3486 1442 Diaeono
3525 1388 3703 1445 facere

2102 1472 2322 1539 debeat,
2350 1482 2445 1531 aut
2471 1473 2640 1546 loqui,
2668 1489 2829 1543 quem
2859 1475 2929 1532 ad
2955 1475 3176 1534 modum
3202 1493 3380 1549 neque
3402 1480 3702 1540 Paraclitus

2103 1580 2133 1618 a
2164 1579 2223 1621 se
2262 1567 2380 1636 ipso
2408 1565 2613 1635 aliquid
2646 1565 2910 1639 loquitur,
2942 1579 3037 1624 aut
3084 1570 3231 1639 facit,
3278 1573 3376 1630 sed
3416 1572 3697 1635 Christum

2103 1658 2432 1729 glorificans.
2465 1660 2800 1717 voluntatem
2831 1661 2975 1718 illius
3000 1674 3299 1736 exspectat.

2175 1752 2265 1809 17.
2286 1752 2523 1810 [tenens
2547 1752 2685 1825 (Lib.
2718 1770 2863 1821 tv,c.
2895 1755 2985 1823 17;
3010 1756 3068 1813 in
3096 1758 3481 1839 nooeeditione,
3503 1780 3629 1835 cap.
3645 1766 3700 1833 7,

2029 1840 2081 1903 Β
2108 1862 2162 1900 ιι.
2196 1843 2255 1919 4)
2286 1855 2467 1918 negat,
2500 1845 2670 1904 Deum
2696 1846 2915 1905 Patrem
2960 1850 3016 1906 in
3065 1850 3266 1907 Mundo
3300 1853 3586 1911 condendo
3617 1856 3702 1913 in~

2102 1939 2341 2012 diguisse
2368 1941 2698 2013 Angelorum
2722 1956 2925 2011 opera,
2953 1945 3155 2017 quippe
3185 1945 3260 2002 illi
3304 1949 3554 2020 egregius
3597 1951 3703 2008 mi-

2103 2032 2273 2089 nister
2298 2032 2538 2091 Verbum
2571 2042 2771 2105 praesto
2792 2044 2914 2092 est:
2953 2054 2973 2088 ι
3010 2038 3279 2094 ministrat
3302 2040 3470 2109 enim,
3502 2042 3697 2114 inquit,

2101 2122 2169 2180 ad
2198 2124 2381 2181 omnia
2423 2139 2518 2181 sua
2567 2128 2871 2198 progenies.
2899 2138 2955 2183 et
2999 2127 3248 2201 ﬁguratio
3275 2147 3396 2202 sua,
3445 2133 3499 2191 id
3530 2137 3701 2194 estli-

2104 2218 2234 2285 lius,
2264 2227 2323 2275 et
2343 2218 2578 2289 Spiritus
2604 2218 2858 2291 Sanetus,
2896 2221 3153 2290 Verbum,
3180 2234 3237 2281 et
3265 2227 3552 2296 sapientia,
3579 2231 3701 2300 qui-

2102 2310 2204 2367 bus
2230 2312 2500 2378 serviunt,
2533 2322 2591 2371 et
2638 2313 2870 2385 subjecti
2899 2324 3029 2371 sunt
3062 2319 3275 2389 Angch.
3310 2339 3333 2373 ι
3370 2319 3505 2376 Eum
3534 2323 3698 2386 etiam

2101 2403 2190 2461 hic
2210 2405 2389 2463 mole
2417 2405 2795 2482 locum,quetn
2822 2424 2970 2466 num.
3003 2411 3040 2467 2
3064 2411 3290 2485 allegavi
3321 2432 3333 2466 :
3371 2414 3541 2473 «Filio
3568 2433 3698 2474 vero

2100 2500 2502 2567 ministrante,»
2526 2509 2631 2558 etc.

2174 2589 2263 2649 18.
2298 2591 2559 2649 Doctores
2589 2592 2688 2649 hos
2716 2594 2961 2667 sequitur
2987 2595 3054 2661 is,
3080 2599 3169 2653 cui
3207 2596 3469 2657 debemus
3495 2600 3691 2659 librum

2106 2685 2169 2739 de
2197 2683 2588 2751 lnrarnatioue,
2640 2688 2734 2759 qui
2784 2688 2923 2744 inter
2961 2690 3249 2761 Augustini
3280 2707 3447 2762 opera
3470 2703 3648 2751 exstat
3679 2714 3692 2751 :

2098 2781 2298 2850 quippe
2327 2782 2405 2835 ait
2433 2779 2568 2850 (Lib.
2615 2796 2656 2848 ι.
2685 2798 2795 2854 cap.
2833 2781 2914 2853 2),
2953 2799 2974 2834 ι
3018 2781 3214 2839 Filium
3244 2786 3297 2839 in
3328 2787 3477 2845 omni
3504 2788 3699 2845 condi-

2100 2872 2249 2931 tione
2279 2871 2426 2930 Patri
2457 2873 2812 2940 ministrasse.
2848 2876 2972 2940 quia
3002 2890 3101 2948 per
3131 2879 3307 2949 ipsum
3334 2882 3515 2937 omnia
3556 2881 3697 2940 facta

2097 2974 2241 3021 sunt.
2283 2986 2304 3020 ι
2341 2965 2397 3026 Si
2429 2968 2482 3022 in
2510 2967 2658 3023 omni
2685 2968 2997 3025 conditione
3023 2968 3169 3026 Patri
3206 2973 3556 3037 ministravit.
3598 2975 3699 3032 Pa-

2102 3057 2168 3113 tri
2201 3057 2364 3115 ctiam
2393 3058 2726 3117 ministravit
2751 3061 2843 3117 diu
2878 3072 3168 3133 antequam
3199 3064 3588 3125 iucarnarelur.

2171 3153 2258 3208 19.
2302 3150 2500 3209 Fateor
2542 3168 2725 3223 porro,
2757 3155 3010 3212 nonnulla
3043 3171 3111 3212 ex
3157 3157 3245 3223 iis,
3288 3174 3409 3230 quae
3439 3162 3695 3232 allegavi.

400 3233 565 3286 etiam
609 3229 900 3291 humanam
938 3250 1158 3302 carnem
1204 3242 1527 3317 assumeret)
1571 3246 1843 3316 pertinent
1884 3267 1990 3307 non
2019 3229 2065 3305 Β
2098 3259 2239 3312 mus,
2271 3246 2413 3302 cludi
2445 3244 2677 3303 fortasse
2712 3262 2892 3317 posse,
2931 3249 3015 3304 vel
3065 3246 3114 3304 si
3157 3266 3381 3309 moneas
3418 3255 3697 3325 appositas

401 3338 570 3397 pauca
615 3342 824 3395 eorum.
871 3344 994 3401 quae
1022 3335 1185 3391 modo
1230 3336 1533 3407 retulimus,
1574 3350 1735 3412 atque
1759 3358 1989 3415 expres-

399 3416 614 3476 sissime
646 3430 976 3491 postremum
1027 3424 1167 3482 istud
1219 3426 1471 3498 PruSpcri
1506 3448 1519 3483 :
1555 3429 1864 3490 Mandatum
1912 3438 1992 3491 di-

398 3515 561 3567 εειιιίδ
601 3514 923 3586 magum,-
949 3529 1247 3591 eaquoqnc
1281 3536 1404 3592 qua:
1444 3540 1511 3579 cf;
1539 3527 1771 3585 concilio
1797 3531 1989 3588 Antio-

396 3603 575 3667 ebeno
603 3619 864 3666 adversus
891 3608 1115 3670 Paulum
1143 3612 1559 3673 Samosatenunt
1580 3622 1816 3685 excitata
1838 3630 1983 3679 sunt.

398 3698 553 3758 Adde
582 3701 988 3776 subsequentia.
1024 3705 1263 3765 Hilarius
1316 3720 1503 3768 monet
1541 3710 1659 3786 (Lib
1688 3729 1745 3769 tv
1775 3714 1839 3773 de
1864 3714 1988 3772 Tri-

398 3796 494 3849 uit.
523 3812 577 3851 ιι.
612 3796 728 3871 16),
757 3797 953 3857 Filium
1003 3801 1059 3859 in
1104 3802 1344 3861 creando
1390 3803 1592 3863 Mundo
1642 3808 1986 3867 obedientem

396 3886 560 3946 dictis
599 3889 693 3946 Dei
719 3888 944 3967 (Patris)
973 3896 1263 3952 exstitisse.
1298 3896 1469 3969 Atque
1494 3898 1549 3955 in
1578 3899 1828 3959 eumdem
1857 3918 1986 3961 seu-

397 3997 514 4038 sum
542 3982 837 4056 Gregorius
864 3984 1236 4047 Nazianzenus
1263 3989 1461 4063 (Carm.
1490 4009 1682 4050 arcano
1724 4009 1836 4063 vnt,
1859 4012 1983 4069 pag.

398 4073 523 4141 171.
555 4075 612 4151 6)
663 4076 779 4137 bace
823 4080 938 4137 ait:
995 4099 1014 4133 ι
1052 4078 1176 4138 l-‘nit
1221 4083 1530 4156 aliquando,
1558 4101 1681 4144 cum
1731 4087 1985 4145 Mundam

394 4172 690 4239 constituit,
738 4188 991 4245 magnum
1021 4174 1220 4235 mentis
1252 4175 1493 4236 Verbum
1536 4180 1844 4250 obsequens
1871 4198 1982 4238 ma-

393 4264 485 4336 gni
529 4264 705 4323 Patris
736 4269 922 4326 menti.
962 4286 982 4323 ι
1039 4268 1295 4329 Paulinus
1338 4270 1580 4330 Nolanus
1616 4275 1782 4332 etiam
1813 4272 1983 4349 (Poe-

396 4370 522 4419 mat.
552 4359 644 4423 3‘3.
674 4377 726 4418 tt.
880 4384 894 4419 :

489 4474 658 4529 Paruit
679 4477 764 4529 ille
786 4477 860 4543 (U
860 4477 1097 4545 tripertitus
1117 4476 1281 4534 Filius
1296 4480 1389 4534 Det
1406 4465 1614 4548 {libens
1628 4522 1643 4545 ,
1670 4484 1809 4536 Dens
1824 4487 1986 4537 omnia

1431 4546 1735 4611 [cumjl‘atre
1761 4560 1981 4611 concors,

608 4600 925 4655 Communem
948 4617 1123 4657 atratis
1145 4619 1253 4659 rem
1277 4600 1463 4671 pietate
1485 4609 1609 4675 pari.

465 4730 553 4787 16.
588 4732 827 4790 Tertium
854 4744 1013 4807 caput
1040 4742 1141 4792 ista
1193 4738 1591 4808 complectitur.
1623 4736 1979 4796 Miuistcrium

395 4822 557 4881 divini
587 4823 749 4881 Verbi
777 4842 807 4881 a
858 4827 1016 4884 Patre
1057 4838 1355 4900 acceptum,
1414 4831 1643 4902 ideoque
1692 4831 1835 4904 quod
1868 4848 1983 4889 me-

395 4918 496 4974 rito
548 4918 812 4977 referatur
855 4920 922 4979 ad
977 4921 1227 4978 eumdem
1297 4923 1533 4989 Patrem.
1584 4924 1753 4980 veluti
1791 4941 1980 4981 verum

393 5021 665 5070 auctorem
694 5013 933 5084 ejusdem
974 5017 1280 5084 ministerii,
1322 5018 1736 5091 expressissime
1783 5020 1982 5076 docent

394 5104 809 5177 Cotutitutiones,
835 5126 969 5181 quas
995 5111 1317 5182 Apostolicas
1344 5114 1618 5182 appellant
1644 5112 1807 5185 (Vide
1826 5114 1978 5171 Cote-

397 5201 504 5255 h-rii
541 5206 896 5275 praefationem
923 5205 977 5259 in
1004 5203 1104 5260 has
1128 5206 1607 5278 constitutiones);
1658 5209 1858 5281 quippe
1909 5226 1974 5266 ea

395 5296 743 5353 almillllldiﬂe
809 5296 1080 5354 interdum
1136 5308 1376 5362 utuntur.
1434 5317 1551 5372 qu.c
1604 5301 1980 5361 defensoribus

392 5391 970 5449 consubstantialitatis
995 5392 1160 5450 Verbi
1187 5393 1341 5449 Valde
1367 5408 1559 5464 aspera
1581 5398 1694 5450 visa
1724 5405 1828 5451 est.
1864 5396 1980 5454 Sci-

2094 3337 2195 3402 cis.
2224 3352 2360 3408 quos
2386 3338 2768 3405 excitavimus,
2792 3339 3061 3406 l’atribus,
3084 3341 3391 3412 asperiores
3433 3345 3530 3401 has
3555 3346 3699 3402 locu-

2095 3432 2271 3491 tiones
2304 3433 2543 3488 :etenim
2574 3447 2741 3491 voces
2772 3431 2892 3501 has,
2907 3433 3127 3508 jubente
3165 3434 3340 3505 Patre,
3374 3457 3403 3493 a
3431 3440 3697 3510 probatis-

2093 3524 2248 3581 simis
2263 3523 2457 3581 lrcnzci
2473 3524 2772 3592 codicibus,
2802 3526 2999 3598 quibus
3038 3526 3317 3595 Erasmus,
3362 3530 3565 3603 aliique
3605 3549 3695 3590 vc-

2095 3618 2349 3677 tustiores
2380 3618 2567 3675 Irenaei
2607 3619 2847 3676 editores
2871 3620 2952 3676 usi
2993 3630 3142 3688 sunt,
3176 3623 3368 3682 abesse
3394 3624 3553 3683 docet
3581 3626 3690 3685 Re-

2094 3717 2249 3766 natus
2274 3710 2531 3781 Massnet,
2570 3713 2656 3768 cui
2704 3711 2965 3769 debemus
2993 3722 3319 3784 postremam
3351 3716 3541 3776 lrena:i
3571 3721 3692 3776 edi-

2093 3806 2329 3878 tionem(
2350 3805 2644 3878 etjubente
2658 3807 2841 3863 desunt
2866 3809 2921 3863 in
2971 3807 3177 3864 Erunt.
3202 3822 3249 3865 et
3271 3809 3412 3867 Coll.
3446 3816 3543 3886 (ιι.
3586 3814 3694 3872 985

2092 3909 2216 3954 ιοιιι.
2242 3917 2261 3955 ι
2303 3900 2429 3955 edit.
2452 3898 2699 3974 Venette).
2722 3901 2927 3957 DeSnnt
2944 3918 3160 3977 quoque
3181 3904 3234 3961 in
3266 3906 3505 3966 editione
3555 3913 3688 3966 Ant-

2090 3992 2478 4049 stelodamensi
2505 3993 2636 4050 anni
2660 3992 2800 4050 i724
2812 3994 3241 4054 Constitutiomtm
3256 3999 3688 4072 (ipsumam-um,

2090 4102 2212 4159 qua:
2224 4087 2292 4143 de
2321 4095 2587 4156 potestate
2614 4088 2842 4153 creandi,
2870 4100 2926 4146 et
2946 4094 3284 4150 conservandi
3310 4112 3375 4153 ex
3418 4100 3693 4158 nonnullis

2091 4178 2477 4236 vetustioribus
2521 4178 2851 4237 cditionibus
2884 4183 3096 4252 objecta
3129 4195 3277 4241 sunt.
3321 4187 3415 4245 Vel
3439 4192 3601 4248 ctiam
3639 4196 3685 4249 si

2090 4290 2334 4341 moneas,
2363 4289 2575 4332 summo
2596 4275 2650 4330 in
2670 4275 2848 4353 pretio
2869 4290 2977 4333 non
3000 4276 3284 4337 habendos
3304 4296 3400 4339 eos
3453 4298 3644 4345 omnes
3668 4332 3683 4355 .
3730 4312 3735 4315 >

2090 4383 2226 4440 quos
2253 4366 2608 4436 adduximus,
2652 4367 2933 4437 Doctores.
2959 4369 3097 4427 adeo
3120 4380 3180 4428 ut
3198 4372 3265 4429 ab
3285 4390 3471 4435 eorum
3497 4389 3688 4437 aucto-

2089 4463 2248 4518 ritate
2266 4463 2525 4518 commoti
2561 4460 2630 4517 ab
2661 4462 3058 4532 usitatissimis,
3081 4479 3147 4521 ac
3184 4467 3578 4537 probatissimi:
3606 4475 3688 4529 ιο-

2088 4555 2287 4628 qucndi
2322 4553 2570 4615 formulis
2612 4554 2948 4612 recedamus.
2995 4555 3106 4613 Cur
3149 4560 3293 4617 enim
3334 4562 3387 4619 id
3422 4564 3684 4629 adhibere

2008 4642 2064 4703 Ι)
2087 4649 2243 4705 nobis
2274 4664 2382 4704 non
2430 4647 2559 4706 licet
2603 4647 2747 4717 quod
2794 4647 3080 4707 Gennadio
3119 4656 3364 4722 proferre
3409 4656 3552 4716 licuit
3576 4659 3684 4734 (De

2090 4742 2293 4799 Eccles.
2314 4739 2555 4816 Dogmat.
2573 4758 2688 4813 cap.
2715 4741 2810 4815 4)?
2886 4741 3309 4814 Nihilcreatum,
3331 4760 3425 4805 aut
3438 4752 3683 4811 serviens

2092 4839 2145 4893 in
2172 4836 2437 4893 Trinitate
2462 4834 2770 4904 credamus,
2797 4847 2857 4892 nt
2882 4836 2994 4892 vult
3020 4836 3306 4911 Dionysius
3327 4842 3449 4899 fons
3485 4847 3622 4902 Arii.
3656 4866 3675 4899 ι

2092 4933 2170 4988 De
2194 4945 2302 5001 quo
2336 4930 2554 5001 quidem
2605 4927 2890 5002 Dionysio,
2942 4931 3154 4987 tametsi
3197 4935 3583 5005 vetustissimo,
3627 4951 3685 4998 et

2092 5026 2385 5094 czctvrnqui
2410 5022 2662 5080 laudabili
2688 5022 2825 5089 viro,
2844 5022 2961 5078 hac
2990 5025 3153 5079 etiam
3176 5025 3367 5083 litteris
3395 5032 3656 5102 consigna

2092 5121 2167 5175 vit
2188 5119 2415 5175 Basilius
2441 5114 2635 5192 (Epist.
2668 5131 2756 5172 xu
2776 5155 2793 5183 ,
2818 5115 2873 5170 in
2896 5116 3117 5171 editione
3144 5115 3288 5174 Patr.
3312 5120 3377 5176 S.
3404 5120 3583 5179 Moeri
3605 5142 3682 5193 ix,

2088 5231 2147 5269 ιι.
2174 5212 2237 5283 2)
2264 5230 2319 5266 ει
2347 5210 2467 5267 Non
2494 5210 2675 5269 omnia
2704 5209 2849 5266 illius
2879 5209 3110 5267 hominis
3138 5211 3471 5274 admiramur
3496 5236 3513 5277 :
3546 5236 3683 5278 non-

2089 5305 2233 5361 nulla
2286 5318 2417 5362 vero
2463 5316 2688 5374 prorsus
2741 5302 3038 5373 rejicimus.
3089 5303 3487 5375 Propemodum
3533 5314 3679 5371 enim

2092 5398 2270 5464 istius,
2292 5412 2413 5469 quae
2440 5409 2584 5452 nunc
2605 5394 2930 5467 divulgatur,
2956 5395 3249 5466 impietatis
3266 5400 3679 5472 Anommorum,

394 5481 517 5541 licet
558 5484 775 5551 docent,
833 5506 852 5542 ι
886 5487 1186 5546 Diaconum
1224 5489 1432 5547 relerre
1477 5490 1678 5549 debere
1702 5494 1881 5548 omnia
1910 5493 1979 5548 ad
2094 5502 2353 5563 quantum
2380 5490 2841 5562 scimus,,primus
2880 5488 2982 5546 iste
3006 5489 3242 5549 humano
3268 5497 3683 5565 generisemina

395 5573 741 5652 Episcopum,
769 5580 907 5639 sicut
928 5578 1178 5641 Christus
1208 5581 1375 5640 refert
1395 5586 1575 5640 omnia
1607 5586 1671 5641 :nl
1704 5586 1972 5643 Patrem.»
2092 5587 2338 5659 praebuit.
2374 5605 2395 5639 ι
2427 5584 2762 5656 Quamquam
2794 5582 2941 5640 illum
2965 5584 3146 5645 statim
3166 5601 3423 5652 excusare
3436 5592 3681 5665 aliquan-

394 5671 457 5727 lit
485 5691 552 5731 ne
569 5676 692 5746 quis
715 5691 777 5734 ea
803 5676 945 5735 dicta
988 5677 1059 5738 de
1095 5687 1385 5752 potestate,
1432 5696 1589 5753 quam
1623 5680 1872 5741 Christus
1924 5683 1977 5739 in
2091 5684 2259 5754 tisper
2287 5680 2524 5749 studeat,
2555 5678 2671 5735 haec
2694 5676 2987 5750 subjiciens
3017 5696 3031 5733 :
3069 5676 3337 5738 «Causam
3369 5700 3498 5742 vero
3527 5688 3686 5761 hujus

463 5866 540 5935 to)
577 5864 633 5923 In
675 5865 766 5923 lib.
800 5874 987 5921 contra
1032 5864 1280 5922 Sermon.
1316 5863 1559 5923 Arianor.
1592 5879 1713 5937 cap.
1744 5865 1800 5936 5,
1834 5864 1970 5922 alias
2014 5880 2069 5923 ιι.
2096 5866 2143 5923 4.

794 5963 1067 6025 ιἈῐιιυι.
1116 5960 1195 6023 Χ.

3169 5957 3247 6015 27
