4464 6504
978 313 1081 371 δικ

1644 312 1712 373 illi
1747 310 2008 375 ιιιιΑιιιι
2047 314 2264 378 EPIST.
2306 316 2437 377 SEU
2477 316 2701 379 ιιιιει..
2747 320 3201 387 υιεεειιΤΑτιο
3237 327 3576 391 ὃΕϐυΝῢΛ.

4179 334 4288 391 8“

973 429 1054 484 rei
1091 442 1198 483 non
1227 436 1353 499 puto
1393 427 1792 501 improbitatem
1834 432 1998 491 animi
2040 432 2238 500 fuisse,
2280 434 2375 492 sed
2419 434 2565 506 quod
2588 433 2645 501 Α
2670 440 2783 496 nuit
2803 437 3034 500 Basilius
3060 443 3220 502 verba
3253 446 3343 503 illa
3372 445 3569 514 Christi
3596 446 3916 519 explicans:
3954 447 4287 505 Mandatum

974 518 1215 576 Sabeltio
1243 519 1615 578 vehementius
1643 524 1909 582 obluctari
1937 535 2181 598 cuperet.
2207 546 2227 580 ι
2262 527 2371 586 Sed
2414 537 2567 586 certe

976 614 1158 670 omnia
1184 613 1329 672 eludi
1360 630 1468 673 non
1500 626 1748 690 possunt.
1779 618 1913 691 Quis
1950 622 2097 678 enim
2123 621 2307 681 dicere
2346 623 2561 693 audeat,

975 715 1230 779 corrupta
1259 722 1381 767 esse
1408 710 1615 781 omnia,
1639 727 1761 785 quae
1789 722 1946 771 antea
1971 714 2316 789 protulimus,
2345 716 2563 774 Patrum

975 800 1112 866 lora,
1154 816 1275 858 eum
1324 818 1491 875 pauca
1529 818 1593 861 ea
1637 820 1745 863 non
1788 806 1927 876 sint,
1973 820 2029 866 et
2073 808 2329 883 pleraque
2371 810 2563 869 horum

971 904 1122 952 certo
1143 895 1452 971 in«-orrupta
1469 898 1612 956 sint?
1629 900 1748 957 Alio
1763 900 1923 973 igitur
1938 904 2310 978 confugiamus
2326 916 2556 979 oportet.

1042 988 1133 1045 9.0.
1179 987 1363 1048 inveni
1403 1000 1582 1050 autem
1612 994 1755 1074 apud
1785 995 2092 1067 probabiles
2119 998 2421 1071 Scriptores
2453 1001 2563 1059 duo

969 1080 1298 1139 solutionum
1329 1084 1535 1156 capita,
1565 1078 1793 1157 quarum
1830 1088 2065 1160 primum
2108 1105 2177 1149 eo
2217 1092 2466 1159 vertitur,
2504 1103 2563 1149 ut

971 1186 1191 1233 moneat
1258 1176 1621 1248 asperioribus
1673 1179 1822 1236 hisce
1869 1180 2231 1242 locationibus
2289 1185 2559 1243 mitiorem

969 1282 1187 1325 sensum
1216 1268 1417 1328 inesse.
1464 1270 1715 1345 Rigorose
1759 1272 1961 1344 excipit
2000 1275 2218 1335 easdem
2258 1277 2562 1337 locutiones

967 1360 1166 1418 solutio
1198 1362 1368 1419 altera
1390 1405 1405 1431 ,
1442 1363 1537 1422 sed
1579 1379 1674 1422 eas
1697 1364 1767 1423 de
1809 1364 2005 1436 Verbo,
2036 1377 2301 1440 quatenus
2342 1369 2559 1429 Verbum

967 1463 1073 1521 est,
1100 1462 1157 1509 et
1179 1454 1481 1523 incrcatum,
1511 1454 1734 1513 minime
1757 1460 1968 1530 accipit.
1999 1458 2297 1535 Utramque
2332 1464 2559 1522 solutio~

967 1561 1115 1613 nem,
1148 1548 1399 1615 obsecro,
1428 1549 1821 1621 expendamus.

1038 1643 1101 1699 2’1
1118 1683 1129 1695 .
1154 1642 1320 1700 Aiunt
1335 1647 1513 1720 itaque
1526 1646 1621 1719 qui
1639 1649 1865 1719 primam
1885 1663 2191 1726 proponunt
2208 1656 2555 1728 solutionem,

966 1736 1108 1794 hunc
1151 1740 1331 1795 inesse
1376 1751 1488 1796 tum
1528 1741 1805 1813 profanis,
1834 1752 1945 1803 tum
1984 1748 2154 1804 sacris
2189 1748 2556 1823 Scriptoribus

2668 534 3093 605 accepial’atre,
3124 536 3249 609 quid
3275 538 3463 607 dicam,
3516 547 3622 594 etc.
3675 539 3887 596 Etenim
3942 539 4069 599 haec
4118 542 4293 598 (loco!

2665 623 2758 684 ille
2786 626 2862 700 (ο)
2897 644 2910 679 :
2944 647 2966 682 s
2996 628 3247 687 Attamen
3300 647 3367 687 ne
3399 630 3540 689 forte
3565 646 3631 688 ex
3663 633 4040 705 magnitudine
4084 649 4288 691 eorum

2667 733 2789 792 quae
2816 719 2973 790 liunt,
3008 723 3276 796 rapiantur
3304 724 3359 781 in
3406 725 3874 799 imaginationem,
3919 739 3977 785 ut
4018 740 4290 801 putemus

2666 812 2949 873 Dominum
3007 817 3273 889 principio
3311 833 3520 891 carere,
3546 820 3674 895 quid
3710 823 3783 879 ait
3829 822 3898 889 is,
3938 825 4038 896 qui
4071 840 4181 899 per
4227 841 4291 882 ac

2664 906 2775 963 vita
2819 906 2939 965 est?
2982 907 3094 984 Ego
3124 912 3231 967 uiro
3278 923 3488 986 propter
3528 912 3761 973 Patrem.
3806 916 3875 974 Et
3899 917 4001 976 Dei
4052 919 4284 978 virtus:

2666 997 2791 1056 Non
2816 1011 2978 1072 potest
3012 1000 3181 1061 Filius
3203 1021 3236 1060 a
3261 1022 3315 1062 se
3333 1006 3506 1077 [acere
3525 1007 3813 1080 quicquam.
3838 1010 4053 1070 Rursus
4084 1011 4137 1070 is
4187 1015 4285 1085 qui

2664 1109 2732 1150 ex
2759 1096 2997 1166 perlecta
3024 1106 3110 1154 est
3135 1097 3405 1172 sapientia
3433 1116 3448 1157 ε
3477 1099 3787 1159 Mandatum
3811 1105 4009 1177 accepi,
4042 1105 4286 1179 quidli-

2664 1202 2797 1255 cam,
2828 1189 3017 1260 etquid
3060 1189 3239 1263 loquar
3267 1210 3286 1249 :
3307 1207 3404 1267 per
3442 1193 3559 1252 haec
3598 1198 3781 1253 omnia
3806 1197 4017 1255 ducens
4062 1214 4174 1257 nos
4215 1198 4286 1256 ad

2663 1281 2837 1340 Patris
2882 1286 3280 1357 cognitionem,
3335 1298 3393 1347 et
3435 1290 3850 1351 admirationem
3894 1310 4093 1353 eorum
4151 1312 4283 1368 qua

2661 1374 2908 1448 gerebat,
2948 1377 3016 1435 ad
3057 1379 3209 1436 illum
3247 1380 3512 1452 referens,
3543 1394 3601 1441 ut
3640 1400 3738 1456 per
3765 1386 3939 1457 ipsum
3964 1402 4282 1463 cognosca~

2661 1485 2785 1527 nms
2811 1468 3054 1529 Patrem.
3096 1472 3216 1532 Non
3237 1476 3382 1532 enim
3409 1492 3476 1534 es
3511 1493 3734 1549 operum
3764 1477 4076 1539 differentia
4107 1482 4284 1541 Pater

2665 1568 3015 1635 conspicitur,
3037 1568 3194 1638 quasi
3213 1569 3559 1641 peculiarem,
3580 1580 3741 1644 atque
3766 1585 4076 1648 separatam
4096 1577 4284 1635 actio-

2662 1673 2787 1716 nem
2816 1658 3071 1719 exhibeat
3121 1662 3520 1739 (quaecumque
3548 1666 3692 1723 enim
3736 1668 3886 1726 videt
3927 1670 4156 1729 Patrem
4201 1676 4285 1729 fa-

2666 1755 2918 1823 cientem,
2948 1755 3065 1814 haec
3105 1766 3163 1815 et
3202 1757 3375 1817 Filius
3419 1762 3667 1820 similiter
3706 1765 3911 1838 iacit);
3956 1782 4157 1827 verum
4208 1785 4281 1827 es

966 1834 1435 1900 consuetudinem,
1462 1845 1520 1891 ut
1548 1839 1913 1909 asperioribus
1938 1842 2262 1914 quibusdam
2287 1849 2562 1907 vocabulis
2591 1844 2639 1908 B
2662 1846 2853 1920 gloria,
2881 1865 3001 1922 quae
3026 1854 3078 1909 ei
3098 1850 3168 1909 ab
3215 1852 3498 1926 Uuigenito
3520 1855 3763 1914 defertur
3784 1898 3801 1924 ,
4100 1862 4282 1919 nis:-

972 1927 1242 1984 tnitiorcm
1272 1946 1512 2000 sensum,
1543 1947 1609 1989 ac
1636 1933 2084 2006 significationem
2106 1940 2364 2011 tribuant,
2394 1946 2564 2001 minus

971 2023 1190 2092 intelligi
1210 2024 1428 2082 volentes
1457 2025 1477 2098 (
1499 2034 1558 2082 ut
1582 2036 1640 2084 et
1664 2029 1935 2102 vulgatum
1964 2031 2065 2089 fert
2087 2033 2375 2108 adagium)
2405 2053 2563 2109 quam

962 2114 1017 2169 in
1065 2118 1287 2187 speciem
1338 2131 1609 2187 appareat.
1665 2121 1871 2180 Omitto
1920 2134 2135 2183 exteros
2202 2128 2561 2199 profanosque

963 2207 1291 2277 Scriptores,
1334 2211 1386 2267 in
1426 2212 1624 2283 quibus
1647 2214 1945 2287 frequentia
1973 2220 2265 2277 admodum
2288 2227 2415 2279 sunt
2442 2222 2559 2281 haec

962 2301 1232 2371 exempla,
1252 2313 1311 2359 ut
1332 2303 1387 2360 in
1415 2307 1585 2363 sacris
1602 2308 1913 2367 auctoribus
1934 2312 2250 2370 consistam.
2284 2313 2411 2373 Huic
2428 2330 2559 2376 sane

961 2388 1163 2449 Paulus
1200 2394 1611 2455 Color-sensibus
1633 2400 2056 2473 scribit(Coloss.
2085 2420 2161 2476 tv,
2191 2404 2281 2477 10)
2308 2424 2321 2462 :
2352 2408 2558 2467 Salutat

958 2500 1048 2538 ros
1070 2484 1396 2545 Aristarchus
1419 2494 1746 2563 conceptiuus
1775 2511 1935 2561 meus,
1969 2507 2019 2552 et
2048 2497 2261 2556 Marcus
2296 2503 2556 2559 consobri-

958 2595 1081 2647 nus,
1098 2580 1274 2652 dequo
1287 2585 1555 2656 accepistis
1577 2587 1841 2644 mandata.
1856 2587 2028 2647 Porro
2048 2606 2112 2648 eo
2133 2593 2395 2651 vocabulo
2417 2612 2556 2668 pne-

958 2684 1108 2745 crpta
1143 2675 1372 2746 rigorose
1419 2691 1627 2752 accepta
1673 2681 1894 2740 minime
1935 2683 2181 2743 denotari
2230 2687 2555 2761 interpretes

956 2765 1201 2839 plerique
1230 2769 1468 2825 tradunt.
1500 2772 1630 2830 Haec
1649 2775 1811 2831 etiam
1846 2777 1899 2832 in
1924 2776 2059 2835 libro
2088 2778 2254 2838 losue
2283 2780 2555 2842 Habemus

958 2859 1162 2931 (Iosue,
1186 2878 1242 2931 ι,
1269 2862 1359 2937 Id)
1388 2863 1664 2924 Obedieute
1678 2864 1902 2926 Domino
1921 2873 2032 2927 oeci
2050 2874 2289 2930 hominis.
2304 2873 2411 2934 Sed
2432 2878 2553 2949 quis

959 2953 1076 3012 lucc
1116 2956 1356 3030 rigorose
1387 2961 1654 3031 accipiat?
1673 2963 1755 3019 An
1781 2963 1925 3023 Deus
1963 2965 2081 3023 voci
2102 2966 2335 3026 hominis
2354 2984 2414 3027 se
2433 2972 2553 3028 sub-

954 3049 1156 3117 mittit,
1189 3050 1375 3123 illique
1417 3056 1607 3124 paret?
1643 3056 1781 3114 Alibi
1820 3058 1962 3116 Deus
2000 3058 2117 3133 ipse
2147 3061 2263 3121 haec
2298 3062 2368 3121 de
2392 3079 2451 3122 se
2476 3066 2552 3122 ait

2667 1943 2844 1999 culum
2870 1945 3062 2017 carpit,
3087 1944 3211 2003 dum
3240 1959 3439 2019 praeter
3459 1966 3681 2019 operqu
3714 1953 4173 2025 magnitudinem,
4203 1956 4279 2015 de

2665 2036 2786 2113 ipso
2826 2038 2993 2095 etiam
3035 2048 3257 2099 auctore
3290 2057 3515 2115 operum
3556 2045 3857 2118 gloriatur,
3897 2060 3952 2106 et
3988 2053 4277 2107 enitatur

2666 2131 2735 2186 ab
2757 2131 2846 2200 iis,
2873 2133 2964 2204 qui
2986 2144 3285 2207 agnoscunt
3309 2152 3432 2195 eum
3461 2139 3675 2197 Patrem
3699 2141 3909 2201 Domini
3936 2145 4113 2201 nostri
4134 2144 4274 2203 Iesu

2662 2225 2863 2283 Christi
2888 2245 2903 2283 :
2931 2227 3035 2285 Per
3049 2246 3201 2303 quem
3221 2234 3414 2304 omnia,
3436 2245 3484 2291 et
3506 2246 3717 2309 propter
3741 2256 3893 2311 quens
3916 2243 4116 2299 omnis.
4139 2242 4277 2300 Ideo

2674 2319 2805 2394 dicit
2852 2321 3110 2382 Dominus
3140 2344 3154 2383 ε
3184 2325 3373 2385 Omnia
3414 2347 3527 2387 mea
3577 2344 3669 2389 tua
3692 2344 3834 2403 sunt,
3864 2343 3922 2392 ut
3964 2337 4036 2393 ad
4082 2337 4272 2409 ipsum

2670 2414 2933 2488 originem
2958 2432 3139 2475 rerum
3162 2420 3500 2482 conditarum
3525 2424 3767 2483 referens
3796 2446 3810 2481 :
3836 2423 3907 2483 Et
3929 2436 4020 2487 tua
4037 2446 4180 2497 mea,
4210 2440 4275 2489 ut

2668 2507 2793 2565 inde
2837 2511 3100 2583 principis
3143 2513 3364 2572 creandi
3409 2516 3700 2590 accipiens,
3734 2533 3840 2577 non
3868 2520 4013 2592 quod
4042 2521 4272 2579 auxiliis

2659 2610 2840 2661 utatur
2860 2603 2928 2661 ad
2956 2608 3307 2677 operandum,
3344 2625 3518 2682 neque
3555 2613 3697 2684 quod
3728 2628 3796 2669 es
3840 2614 4272 2686 particularibus

2660 2699 2929 2757 mandatis
2955 2701 3382 2776 uniuscujusque
3417 2710 3603 2779 operis
3644 2707 4004 2767 ministerium
4030 2725 4271 2769 concre-

2655 2790 2815 2849 datur
2842 2812 2859 2863 ;
2890 2808 3012 2849 nam
3045 2795 3190 2852 istud
3218 2795 3434 2867 quidem
3475 2800 3694 2867 servile,
3738 2808 3794 2857 et
3814 2816 3845 2857 a
3873 2802 4055 2859 divina
4082 2804 4271 2878 digni-

2656 2893 2767 2945 tate
2792 2887 3052 2945 immenso
3079 2899 3346 2947 semotum
3367 2890 3694 2951 intervallo:
3725 2894 3823 2953 sed
3847 2894 3990 2968 quod
4015 2895 4266 2956 Verbum

2661 2982 2901 3054 paternis
2944 2982 3101 3041 bonis
3139 2985 3355 3056 plenum
3410 2988 3764 3060 resplendens
3789 3006 3820 3048 a
3847 2990 4033 3061 Patre,
4074 2996 4265 3052 omnia

2665 3075 2793 3134 facit
2823 3075 2889 3134 ad
2911 3077 3315 3137 similitudinem
3346 3080 3486 3152 ejus,
3531 3084 3623 3154 qui
3669 3084 3843 3154 ipsum
3869 3088 4095 3157 genuit:
4121 3086 4261 3145 Nam

954 3140 1143 3215 (ιεαῑος
1174 3162 1290 3253 ego
1320 3161 1471 3213 wu.
1498 3147 1631 3220 24):
1666 3148 1868 3209 Servire
1899 3169 1978 3209 me
2018 3154 2211 3226 fecistis
2244 3158 2301 3253 ut
2327 3158 2550 3228 peccatis
2576 3194 2615 3253 -_
2653 3171 2699 3229 si
2726 3172 2876 3245 juxta
2903 3175 3194 3231 essentiam
3222 3140 3567 3234 nihil-dilicti
3591 3192 3623 3233 ιι
3648 3140 3830 3247 pit...
3856 3140 3958 3238 5..
3981 3140 4260 3253 saeta;

953 3240 1152 3295 vestris.
1180 3238 1480 3300 Prtrbuistis
1504 3246 1629 3301 mihi
1659 3246 1901 3304 laborem.
1933 3252 2019 3308 An
2053 3250 2195 3309 Deus
2215 3292 2233 3319 ,
2260 3251 2388 3309 dum
2420 3266 2544 3345 pec-
2570 3239 2616 3306 C
2647 3238 2813 3324 enim
2840 3284 2871 3324 η
2896 3266 3057 3325 Patre
3100 3267 3299 3326 ditl'ert.
3338 3267 3511 3326 Porro
3541 3285 3768 3341 quorum
3794 3238 4017 3344 mquali's

951 3335 1330 3404 carnus,nobis
1357 3338 1599 3408 insert‘it,
1632 3339 1819 3413 illique
1841 3342 2081 3400 laborem
2109 3344 2473 3418 imponimus?

1028 3449 1121 3504 9.2.
1171 3449 1375 3509 Morem
1423 3454 1564 3511 hunc
1601 3454 1840 3527 proiecto
1883 3458 2129 3529 sequitur
2155 3458 2388 3518 Hilarius
2427 3459 2542 3519 haec

948 3542 1194 3601 elocutus
1223 3544 1336 3615 (tib.
1366 3562 1402 3602 ιι
1432 3546 1497 3602 de
1520 3545 1729 3614 Trinit.,
1752 3567 1806 3605 η.
1826 3548 1921 3623 26)
1952 3567 1965 3605 τ
1992 3570 2011 3605 ι
2034 3552 2261 3610 Humani
2282 3554 2427 3611 enim
2443 3569 2541 3628 ge-

956 3635 1105 3690 neris
1133 3650 1293 3693 causa
1319 3637 1416 3693 Dei
1439 3638 1582 3695 filius
1604 3649 1764 3698 natus
1782 3658 1851 3699 ex
1883 3642 2098 3717 Virgine
2123 3654 2227 3715 est,
2258 3656 2313 3703 et
2341 3646 2545 3720 Spiritu

955 3727 1157 3785 Sancto
1187 3728 1303 3798 ipso
1334 3729 1435 3786 sibi
1468 3732 1650 3789 iuliae
1675 3735 1991 3804 operatione
2019 3738 2330 3808 famulante,
2360 3752 2415 3799 et
2444 3758 2539 3800 sua

949 3819 1086 3892 (Dei
1135 3820 1405 3895 videlicet)
1460 3824 1800 3884 inumbrante
1858 3828 2087 3899 virtute,
2137 3835 2380 3906 corporis
2435 3835 2538 3896 sibi

945 3912 1093 3968 initia
1116 3917 1375 3971 conserit.
1394 3937 1410 3969 ι
1440 3917 1521 3973 Au
1545 3918 1792 3976 Divinum
1810 3920 2043 3979 Verbum
2068 3926 2294 3996 (ctenim
2307 3924 2539 4000 Spiritus

943 4006 1127 4063 Sancti
1172 4010 1389 4066 nomine
1426 4011 1514 4069 hic
1558 4012 1797 4070 Divinum
1834 4015 2058 4075 Verbum
2110 4029 2128 4093 (
2160 4019 2289 4077 Vide
2319 4035 2539 4081 annota-

942 4100 1128 4156 tioucm
1157 4104 1445 4173 appositam
1470 4107 1589 4162 huic
1611 4105 1744 4176 loco,
1774 4110 1943 4167 littera
1975 4111 2049 4184 g)
2081 4113 2373 4188 intelligit)
2404 4116 2537 4175 sibi-

918 4266 919 4269 η
946 4196 1161 4265 Inelipsi
1192 4197 1513 4254 famulatur?

1017 4290 1109 4347 23.
1151 4289 1366 4348 Similes
1395 4296 1516 4351 alite
1555 4297 1857 4367 locutiones
1896 4298 2039 4356 haud
2084 4300 2447 4375 infrequentes
2479 4306 2533 4359 in

942 4383 1153 4441 Sanctis
1195 4385 1445 4445 Patribus
1492 4398 1639 4447 sunt.
1694 4389 1805 4449 Sed
1834 4394 2144 4466 superiores
2173 4398 2422 4454 retulisse
2461 4397 2534 4453 sit

938 4477 1092 4534 satis.

1006 4570 1099 4626 ει,
1142 4570 1233 4627 llis
1255 4574 1583 4641 constitutis,
1616 4588 1838 4634 monent
1863 4578 2146 4653 ‘l’heologi,
2169 4595 2286 4650 eas,
2311 4582 2381 4640 de
2406 4583 2529 4653 qui-

2648 3360 2837 3429 tentia,
2862 3360 3053 3419 horum
3075 3362 3298 3419 omnino
3338 3361 3563 3433 arqualis
3601 3370 3761 3421 estet
3784 3362 4048 3435 operatio.
4081 3363 4257 3423 Chri-

2647 3464 2766 3512 stus
2785 3454 3051 3525 siquidem
3084 3455 3182 3512 Dei
3204 3456 3375 3512 virtus
3397 3463 3502 3523 est,
3530 3463 3587 3513 et
3610 3455 3710 3513 Dei
3749 3457 4014 3529 sapientia
4043 3476 4056 3514 ;
4088 3469 4150 3517 et
4172 3460 4260 3517 sic

2646 3549 2828 3606 omnia
2857 3563 2953 3621 per
2978 3549 3153 3621 ipsum
3184 3548 3320 3605 facta
3346 3559 3494 3614 sunt,
3516 3549 3805 3622 omniaque
3831 3563 3928 3621 per
3956 3550 4166 3621 ipsum,
4191 3565 4253 3611 et

2646 3644 2701 3701 in
2723 3644 2898 3715 ipsum
2926 3643 3143 3701 condita
3168 3654 3316 3714 sunt,
3363 3658 3470 3700 non
3496 3643 3643 3714 quod
3672 3644 4068 3703 instrumentali
4111 3662 4257 3719 quo-

2644 3736 2769 3794 dam
2812 3751 2876 3794 ac
2918 3737 3100 3794 servili
3152 3736 3453 3794 ministerio
3497 3735 3750 3813 fungatur
3780 3753 3793 3791 :
3826 3736 3923 3796 sed
3950 3739 4099 3811 quod
4133 3752 4253 3798 tan-

2644 3843 2805 3903 quam
2834 3827 3081 3887 conditor
3111 3838 3389 3900 paternam
3420 3831 3641 3902 impleat
3658 3830 4011 3890 voluntatem.
4042 3852 4062 3886 ι

2713 3922 2808 3980 27.
2848 3922 3113 3983 Posumus
3151 3925 3336 3989 etiam,
3375 3925 3424 3981 si
3464 3925 3735 3993 volumus,
3778 3925 3947 3982 verbo
3962 3926 4257 4001 jubeotri—

2642 4014 2811 4075 buere
2843 4016 3266 4089 explicationem
3309 4016 3532 4077 affinem
3569 4017 3644 4075 illi
3685 4032 3849 4099 quam
3882 4019 4049 4076 verbo
4077 4020 4252 4079 doceo

2644 4109 2852 4173 tribuit.
2876 4120 3013 4170 teste
3035 4112 3277 4177 Petavio,
3300 4111 3591 4186 Gregorius
3603 4111 3975 4172 Nazianzenus
3999 4134 4013 4171 :
4037 4116 4255 4175 scilicet

2642 4212 2702 4260 ut
2728 4203 3269 4263 communicationem
3300 4204 3540 4261 idearum
3562 4204 3803 4262 denotet.
3837 4204 4010 4263 Porro
4031 4205 4090 4266 S.
4114 4208 4254 4267 Doc-

2639 4296 2777 4355 toris
2804 4296 2988 4364 verba,
3018 4314 3139 4372 qua:
3165 4298 3330 4355 etiam
3377 4297 3447 4354 ad
3474 4297 3851 4371 explicandum
3898 4298 4123 4357 tertium
4154 4317 4251 4373 ge-

2641 4404 2746 4448 nus
2767 4390 3101 4448 locutionum
3130 4391 3359 4467 mitjiice
3403 4392 3615 4463 juvant,
3648 4391 3737 4451 hic
3762 4391 4033 4453 adducere
4059 4410 4251 4467 opera:

2640 4483 2871 4556 pretium
2894 4500 3040 4543 reor.
3072 4506 3092 4539 ι
3121 4452 3614 4558 Quadam-inquit
3656 4486 3750 4545 ille
3803 4452 4187 4563 (Oratione

2638 4592 2819 4635 rerum
2874 4581 3185 4639 earumdem
3236 4578 3437 4637 formas
3482 4583 3647 4639 veluti
3704 4583 3758 4639 in
3809 4583 3928 4655 ipso
3974 4583 4248 4656 imprimit

938 4664 1039 4720 bus
1068 4666 1406 4726 disserimus.
1437 4670 1765 4740 locutiones,
1798 4675 2133 4730 commodam
2173 4676 2404 4748 aliquam
2432 4691 2528 4734 ει·
2552 4645 2609 4709 D
2636 4670 2799 4727 Pater
2830 4689 2845 4726 :
2871 4672 3183 4743 essequitur
3212 4680 3390 4730 autem
3419 4671 3658 4732 Verbum
3691 4691 3797 4733 non
3838 4677 4112 4747 imperite,
4144 4681 4247 4737 sed

940 4758 1279 4827 plicationem
1340 4763 1593 4833 excipere
1620 4766 1803 4835 procul
1841 4764 2008 4822 dubio
2053 4766 2527 4828 debere-.tametsi

935 4852 1179 4907 eamdem
1202 4854 1615 4925 «explicationem
1639 4874 1744 4914 non
1775 4876 1965 4917 omnes
1989 4863 2280 4934 excipiant,
2304 4874 2361 4922 et
2383 4865 2524 4923 ditii-

934 4946 1038 5017 cilu
1064 4947 1220 4999 valde
1250 4950 1319 5001 sit
1350 4958 1551 5003 certam
1584 4951 1815 5015 aliquam
1846 4952 2104 5011 indicare.
2301 4939 2306 4943 ’

1004 5037 1094 5093 25.
1140 5039 1193 5091 lu
1224 5055 1290 5096 eo
1324 5043 1559 5112 plerique
1581 5046 1925 5111 cottreniunt,
1960 5059 2015 5103 ut
2045 5047 2150 5117 bis,
2177 5058 2231 5104 et
2257 5050 2525 5113 similibus

934 5128 1219 5201 phrasibus
1246 5150 1353 5189 non
1382 5135 1534 5188 aliud
1571 5136 1889 5208 deuoretur,
1926 5139 2027 5196 nisi
2066 5140 2281 5199 Patrem
2324 5143 2521 5215 princi-

934 5222 1080 5291 pium
1100 5238 1221 5281 esse
1248 5230 1621 5297 operationem,
1650 5248 1755 5287 non
1781 5233 1941 5289 modo
1968 5233 2037 5287 ad
2063 5236 2221 5305 intra,
2248 5253 2352 5309 qua
2373 5235 2442 5294 de
2462 5254 2523 5295 re

931 5330 1092 5370 nemo
1119 5316 1377 5389 disputat,
1410 5322 1516 5377 nisi
1542 5326 1773 5381 Arionus
1795 5327 1842 5382 is
1871 5330 1973 5393 sit;
2006 5344 2191 5386 verum
2218 5332 2378 5394 etiam
2399 5348 2525 5401 ope-

929 5409 1183 5464 rutiomon
1205 5413 1273 5465 ad
1295 5425 1460 5481 extra,
1485 5428 1751 5485 quatenus
1780 5420 1847 5475 ab
1873 5435 1940 5476 eo
1966 5430 2023 5477 ut
2043 5426 2182 5494 fonte
2208 5422 2228 5496 (
2256 5422 2356 5481 hac
2373 5429 2517 5481 enim

930 5500 1281 5560 similitudine
1324 5504 1510 5563 Patres
1554 5509 1653 5581 ipsi
1690 5513 2165 5586 utuntur)cuucta
2197 5517 2512 5587 procedunt.

1000 5592 1086 5646 26.
1130 5594 1475 5667 Augustinus,
1515 5616 1928 5671 quemnumero
1954 5605 2022 5661 12
2063 5608 2311 5680 allegavi,
2340 5608 2393 5665 id
2434 5609 2517 5665 in-

928 5684 1107 5741 dicare
1156 5687 1366 5746 videtur
1401 5709 1414 5747 :
1449 5691 1545 5748 sed
1588 5690 1735 5753 certe
1794 5711 1913 5754 eam
1967 5699 2385 5771 explicationem
2433 5700 2518 5757 in-

2632 4764 2890 4829 scienter,
2918 4771 2994 4831 et,
3022 4774 3077 4820 ut.
3114 4766 3290 4836 aptius
3317 4764 3527 4839 loquar,
3554 4777 3796 4839 paterae.
3842 4786 3864 4821 ι
3893 4768 4101 4837 Quibus
4133 4772 4246 4828 Na-

2632 4857 2873 4913 siaozeni
2896 4857 3077 4916 verbis
3103 4859 3345 4916 recitatis
3375 4860 3490 4918 hac
3519 4860 3768 4918 Petavius
3802 4862 4057 4937 subjicit(
4080 4865 4180 4920 tib.
4207 4882 4245 4923 ιι

2633 4949 2704 5008 de
2728 4948 3016 5022 Trinitate,
3041 4969 3159 5024 cap.
3188 4954 3245 5021 4,
3270 4970 3412 5010 num.
3438 4956 3470 5011 (i
3494 4956 3515 5027 )
3538 4972 3552 5009 :
3574 4973 3596 5009 s
3621 4954 3827 5027 Quibus
3846 4957 3900 5011 in
3923 4958 4105 5014 verbis
4127 4974 4238 5015 vos

2633 5046 2920 5123 ἐνσημαὶκι
2945 5062 3052 5104 non
3082 5060 3168 5105 est
3192 5049 3513 5118 simpliciter
3532 5048 3803 5125 designare
3823 5094 3840 5121 ,
3870 5060 3931 5108 ut
3958 5054 4123 5109 vertit
4153 5056 4241 5112 in-

2636 5146 2867 5210 terpres,
2899 5140 2996 5197 sed
3024 5142 3076 5197 in
3104 5142 3211 5198 alio
3244 5143 3395 5199 velut
3440 5142 3752 5215 imprimere
3780 5163 3794 5200 :
3824 5144 3965 5203 unde
3990 5158 4236 5218 constet,

2633 5229 2849 5289 Patrem
2880 5232 3120 5291 indicare
3149 5232 3309 5301 Filio,
3337 5234 3424 5292 vel
3452 5251 3575 5293 eum
3604 5235 3828 5299 docere.
3872 5237 4002 5310 quid
4024 5238 4239 5298 facien-

2629 5322 2762 5381 dum
2786 5327 2879 5395 sit,
2900 5335 2958 5382 et
2978 5324 3135 5398 quasi
3156 5326 3511 5384 monstrando
3526 5327 3740 5399 pra-ire,
3761 5329 3897 5386 nihil
3916 5328 4064 5386 aliud
4084 5344 4231 5399 esse,

2630 5417 2734 5473 nisi
2758 5418 2933 5475 cidem
2963 5436 3066 5475 una
3097 5434 3219 5478 cum
3252 5430 3441 5477 natura
3468 5430 3523 5477 et
3549 5422 3783 5479 essentia
3827 5437 4003 5479 rerum
4028 5423 4233 5483 facien—

2630 5510 2821 5569 darum
2847 5512 3280 5585 intelligentiam,
3309 5522 3365 5571 et
3388 5529 3575 5572 earum
3613 5515 3845 5583 fortnas,
3891 5524 4051 5588 atque
4076 5515 4233 5575 ideas

2630 5610 3029 5665 communicare
3059 5608 3348 5681 gignendo.
3390 5628 3412 5664 ι

2702 5701 3050 5760 Perstitituus
3080 5704 3344 5761 hactenus
3372 5702 3426 5761 in
3451 5706 3627 5776 prima
3657 5704 3926 5763 solutione
3951 5704 4006 5761 in
4033 5720 4101 5762 eo
4124 5720 4223 5778 [ιορ-

995 5874 1073 5944 (u)
1100 5875 1175 5932 la'x
1227 5876 1668 5949 interpretatione
1708 5880 1963 5941 editionis
1983 5883 2127 5944 Patr.
2150 5888 2209 5947 ὃ.
2263 5883 2555 5958 MauriJib.
2593 5891 2657 5948 tle
2689 5889 2889 5962 Spiritu
2912 5894 3128 5965 Sancto,
3152 5894 3216 5952 ad
3244 5894 3705 5971 Amphilochium,
3736 5916 3857 5976 cap.
3882 5904 3935 5974 8,
3961 5919 4014 5961 ιι,
4056 5907 4140 5963 i9.
