4464 6468
430 297 538 355 333

1115 298 1179 351 ΙΝ
1220 296 1471 354 lllLABll
1511 292 1728 350 EPIST.
1774 292 1902 351 SEU
1948 289 2173 350 LIBEL.
2219 289 2674 348 MSSERTATIO
2710 288 3031 349 SECUNDA

3618 294 3717 350 854

420 434 553 486 sunt,
576 427 623 474 et
646 420 727 474 isti
753 418 851 474 sim
887 434 1085 473 merum
1117 426 1201 479 ,ει
1246 415 1376 471 sicut
1399 429 1531 487 ego,
1567 423 1616 468 et
1660 419 1713 466 tu
1741 426 1902 466 unum
1928 425 2019 465 stt~
2048 418 2101 481 Α
2202 426 2221 461 t
2260 408 2331 465 Ut
2367 422 2581 482 semper
2612 408 2911 482 respiciens
2951 422 3164 465 sursum
3190 450 3207 477 ,
3247 420 3550 467 creatorem
3574 419 3721 463 tuom

421 526 559 577 ntus,
584 509 659 565 ita
684 520 733 565 et
758 511 844 565 isti
873 510 929 565 in
956 510 1101 565 nobis
1129 524 1287 564 unum
1311 508 1434 562 sint.
1461 504 1520 562 In
1544 520 1651 578 quo
1672 504 1785 576 jam
1808 502 2022 559 videtur

422 602 539 674 ipsa
569 596 873 659 similitudo
901 601 967 672 (si
998 602 1108 657 dici
1137 599 1345 673 potest)
1376 596 1662 670 proﬁcere;
1694 603 1749 653 et
1767 611 1835 652 ex
1859 594 2021 663 simili

420 712 588 755 unum
605 700 721 771 jam
749 696 891 766 ﬁeri,
922 711 1022 768 pro
1046 712 1114 753 eo
1139 697 1257 754 sine
1302 694 1465 751 dubio
1491 689 1636 763 quod
1670 690 1725 748 in
1761 703 2021 747 consum-

418 794 681 863 matione,
707 792 790 852 vel
836 793 945 850 ﬁne
969 792 1149 849 omnia
1172 831 1190 859 ,
1224 799 1277 848 ct
1312 791 1368 847 in
1411 788 1661 845 omnibus
1685 786 1831 843 Deus
1859 794 1964 841 est.
1996 801 2015 837 ι

493 886 582 944 ιι.
600 884 802 943 Volunt
822 886 1002 958 itaque
1030 887 1086 940 bi
1107 884 1216 941 duo
1236 883 1569 955 Scriptores.
1589 877 2019 945 similitudinem,

420 980 492 1039 de
511 994 615 1051 qua
638 979 1060 1050 loquimur.esse
1073 977 1458 1034 beatitudinem
1483 991 1578 1046 per
1598 982 1855 1031 virtutum
1869 987 1995 1027 exse
2007 1002 2021 1015 -

418 1073 691 1131 cntionem
707 1072 761 1129 in
778 1072 936 1130 cadis
952 1071 1324 1138 obtinendam,
1338 1086 1439 1144 qua
1453 1068 1670 1141 quidem
1680 1112 1693 1131 .
1713 1076 1758 1123 si
1763 1068 1856 1139 jus
1868 1081 1994 1138 spec
2005 1098 2023 1111 -

418 1175 527 1234 tes,
543 1180 605 1225 se
630 1166 857 1238 privavit
869 1169 1142 1238 peccando
1155 1166 1348 1232 Adam;
1371 1180 1694 1237 quamquam
1706 1163 1885 1219 divina
1904 1162 2019 1232 pie-

418 1268 531 1316 tate
551 1260 837 1326 excitatus,
866 1260 998 1316 illud
1036 1275 1212 1331 ipsum
1234 1259 1325 1330 jus
1370 1258 1631 1327 deinceps
1659 1257 2019 1328 recuperavit.

494 1353 585 1410 15.
614 1352 720 1409 Alii
742 1366 904 1423 porro
930 1352 1225 1424 (quodjam
1264 1350 1374 1406 dixi
1404 1349 1724 1423 (Questions
1750 1364 1791 1414 ι,
1819 1366 1872 1403 η.
1902 1347 2021 1421 11))

421 1448 563 1505 hanc
585 1445 759 1520 ipsam
784 1447 1196 1505 similitudinem
1217 1488 1232 1513 ,
1264 1460 1371 1501 non
1429 1445 1483 1499 in
1515 1443 1860 1501 beatitudinis
1897 1451 2022 1514 post

419 1551 651 1600 mortem
700 1543 1041 1599 assecutione
1067 1583 1085 1609 ,
1113 1555 1302 1596 verum
1346 1538 1399 1594 in
1428 1539 1716 1594 virtutibus
1744 1578 1761 1605 ,
1792 1552 1928 1607 quas
1962 1536 2020 1593 in

422 1635 525 1691 bac
544 1634 661 1707 ipsa
686 1634 1030 1706 possidemus
1054 1663 1071 1701 ,-
1092 1634 1392 1691 collocant:
1425 1630 1567 1703 quod
1599 1629 1820 1701 rigidior
1844 1629 2020 1686 Scito-

421 1730 646 1787 lasticus
672 1744 895 1787 suorum
916 1727 1299 1785 vocabulorum
1336 1710 1585 1782 libertate
1624 1739 1755 1781 usus
1783 1724 1868 1780 bis
1897 1737 2020 1780 vcr-

2127 505 2180 559 in
2202 512 2384 560 mente
2410 501 2666 572 haberes,
2697 513 2752 561 et
2779 502 3048 576 originem
3078 514 3223 559 tuam
3282 504 3620 563 incessanter
3653 503 3719 559 ad

2123 598 2363 654 animum
2394 613 2702 658 revocares.
2744 597 2894 655 Fecit
2922 599 3069 655 enim
3091 606 3164 668 te,
3196 608 3256 656 ut
3277 598 3483 657 dictum
3514 608 3620 663 est,
3649 598 3719 655 ad

2124 691 2414 763 imaginem
2442 707 2593 748 suam
2622 731 2639 760 ,
2668 700 2726 750 et
2762 691 3178 750 similitudinem
3208 692 3389 750 Deus:
3419 692 3488 749 ad
3535 692 3717 763 imagi-

2124 802 2269 853 nem,
2297 794 2355 843 ut
2372 785 2604 843 haberes
2635 788 2956 844 memoriam
2978 829 2997 856 ,
3026 786 3367 844 intellectum
3388 827 3406 856 ,
3431 787 3718 844 discretio-

2123 896 2269 947 nem,
2300 889 2354 937 et
2381 891 2575 937 caetera
2617 881 2911 946 naturalia;
2944 880 3012 935 ad
3057 880 3468 938 similitudinem
3492 922 3512 949 ,
3542 888 3599 936 ut
3628 879 3723 934 ilii-

2125 972 2280 1028 bercs
2326 973 2691 1030 innocentiam
2723 1016 2739 1042 ,
2767 974 3035 1045 justitiam
3064 1014 3080 1036 ,
3107 983 3165 1029 et
3202 973 3304 1028 alia
3357 974 3622 1044 gratuita;
3654 973 3723 1027 ad

2123 1068 2410 1137 imaginem
2458 1069 2511 1122 in
2541 1069 2853 1139 cognitione
2880 1067 3124 1123 veritatis
3154 1109 3170 1133 ,
3200 1068 3266 1123 ad
3314 1067 3723 1123 similitudinem

2122 1162 2176 1217 in
2201 1177 2388 1218 amore
2420 1163 2653 1219 virtutis.
2705 1162 2801 1217 Vel
2833 1174 2982 1218 certe
3025 1163 3198 1217 lactus
3244 1177 3304 1218 es
3343 1160 3411 1217 ad
3441 1160 3724 1231 imaginem

2126 1256 2219 1314 Dei
2242 1257 2455 1313 collatis
2477 1258 2573 1317 tibi
2613 1256 2867 1313 omnibus
2897 1258 3049 1323 istis;
3081 1258 3148 1312 ad
3176 1257 3585 1314 similitudinem
3634 1274 3723 1311 sc-

2121 1350 2356 1406 cundum
2396 1348 2688 1407 essentiam
2717 1349 2935 1407 dcitatis
2972 1351 3149 1408 factus
3184 1365 3245 1408 es
3273 1351 3595 1407 immortalis
3626 1391 3638 1413 ,
3670 1360 3724 1407 ct

2122 1446 2488 1504 indivisibilis.
2538 1464 2559 1498 ι

2196 1559 2284 1615 l7.
2314 1559 2394 1617 Ex
2423 1559 2619 1631 quibus
2650 1558 2939 1630 postremis
2966 1557 3150 1616 verbis
3180 1559 3360 1630 palam
3392 1562 3724 1633 assequeris.

2125 1652 2428 1724 approbare
2472 1651 2624 1708 illum
2672 1652 2893 1724 quidem
2952 1652 3280 1708 sententiam
3342 1666 3533 1708 eorum
3566 1693 3583 1718 ,
3636 1654 3728 1725 qui

2121 1747 2411 1819 imaginem
2437 1748 2529 1803 Dei
2554 1747 2763 1802 homini
2805 1747 3131 1819 impressam
3178 1745 3232 1801 in
3262 1746 3598 1801 naturalibus
3627 1747 3727 1801 du—

421 1824 505 1881 bis
524 1824 682 1881 ίπείίθ
706 1823 1068 1894 ειντίιηοτειε
1093 1818 1539 1913 ’δίπδῖίίωίίίηθίξδ
1558 1817 1663 1913 Dei
1693 1817 1854 1913 ’³⁸³³)ίῆ
1876 1814 2018 1872 ί¹⁵⁶ί’
2048 1850 2096 1913 Β
2125 1842 2208 1898 nis
2236 1814 2520 1899 collocant
2548 1886 2562 1910 ,
2606 1814 3017 1898 similitudinem
3052 1855 3181 1895 vero
3231 1844 3283 1897 in
3326 1842 3730 1911 supernaturali

421 1927 532 1974 tam
560 1931 668 1973 non
706 1918 1008 1973 consistere
1038 1915 1093 1969 in
1118 1912 1449 1970 beatitudine
1474 1909 1737 1974 ultimata,
1758 1916 1817 1964 et
1839 1908 1895 1963 in
1922 1922 2017 1979 pa-

420 2012 555 2069 tria:
580 2011 680 2068 sed
701 2009 983 2077 inchoata,
1011 2017 1068 2065 et
1097 2008 1151 2063 in
1182 2008 1302 2072 via;
1331 2020 1428 2061 seu
1449 2045 1468 2073 ,
1496 2005 1545 2060 si
1582 2004 1694 2071 vis,
1722 2004 1776 2058 in
1807 2003 2017 2060 semine

418 2105 662 2162 celestis
704 2101 1084 2159 beatitudinis:
1121 2099 1225 2171 (sic
1268 2098 1410 2155 enim
1432 2097 1662 2152 virtutes
1690 2093 2014 2167 appellant),

423 2212 535 2255 non
563 2197 619 2255 in
641 2195 759 2268 ipsa
782 2193 1138 2261 beatitudine,
1173 2192 1339 2248 veluti
1369 2191 1422 2248 in
1462 2190 1655 2246 fructu.
1697 2186 1806 2245 Sed
1833 2187 1888 2245 bi
1913 2189 2017 2261 ipsi

425 2306 533 2347 non
555 2291 779 2346 omnino
802 2287 1170 2345 conveniunt:
1206 2285 1371 2356 aliqui
1420 2283 1565 2339 enim
1603 2280 1772 2352 (quod
1800 2291 1926 2338 ante
1949 2295 2019 2336 ex

424 2382 729 2455 Epiphanio
764 2378 1095 2450 notavimus)
1122 2378 1176 2433 in
1196 2379 1383 2432 virtuts
1417 2376 1495 2444 (id
1522 2385 1609 2431 est
1636 2375 1691 2430 in
1719 2373 1937 2441 morali,
1964 2380 2020 2429 et

424 2476 657 2533 naturali
688 2475 888 2531 virtute
913 2472 992 2545 (α)
1015 2473 1056 2539 i,
1083 2472 1175 2527 alii
1204 2472 1259 2526 in
1288 2469 1577 2541 baptismo,
1603 2475 1660 2524 et
1684 2468 1737 2522 in
1758 2466 1934 2538 gratia
1963 2467 2019 2522 in

422 2586 493 2625 eo
515 2568 743 2637 collata,
773 2568 1004 2639 ideoque
1042 2567 1099 2622 in
1140 2562 1540 2637 supernaturali
1570 2564 1810 2628 virtute,
1851 2560 2023 2616 collo-

422 2676 552 2722 cant
603 2663 869 2736 (b).Quin
922 2662 1085 2717 etiam
1131 2658 1378 2716 nonnulli
1425 2657 1832 2714 similitudinem
1873 2655 2022 2731 banc

424 2758 829 2831 angustioribus
856 2755 1118 2811 limitibus
1136 2761 1417 2809 coarctare
1440 2751 1716 2808 videntur.
1738 2748 1868 2805 dum
1896 2763 2019 2806 eam

426 2851 759 2921 restringunt
780 2848 847 2904 ad
870 2849 1124 2903 virtutum
1146 2859 1339 2917 genus,
1368 2844 1511 2915 quod
1532 2843 1820 2914 negat‘ivum
1846 2840 2020 2898 Sebo-

425 2942 603 3001 lastici
629 2941 939 3014 appellant,
969 2939 1024 2995 id
1053 2946 1138 2993 est
1167 2936 1233 2993 ad
1248 2936 1412 3000 illud,
1445 2936 1591 3008 qttod
1629 2939 1896 2991 malorum
1942 2936 2023 2991 iu-

424 3049 547 3104 gam
575 3035 680 3090 sibi
708 3029 898 3089 statuit
918 3046 1018 3105 pro
1048 3032 1263 3102 objectn
1287 3045 1303 3097 ;
1332 3028 1463 3084 illud
1490 3043 1617 3083 vero
1647 3029 1905 3083 virtutum
1930 3042 2019 3099 ges

426 3143 563 3196 nus,
588 3128 733 3202 quod
762 3128 901 3184 bona
938 3126 1283 3198 prosequitur
1306 3165 1322 3191 ,
1364 3123 1579 3195 imagini
1620 3124 1911 3179 vindicant.
1939 3122 2024 3179 Ad

428 3224 574 3282 hunc
598 3232 749 3281 certe
776 3221 995 3279 modum
1025 3220 1449 3290 interpretantur
1479 3217 1724 3273 nonnulli
1747 3219 1908 3274 verba
1930 3218 2021 3273 illa

428 3315 700 3373 Ambrosii
731 3312 836 3388 (De
852 3314 986 3369 bono
1013 3312 1192 3368 mortis
1219 3327 1337 3382 cap.
1368 3307 1424 3376 5,
1455 3327 1511 3365 η.
1550 3310 1669 3384 17);
1692 3328 1711 3363 t
1733 3308 2025 3380 Fugiatnns

423 3423 558 3481 ergo
588 3408 705 3465 lucc
735 3407 877 3464 mala
902 3448 918 3474 ,
945 3416 1001 3464 et
1032 3404 1476 3462 transformemus
1502 3404 1736 3459 animam
1783 3413 2025 3460 nostram

422 3501 494 3557 ad
522 3501 668 3557 illam
696 3501 983 3571 imaginem
1012 3499 1146 3566 Dei,
1177 3506 1234 3554 et
1257 3495 1690 3553 similitudinem.
1721 3495 1867 3569 Fuga
1898 3510 2019 3552 ma-

428 3597 603 3652 lorum
632 3594 932 3653 similitudo
965 3595 1059 3650 Dei
1075 3606 1156 3650 est
1176 3635 1190 3660 ,
1217 3602 1273 3650 et
1299 3592 1585 3650 virtutibus
1606 3592 1785 3664 imago
1802 3591 1904 3649 ‘Dei
1930 3608 2025 3649 ac-

425 3690 684 3763 quiritur.
719 3690 844 3747 Ideo
871 3690 963 3760 qui
987 3704 1082 3745 nos
1122 3689 1315 3760 pinxit,
1341 3687 1497 3759 quasi
1516 3696 1705 3745 auctor
1726 3688 1900 3761 pinxit
1918 3689 2029 3743 vir-

431 3792 604 3840 tutum
625 3783 916 3841 coloribus.
968 3805 988 3835 μ

509 3877 599 3934 16.
622 3876 683 3934 In
712 3877 998 3933 virtutibus
1016 3891 1236 3950 quoque
1263 3877 1763 3943 supernaturalibus
1778 3878 2027 3936 eamdem

430 3971 844 4029 similitudinem
873 3972 1063 4028 statuit
1106 3969 1563 4045 Chrysostomus,
1588 3970 1744 4043 cujus
1768 3972 1942 4029 locum
1973 3972 2026 4029 in

432 4067 644 4138 pagina:
683 4065 835 4123 calce
879 4074 1007 4120 noto
1062 4063 1159 4139 (ε).
1183 4064 1516 4121 Severianus
1560 4081 1777 4139 quoque
1805 4065 1887 4140 (tt)
1915 4108 1933 4136 ,
1971 4076 2031 4124 et

429 4170 623 4215 auctor
650 4158 819 4215 libelli
848 4200 863 4226 ,
886 4159 991 4231 qui.
1016 4159 1286 4214 instructio
1334 4157 1633 4215 Sacerdotis
1665 4160 1979 4217 inscribitur
2007 4203 2023 4230 ,

426 4251 551 4309 slve
580 4252 890 4309 Bernartius
919 4253 965 4307 is
1008 4252 1118 4319 sit,
1148 4253 1264 4309 sive
1291 4253 1428 4309 alios
1455 4253 1864 4323 probatissimos
1897 4270 2031 4312 sane

428 4362 651 4408 auctor:
674 4352 874 4407 etenim
901 4349 1019 4406 hmo
1044 4349 1236 4406 litteris
1250 4349 1649 4407 commendavit
1668 4348 1777 4422 (e):
1812 4366 1835 4403 ι
1862 4349 2028 4408 Crea-

432 4443 513 4499 vit
532 4452 616 4512 te,
637 4460 759 4500 cum
786 4460 897 4500 non
921 4458 1102 4510 esses;
1135 4444 1419 4511 recreavit,
1448 4459 1569 4501 cum
1592 4444 1838 4515 perditus
1856 4459 2027 4502 esses.-

427 4538 658 4603 creavit,
690 4547 749 4592 ut
772 4551 926 4594 esses
954 4538 1225 4608 particeps
1256 4536 1602 4593 beatitudinis
1632 4551 1779 4605 suae;
1813 4552 2030 4595 recrea-

428 4634 531 4700 vit,
564 4649 633 4690 ne
672 4644 793 4705 post
821 4634 1030 4705 lapsum
1084 4647 1435 4705 permaneres
1478 4648 1668 4691 exsors
1698 4636 1883 4705 patrita
1915 4678 1931 4702 .
1977 4646 2032 4693 et
2057 4661 2114 4723 Ι)

429 4740 623 4783 exsors
652 4727 920 4785 felicitatis
954 4736 1200 4783 :ctet'naa:
1223 4728 1429 4784 creavit
1457 4736 1510 4784 te
1538 4727 1608 4784 ad
1636 4728 1943 4801 imaginem,
1978 4739 2033 4785 (ξι

427 4822 841 4880 similitudinem
869 4838 1054 4889 suam;
1078 4822 1143 4877 ad
1167 4824 1782 4893 imaginem,conl'ereus
1806 4825 1898 4882 tibi
1930 4841 2028 4883 na-

434 4914 662 4982 turalia;
688 4914 757 4971 ad
776 4914 1212 4979 similitudinem,
1240 4915 1474 4986 largiens
1494 4918 1749 4987 gratuita,
1768 4928 1825 4973 ut
1851 4928 2034 4976 mento

430 5006 754 5074 excellcrcs,
781 5018 834 5064 et
864 5008 1045 5064 omnia
1070 5008 1400 5065 irrationalia
1426 5012 1634 5065 ratione
1662 5010 1912 5070 vinceres
1942 5030 1954 5067 :

527 5151 802 5221 [rotisque
815 5159 1179 5221 cunt‘spectent
1194 5155 1461 5221 animantia
1478 5166 1661 5207 caetera
1684 5166 1886 5221 terram,

530 5214 600 5282 t_)s
621 5214 805 5282 homini
826 5214 1039 5266 sublime
1061 5217 1218 5282 dedit,
1242 5215 1518 5282 emittitiun
1545 5221 1716 5282 videro

533 5277 706 5340 Iussit,
734 5286 789 5329 et
805 5285 1006 5331 erectos
1029 5277 1087 5329 ad
1112 5277 1275 5331 sidera
1296 5277 1474 5333 tollere
1497 5281 1691 5346 vultus;

511 5413 591 5542 (In)
622 5413 816 5472 “ferri
845 5416 985 5473 solet
1024 5416 1179 5499 Plato
1206 5421 1270 5474 de
1295 5419 1490 5490 legibus
1521 5430 1642 5491 post
1666 5422 1902 5504 modium
1930 5467 1946 5486 ,
1978 5436 2037 5481 et

436 5485 495 5569 in
568 5488 822 5569 beatum.
853 5486 987 5569 Vide
1012 5505 1130 5559 ejus
1187 5491 1301 5545 loca
1330 5493 1471 5563 apud
1503 5494 1783 5551 l’etavtum
1812 5496 1882 5553 de
1910 5498 2037 5569 Opi-

442 5556 532 5612 tio.
568 5558 658 5614 lib.
696 5574 753 5621 n,
783 5558 840 5621 2.
876 5560 963 5615 i0.
1041 5556 1055 5559 ⁷
1367 5556 1381 5563 ’
1959 5556 1975 5569 ⁸

442 5702 456 5706 _
516 5627 593 5701 (ὁ)
618 5630 869 5684 Paulinus
904 5630 1150 5706 Nolanus
1178 5648 1309 5697 sane
1342 5678 1354 5695 .
1384 5647 1438 5687 nt
1467 5636 1706 5703 reliquos
1749 5638 1991 5694 omittam
2026 5681 2043 5706 ,

440 5702 939 5777 insitpcrnatnrali
994 5704 1199 5760 virtute
1255 5706 1482 5761 ρυιιειωιι
1538 5702 1695 5777 epist.
1739 5710 1805 5764 ad
1854 5702 2036 5766 chcr:

438 5772 571 5845 olim
598 5771 659 5845 ἢ.
690 5787 832 5829 nunc
862 5771 965 5845 ει.
990 5790 1044 5829 ιι.
1078 5778 1133 5838 9,
1160 5794 1276 5831 nam
1296 5777 1511 5845 idm-co,
1541 5771 1646 5834 etc.

517 5844 591 5915 (ε)
622 5843 855 5901 Numero
889 5844 925 5897 3
956 5844 1191 5903 humilia:
1219 5849 1270 5904 in
1301 5849 1456 5907 ilind'
1501 5843 1739 5918 Domine,
1766 5868 1866 5907 non
1899 5866 1969 5909 (ἐι
1998 5857 2047 5911 in

2123 1937 2353 2003 virtute;
2402 1949 2510 1992 non
2540 1949 2732 1992 eorum
2784 1945 2967 1991 tamen
2998 1933 3309 2006 improbare
3347 1933 3677 1990 sententiam
3709 1975 3727 1999 ,

2118 2030 2208 2101 qui
2238 2030 2291 2085 in
2321 2028 2426 2084 alia
2459 2042 2521 2085 re
2545 2036 2808 2083 statuunt.
2848 2030 2913 2082 At
2938 2028 3178 2099 priorem
3221 2026 3372 2081 illam
3401 2028 3727 2083 sententiam

2119 2122 2460 2194 apertissime
2501 2120 2809 2176 Bernartius
2860 2121 3062 2192 excipit
3088 2118 3159 2189 (si
3209 2126 3392 2175 tamen
3443 2118 3725 2174 Bernardo

2122 2213 2518 2271 loditatiomtm
2539 2212 2988 2283 librtttntribuis),
3004 2212 3133 2268 dum
3150 2210 3269 2267 hac
3295 2213 3370 2266 ait
3387 2208 3500 2282 (ηε
3529 2210 3728 2267 tlltcre

2122 2309 2282 2378 igitur
2312 2318 2365 2364 te
2390 2310 2510 2381 ipso
2556 2308 2702 2365 velut
2751 2308 2846 2365 Dei
2875 2307 3078 2378 templo
3106 2315 3333 2379 propter
3360 2306 3492 2362 illud
3522 2347 3537 2373 ,
3562 2307 3725 2376 quod

2125 2408 2177 2459 in
2207 2414 2259 2460 te
2278 2413 2366 2462 est
2399 2404 2580 2463 simile
2611 2405 2739 2460 lico.
2788 2403 2974 2458 nonor
3014 2402 3279 2473 siquidem
3327 2400 3439 2456 Deo
3476 2415 3726 2457 summus

2122 2504 2225 2564 cst,
2242 2497 2391 2552 illum
2408 2497 2677 2563 venerari,
2695 2503 2753 2551 et
2767 2494 2986 2551 imitari.
3008 2492 3263 2560 lmitaris,
3280 2494 3326 2549 si
3349 2494 3471 2563 pius
3484 2509 3568 2555 es,
3580 2510 3599 2546 ι
3615 2502 3721 2548 etc.

2198 2610 2266 2666 18
2320 2609 2598 2682 Allcgatos
2629 2609 2837 2666 videbis
2865 2609 2917 2664 in
2950 2610 3089 2664 banc
3120 2607 3451 2664 sententiam
3486 2608 3717 2663 nonnul~

2123 2707 2205 2762 los
2234 2707 2529 2779 Scriptura:
2581 2704 2753 2774 locos,
2776 2702 2953 2760 .veluti
2984 2702 3135 2760 illum
3184 2701 3408 2758 Levitici
3439 2697 3591 2775 (Cap.
3628 2718 3685 2757 at
3709 2743 3725 2768 ,

2124 2797 2252 2873 ii):
2283 2798 2464 2854 Sancti
2490 2807 2650 2854 estote
2677 2842 2693 2864 ,
2725 2796 2969 2869 quoniam
2995 2809 3089 2868 ego
3116 2793 3342 2851 Sanctus
3369 2807 3484 2849 sum
3514 2835 3530 2864 ,
3559 2793 3728 2848 Ilios-

2125 2910 2233 2966 que
2262 2898 2449 2951 etiam.
2473 2893 2581 2951 Sed
2614 2902 2874 2965 prmstare
2899 2890 3032 2949 mihi
3061 2890 3275 2947 videtur
3295 2890 3445 2945 locus
3475 2887 3726 2959 illeilst-

2126 2987 2252 3043 thzci
2281 2989 2423 3060 (cap.
2476 3004 2533 3055 γ,
2559 2988 2650 3053 44,
2680 2984 2807 3057 ιίὸ);
2850 2982 3071 3055 Diligite
3111 2982 3345 3037 inimicos
3382 2991 3575 3035 uestros
3596 2998 3616 3047 ;
3643 2979 3733 3035 be-

2127 3080 2346 3149 ncfacitc
2365 3080 2466 3145 Itis,
2490 3078 2581 3149 qui
2605 3076 2822 3134 oderunt
2847 3092 2968 3132 ros:
2998 3084 3045 3130 et
3078 3085 3222 3130 orate
3259 3090 3355 3146 pro
3380 3082 3729 3145 persequuti-

2128 3173 2242 3241 bus,
2264 3183 2313 3227 et
2337 3168 2769 3226 calumniantibus
2808 3185 2931 3235 vos;
2955 3178 3014 3221 ut
3054 3168 3166 3223 sitis
3200 3166 3295 3235 ﬁlii
3328 3164 3503 3221 Patris
3533 3166 3691 3221 centri
3709 3207 3725 3230 ,

2047 3256 2094 3318 C
2125 3267 2212 3338 qui
2234 3265 2288 3320 in
2312 3265 2450 3321 cortis
2476 3275 2580 3331 est;
2599 3264 2650 3319 id
2667 3272 2769 3331 est,
2794 3272 2851 3318 ut
2882 3271 3030 3318 recte
3058 3261 3447 3332 interpretatur
3472 3260 3725 3317 Petavius

2128 3357 2234 3431 (De
2258 3356 2449 3431 Opiﬁc.
2488 3356 2579 3412 tib.
2609 3370 2670 3421 ιι,
2700 3356 2755 3425 2,
2786 3354 2878 3427 l0)
2894 3398 2908 3422 ,
2940 3373 2961 3409 t
2983 3355 3170 3412 utsitis
3190 3353 3399 3414 similes
3415 3354 3590 3412 Patris
3608 3368 3728 3410 vcs-

2130 3453 2220 3523 tri,
2243 3454 2334 3527 qui
2358 3454 2411 3509 in
2433 3452 2587 3509 ctelis
2600 3458 2706 3509 est.
2721 3469 2740 3503 ι

2202 3568 2264 3625 Et
2295 3569 2348 3625 in
2373 3568 2511 3625 hanc
2536 3566 2753 3641 quidem
2802 3568 3112 3640 opinionem
3141 3566 3175 3622 ii
3201 3581 3394 3624 omnes
3438 3565 3553 3625 fere
3589 3582 3723 3624 cou-

2129 3664 2409 3730 scntiunt,
2437 3662 2530 3736 qui
2574 3660 2984 3719 similitudinem
3036 3661 3107 3719 ab
3144 3661 3379 3735 imagine
3424 3661 3519 3719 Dei
3570 3663 3729 3719 nobis

2131 3756 2392 3829 impressa
2413 3764 2687 3828 separant.

2204 3871 2292 3928 19.
2333 3870 2402 3927 Ut
2437 3870 2506 3927 ad
2552 3869 2842 3943 imaginem
2878 3869 2978 3926 Dei
3008 3869 3167 3927 nobis
3192 3868 3419 3927 inditam
3466 3873 3680 3928 veniam
3714 3914 3732 3943 ,

2131 3976 2229 4019 sex
2257 3976 2324 4018 ea
2351 3961 2420 4019 de
2448 3976 2511 4018 re
2539 3963 2858 4033 opinionum
2909 3976 3111 4033 genera
3142 4002 3160 4029 ,
3191 3972 3248 4019 et
3280 3962 3447 4019 veluti
3476 3977 3733 4037 suprema

2129 4056 2305 4126 capita
2329 4053 2504 4111 video.
2547 4053 2802 4110 Nonnulli
2850 4055 3062 4111 scilicet
3107 4055 3164 4109 in
3228 4068 3497 4126 corporeo
3543 4056 3728 4127 aliquo

2130 4159 2253 4201 eam
2308 4145 2597 4218 imaginem
2646 4143 2879 4217 positam
2933 4145 3173 4203 voluere.
3218 4148 3324 4201 Alii
3371 4148 3426 4203 in
3468 4147 3734 4205 attributo

2131 4236 2312 4308 aliquo
2330 4237 2600 4309 spirituali
2628 4278 2645 4305 ,
2673 4254 2783 4310 quo
2829 4237 2998 4294 homo
3017 4255 3140 4294 cum
3170 4239 3280 4295 Deo
3305 4241 3613 4308 conveniat,
3639 4256 3731 4296 ea-

2132 4346 2237 4401 que
2262 4333 2331 4388 de
2379 4344 2543 4387 causa
2592 4330 2660 4387 ad
2687 4331 2980 4402 imaginem
3029 4330 3177 4387 illius
3203 4332 3294 4387 sit.
3341 4329 3400 4387 id
3444 4329 3732 4402 designare

2132 4425 2262 4482 dum
2294 4426 2516 4483 student
2546 4466 2561 4491 ,
2609 4426 3035 4497 explicareque,
3091 4425 3147 4483 in
3202 4430 3378 4483 varias
3431 4429 3734 4484 sententias

2133 4520 2371 4588 abeunt,
2424 4534 2457 4576 e
2499 4520 2699 4592 quibus
2724 4520 3034 4591 potissimas
3087 4519 3349 4590 deinceps
3400 4520 3725 4594 expendam.

2137 4615 2243 4672 Alii
2275 4616 2327 4671 in
2356 4615 2708 4672 similitudine
2728 4616 3060 4686 expressiori
3107 4618 3409 4684 collocant,
3440 4634 3602 4689 quam
3632 4620 3735 4675 lio-

2140 4711 2346 4765 minetn
2376 4709 2535 4777 inter,
2565 4717 2621 4765 et
2649 4709 2817 4766 Deum
2842 4710 2957 4766 sive
2984 4710 3039 4766 in
3065 4725 3163 4767 sua
3186 4722 3375 4768 natura
3407 4714 3735 4785 inspecmm,

2138 4802 2258 4859 sive
2272 4811 2539 4876 quatenus
2571 4806 2743 4860 trinns
2768 4814 2872 4862 est.
2897 4815 2991 4861 aut
3010 4818 3279 4879 quatenus
3303 4822 3497 4880 expers
3528 4814 3741 4880 peccati

2140 4909 2249 4965 est,
2278 4909 2373 4956 aut
2395 4899 2614 4955 demum
2658 4908 2929 4971 quatenus
2949 4899 3138 4956 beatus
3178 4912 3263 4959 est
3284 4946 3299 4972 ,
3332 4912 3596 4962 statuunt.
3630 4906 3741 4964 Alii

2144 4994 2198 5050 in
2226 5007 2312 5059 eo,
2341 4994 2488 5065 quod
2521 4994 2663 5051 sicut
2691 4995 2833 5051 Deus
2866 4996 3324 5065 perfectissimum
3348 5012 3451 5056 eus
3499 5011 3585 5057 est
3614 5042 3631 5069 ,
3665 5004 3742 5059 ita

2144 5089 2308 5146 ltomo
2354 5089 2745 5160 perlectissima
2802 5104 3069 5147 creatura.
3116 5093 3219 5148 Alii
3267 5094 3555 5167 imaginem
3596 5098 3739 5154 hanc.

2142 5185 2198 5243 iu
2235 5186 2454 5242 Christo
2495 5188 2846 5259 perquirunt;
2891 5197 3261 5263 monentque,
3304 5194 3428 5250 ideo
3469 5196 3741 5254 Adamutn

2147 5278 2259 5335 Deo
2285 5278 2502 5335 similem
2524 5320 2540 5347 ,
2572 5289 2629 5335 et
2672 5280 2742 5334 ad
2788 5280 2933 5335 illius
2962 5282 3240 5353 imaginem
3283 5286 3450 5344 tuisse
3493 5288 3695 5345 dictum
3725 5329 3745 5357 ο

2150 5428 2375 5500 homine,
2405 5436 2537 5482 tom.
2566 5444 2611 5481 vt
2635 5427 2891 5500 editionis
2914 5426 3229 5495 Montiauc.,
3260 5442 3377 5500 pag,
3417 5428 3540 5486 165.

2221 5500 2301 5572 (ά)
2331 5498 2623 5573 De_mundi
2665 5498 2953 5555 Crontione
2981 5500 3106 5555 bom
3185 5516 3236 5567 v,
3264 5498 3387 5555 iuit
3414 5543 3429 5568 ,
3464 5516 3585 5573 pag.
3638 5501 3749 5561 484

2157 5570 2286 5626 tom.
2319 5586 2373 5625 tt
2392 5570 2670 5640 Cbrysost.

2227 5644 2300 5713 (ε)
2331 5640 2477 5714 i‘art.
2512 5658 2550 5707 ι,
2583 5659 2702 5714 cap.
2737 5643 2787 5708 Ι,
2818 5658 2937 5714 pag.
2962 5642 3065 5699 585
3089 5644 3215 5695 lomi
3253 5658 3306 5696 in
3337 5641 3597 5700 Editionis
3630 5646 3742 5703 Vc-

2158 5711 2294 5767 ποιεῦ
2328 5711 2489 5778 Oper.
2521 5714 2578 5767 ὃ.
2616 5711 2870 5768 licrnardi
2898 5717 3021 5767 anni
3055 5714 3206 5767 1727.

2230 5784 2307 5854 (Ῑ)
2340 5784 2580 5861 Meditat.
2608 5783 3242 5861 dci‘ognitionsliniuntur
3280 5787 3586 5861 conditionis
3624 5803 3735 5861 cap

2160 5858 2213 5917 ii,
2255 5872 2374 5926 pug.
2408 5857 2507 5912 571
2558 5856 2685 5913 torni
2716 5872 2750 5911 ll
2779 5856 3032 5913 editionis
3058 5855 3191 5912 Ven.
3217 5858 3341 5913 anni
3368 5858 3495 5912 Πεϊά
