4464 6464
880 211 988 270 859

1560 221 1622 275 ΙΝ
1668 221 1918 283 MILARII
1965 227 2156 286 EPlST
2217 230 2352 288 SEU
2395 234 2596 292 LIBEI.
2667 237 3114 298 lIISSERTATIO
3157 242 3492 301 SECVNDA.

4053 255 4166 307 86d

948 333 1035 387 ὄσ).
1069 333 1262 391 \iarius
1291 336 1474 393 Victor
1500 337 1688 396 borum
1731 357 1957 400 numero
1998 347 2282 406 sociandus
2330 359 2450 405 est;
2482 355 2529 414 Α
2558 366 2707 407 suam
2730 353 2954 410 Creator
2983 360 3218 414 omnium
3251 375 3372 417 eum
3406 365 3634 425 creavit.
3665 365 3807 437 quod
3832 369 3959 422 milii
4005 371 4176 424 alter:

877 430 1075 503 quippe
1103 431 1219 489 hac
1250 432 1420 492 Deum
1448 434 1755 509 loquentem
1784 438 1988 495 inducit
2015 462 2026 494 ι

967 557 1108 646 ἕρεις
1127 566 1649 646 limantemfaciamps,
1671 575 1756 646 ait,
1778 578 1861 646 qui
1883 587 2063 642 regnet
2087 579 2136 630 in
2160 581 2305 646 orbe,

963 628 1107 698 διαί
1132 632 1291 698 Imago
1307 633 1401 698 Dei
1424 648 1434 684 ε
1452 628 1667 687 similem
1687 628 1839 689 decet
1861 628 1976 691 esse
1992 628 2182 693 creanti

965 691 1116 746 Liber
1132 693 1192 744 ad
1217 691 1473 749 arbitrium
1489 698 1668 752 fruitur
1689 704 1774 765 qui
1800 710 1969 757 mente
1993 691 2188 758 creatis.

944 825 1033 886 8i.
1085 823 1196 885 llos
1237 839 1536 902 sequuntur
1578 830 1984 906 Damascenus,
2039 846 2092 894 et
2131 838 2456 900 Bernartius.

875 917 1074 978 ﬂorum
1103 921 1306 992 primus
1339 923 1455 982 haec
1475 927 1550 982 ait
1576 926 1719 1001 (Lib.
1770 943 1827 988 ιιι
1848 930 1916 988 de
1954 930 2059 990 fide
2087 934 2311 992 Ortliod.
2340 953 2455 1010 cap.

875 1012 966 1086 Η)
995 1031 1006 1068 :
1037 1011 1200 1071 «Cum
1227 1015 1294 1074 ad
1327 1018 1614 1089 imaginem
1635 1020 1828 1094 beata',
1853 1033 1908 1081 et
1929 1027 2461 1098 supersuhsmntiaiis

877 1105 1170 1164 divinitatis
1200 1108 1362 1168 homo
1387 1112 1459 1169 sit
1485 1111 1692 1182 factus,
1731 1117 1802 1173 sit
1839 1132 2017 1175 autem
2058 1119 2233 1178 divina
2272 1136 2459 1182 natura

875 1213 970 1271 per
1002 1211 1061 1256 se
1101 1201 1270 1261 libera
1295 1244 1310 1268 ,
1355 1205 1547 1278 suique
1573 1207 1710 1278 luris
1736 1249 1751 1275 ,
1800 1225 1861 1266 ac
1889 1213 2162 1270 voluntate
2194 1217 2414 1287 praedita
2440 1259 2458 1287 ,

872 1306 1211 1369 consequens
1235 1307 1322 1354 est
1337 1296 1608 1357 hominem
1638 1304 1784 1362 velut
1810 1304 1977 1378 ipsius
2006 1308 2292 1382 imaginem
2326 1311 2460 1369 libe-

880 1398 999 1448 rum
1014 1404 1136 1448 esse
1152 1400 1339 1449 natura
1361 1407 1480 1464 sua,
1504 1406 1557 1453 et
1581 1399 1852 1455 voluntate
1875 1401 2176 1472 praeditum.
2193 1422 2212 1458 ι
2232 1404 2461 1462 Bernar-

871 1482 972 1540 dns
992 1497 1119 1541 vero
1147 1487 1167 1561 (
1190 1487 1254 1541 de
1280 1487 1426 1545 Grai.
1450 1501 1502 1546 et
1529 1490 1640 1547 Lib.
1682 1494 1900 1550 arbitrio
1926 1513 2042 1567 cap.
2084 1497 2139 1562 9,
2189 1515 2330 1554 nam.
2367 1498 2459 1573 l8)

871 1586 1052 1635 monet
1083 1619 1100 1648 ,
1150 1579 1203 1634 in
1247 1581 1481 1638 libertate
1503 1585 1701 1640 arbitrii
1740 1587 2016 1660 imaginem
2043 1589 2139 1646 Dei
2165 1607 2287 1650 esse
2311 1594 2458 1666 posi-

873 1681 921 1724 ιδι
928 1685 979 1728 ιιι
990 1710 1004 1727 ο

2561 460 2626 499 ex
2655 450 2916 503 creaturis
2945 447 3186 506 donavit.
3216 450 3349 520 Qua:
3382 454 3557 526 imago
3585 456 3898 530 diligentius
3935 462 3991 517 in
4020 463 4140 517 inte
4160 495 4174 503 -

2564 538 2724 596 rioris
2748 539 2980 598 hominis
3008 544 3290 618 dignitate,
3312 555 3368 604 et
3387 549 3666 612 nobilitate
3694 563 3778 609 est
3792 554 4166 611 consideran-

2567 630 2654 685 da.
2681 631 2860 688 Primo
2888 635 3104 706 quidem
3134 639 3278 709 quod
3305 639 3462 695 sicuti
3486 641 3627 699 Deus
3647 658 3785 701 unus
3809 660 4029 719 semper
4045 647 4170 704 ubi—

2561 738 2666 793 que
2693 735 2835 782 totus
2862 737 2944 782 est
2972 771 2988 796 ,
3019 730 3198 785 omnia
3226 732 3541 801 viviﬁcaris,
3574 751 3797 794 movens
3822 782 3837 804 ,
3874 749 3930 794 et
3953 741 4174 812 guber-

2562 834 2718 885 nans,
2745 822 2886 876 sicut
2913 824 3204 895 Apostolus
3231 827 3305 882 ait
3334 829 3537 895 (Actor.
3566 847 3682 901 cap.
3705 849 3835 901 svu,
3862 834 3980 907 ξε).
4013 835 4170 905 quod

2560 910 2616 965 in
2644 929 2705 967 eo
2733 914 2944 969 vivimus
2969 958 2983 979 ,
3015 934 3275 974 ntoveumr
3298 964 3311 984 ,
3343 930 3390 976 et
3417 938 3596 978 suntm
3614 967 3629 989 ,
3660 928 3740 981 sic
3763 928 3942 984 anima
3973 931 4031 985 in
4060 945 4174 985 suo

2564 1020 2792 1074 corpore
2816 1008 3008 1076 ubique
3037 1021 3145 1064 tota
3173 1013 3350 1080 viget,
3375 1015 3655 1072 vivilicsns
3686 1019 3816 1078 illud
3843 1064 3857 1083 ,
3887 1036 4122 1078 movens
4156 1064 4170 1084 .

2563 1107 2615 1151 et
2647 1098 2968 1167 gubernans.
3022 1101 3129 1159 Nec
3170 1107 3312 1161 enim
3349 1108 3401 1163 in
3447 1109 3740 1178 majoribus
3783 1117 4031 1184 corporis
4078 1123 4173 1172 sui

2562 1191 2820 1247 membris
2850 1194 3019 1264 major
3049 1205 3131 1251 est
3157 1239 3167 1254 .
3193 1207 3247 1253 et
3279 1200 3330 1254 in
3375 1202 3672 1258 minoribus
3699 1206 3918 1272 minor;
3963 1208 4064 1264 sed
4111 1213 4171 1264 iu

2571 1282 2806 1338 minimis
2836 1293 2943 1340 tota
2977 1297 3060 1341 est
3086 1330 3100 1354 ,
3130 1298 3185 1345 et
3212 1289 3265 1346 in
3293 1294 3542 1350 maximis
3572 1303 3702 1352 tota.
3755 1298 3846 1353 Sic
3869 1300 4048 1355 infusa
4081 1311 4175 1356 est

2562 1373 2818 1443 corpori,
2865 1388 2919 1432 ut
2952 1395 3056 1434 non
3091 1395 3188 1452 per
3214 1384 3577 1441 membrorum
3608 1400 3788 1458 partes
3809 1393 4056 1462 partibus
4089 1396 4172 1448 sit

2561 1465 2752 1522 divisn.
2786 1468 2916 1526 Nam
2939 1471 2991 1527 in
3016 1475 3254 1543 quolibet
3279 1477 3397 1534 loco
3427 1495 3551 1549 pars
3572 1485 3814 1552 corporis
3832 1489 4170 1558 percutitur.

2565 1569 2674 1615 tota
2696 1562 2862 1617 dolet.
2901 1564 3034 1622 Miro
3064 1580 3242 1625 autem
3269 1574 3432 1628 modo
3472 1591 3576 1631 una
3605 1578 3899 1650 eademque
3920 1581 4172 1637 vivifica-

2565 1655 2709 1709 tione
2735 1658 2990 1712 membris
3014 1663 3327 1731 praesidens,
3354 1680 3477 1721 cum
3507 1668 3621 1738 ipsa
3649 1686 3746 1741 per
3771 1682 4014 1729 naturam
4052 1692 4168 1732 non

941 1767 1032 1822 39..
1076 1762 1133 1821 In
1165 1767 1514 1840 intelligentia
1541 1784 1701 1842 porro
1743 1775 2119 1844 potissimum;
2163 1778 2255 1834 sed
2301 1789 2357 1835 et
2401 1781 2454 1836 in
2485 1755 2534 1816 Β
2559 1755 2629 1799 ⁸⁸³
2656 1745 2704 1800 d'

2401 1781 2454 1836 in
2485 1755 2534 1816 Β
2559 1747 2629 1799 sit
2656 1745 2889 1816 diversa,
2921 1766 3015 1820 per
3034 1768 3230 1820 corpus
3259 1767 3435 1813 tamen
3460 1761 3566 1830 agit
3589 1761 3824 1818 diversa.
3855 1764 3970 1835 ipsa
3991 1769 4153 1836 quip-

875 1860 1125 1917 iibertate
1167 1866 1329 1919 etiam
1373 1863 1617 1921 eamdem
1661 1865 1948 1928 imaginem
1996 1883 2195 1938 ponere
2249 1872 2457 1929 videtur

873 1954 1187 2010 Ambrosius
1221 1953 1336 2012 haec
1383 1959 1598 2028 serlptis
1645 1957 1903 2015 mandans
1944 1961 1964 2034 (
1993 1958 2206 2017 ﬂexam.
2241 1980 2352 2036 cap.
2388 1966 2456 2036 8,

869 2047 1002 2100 alias
1031 2055 1086 2101 ιι.
1119 2044 1215 2120 45)
1250 2066 1264 2103 :
1292 2067 1312 2101 ι
1356 2047 1470 2106 Non
1500 2064 1626 2123 ergo
1662 2063 1790 2107 cara
1817 2061 1994 2122 potest
2023 2066 2143 2110 esse
2170 2054 2235 2110 ad
2269 2056 2456 2127 imagi-

873 2153 994 2195 nem
1023 2140 1135 2210 Dei,
1165 2139 1262 2196 Sed
1286 2141 1465 2198 anima
1507 2152 1709 2211 ﬂustra,
1738 2157 1858 2216 qutc
1889 2145 2055 2202 libera
2091 2159 2195 2212 est,
2226 2154 2282 2202 et
2299 2147 2458 2204 diffu-

871 2233 946 2288 sis
969 2233 1408 2305 cogitationibus,
1436 2244 1598 2306 atque
1621 2236 1860 2292 Consiliis
1890 2235 1995 2294 huc
2015 2244 2175 2308 atque
2207 2239 2331 2296 illuc
2369 2255 2456 2296 va-

869 2337 1026 2400 gatur
1047 2370 1064 2396 ,
1094 2335 1216 2399 qua:
1243 2328 1637 2385 considerando
1661 2335 1868 2402 spectat
1895 2332 2094 2388 omnia.
2141 2330 2281 2389 Ecce
2315 2349 2456 2392 nunc

870 2430 1058 2476 suntne
1078 2421 1130 2476 in
1161 2418 1310 2476 italia
1330 2463 1344 2488 ,
1369 2429 1425 2476 et
1441 2425 1738 2493 cogitamus
1771 2437 1832 2479 ea
1849 2463 1865 2491 ,
1889 2435 2009 2496 quze
2033 2424 2098 2480 ad
2127 2425 2452 2495 Orientales,

868 2517 962 2570 aut
1001 2511 1372 2573 Occidentales
1396 2527 1574 2588 partes
1609 2527 1853 2589 spectare
1903 2516 2153 2575 videntur
2176 2560 2190 2586 ,
2238 2530 2292 2576 et
2332 2535 2455 2577 cum

869 2606 973 2664 illis
997 2607 1199 2664 versari
1227 2607 1470 2666 videmur
1490 2652 1503 2677 ,
1537 2609 1625 2683 qui
1654 2610 1710 2667 in
1742 2609 1963 2667 Perside
1988 2621 2115 2668 sunt
2137 2613 2413 2670 constituti
2435 2656 2452 2682 ,

868 2707 926 2755 et
950 2698 1070 2755 illos
1097 2698 1366 2768 videmus,
1397 2702 1486 2770 qui
1508 2700 1705 2773 degunt
1735 2703 1787 2758 in
1817 2701 2020 2770 Africa,
2047 2704 2091 2759 si
2118 2719 2253 2776 quos
2272 2708 2457 2778 cogni-

871 2800 956 2848 tos
982 2792 1138 2848 nobis
1159 2807 1223 2850 ea
1250 2803 1393 2850 terra
1416 2795 1754 2864 susceperit:
1797 2797 2075 2868 sequimur
2106 2798 2452 2868 proﬁciscen-

872 2897 975 2952 tes,
1007 2885 1332 2944 inin’eremus
1353 2888 1843 2961 peregrinantibus,
1866 2891 2186 2964 copulantur
2215 2893 2457 2950 absenti-

871 2978 993 3049 bus,
1023 2977 1348 3054 allotiuimur
1375 2991 1672 3054 separatos,
1697 2982 1982 3041 defunctos
2006 3000 2220 3062 quoque
2248 2984 2312 3041 ad
2343 2985 2454 3041 coi-

870 3071 1111 3143 ioquium
1131 3073 1535 3143 resuscitamus,
1565 3089 1785 3148 eosque,
1809 3085 1871 3133 ut
1890 3078 2152 3146 virentes,
2182 3082 2454 3154 complec-

2565 1853 2629 1906 pe
2655 1849 2757 1906 est,
2777 1856 2893 1908 qua:
2917 1859 3010 1912 per
3036 1846 3222 1902 oculos
3248 1848 3410 1915 videt,
3435 1851 3585 1907 audit
3603 1867 3698 1924 per
3727 1871 3904 1923 aures,
3934 1875 4032 1930 per
4065 1875 4165 1914 na—

2560 1946 2645 1986 res
2679 1934 2956 1999 odoratur,
2993 1954 3087 2006 per
3111 1953 3174 1992 os
3192 1951 3387 2010 gustat,
3426 1960 3523 2014 per
3551 1950 3796 2005 membra
3824 1952 4002 2006 omnia
4039 1965 4169 2009 tan-

2557 2024 2632 2092 git
2659 2039 2674 2086 ;
2719 2035 2776 2080 et
2809 2027 3123 2098 tangendo,
3151 2029 3272 2087 lene
3297 2032 3366 2086 ab
3398 2047 3595 2105 aspero
3615 2037 3914 2106 discernit;
3944 2051 4000 2096 et
4026 2058 4160 2096 cum

2558 2132 2662 2171 non
2693 2119 2764 2173 sit
2784 2118 2998 2177 diversa
3019 2164 3034 2186 ,
3066 2139 3160 2194 per
3183 2140 3378 2181 sensus
3405 2134 3584 2185 tamen
3606 2142 3866 2201 aperatur
3909 2135 4161 2192 diversa.

2561 2211 2638 2266 Ex
2668 2229 2773 2284 qua
2798 2229 2857 2270 re
2883 2216 3227 2288 intelligitur,
3259 2220 3402 2292 quod
3445 2225 3513 2276 ita
3536 2233 3620 2280 est
3643 2226 3822 2281 anima
3853 2230 4162 2286 Secundum

2556 2319 2713 2360 suum
2743 2307 2956 2362 modum
2989 2311 3039 2364 in
3066 2325 3165 2367 suo
3192 2327 3422 2384 corpore
3449 2357 3463 2380 ,
3512 2319 3654 2374 sicut
3682 2319 3825 2376 Deus
3859 2335 3944 2378 est
3975 2325 4031 2378 in
4055 2339 4166 2379 suo

2558 2398 2774 2456 blando.
2829 2400 3058 2458 Interius
3085 2406 3385 2474 siquidem,
3432 2417 3488 2465 et
3530 2412 3803 2478 exterius;
3853 2418 4149 2486 superius,

2558 2501 2611 2546 et
2643 2491 2866 2548 inferius
2890 2504 3004 2550 est:
3033 2497 3267 2567 regendo
3303 2503 3573 2571 superior,
3602 2505 3862 2573 portanda
3892 2507 4120 2565 inferior
4140 2552 4156 2571 .

2558 2585 2814 2656 replenda
2839 2587 3084 2656 interior,
3124 2590 3512 2649 circumdanda
3540 2594 3797 2652 exterior.
3847 2598 3939 2655 Sic
3963 2615 4050 2656 εει
4075 2603 4164 2656 in-

2557 2689 2663 2749 tus,
2695 2690 2755 2736 ut
2781 2690 2929 2737 extra
2948 2683 3037 2749 sit;
3068 2685 3148 2740 sic
3162 2685 3483 2756 circumdat,
3511 2698 3570 2746 ut
3595 2700 3870 2762 penetret;
3899 2696 3980 2750 sic
4003 2711 4152 2765 pre-

2555 2774 2695 2831 sitiet
2717 2817 2730 2840 ,
2761 2785 2819 2830 ut
2849 2786 3063 2846 portet;
3097 2781 3175 2834 sic
3198 2791 3406 2851 portat,
3460 2793 3522 2840 ut
3557 2786 3859 2854 praesideat.
3915 2785 3985 2843 Et
4013 2792 4164 2846 sicut

2560 2868 2698 2922 Deus
2726 2885 2822 2924 nec
2853 2871 3222 2928 cresrentibus
3250 2877 3513 2934 creaturis
3539 2881 3768 2945 crescit,
3808 2896 3908 2936 nec
3935 2882 4159 2941 decres-

2560 2962 2808 3017 centibus
2854 2962 3150 3020 decrescit:
3195 2968 3274 3022 sic
3304 2968 3480 3023 anima
3511 2985 3608 3025 nec
3638 2972 3855 3028 minutis
3895 2978 4159 3033 membris

2557 3055 2832 3116 minuitur,
2865 3071 2964 3111 nec
2983 3056 3226 3114 adsuctis
3272 3072 3517 3131 augetur.
3555 3062 3679 3119 limo
3698 3075 3782 3120 est
3803 3068 3998 3137 imago,
4027 3069 4150 3124 sire

870 3163 1032 3223 “mm
1053 3206 1068 3233 ’
1097 3173 1152 3222 et
1171 3173 1420 3224 tenemus
1443 3207 1460 3236 ν
1492 3174 1548 3224 ει
1570 3143 1694 3225 vim;
1718 3143 1893 3225 omen
1923 3168 2008 3226 his
2030 3210 2045 3236 '
2073 3143 2335 3246 m'umqu;
2357 3175 2452 3232 de.
2478 3143 2524 3206 C
2558 3144 2857 3201 similitudo
2885 3149 3268 3219 omnipotentis
3300 3152 3392 3209 Dei
3418 3195 3434 3217 ,
3475 3168 3635 3226 quam
3679 3157 3860 3213 anima
3897 3157 4060 3216 liabet
4100 3165 4154 3218 in

869 3257 1108 3317 terimus.
1141 3259 1214 3316 Ea
1237 3259 1399 3333 igitur
1420 3270 1505 3318 est
1532 3259 1602 3316 ad
1624 3263 1897 3336 imaginem
1917 3261 2040 3334 Dei,
2060 3281 2181 3338 qua
2203 3282 2309 3323 non
2331 3283 2452 3325 cor-

869 3366 1035 3424 poreo
1058 3353 1388 3424 aestimatur,
1410 3353 1506 3412 sed
1530 3356 1725 3412 mentis
1767 3358 1987 3430 rigore:
2032 3375 2154 3430 qua:
2197 3362 2451 3418 absentes

868 3445 1016 3503 videt
1041 3485 1056 3512 ,
1103 3448 1460 3504 transmarina
1500 3449 1614 3504 visu
1649 3449 1798 3515 obit,
1849 3453 2110 3521 percurrit
2151 3454 2406 3526 adspectu
2433 3497 2448 3522 ,

868 3547 1140 3599 scrutatur
1158 3539 1336 3598 abdita
1359 3581 1377 3609 ,
1411 3539 1533 3610 huc,
1563 3551 1725 3616 atque
1745 3544 1872 3602 illuc
1897 3561 2004 3601 uno
2031 3556 2305 3605 momento
2329 3565 2452 3606 scn-

869 3647 961 3691 sus
989 3648 1118 3691 suos
1141 3649 1237 3707 per
1261 3637 1423 3692 totius
1451 3634 1610 3694 Orbis
1637 3636 1796 3707 lines,
1819 3647 1875 3694 et
1900 3640 2083 3696 mundi
2110 3653 2317 3699 secreta
2346 3647 2450 3700 cir-

868 3724 1098 3784 cuml‘ert
1116 3744 1134 3783 :
1153 3743 1273 3799 quae
1300 3728 1414 3786 Dco
1434 3729 1694 3804 jungitur,
1719 3729 1936 3788 Christo
1962 3732 2450 3804 aditzeret,descen-

865 3820 946 3877 dit
967 3822 1019 3876 in
1039 3819 1311 3880 infernum
1330 3861 1348 3891 ,
1391 3813 1548 3896 atque
1572 3825 1884 3892 adscendit,
1929 3826 2098 3886 libera
2123 3841 2366 3888 versatur
2396 3835 2448 3892 in

865 3911 1027 3970 ccio.
1059 3913 1301 3984 Denique
1321 3914 1446 3972 andi
1472 3915 1775 3974 dicentem:
1820 3929 1997 3977 nostra
2023 3933 2198 3978 autent
2237 3941 2441 3981 conuer-

866 4005 998 4059 satio
1025 4005 1079 4062 in
1105 4005 1250 4062 cazlis
1275 4017 1368 4064 est.
1400 4025 1421 4062 ι

937 4093 995 4152 in
1029 4098 1274 4154 eamdem
1323 4100 1632 4170 opinionem
1683 4101 1838 4160 facile
1887 4103 2126 4164 dedoces
2171 4117 2447 4168 auctorem

865 4190 1222 4249 instructisnis
1255 4195 1562 4264 sacerdotis,
1607 4199 1721 4256 sive
1761 4198 2062 4258 Bernardus
2107 4204 2153 4260 is
2177 4204 2286 4273 sit,
2335 4209 2450 4265 sive

863 4283 999 4340 alius
1017 4285 1304 4357 quispiam,
1335 4303 1497 4360 quem
1520 4306 1669 4346 num.
1695 4291 1764 4348 ili
1783 4293 2031 4368 aliegavi.
2059 4297 2138 4351 Ad
2153 4299 2445 4372 imaginem,

864 4387 921 4435 ιιι
948 4378 1160 4435 haberes
1187 4382 1504 4449 memoriam,
1532 4393 1636 4440 etc.

933 4473 1023 4530 33.
1048 4475 1104 4532 in
1130 4476 1324 4535 eximia
1348 4481 1640 4537 exsistendi
1686 4483 1738 4537 in
1764 4496 2021 4555 corpore.
2053 4486 2289 4559 illudque
2334 4491 2448 4546 ani-

865 4567 1067 4637 mandi,
1090 4579 1146 4625 et
1173 4571 1585 4641 praeclarissime
1603 4576 1794 4647 agendi
1821 4578 2029 4634 ratione
2053 4581 2299 4638 eamdem
2318 4582 2453 4638 ima-

862 4661 1041 4733 ginetn
1070 4663 1273 4720 invenit
1295 4675 1484 4723 auctor
1509 4666 1630 4724 libri
1661 4669 1726 4726 de
1752 4667 1978 4741 Spiritu,
2025 4681 2074 4726 et
2098 4673 2283 4729 Anima
2303 4717 2318 4742 ,
2359 4677 2450 4746 qui

865 4753 1071 4826 pridem
1099 4756 1399 4828 Augustino
1425 4759 1779 4819 tribuebatur.
1841 4767 2014 4836 Atque
2047 4767 2190 4822 illius
2231 4769 2445 4840 quidem

863 4847 1138 4920 ingeniosa
1162 4849 1362 4906 monita
1386 4851 1589 4908 referre
1609 4855 1802 4924 placet,
1830 4865 1970 4913 utea
2007 4860 2216 4917 scilicet
2247 4878 2446 4935 expon-

863 4939 956 4997 dat
980 4940 1170 5006 lector,
1192 4941 1544 5016 conferatque
1569 4961 1691 5002 cum
1731 4947 1796 5003 iis
1821 4951 2202 5020 scriptoribus,
2230 4972 2366 5028 quos
2394 4957 2447 5014 in

866 5033 1026 5104 hujus
1041 5034 1281 5107 opusculi
1299 5037 1538 5110 margine
1554 5037 1656 5094 PP.
1673 5040 1905 5099 SJlauri
1919 5043 2151 5114 allegant
2171 5045 2321 5122 (Cap.
2333 5051 2446 5122 35).

868 5143 889 5177 ι
918 5123 1030 5181 Nec
1052 5127 1122 5183 ob
1145 5125 1247 5183 hoc
1265 5128 1440 5186 solum
1469 5131 1709 5199 quidem,
1742 5134 1882 5204 quod
1905 5135 1969 5191 ad
1988 5139 2273 5197 consilium
2295 5156 2451 5198 sanc-

864 5227 933 5272 ta:
955 5217 1230 5276 Trinitatis
1248 5223 1327 5278 sic
1338 5224 1704 5282 esceilentera
1719 5223 2014 5285 Conditore
2031 5233 2279 5292 conditas
2301 5236 2452 5293 homo

864 5321 949 5368 est
971 5352 988 5380 ,
1029 5313 1125 5368 sed
1154 5313 1317 5370 etiam
1343 5316 1484 5386 quod
1512 5316 1577 5372 ad
1610 5317 1899 5391 imaginem
1925 5362 1941 5391 ,
1965 5334 2021 5380 et
2043 5325 2449 5385 similitudinem

944 5488 1022 5575 (is)
1061 5489 1128 5575 ln_
1173 5491 1311 5549 libro
1359 5497 1422 5550 de
1459 5494 1659 5575 Dignit.
1691 5502 1886 5575 condit.
1926 5501 2198 5575 Minume,
2251 5525 2370 5575 Cap.
2402 5511 2458 5567 2.

944 5525 1021 5560 μη
1063 5525 1121 5545 ιη
1174 5525 1311 5549 ιιυιυ
1359 5525 1422 5550 αις
1459 5525 1659 5568 υυυηιι.
1691 5525 1886 5558 comm.
1926 5525 2198 5575 nummus,
2402 5525 2458 5567 2.

889 5562 1472 5644 YidehobsecroLqum
1515 5573 1583 5626 de
1624 5570 1724 5626 hoc.
1750 5571 2026 5644 Scriptore
2052 5577 2238 5636 docent
2271 5580 2308 5634 i’
2339 5586 2371 5634 ’.
2403 5581 2460 5637 8.

900 5633 1104 5696 Mauri,
1134 5633 1391 5710 pagus?
1440 5646 1719 5710 appendic.
1771 5633 1897 5701 tonii
1926 5664 1961 5702 ii
2013 5633 2296 5707 Ambrosii.
2317 5633 2466 5709 illud

883 5718 1092 5791 eertum
1125 5709 1239 5772 est,
1275 5709 1415 5791 base,
1462 5709 1667 5791 aliaque
1711 5716 1868 5788 hujus
1915 5723 2154 5791 opusculi
2188 5725 2346 5778 serito
2375 5742 2468 5782 ec-

895 5778 1016 5836 dcm
1043 5783 1337 5851 spectantia
1361 5778 1644 5845 exstare'in
1669 5778 1926 5863 opusculo
1947 5778 2037 5849 illo
2069 5778 2469 5868 Alrlnniniqui

2474 4529 2530 4593 D

2555 3251 2688 3293 se.»

2623 3331 2713 3388 54.
2757 3333 2954 3388 Eadem
2989 3350 3210 3406 prorsus
3247 3340 3457 3395 monuit
3496 3350 3687 3398 auctor
3717 3342 3836 3399 iibri
3867 3344 3931 3398 de
3974 3347 4154 3416 digni-

2555 3434 2659 3479 tute
2684 3429 2993 3481 conditionis
3022 3430 3278 3494 humanm,
3324 3433 3420 3502 qui
3448 3434 3539 3489 diu
3571 3435 3889 3492 Ambrosius
3911 3442 4158 3495 creditus

2551 3527 2653 3583 est,
2678 3518 2804 3572 dum
2837 3520 2951 3574 hwe
2981 3523 3194 3592 scriptis
3222 3523 3442 3580 tradidit
3456 3523 3537 3596 (ιι)
3571 3544 3583 3580 :
3621 3544 3640 3579 ι
3671 3527 3821 3582 Sicut
3843 3529 3984 3586 Deus
4014 3548 4156 3586 unus

2553 3624 2767 3681 semper
2807 3611 3004 3683 ubique
3044 3619 3186 3668 totus
3227 3625 3348 3682 est,
3394 3620 3573 3673 omnia
3617 3621 3924 3685 viviticans,
3970 3628 4154 3679 citima

2554 3719 2777 3759 moveas
2791 3746 2808 3773 ,
2829 3715 2883 3761 et
2911 3708 3218 3777 gubernans
3239 3727 3256 3765 :
3283 3713 3365 3767 sic
3386 3712 3566 3768 anima
3590 3716 3642 3770 in
3669 3729 3770 3770 suo
3788 3731 4015 3787 corpore
4035 3719 4160 3774 ubi-

2552 3813 2659 3866 que
2687 3809 2794 3855 tota
2839 3801 3016 3873 viget,
3050 3803 3329 3861 viviﬁcans
3350 3848 3365 3873 ,
3413 3823 3636 3864 movens
3675 3810 3808 3866 illud
3829 3854 3843 3876 ,
3877 3821 3930 3866 et
3957 3813 4157 3884 guber-

2553 3907 2706 3949 llalls.
2748 3913 2769 3947 ο

2622 3983 2730 4040 35.-
2757 3984 3140 4045 Eteruitatem
3169 3991 3364 4047 animae
3387 4035 3403 4059 ,
3433 3992 3560 4048 dum
3609 3993 3748 4052 alios
3796 4009 4041 4054 recenset
4081 4001 4157 4054 ti-

2553 4078 2692 4132 tulos
2713 4121 2727 4145 ,
2761 4089 2853 4134 aut
2899 4082 3200 4150 ipsissimos
3227 4085 3437 4141 scilicet
3462 4127 3476 4152 ,
3507 4101 3644 4158 quos
3672 4097 3830 4145 antea
3858 4088 4159 4161 descripsi-

2553 4185 2669 4226 mus
2693 4212 2709 4239 ,
2743 4183 2832 4228 aut
2859 4173 2926 4229 iis
2972 4190 3190 4245 prorsus
3218 4175 3443 4244 afﬁnes,
3477 4179 3528 4235 in
3577 4181 3773 4252 quibus
3815 4182 3975 4239 etiam
4026 4199 4156 4242 eam

2552 4279 2710 4335 quam
2751 4265 2980 4323 dicimus
3001 4309 3018 4334 ,
3048 4269 3334 4340 imaginem
3361 4273 3570 4339 statuit,
3599 4287 3985 4332 commemorat
4012 4277 4154 4333 Pru-

2552 4358 2784 4425 dentius,
2815 4361 2930 4415 hch
2959 4363 3175 4431 scriptis
3204 4361 3468 4420 mandans
3496 4367 3569 4436 (ὁ)
3596 4385 3610 4423 :

2643 4450 2731 4525 list
2752 4451 2925 4525 similis
2946 4453 3104 4525 saeclis
3123 4456 3251 4525 quod
3275 4469 3372 4507 non
3395 4460 3696 4525 consumitur
3719 4460 3850 4525 ullis,

2647 4513 2785 4626 good
2810 4516 3029 4578 sapiens,
3048 4513 3268 4581 iustique
3290 4533 3464 4584 capax,
3483 4523 3754 4586 reginaque
3780 4513 3946 4575 rerum

2676 4584 2884 4626 mperat.
2910 4579 3180 4626 antevidet-
3213 4581 3495 4626 cernendis-
3519 4590 3762 4626 tamet-avni
3805 4588 3946 4626 imm

2652 4579 2884 4640 imperat,
2910 4579 3198 4643 antevidet,‘
3213 4579 3496 4646 perpendit,
3519 4579 3782 4647 praecavet.
3805 4588 3970 4642 instat,

2652 4635 2943 4712 verborum,
2968 4653 3256 4712 morumne
3280 4644 3471 4708 opifex,
3495 4650 3828 4712 instructaque
3853 4651 3986 4700 mille

2666 4675 2679 4687 π
2697 4675 2743 4687 ι.
2757 4675 2831 4688 νυ.
2844 4675 2943 4698 usu,
2970 4675 3062 4691 ι--υι
3076 4675 3256 4707 ιιιιηιυῠ
3280 4675 3411 4708 vyur
3422 4675 3444 4694 .\
3456 4685 3471 4707 ,
3497 4675 3604 4697 sua“
3619 4675 3828 4712 murique

2649 4701 3323 4784 at'fii’EELFLCS-Tietlesset!
3349 4710 3828 4784 tteteuersdecw

2651 4763 2738 4814 His
2761 4763 2966 4815 animam
2992 4766 3201 4818 similem
3223 4769 3318 4819 sibi
3340 4763 3563 4823 conditor
3585 4771 3833 4835 efﬁgiavit.

2629 4869 2803 4942 Atque
2845 4887 2966 4928 cum
3015 4873 3172 4930 laude
3196 4876 3450 4946 quidem,
3478 4893 3541 4933 ac
3587 4878 3778 4935 merito
3817 4877 3931 4936 bare
3970 4879 4160 4951 iunxit

2555 4962 2894 5021 Prudentius.
2938 4964 3149 5023 Etenim
3179 4968 3222 5023 si
3255 4969 3671 5043 unumquodque
3693 4970 3882 5027 horum
3929 4973 4161 5028 attrit-tt-

2557 5065 2731 5112 torum
2763 5069 3007 5113 seorsum
3039 5062 3363 5130 sumpseris,
3398 5063 3617 5120 minime
3646 5064 3893 5121 videntur
3921 5065 4113 5122 idenea
4138 5109 4156 5135 ,

2555 5160 2614 5203 ut
2641 5150 2731 5206 Dei
2756 5152 3039 5222 imaginem
3065 5153 3117 5209 in
3141 5156 3321 5212 anima
3342 5158 3693 5214 CthIiluattl.
3722 5157 3792 5214 Et
3816 5174 3947 5215 sane
3966 5159 4012 5215 si
4037 5161 4161 5217 haec

2555 5242 2835 5308 attendas,
2869 5243 2982 5302 Deo
3011 5245 3327 5303 similiorem
3354 5248 3619 5321 Angeium
3661 5267 3769 5322 pra:
3816 5251 4033 5307 homine
4072 5253 4161 5307 di-

2557 5348 2649 5390 ces
2670 5375 2684 5403 ,
2713 5334 2907 5408 quippe
2935 5335 3138 5394 clarius
3166 5339 3375 5398 elucent
3417 5341 3516 5396 ista
3545 5343 3597 5398 in
3632 5343 3867 5415 Angela,
3897 5360 4055 5417 quam
4100 5347 4159 5402 in

2569 5514 2910 5590 inscribitur}
2936 5516 3072 5590 dicta
3090 5515 3153 5569 Β.
3181 5515 3346 5569 Albini
3371 5515 3557 5590 Levita
3581 5534 3732 5590 super
3755 5520 3883 5574 illud
3902 5519 4113 5575 Genesis
4137 5568 4150 5581 ,

2570 5581 2850 5641 Faciamus
2879 5587 3180 5660 hominem,
3209 5598 3335 5650 ιιιε.⁷
3367 5587 3500 5642 adeo
3522 5600 3572 5642 ut
3601 5581 3810 5645 constet
3834 5593 4154 5660 opusmtltiztt

2573 5657 2638 5709 de
2671 5656 2928 5725 fliqnitnte
2957 5659 3174 5714 hominis
3203 5660 3512 5728 inscriptum
3530 5701 3546 5726 ,
3575 5675 3694 5716 esse
3725 5656 4059 5732 potissimum
4087 5683 4162 5723 ex

2575 5729 2769 5784 Alchm
2785 5729 2875 5782 ina
2902 5732 3351 5787 consarcinatum.

2659 5801 2734 5864 (ὁ)
2767 5801 2820 5858 lu
2849 5801 3142 5874 Apellis-ns.
3167 5803 3268 5862 sub
3287 5804 3438 5860 titulo
3458 5805 3522 5861 de
3548 5815 3729 5861 natura
3759 5807 3960 5877 animos,
3986 5825 4033 5861 ν.
4063 5809 4155 5866 ῆι.
