4464 6470
461 352 555 410 εηι

1146 344 1210 406 iV
1251 340 1504 405 lIIIARIl
1547 339 1766 400 EPIST.
1812 338 1940 395 Silii
1983 335 2202 394 ΜΒΝ..
2249 333 2699 395 ηιςςκκτλτιο
2740 335 3078 395 ἓΕῌῖΝιὶᾹ.

3634 331 3742 390 862

462 467 695 527 homine.
729 466 930 523 Tamen
961 481 1086 522 num
1123 462 1320 534 cingulo
1349 463 1606 534 impressa
1635 459 1702 514 sit
1728 472 1790 514 ea
1811 499 1826 523 ,
1855 458 2044 526 dcqna
2075 456 2126 518 Α
2150 467 2284 524 quas
2326 451 2489 510 habet
2536 453 2713 511 anima
2757 470 2879 509 cum
2910 450 3174 509 Trinitate
3220 450 3584 506 SMK‘liSSitll".
3639 451 3741 506 lui-

457 563 664 634 agimus
684 605 696 622 .
733 560 825 618 Dei
869 559 1082 634 imago,
1125 555 1317 614 merito
1345 552 1640 610 dubitatur.
1671 548 1846 620 Quid?
1871 546 2042 618 quod,

455 659 504 716 ai
525 655 592 716 de
619 655 918 714 ater-nitate
946 652 1284 727 disputamus
1305 691 1320 718 ,
1350 665 1457 706 non
1485 663 1548 705 ea
1574 654 1660 704 est
1702 644 2005 718 huprsmodi
2030 687 2046 708 ,

461 761 518 810 ut
544 765 638 826 per
667 765 725 806 se
753 751 866 806 sola
897 746 992 806 Dei
1023 745 1255 804 similem
1285 744 1464 798 iaciat.
1497 744 1580 797 An
1607 755 1715 797 non
1744 735 2044 802 materiam,

455 859 560 921 qua
579 856 893 918 empyreum
913 849 1126 898 consrat
1139 880 1156 909 ,
1183 847 1443 896 internum
1461 836 1770 892 duraturam
1789 829 2049 887 facimus?

455 935 791 1009 Quillameu
821 934 912 992 Dei
941 933 1176 993 similem
1208 933 1351 990 illam
1382 931 1557 996 dicat,
1587 938 1679 983 ant
1722 926 1815 982 Dei
1861 923 2048 996 imagi-

458 1045 583 1091 nem
631 1031 684 1091 in
709 1044 773 1090 ea
808 1027 1077 1088 collucet?
1111 1025 1394 1085 Da-moues
1444 1021 1577 1098 ipsi,
1612 1033 1666 1076 et
1707 1023 1900 1074 anima:
1928 1033 2048 1088 qua:

458 1128 510 1185 in
539 1125 727 1187 inieris
748 1125 1058 1183 cruciantur
1077 1163 1093 1194 ,
1135 1129 1394 1193 perpetuo
1427 1117 1758 1193 perstabunt.
1795 1117 1877 1171 An
1902 1114 2048 1168 simi-

455 1221 535 1280 les
563 1233 848 1295 promere:
872 1217 1026 1278 Deo!

526 1309 703 1386 Atque
744 1312 860 1368 haec
889 1307 1103 1383 quidem
1136 1307 1248 1377 ipsa
1292 1302 1522 1370 adhibe,
1576 1303 1620 1355 si
1668 1299 1780 1363 vis,
1826 1298 1869 1353 si
1912 1297 2048 1352 forte

455 1407 725 1482 quispiam
771 1405 950 1464 Fausti
981 1402 1296 1476 Regiensis,
1321 1405 1378 1455 et
1403 1395 1614 1454 Μαιήτιιί
1656 1392 1907 1465 martyris
1948 1405 2044 1446 au-

455 1503 705 1561 ctoritate
734 1500 982 1559 sullultns
1007 1499 1111 1572 (α),
1138 1512 1287 1562 cam,
1317 1509 1473 1567 quam
1498 1493 1726 1551 dicimus
1745 1531 1760 1557 ,
1795 1488 1883 1543 Dei
1917 1487 2050 1542 ima-

453 1598 635 1668 ginem
666 1595 720 1655 ln
753 1594 1057 1651 aeternitate
1086 1591 1331 1647 collucet.

529 1689 616 1748 36.
665 1688 721 1746 ln
747 1688 981 1758 potentia
1010 1684 1354 1743 construendi
1377 1678 1793 1750 stabiliendique
1820 1674 2044 1732 aediﬁcia

453 1782 543 1842 alii
571 1783 943 1837 collocarunt:
986 1793 1211 1848 quorum
1263 1775 1583 1832 sententiam
1613 1783 1670 1829 et
1709 1771 2043 1840 expositam,

2151 558 2407 604 stremum
2435 547 2574 619 huc,
2617 547 2758 623 quod
2803 547 2971 604 fusius
3017 554 3202 602 auctor
3244 546 3331 602 ille
3369 549 3744 620 prosequitur,

2149 638 2341 696 iisdem
2371 639 2552 696 verbis
2593 656 2864 716 exponere
2909 642 3118 711 placet,
3165 639 3360 712 quibus
3400 639 3486 700 ille
3530 647 3747 696 enarrat

2152 731 2292 804 (cap.
2315 730 2410 803 55)
2435 748 2449 785 :
2488 751 2506 786 r
2535 731 2834 802 Quamdam
2863 733 3026 790 etiam
3055 742 3257 789 sanciat
3285 731 3561 796 Trinitatis
3584 732 3748 791 habet

2151 822 2437 898 imaginem
2461 841 2476 879 :
2500 828 2674 896 primo
2701 827 2753 882 in
2777 841 2843 882 eo
2867 827 3010 900 quod
3038 828 3176 882 sicut
3207 826 3348 882 Deus
3370 835 3483 892 est,
3509 828 3661 892 vivit,
3688 835 3746 883 et

2149 920 2322 990 sapit,
2355 920 2426 977 ita
2455 918 2633 977 anima
2660 921 2956 978 secundum
2989 937 3143 978 suum
3176 923 3394 980 modum
3423 931 3506 978 est
3529 963 3542 987 ,
3576 921 3740 986 vivit,

2149 1021 2204 1068 ct
2243 1013 2405 1082 sapit.
2437 1012 2535 1071 Est
2560 1030 2776 1089 quoque
2805 1024 2861 1070 et
2903 1016 3002 1071 alia
3032 1015 3269 1074 Trinitas
3308 1016 3360 1071 in
3392 1028 3486 1082 ea;
3526 1019 3648 1089 quia
3677 1015 3744 1072 ad

2151 1106 2435 1177 imaginem
2485 1107 2733 1179 perlecta:
2774 1108 3022 1180 quidem,
3065 1116 3124 1166 et
3163 1124 3389 1167 summa
3431 1108 3743 1175 Trinitatis,

2149 1215 2269 1268 quas
2298 1209 2378 1255 est
2409 1199 2462 1256 in
2508 1199 2703 1266 Patre,
2735 1209 2786 1256 et
2835 1201 2972 1258 Filio
2992 1243 3004 1264 .
3036 1211 3091 1259 et
3118 1201 3320 1274 Spiritu
3348 1205 3580 1272 Sancto,
3612 1219 3743 1258 con-

2150 1292 2260 1348 dita
2284 1305 2388 1349 est.
2427 1293 2494 1350 Et
2523 1295 2648 1351 licet
2669 1299 2826 1350 unius
2853 1297 2921 1366 sit
2965 1306 3166 1354 natura:
3189 1301 3397 1365 anima,
3425 1308 3536 1356 trcs
3563 1309 3745 1356 tamen

2151 1386 2204 1442 in
2235 1402 2294 1442 se
2337 1388 2478 1443 vires
2524 1387 2722 1452 habet,
2755 1389 2804 1443 id
2844 1398 2928 1443 est
2972 1389 3334 1456 iutellectmu,
3371 1394 3697 1448 voluntatem
3723 1435 3740 1460 ,

2150 1489 2202 1536 et
2245 1481 2603 1545 memoriam;
2656 1480 2799 1552 quod
2846 1479 2985 1536 idem
3016 1525 3029 1546 ,
3080 1482 3204 1539 licet
3260 1483 3380 1539 aliis
3429 1485 3638 1552 verbis,
3690 1486 3782 1542 in.

2151 1574 2443 1647 Evattgelio
2465 1574 2806 1645 designatur,
2843 1590 2964 1630 cum
2993 1575 3187 1632 dicitur
3213 1596 3224 1630 :
3259 1577 3439 1649 diliges
3470 1568 3747 1634 Dominum

2155 1666 2314 1723 Deum
2343 1677 2486 1722 trium
2512 1683 2578 1722 ea:
2597 1678 2703 1722 toto
2731 1667 2886 1723 corde
2912 1679 2997 1722 tuo
3019 1711 3032 1732 ,
3061 1679 3106 1722 et
3130 1686 3196 1725 tu:
3219 1678 3321 1724 tota
3348 1672 3523 1724 animo
3550 1681 3637 1725 tua
3657 1715 3669 1732 .
3699 1681 3748 1726 et

2146 1781 2212 1817 ex
2238 1773 2341 1816 tota
2365 1774 2527 1817 meme
2552 1773 2683 1828 tua;
2713 1760 2765 1818 id
2792 1770 2877 1817 est
2906 1778 2971 1818 ea
2998 1771 3110 1817 toto
3136 1763 3411 1819 intellectu
3442 1773 3533 1819 tuo
3553 1809 3567 1832 ,
3597 1773 3651 1820 et
3677 1779 3743 1820 ea

454 1873 912 1944 tleserlptamque,
933 1872 1260 1940 etrejcetam
1293 1873 1492 1940 pariter
1517 1866 1625 1922 vidi
1650 1865 1719 1920 ad
1749 1865 1889 1919 hunc
1919 1878 2038 1917 mo-
2072 1866 2116 1927 Β
2146 1867 2254 1913 tota
2287 1857 2559 1911 voluntate
2585 1862 2696 1921 tua,
2726 1865 2782 1910 et
2802 1870 2867 1911 ea
2899 1862 3009 1910 tota
3041 1857 3300 1913 memoria
3328 1867 3436 1913 tua.
3469 1855 3601 1913 Nam
3638 1858 3742 1912 sic-

453 1968 582 2024 dtnn
627 1968 749 2040 (b):
795 1985 814 2020 ι
850 1966 1211 2036 Repetiuntur
1255 1973 1310 2019 et
1351 1962 1492 2026 alia,
1538 1961 1592 2016 in
1645 1960 1839 2028 quibus
1881 1957 2044 2010 homo

455 2063 625 2122 Deum
670 2061 927 2118 imitatur.
969 2059 1244 2130 Siquidem
1275 2055 1342 2111 ad
1373 2055 1725 2111 imitationem
1757 2050 1852 2106 Dei
1881 2051 2044 2104 Crea-

453 2155 592 2212 toris
638 2157 800 2210 ltomo
843 2152 1111 2210 construit
1155 2152 1377 2217 domos,
1433 2147 1698 2217 parietes,
1751 2145 2039 2209 civitates,

449 2254 639 2320 portus
660 2288 677 2313 ,
717 2260 882 2302 naves
905 2287 922 2312 ,
976 2243 1180 2300 navalia
1201 2284 1219 2311 ,
1274 2253 1465 2297 currus
1486 2283 1501 2304 ,
1530 2249 1585 2295 ct
1634 2238 1738 2294 alia
1795 2236 2002 2317 inﬁnita
2023 2276 2039 2300 ,

448 2339 612 2397 veluti
634 2340 924 2410 Imagines,
947 2346 1003 2393 et
1032 2336 1228 2410 figuras
1258 2335 1378 2391 creli
1400 2377 1417 2402 ,
1440 2333 1598 2398 solis,
1634 2331 1804 2394 lunae,
1834 2339 1886 2384 et
1909 2329 2039 2384 stel-

448 2433 621 2491 larum
644 2475 659 2500 ,
687 2433 817 2490 Item
857 2431 1132 2488 hominum
1155 2471 1169 2494 ,
1200 2437 1257 2486 et
1297 2426 1609 2484 animalium
1651 2423 2041 2480 irrationaliutn

448 2529 648 2588 Formas
674 2547 690 2597 ;
720 2527 926 2584 lnilnlta
952 2539 1131 2583 tamen
1155 2534 1239 2580 eat
1260 2525 1314 2579 in
1337 2523 1544 2578 ratione
1567 2518 1834 2577 condendi
1863 2517 2042 2573 diver-

443 2624 596 2679 sitas.
642 2621 774 2677 Nam
807 2621 951 2676 Deus
988 2617 1227 2675 omnium
1257 2631 1322 2673 ex
1355 2617 1451 2683 iis,
1491 2630 1611 2684 quae
1654 2623 1812 2677 sunt,
1834 2621 1890 2668 et
1931 2625 2038 2666 nott

443 2722 600 2782 aunt,-
626 2725 770 2771 creat
788 2755 804 2779 ,
839 2714 997 2784 idque
1023 2714 1141 2768 sine
1168 2710 1352 2768 labore
1373 2751 1386 2773 .
1416 2721 1470 2765 et
1499 2717 1741 2779 tempore
1764 2725 1779 2760 :
1810 2707 1934 2779 quia
1961 2705 2040 2760 si-

444 2808 557 2865 tnul
582 2819 743 2878 atque
770 2797 1024 2872 voluerit,
1056 2803 1300 2876 producit
1321 2800 1466 2874 quod
1486 2800 1539 2858 ei
1563 2801 1838 2873 placuerit.
1866 2797 2041 2854 llomo

442 2915 572 2958 vero
601 2901 826 2956 materia
853 2915 988 2970 opus
1019 2899 1214 2965 habet,
1245 2896 1449 2970 indiget
1475 2893 1879 2960 instrumentis,
1905 2907 2038 2949 con-

440 2993 564 3050 silio
583 3034 598 3060 ,
631 3004 906 3063 tempore,
934 3000 991 3048 et
1020 2992 1202 3047 labore
1221 3030 1239 3060 ,
1269 3006 1331 3046 ac
1361 2988 1550 3044 solidis
1576 2988 1779 3044 artibus
1807 2987 1872 3042 ad
1903 2999 2040 3057 opus

438 3087 883 3147 construendum.
931 3083 1207 3159 Siquidem
1256 3084 1586 3140 architectus
1637 3083 1840 3154 indiget
1889 3081 2039 3137 labro

443 3183 658 3249 aerario,
687 3183 840 3239 faber
861 3193 1044 3237 autem
1065 3179 1287 3236 terarius
1315 3178 1565 3245 metallis,
1592 3188 1646 3233 et
1673 3176 1996 3233 carbmiibns
2021 3193 2034 3229 :

2149 1965 2204 2009 ut
2234 1969 2300 2010 ea
2346 1954 2504 2013 Patre
2549 1969 2841 2028 generatur
2871 1955 3066 2021 Filius.
3093 1967 3147 2014 ct
3173 1973 3242 2013 ex
3277 1955 3467 2025 Patre,
3499 1955 3744 2029 Filioque

2148 2048 2388 2118 procedit
2413 2048 2646 2119 Spiritus
2668 2051 2927 2116 Sanctus,
2958 2051 3029 2106 ita
3055 2066 3123 2105 ex
3145 2049 3423 2106 intellectu
3451 2062 3744 2122 generatur

2145 2145 2428 2210 volunt-ts.
2459 2157 2513 2201 et
2539 2163 2604 2202 ex
2633 2146 2716 2203 his
2737 2145 3002 2202 ambobus
3033 2145 3276 2215 procedit
3323 2145 3602 2211 rnetnnria,
3636 2147 3741 2200 sic.

2146 2250 2202 2293 ut
2250 2239 2404 2294 facile
2450 2254 2483 2293 a
2527 2241 2770 2312 sapiente
2833 2239 3071 2311 quolibet
3121 2251 3296 2310 potest
3340 2237 3584 2310 intelligi.
3634 2237 3743 2294 Nec

2144 2332 2286 2388 enim
2311 2333 2494 2390 anima
2524 2333 2759 2403 perlecta
2790 2343 2962 2406 potest
2990 2348 3114 2389 esse
3144 2333 3262 2388 sine
3295 2333 3377 2388 his
3409 2331 3610 2400 tribus,
3641 2346 3741 2387 nec

2146 2425 2336 2482 horum
2365 2429 2524 2483 trium
2554 2428 2768 2502 aliquod
2793 2430 2911 2485 sine
2940 2429 3056 2485 aliis
3087 2429 3298 2485 duobus
3321 2429 3583 2500 integrum
3610 2443 3744 2481 cott-

2144 2529 2270 2588 stat,
2303 2533 2560 2591 quantum
2589 2521 2655 2577 ad
2676 2537 2827 2577 suam
2872 2522 3098 2594 pertinet
3131 2521 3515 2578 habitudinem.
3547 2520 3614 2576 Et
3635 2519 3744 2576 sic-

2145 2621 2203 2668 ut
2232 2613 2374 2670 Deus
2412 2614 2602 2682 Pater,
2643 2617 2787 2672 Deus
2812 2614 3012 2681 Filius,
3043 2613 3185 2670 Dens
3215 2614 3448 2687 Spiritus
3474 2612 3739 2680 Sanctus;

2145 2721 2253 2763 non
2285 2718 2463 2765 tamen
2493 2720 2603 2764 tres
2633 2709 2732 2776 Dii,
2751 2710 2846 2766 sed
2873 2724 3010 2764 unus
3042 2709 3204 2776 Deus,
3233 2718 3288 2765 ct
3314 2719 3425 2765 trea
3457 2723 3734 2780 persomc;

2144 2802 2214 2858 ita
2247 2803 2425 2859 anima
2457 2806 2762 2862 intellectus
2785 2848 2798 2870 ,
2826 2805 3002 2860 anima
3028 2803 3296 2876 voluntas,
3326 2805 3505 2860 anima
3532 2816 3734 2858 memo-

2143 2897 2220 2954 ria
2238 2935 2254 2964 ,
2273 2911 2377 2953 non
2407 2905 2586 2954 tamen
2613 2908 2722 2955 tres
2742 2898 2934 2954 anima:
2958 2897 3009 2954 in
3034 2913 3141 2953 uno
3161 2911 3388 2968 corpore
3404 2941 3418 2962 ,
3445 2896 3541 2954 sed
3561 2897 3739 2951 anima

2143 3008 2246 3047 una
2270 3037 2283 3058 ,
2330 3005 2384 3049 et
2411 3003 2518 3050 tres
2548 2993 2712 3051 vires.
2740 2995 2913 3066 Atque
2943 2995 2993 3051 in
3028 2995 3110 3049 his
3141 2996 3310 3050 tribus
3333 2993 3568 3049 divinam
3602 2993 3736 3047 ima-

2141 3088 2318 3158 ginem
2343 3090 2480 3159 gerit
2504 3087 2820 3145 mirabiliter
2849 3089 2900 3143 in
2929 3102 3027 3144 sua
3064 3098 3253 3144 natura
3295 3096 3479 3143 noster
3515 3085 3739 3141 interior

2144 3178 2306 3234 homo
2328 3221 2342 3246 ,
2384 3189 2437 3236 et
2465 3195 2530 3236 ea
2569 3181 2652 3237 bis
2684 3182 2836 3253 quasi
2875 3179 3348 3238 excellentioribns
3384 3182 3580 3236 anime
3609 3180 3736 3234 viri-

439 3276 689 3335 timiliter
714 3284 768 3332 et
797 3291 985 3331 omnes
1013 3275 1102 3346 qui
1134 3276 1274 3344 ligna
1303 3272 1552 3336 credunt,
1588 3273 1650 3325 iis
1677 3271 1767 3341 qui
1796 3270 2032 3338 plautas,
2063 3272 2108 3336 C
2141 3275 2237 3330 bus
2256 3272 2509 3344 iubemur
2535 3274 2757 3345 diligere
2785 3272 3160 3341 Co:.ditorcm,
3196 3284 3252 3327 ut
3282 3276 3332 3330 in
3362 3283 3616 3342 quantum
3652 3274 3733 3326 in.

438 3381 534 3426 aut
557 3378 755 3425 terram
783 3368 1056 3426 cacolunt.
1081 3370 1254 3438 Atque
1285 3359 1386 3421 hoc
1412 3374 1567 3434 pacto
1590 3380 1679 3420 ars
1702 3378 2036 3433 antiqua-quc

437 3463 510 3518 ab
531 3460 649 3518 aliis
680 3459 885 3515 artibus
913 3474 1069 3515 usum
1101 3474 1284 3514 earum
1317 3466 1591 3512 n.utuatur
1617 3475 1628 3510 :
1666 3464 2035 3510 verumtamen

441 3559 635 3621 homo,
685 3556 811 3610 dum
853 3559 922 3608 ita
969 3553 1240 3624 quippiam
1282 3553 1577 3615 construit,
1628 3551 1865 3604 imitatur
1902 3565 2038 3620 quo-

437 3648 731 3705 datnmodo
758 3658 1092 3712 creatorem,
1119 3647 1266 3700 velut
1293 3645 1468 3716 imago
1496 3643 1869 3714 archetypum.
1901 3641 2037 3696 ima-

436 3756 508 3813 go
527 3744 669 3796 enim
691 3741 968 3813 archetypi
994 3740 1216 3806 ligulam
1238 3737 1435 3793 habet:
1466 3751 1650 3793 verum
1679 3751 1844 3807 quum
1868 3751 2033 3790 ment-

440 3839 656 3894 brorutn
688 3837 921 3908 speciem
959 3835 1190 3894 habeat.
1219 3835 1459 3888 actiones
1503 3841 1682 3888 tamen
1711 3847 1817 3886 non
1851 3830 2032 3885 habet.

436 3931 598 3988 Caret
627 3930 771 3985 etritn
802 3927 1016 3992 anima,
1049 3940 1144 3997 per
1174 3941 1333 3997 quam
1364 3936 1613 3982 movetur
1640 3939 1859 3995 corpus.
1903 3945 1922 3977 ι

508 4024 600 4080 37.
639 4022 918 4080 Collocant
961 4021 1051 4077 alii
1099 4023 1152 4076 in
1197 4019 1548 4076 similitudine
1596 4034 1721 4074 cum
1768 4018 2033 4075 Trinitate

438 4116 816 4174 Sanctissima.
847 4117 918 4172 At
936 4131 1100 4188 quum
1126 4113 1373 4170 eamdem
1399 4112 1802 4168 similitudinem
1827 4110 2028 4167 studio-

437 4210 554 4268 siua
600 4211 886 4282 designare
934 4209 1308 4276 contendunt,
1360 4207 1692 4279 aliquantum
1745 4203 2024 4263 dissident.

441 4303 692 4363 Nonnulli
719 4301 807 4373 qui
850 4301 1238 4359 Damascenum
1269 4300 1500 4372 allegant
1527 4299 1596 4372 (c)
1628 4299 1810 4370 (quam
1842 4307 1991 4355 recte
2010 4339 2026 4365 ,

439 4397 670 4455 viderint
712 4395 870 4468 alii),
909 4396 1046 4453 alias
1087 4394 1306 4466 quidem
1353 4395 1587 4449 rationes
1625 4391 1887 4458 aderunt,
1931 4389 2029 4448 aed

439 4489 579 4548 hanc
618 4490 850 4560 pariter,
896 4491 1038 4559 quod
1082 4487 1294 4546 divinas
1337 4487 1710 4558 processiones
1739 4485 1910 4542 Adam
1959 4487 2030 4540 sit

439 4584 714 4642 imitatus:
747 4595 802 4640 et
829 4582 972 4654 quod
1002 4584 1118 4654 ipse
1160 4596 1270 4639 non
1316 4581 1386 4636 sit
1422 4580 1668 4653 genitus,
1699 4579 1834 4636 Abel
1878 4582 2028 4652 geni-

2141 3367 2428 3439 telligitur,
2457 3367 2734 3436 diligatur,
2762 3380 2817 3424 ct
2848 3370 2898 3422 in
2929 3376 3184 3438 quantum
3213 3367 3452 3438 diligitur
3473 3411 3485 3430 .
3518 3381 3734 3435 semper

2139 3461 2189 3515 in
2219 3463 2475 3516 memoria
2507 3460 2784 3519 habeatur.
2815 3460 2922 3517 Nec
2954 3461 3126 3516 solum
3157 3459 3353 3516 suﬂicit
3378 3461 3444 3516 de
3474 3477 3539 3515 eo
3569 3460 3736 3517 intel-

2139 3553 2344 3619 lectus,
2379 3555 2480 3610 nisi
2514 3554 2604 3609 (lat
2645 3555 2698 3610 in
2737 3570 2922 3612 amore
2985 3555 3103 3626 cjus
3149 3555 3414 3609 voluntas.
3477 3555 3587 3609 ιιιιο
3627 3571 3723 3608 nec

2138 3644 2250 3701 lucc
2276 3646 2380 3702 duo
2417 3647 2718 3715 sufﬁciunt,
2752 3649 2850 3703 nisi
2876 3649 3131 3704 memoria
3160 3648 3416 3715 addatur,
3453 3663 3556 3720 qua
3588 3664 3730 3704 sem-

2139 3757 2232 3812 per
2262 3741 2312 3796 in
2336 3753 2514 3797 tuente
2545 3743 2916 3814 intelligentia,
2937 3755 2992 3798 et
3011 3744 3284 3815 diligentis
3312 3754 3527 3801 maneat
3552 3746 3724 3801 licus:

2137 3832 2207 3888 Ut
2249 3832 2620 3890 sicut-nullum
2653 3845 2829 3906 potest
2857 3850 2977 3892 esse
3021 3848 3385 3904 momentum,
3417 3853 3524 3908 quo
3565 3836 3730 3892 homo

2137 3946 2244 3983 non
2271 3939 2481 3995 utatur,
2517 3931 2598 3987 vel
2639 3929 2848 3987 iruatttr
2897 3931 2991 3987 Dei
3023 3931 3294 3999 bonitate,
3325 3941 3382 3987 ct
3430 3933 3734 3988 miscricor-

2134 4023 2256 4091 dia;
2291 4025 2362 4079 ita
2390 4023 2594 4082 nullntn
2634 4025 2699 4081 sit
2727 4039 3057 4082 momentum
3083 4069 3099 4092 ,
3131 4043 3237 4100 quo
3276 4038 3596 4098 praesentem
3629 4045 3736 4086 non

2136 4117 2328 4174 habeat
2353 4134 2476 4175 euut
2517 4121 2570 4177 in
2609 4121 2886 4177 memoria.
2918 4120 2982 4176 Et
3015 4120 3136 4178 ideo
3165 4122 3296 4177 mihi
3335 4123 3484 4191 justo
3523 4125 3732 4181 videtur

2138 4212 2340 4269 dictum
2363 4257 2376 4281 ,
2405 4226 2648 4270 nostrum
2677 4216 2988 4273 interiorem
3011 4215 3281 4272 hominem
3302 4230 3422 4272 case
3449 4218 3736 4288 imaginem

2133 4303 2249 4360 Dei.
2282 4323 2302 4358 ο
2347 4305 2401 4361 in
2445 4306 2546 4363 hac
2588 4307 2701 4378 ipsa
2759 4317 3028 4380 postrema
3082 4307 3442 4380 descriptione
3486 4310 3733 4378 congruit

2132 4410 2318 4456 auctor
2362 4399 2561 4467 libelli,
2588 4401 2679 4474 qui
2717 4403 2781 4456 de
2819 4402 3075 4474 Dignitate
3113 4403 3335 4459 hominis
3383 4403 3692 4459 inscribitur
3718 4447 3731 4469 ,

2131 4506 2186 4550 et
2237 4493 2529 4566 aliquando
2561 4494 2844 4551 Ambrosio
2887 4496 3054 4568 (quod
3081 4497 3190 4567 jam
3220 4497 3478 4568 diximus)
3503 4498 3735 4553 tributus

2130 4601 2234 4647 est.
2261 4591 2336 4647 De
2357 4591 2509 4662 cujus
2528 4591 2742 4663 quidem
2767 4589 2934 4648 libelli
2959 4601 3176 4648 auctore
3203 4589 3322 4647 vide
3349 4605 3468 4664 quat
3492 4590 3558 4647 ad
3581 4607 3722 4646 num.

437 4688 553 4750 tus,
584 4679 726 4736 Heva
767 4678 1108 4753 processerit.
1152 4675 1356 4733 Auctor
1382 4693 1512 4733 vero
1541 4675 1660 4732 libri
1691 4676 1754 4730 de
1783 4675 1982 4749 Spiritu
2007 4719 2022 4742 ,
2051 4667 2105 4730 D
2131 4685 2200 4742 34

808 4678 1108 4736 recesserit.
1152 4675 1356 4733 Auctor
1382 4693 1512 4733 vero
1541 4675 1660 4732 libri
1691 4676 1754 4730 de
1783 4675 1982 4749 Spiritu
2007 4719 2022 4742 ,
2051 4667 2105 4730 Ι)
2131 4685 2201 4742 34
2237 4684 2571 4742 tradidimus.

437 4784 487 4831 et
528 4775 744 4844 Anima,
777 4788 940 4847 quem
968 4782 1124 4830 antea
1167 4774 1328 4827 etiam
1368 4769 1628 4844 allegavi,
1669 4769 1829 4842 paulo
1871 4770 2029 4826 aliter

440 4885 554 4927 rem
587 4869 867 4944 proponit,
897 4875 1186 4940 monetque
1212 4867 1346 4922 duas
1385 4865 1646 4938 imagines
1671 4867 1881 4923 Sancta:
1906 4865 2026 4922 Trio

437 4960 621 5017 uitatis
653 4974 811 5031 posse
847 4958 901 5017 in
945 4961 1120 5016 anima
1150 4957 1521 5015 considerari:
1557 4959 1782 5029 primam
1827 4958 1879 5014 in
1919 4973 1986 5013 eo
2009 5000 2027 5024 ,

433 5053 580 5126 quod
611 5053 748 5110 sicut
781 5053 920 5109 Deus
965 5063 1082 5120 eat,
1117 5053 1274 5122 vivit,
1316 5060 1370 5108 et
1413 5053 1584 5124 sapit,
1626 5054 1695 5108 ita
1737 5052 1912 5110 anima
1945 5067 2031 5108 se-

435 5144 668 5202 cundum
699 5161 854 5201 suum
882 5146 1095 5202 modum
1119 5156 1230 5212 est,
1259 5144 1385 5202 vivit
1412 5188 1425 5212 ,
1448 5154 1503 5200 et
1531 5146 1688 5217 sapit.
1715 5146 1850 5217 (Qua
1882 5145 1932 5200 in
1969 5161 2028 5201 re

434 5245 688 5300 convenit
725 5257 945 5314 prorsus
985 5251 1172 5297 auctor
1199 5240 1366 5298 libelli
1397 5240 1460 5296 de
1489 5237 1751 5314 Dignitate
1779 5241 2012 5296 conditio-

433 5339 516 5392 nis
544 5337 780 5392 humana.-
801 5379 816 5407 ,
846 5337 961 5393 hac
1000 5336 1410 5407 expressissime
1451 5336 1688 5393 docens:
1719 5337 1864 5395 Sicut
1888 5334 2028 5394 Deus

432 5442 507 5488 eat
528 5472 542 5501 ,
571 5433 719 5498 uicit,
741 5441 789 5486 et
827 5433 993 5500 sopit,
1026 5433 1097 5486 ita
1123 5431 1292 5485 atrium
1317 5432 1597 5487 secundum
1637 5446 1786 5488 suum
1824 5430 2032 5487 modum

431 5536 508 5582 est
528 5567 542 5592 ,
567 5527 686 5581 vivit
702 5568 716 5594 ,
743 5536 788 5581 et
807 5527 941 5595 sapit
971 5528 986 5595 )
1012 5524 1314 5583 Secundam
1341 5526 1398 5582 in
1421 5525 1580 5582 variis
1603 5524 2028 5596 conveniendis,

518 5709 598 5783 (α)
638 5708 781 5783 Lege
801 5707 990 5783 Petav.
1022 5707 1086 5762 de
1118 5707 1259 5777 ορίί.
1281 5746 1299 5773 ,
1355 5707 1451 5783 lib.
1482 5722 1551 5783 tt,
1577 5707 1613 5764 2
1634 5750 1647 5773 ,
1673 5708 1770 5783 14.

515 5779 593 5853 (ι)
630 5779 956 5836 Theodoret.
1011 5791 1200 5852 qna-st.
1254 5795 1323 5835 ax
1390 5781 1440 5835 in
1486 5779 1772 5844 Gencaitn.
1828 5781 2038 5840 Joanne

439 5853 578 5909 Pico
611 5853 922 5922 interprete.

529 5928 600 5997 (ρ)
645 5925 720 5982 Et
750 5941 815 5979 eo
839 5925 972 5983 libro
993 5969 1005 5992 ,
1035 5944 1196 5998 quem
1222 5927 1530 5999 inscripsit:
1561 5929 1810 5998 quomodo
1830 5931 1896 5986 ad
1916 5934 2041 5986 ima-

2205 4780 2298 4836 38.
2339 4778 2668 4852 Augustinus
2711 4788 2926 4845 autem,
2963 4786 3018 4834 ct
3048 4777 3424 4834 Tbeodoretus
3462 4777 3554 4832 diu
3596 4786 3723 4834 ante

2135 4871 2235 4928 bos
2266 4872 2571 4943 Scriptores
2601 4869 2743 4928 idem
2775 4871 2948 4942 ipsum
2994 4878 3368 4942 argumentum
3401 4884 3736 4941 persequun-

2137 4980 2243 5024 tur.
2273 4969 2330 5024 lrt
2371 4984 2438 5023 eo
2477 4981 2607 5022 vero
2643 4966 2825 5031 illam,
2859 4966 2924 5021 de
2964 4982 3068 5037 qua
3115 4965 3359 5036 aginius,
3389 4965 3581 5019 aninuc
3611 4980 3733 5019 cum

2134 5061 2400 5120 Trinitatc
2426 5061 2774 5118 Sanctissima
2802 5059 3207 5116 similitudinem
3231 5057 3462 5115 collocat
3491 5059 3737 5130 Angu-ti-

2132 5174 2234 5218 nua
2264 5157 2382 5228 (tl),
2411 5163 2469 5211 ut
2513 5154 2708 5212 divinis
2738 5153 2990 5210 Pcrsonis
3031 5153 3143 5207 ῒιειιιτ
3186 5153 3282 5207 tria
3328 5149 3689 5222 respondeant
3715 5193 3730 5216 ,

2134 5265 2285 5310 mens
2307 5292 2322 5314 ,
2345 5263 2499 5306 amor
2520 5287 2534 5315 ,
2565 5256 2624 5303 et
2648 5245 2840 5304 notitia
2861 5287 2876 5311 ,
2902 5259 2998 5301 son
3022 5244 3277 5318 cognitio.
3307 5243 3400 5300 Vel
3431 5245 3692 5300 memoria
3715 5286 3728 5312 ,

2135 5340 2485 5412 intelligentia
2513 5383 2526 5408 ,
2558 5341 2827 5397 voluntas.

2206 5437 2297 5496 39.
2341 5436 2504 5505 Eam,
2533 5433 2601 5491 de
2635 5450 2738 5505 qua
2766 5435 3006 5507 aghuus,
3035 5431 3442 5489 similitudinem
3467 5472 3481 5498 ,
3530 5444 3626 5503 per
3652 5430 3730 5485 si-

2137 5530 2526 5594 militudinem,
2551 5542 2712 5601 quam
2738 5524 2893 5582 habet
2928 5525 3088 5582 homo
3120 5541 3241 5581 cum
3271 5523 3536 5582 Trinitate
3565 5523 3732 5578 Sanc-

2142 5713 2467 5802 ginem-[geli
2500 5711 2593 5770 Dei
2627 5728 2820 5771 untur.
2855 5711 3025 5771 Tomo
3079 5727 3096 5769 t
3147 5711 3402 5772 editionis
3433 5711 3480 5768 le
3518 5710 3689 5779 Quicu
3711 5755 3726 5778 ,

2488 5873 2543 5916 ιι
2567 5858 2656 5944 tle
2689 5857 2915 5923 Trinit..
2948 5874 3066 5944 (ap.
3110 5860 3177 5921 4,
3224 5866 3280 5913 et
3319 5871 3430 5928 seq.
3481 5853 3714 5920 Rursus,

2152 5929 2242 5985 lib'.
2278 5946 2381 5997 xu,
2417 5939 2468 5987 et
2498 5931 2670 6005 capite
2692 5943 2964 6021 postumo
3002 5931 3091 5987 lio.
3152 5946 3232 5987 ειν
