4464 6450
514 270 623 328 863

1174 270 1244 328 ιΝ
1282 269 1541 329 ιιιιΑιιιι
1581 268 1779 328 EPIST
1843 269 1985 328 SE11
2016 268 2236 326 LIBEL.
2285 267 2741 328 DlSSEliTATIO
2775 268 3118 328 SECUNDA.

3689 259 3798 325 ΒΗ

514 385 741 450 tissima,
775 385 970 454 parltt‘r
993 384 1223 455 explicat
1246 382 1605 457 llieronymus
1626 385 1880 440 Arctinus
1907 386 2016 454 (η),
2050 395 2099 438 et
2126 391 2177 446 Λ
2208 382 2366 439 habet
2398 384 2584 446 I’ater.
2616 395 2900 456 postquam
2944 383 3179 455 Spiritus
3224 385 3453 442 Sanctus
3493 387 3813 457 processit?

515 479 704 537 eadem
747 480 891 546 iere,
923 488 1086 551 atque
1131 478 1492 549 Augustinus,
1542 477 1811 548 proponit.
1857 475 1937 532 Eu
1980 490 2101 547 qua:

512 572 675 631 tradit
703 574 796 631 ille
820 572 913 645 (In
939 590 1094 629 mm.
1126 574 1181 627 in
1220 573 1426 629 Domiti.
1458 587 1529 630 xx
1569 584 1690 643 post
1714 569 2049 641 Pentecost.)
2083 587 2095 621 :

514 684 535 719 ι
566 664 704 722 Cum
727 678 907 722 autem
935 667 1069 723 dixit
1093 666 1478 723 similitudinem
1494 707 1508 729 ,
1542 665 1631 723 hic
1658 666 1809 721 addit
1833 676 2059 721 nostram
2083 706 2098 729 ,

510 758 755 815 referens
799 758 1201 815 similitudinem
1246 758 1315 817 ad
1353 759 1712 823 Trinitatem,
1739 759 1994 831 quoniam
2044 759 2098 814 in

507 850 728 908 homine
772 863 857 908 est
895 852 1141 926 quaedam
1185 853 1486 909 similitudo
1529 852 1855 910 Trinitatis-
1898 854 2102 909 creavit

508 960 740 1019 namque
779 945 921 1003 Deus
958 948 1057 1003 tria
1102 948 1156 1003 in
1200 945 1448 1016 homine,
1475 947 1825 1013 memoriam,
1856 946 2099 1003 intellec-

509 1051 653 1107 tum,
696 1040 1059 1108 voluntatem,
1103 1057 1199 1112 per
1240 1056 1402 1110 quam
1447 1056 1572 1097 cum
1596 1038 1861 1097 Trinitate
1905 1039 2101 1096 indivi-

505 1133 667 1189 duam
693 1134 981 1207 quamdam
1027 1135 1186 1190 habet
1211 1134 1643 1192 similitudinem.
1675 1134 1821 1191 Patri
1868 1149 2100 1205 namque

509 1244 604 1299 per
650 1227 1387 1286 memoriam'assimilatur:
1438 1228 1580 1284 Filio
1623 1242 1721 1299 per
1765 1226 2096 1285 intellectum

505 1320 916 1377 conformatur:
946 1318 1165 1389 Spiritui
1213 1319 1415 1376 Sancto
1459 1333 1555 1392 per
1589 1320 1921 1376 voluntatem
1950 1334 2099 1375 com-

506 1414 801 1485 pagittaittl'.
831 1410 964 1467 Nam
993 1414 1133 1467 sicut
1156 1411 1314 1469 Pater
1341 1426 1372 1467 a
1400 1411 1549 1469 nullo
1572 1422 1690 1477 est,
1713 1412 1809 1467 sed
1839 1412 1909 1468 ab
1928 1426 1996 1468 eo
2014 1422 2099 1469 est

506 1505 674 1562 Filius
697 1548 713 1573 ,
740 1507 820 1562 sic
858 1506 1118 1563 memoria
1156 1521 1280 1563 cum
1306 1507 1380 1563 sit
1418 1508 1501 1562 vis
1526 1510 1719 1562 anima:
1736 1548 1752 1573 ,
1779 1520 1809 1561 a
1840 1506 1986 1562 nulla
2008 1521 2097 1562 ea-

504 1615 625 1656 rum
653 1608 738 1655 est
756 1640 773 1667 ,
800 1597 897 1656 sed
944 1600 1014 1656 ab
1040 1615 1107 1659 ea
1132 1609 1218 1658 est
1258 1599 1585 1657 intellectus.
1615 1600 1768 1655 Sicut
1798 1613 1932 1657 vero
1972 1599 2094 1670 Spi-

504 1692 638 1749 ritus
662 1691 891 1751 Sanctns
918 1706 947 1750 a
974 1692 1134 1751 Patre
1158 1692 1400 1764 procedit
1418 1736 1432 1755 .
1463 1704 1518 1749 et
1543 1707 1575 1749 a
1601 1690 1772 1760 Filio;
1801 1694 1881 1749 sic
1903 1693 2094 1749 volun-

2201 475 2369 549 Cujus
2406 476 2621 549 quidem
2665 479 3065 548 processionem
3116 494 3210 549 per
3251 478 3598 538 adactionem
3636 479 3812 538 [levae

2200 585 2265 628 ex
2294 580 2444 627 costa
2483 569 2678 629 Adatni
2717 570 2942 634 iudicari
2972 570 3090 638 vis;
3122 586 3481 643 quamquam,
3508 582 3564 626 ut
3598 580 3805 628 caetera

2199 664 2444 720 omittam
2461 705 2475 729 ,
2504 664 2731 721 l‘ortnata
2756 670 2841 722 est
2870 662 3014 719 lleva
3037 678 3105 719 ex
3129 673 3279 720 costa
3301 663 3496 721 Adaini
3518 681 3537 731 ;

2200 758 2432 815 Sanctus
2456 772 2586 815 vero
2614 759 2876 815 formatus
2901 771 3007 814 nun
3034 766 3150 825 cst,
3177 757 3273 815 sed
3302 757 3559 817 ineii'abili
3591 757 3765 821 modo
3790 800 3807 826 ,

2201 862 2257 907 ct
2284 852 2442 920 plane
2462 849 2645 906 divino
2672 849 2933 922 procedit.
2966 864 3042 905 tn.
3077 848 3316 908 Adamus
3345 850 3516 909 tilium
3539 851 3711 911 habet
3728 868 3801 909 ex

2201 944 2460 1007 muliere,
2492 956 2600 999 non
2629 957 2695 998 ex
2737 958 2796 997 sc.
2842 951 3070 999 tantum.
3100 941 3184 999 An
3230 940 3282 998 id
3326 943 3579 1013 exprimit
3624 943 3804 1000 divini

2201 1036 2325 1094 Filii
2347 1037 2781 1106 generationem?
2804 1053 2878 1093 tv.
2909 1035 3074 1092 Filios
3096 1037 3355 1108 plurimos
3376 1035 3565 1093 habuit
3592 1038 3801 1107 Adam,

2199 1144 2399 1199 eosque
2425 1139 2477 1183 et
2509 1144 2719 1198 mares,
2750 1140 2803 1185 et
2849 1130 3128 1192 l‘mzoinas,
3155 1141 3210 1184 et
3250 1131 3478 1200 probus,
3510 1139 3567 1185 et
3592 1133 3806 1200 impro-

2200 1221 2315 1277 bos.
2342 1222 2425 1278 Att
2453 1222 2629 1293 imago
2679 1240 2743 1279 ea
2772 1232 2855 1279 est
2900 1224 3265 1295 generationis
3326 1223 3599 1295 Uuigeniti
3652 1226 3805 1281 Dei?

2196 1328 2253 1368 v.
2277 1314 2444 1370 lilium
2470 1314 2657 1371 habuit
2688 1316 2923 1372 Adatnus
2944 1330 3009 1371 ex
3041 1314 3208 1381 licvit,
3235 1333 3355 1386 qu:e
3384 1334 3451 1372 ex
3472 1331 3540 1373 eo
3560 1317 3801 1376 {priuata

2198 1416 2311 1473 est,
2357 1420 2518 1479 atque
2564 1408 2723 1478 hujus
2764 1408 2983 1479 quidem
3032 1408 3283 1465 formatio
3329 1410 3562 1481 Spiritus
3608 1411 3801 1470 Sancti

2200 1504 2597 1571 processionetu
2628 1502 2852 1558 innuero
2877 1500 3091 1559 dicitur.
3119 1502 3203 1559 An
3233 1502 3401 1562 tilium
3432 1504 3597 1561 habet
3627 1504 3801 1562 Pater

2196 1607 2261 1649 ex
2288 1592 2491 1666 Spiritu
2529 1594 2760 1651 Sancto!
2786 1594 3056 1651 Hactenus
3082 1595 3135 1651 in
3167 1595 3260 1651 tibi
3286 1597 3639 1668 generatione
3662 1614 3801 1669 per-

2197 1685 2452 1741 stititnus.

506 1795 588 1839 tas
612 1802 641 1839 a
665 1788 959 1855 memoria,
989 1798 1045 1843 et
1068 1786 1377 1844 intellectu:
1404 1786 1507 1843 nisi
1530 1786 1675 1845 enim
1698 1790 1959 1844 memoria
1982 1803 2095 1844 rem
2127 1783 2173 1843 Β
2269 1779 2361 1835 41.
2402 1779 2686 1837 Processio
2716 1795 2881 1851 porto
2916 1779 3148 1852 Spiritus
3197 1782 3380 1841 Saneti
3422 1783 3639 1841 felicius
3682 1802 3803 1841 non

506 1877 655 1944 prius
682 1879 1005 1950 attingeret,
1053 1893 1155 1937 nec
1200 1878 1504 1936 intellectus
1543 1895 1663 1936 eam
1700 1890 1952 1952 caperet,
1997 1897 2097 1936 nec

500 1983 620 2022 eam
648 1969 896 2027 voluntas
912 1983 1309 2043 consequenter
1333 1981 1631 2043 appeteret.
1662 1972 1801 2028 Ecce
1821 1972 2098 2045 quomodo

503 2062 673 2119 iactus
698 2072 784 2119 est
809 2063 971 2120 homo
996 2066 1068 2122 ad
1090 2067 1474 2122 similitudinum
1500 2064 1618 2123 Dei.
1648 2084 1667 2119 ι

571 2154 687 2211 Νυιι
707 2156 970 2213 absimilis
986 2167 1070 2214 est
1091 2158 1413 2216 Theodoreti
1435 2160 1732 2226 sententia;
1760 2159 1875 2215 haec
1898 2162 2097 2231 quippe

506 2249 581 2302 ait
610 2250 825 2319 (Quo-st.
844 2266 913 2306 xx
941 2253 994 2305 in
1015 2249 1251 2308 Genesim
1279 2254 1301 2322 )
1329 2267 1349 2308 :
1372 2251 1580 2309 titubet
1602 2253 1746 2308 enim
1764 2253 1879 2323 ipsa
1902 2251 2097 2322 (animo

501 2340 749 2411 humana)
780 2340 1087 2401 facultatem
1115 2346 1435 2402 rationalem
1454 2386 1471 2411 ,
1496 2356 1555 2403 et
1580 2346 1796 2402 vitalem
1838 2347 1891 2401 in
1916 2360 1980 2403 se
2003 2362 2017 2398 ε
2044 2359 2098 2401 et

504 2448 657 2490 incus
685 2436 900 2503 quidem
940 2435 1189 2507 producit
1230 2451 1534 2494 sermonem
1555 2478 1571 2505 ,
1598 2438 1875 2493 concurrit
1916 2448 2097 2492 autem

507 2540 631 2582 cum
659 2541 909 2585 sermone
936 2527 1180 2600 spiritus,
1197 2545 1303 2585 non
1332 2539 1622 2601 generatus
1648 2530 2098 2603 quidem,quem-

499 2622 787 2679 admodum
836 2640 1051 2691 sermo,
1090 2624 1200 2681 ted
1235 2638 1496 2697 perpetuo
1520 2640 1865 2697 consequens
1889 2639 2097 2681 scruto-

501 2729 625 2770 ncm
647 2757 660 2777 .
690 2725 745 2769 et
770 2730 893 2771 cum
921 2731 1021 2783 eo,
1050 2717 1180 2772 dum
1219 2717 1430 2785 editur,
1456 2731 1808 2773 concurrens.
1859 2736 1879 2770 ι

572 2804 940 2861 Demascenus
976 2823 1142 2878 porto
1181 2807 1338 2863 aliam
1374 2807 1577 2863 invenit
1622 2809 1761 2863 inter
1806 2808 2090 2863 humanam

500 2899 762 2959 animam.
788 2908 843 2954 et
867 2900 1179 2957 Trinitatem
1204 2900 1607 2957 Sauctissimam
1629 2901 2055 2956 convenientiam
2082 2918 2093 2954 :

500 3006 551 3047 et
585 2992 697 3047 ιιωο
723 3005 803 3048 eat
824 2992 999 3063 (Orat.
1014 2994 1159 3050 ntde
1198 2994 1444 3063 lmagin.,
1466 2994 1633 3066 p.20)
1653 3013 1667 3048 :
1689 3014 1706 3047 ι
1726 2994 1892 3050 Sicuti
1914 2996 2092 3059 Pater,

500 3086 590 3157 qui
623 3096 705 3141 est
742 3102 924 3157 mens,
955 3097 1007 3144 ct
1034 3087 1204 3145 Filius
1233 3088 1499 3156 Verbum,
1522 3099 1578 3144 et
1602 3089 1837 3157 Spiritus
1864 3089 2094 3145 Sanctus

2196 1874 2516 1943 exprimitur
2542 1889 2638 1944 per
2665 1874 3063 1944 processionem
3082 1916 3099 1941 ,
3127 1889 3223 1929 seu
3250 1877 3660 1947 productionem
3688 1879 3805 1934 lie-

2198 1980 2278 2017 ινδιξ
2306 1980 2373 2020 ex
2422 1964 2615 2021 Adanti
2645 1974 2815 2022 costa.
2846 1965 3059 2022 Etenim
3082 2008 3101 2034 ,
3129 1978 3187 2023 ut
3224 1968 3276 2023 id
3321 1971 3564 2027 omittam
3584 2012 3601 2036 ,
3650 1973 3803 2041 qunti

2197 2067 2321 2112 ante
2356 2057 2427 2113 de
2452 2058 2641 2113 eadem
2671 2060 3020 2129 processionc
3045 2056 3156 2115 dixi
3177 2101 3193 2125 ,
3228 2075 3357 2117 sane
3388 2060 3625 2132 Spiritus
3654 2063 3775 2120 San

2197 2159 2320 2205 ctus
2354 2166 2453 2222 per
2494 2150 2845 2221 spirationetn
2876 2152 3147 2221 procedit,
3176 2166 3275 2207 nec
3317 2168 3385 2208 ex
3425 2156 3547 2208 solo
3592 2154 3760 2212 Patre
3788 2201 3804 2218 .

2199 2259 2385 2300 verum
2414 2244 2574 2298 etiam
2604 2259 2669 2299 cx
2695 2243 2836 2299 Filio
2864 2245 3143 2314 procedit,
3177 2258 3339 2315 atque
3361 2262 3426 2301 ex
3474 2262 3667 2304 amore
3695 2248 3807 2305 Pa-

2201 2339 2334 2403 tris,
2360 2348 2415 2393 et
2454 2337 2575 2393 Filii
2630 2338 2892 2403 procedit.
2922 2337 3003 2393 Au
3047 2336 3165 2393 iure
3204 2338 3651 2405 simititudiuem,
3698 2358 3808 2399 seu

2198 2432 2482 2504 imaginem
2509 2434 2742 2502 aliquam
2769 2433 2825 2489 io
2853 2436 3236 2503 processioue,
3264 2449 3363 2491 seu
3390 2436 3567 2504 potius
3591 2435 3649 2491 in
3683 2436 3805 2492 ior-

2198 2525 2436 2582 matione
2455 2524 2617 2582 Herae
2644 2542 2707 2581 ex
2734 2538 2884 2582 eoata
2906 2526 3096 2582 Atlami
3126 2526 3364 2585 habent?
3390 2526 3581 2584 Restat
3607 2530 3800 2599 itaque

2197 2618 2363 2689 (quod
2387 2619 2499 2689 jam
2527 2619 2659 2692 dixi)
2684 2630 2743 2675 ut
2768 2621 3016 2678 latissime
3040 2622 3365 2690 accipiatur,
3413 2638 3521 2677 non
3560 2624 3809 2694 rigorosc

2197 2709 2525 2779 similitudo,
2554 2723 2716 2783 atque
2746 2716 2923 2784 imago
2950 2715 3041 2770 illa
3069 2713 3376 2780 Trinitatis,
3403 2729 3569 2784 quam
3587 2732 3650 2771 ιι.
3678 2716 3757 2771 37
3778 2759 3794 2781 ,

2198 2819 2265 2859 ex
2292 2805 2467 2860 aliena
2493 2808 2759 2862 sententia
2785 2805 3189 2875 descripsimus.
3219 2804 3402 2877 Neque
3430 2823 3565 2863 vero
3594 2812 3714 2865 haec
3746 2810 3805 2865 in

2198 2902 2561 2969 Datttasceno,
2591 2919 2748 2972 quem
2778 2906 2831 2958 in
2878 2903 3017 2960 hanc
3039 2903 3456 2976 expiicationem
3496 2904 3802 2975 allegatum

2198 2992 2345 3063 vidi,
2374 3009 2629 3062 expresse
2653 2995 2881 3050 invenis.
2909 2994 3045 3051 Num
3076 2995 3129 3050 id
3156 3012 3224 3052 ex
3268 3010 3333 3049 eo
3370 2997 3499 3062 ﬁat,
3526 2996 3674 3066 quod
3702 3013 3805 3053 eo.

2199 3086 2345 3143 dices
2385 3088 2521 3143 alios
2549 3092 2615 3143 ab
2659 3088 2755 3151 iis,
2785 3104 2921 3160 quos
2952 3090 3136 3146 habuit
3166 3090 3216 3145 lc
3260 3090 3467 3160 Quien,
3493 3092 3650 3162 cujus
3679 3093 3802 3149 edi-

502 3195 639 3233 uous
669 3180 804 3235 Deus
831 3190 992 3239 sunt:
1022 3181 1101 3237 sic
1127 3195 1281 3237 mens
1312 3180 1533 3238 verbum
1556 3222 1572 3246 ,
1625 3191 1680 3236 et
1708 3182 1938 3252 Spiritus
1957 3196 2094 3237 unus
2122 3175 2165 3239 C
2200 3182 2345 3235 tione
2372 3190 2527 3248 utor,
2554 3183 2800 3237 diversos
2830 3182 2865 3237 ii
2891 3184 3098 3249 citent,
3129 3184 3313 3238 nescio
3341 3200 3355 3237 :
3387 3182 3493 3239 Sed
3527 3185 3644 3239 haec
3672 3196 3796 3240 ιλιι-

498 3271 682 3328 ιιοιηο.
718 3290 738 3324 ι
771 3273 1089 3344 Atqncbzee
1139 3272 1378 3345 quidem,
1418 3287 1558 3342 quae.
1606 3273 1681 3327 uti
1733 3274 1942 3337 notavi,
1990 3275 2089 3331 de-

498 3374 785 3422 sumuntur
834 3380 903 3420 ex
950 3366 1195 3420 oratione
1260 3380 1313 3420 Ill
1370 3365 1435 3418 de
1479 3363 1833 3437 Imaginibus,
1870 3364 1981 3422 fere
2007 3382 2091 3421 re-

498 3468 755 3528 petuntur
803 3458 855 3512 in
902 3457 1178 3529 Opusculo
1231 3459 1490 3529 inscripto
1534 3475 1549 3513 :
1609 3459 1873 3526 Quomodo
1918 3460 2091 3530 imago

499 3546 595 3603 Dei
621 3550 880 3618 impressa
905 3549 969 3604 sit
997 3548 1215 3606 homini.

564 3640 657 3697 40.
692 3642 774 3696 Αιι
802 3640 918 3696 haec
947 3640 1187 3712 rigorose
1211 3642 1507 3697 sumimus?
1533 3639 1673 3698 Nihil
1706 3643 1903 3699 minus.
1931 3642 2086 3698 Enim

495 3748 624 3791 vero
642 3735 685 3789 si
709 3734 931 3805 primam
952 3734 1361 3806 explicationem
1386 3736 1716 3805 inquisitioni
1739 3736 2052 3805 subiicimus
2071 3779 2083 3799 ,

495 3828 673 3896 aliqua
701 3835 1027 3893 occurrunt,
1070 3844 1190 3898 qua:
1230 3828 1536 3884 difﬁcultati
1576 3844 1683 3884 non
1704 3829 1805 3886 levi
1831 3831 2082 3886 subsunt.

496 3921 745 3977 Proiecto
763 3936 1113 3991 quaecumque
1135 3936 1202 3977 ea
1224 3922 1381 3977 fuerit
1400 3963 1417 3985 ,
1440 3923 1555 3977 sive
1579 3926 1773 3995 imago.
1796 3919 1913 3981 sive
1939 3924 2084 3980 simi-

500 4012 668 4069 litudo
687 4055 702 4079 ,
730 4012 844 4068 sive
891 4022 1176 4085 utrumque
1219 4012 1441 4078 harum,
1475 4029 1583 4070 non
1606 4029 1671 4070 ea
1693 4023 1813 4071 erat
1845 4014 2083 4071 desitum

500 4106 553 4160 in
581 4107 813 4171 Manto,
840 4106 934 4161 sed
964 4106 1032 4161 ad
1064 4107 1209 4161 illius
1232 4116 1479 4176 posteros
1520 4106 1893 4175 producenda,
1923 4108 1971 4163 si
2000 4108 2053 4163 in

499 4211 699 4254 nocens
726 4198 1067 4267 perstitissct.
1099 4197 1215 4253 Non
1241 4210 1374 4268 ergo
1400 4197 1452 4253 in
1482 4196 1825 4253 eoeollocari
1870 4199 1961 4252 ilia
1993 4211 2086 4269 po-

494 4289 648 4355 terit,
678 4288 819 4361 quod
845 4292 961 4361 ipse
983 4304 1091 4346 non
1120 4292 1190 4346 sit
1214 4291 1448 4362 genitus.
1478 4290 1633 4360 Quod
1653 4291 1701 4347 si
1730 4292 1972 4363 rigorose
1995 4308 2083 4348 sn-

495 4384 693 4439 mimus
738 4397 934 4439 nomen
972 4383 1218 4456 genitus,
1262 4388 1385 4456 quis
1426 4385 1667 4456 genitura
1711 4402 1747 4442 ιι
1788 4386 1903 4442 Deo
1942 4386 2086 4443 dicet

494 4476 799 4533 Adautum?
825 4476 1071 4535 Profecto
1098 4494 1201 4536 vos
1234 4479 1322 4547 illa
1353 4481 1594 4552 rigorosc
1616 4490 1828 4552 sumpta
1851 4482 2083 4537 consub-

2196 3285 2307 3330 tum
2336 3276 2388 3330 in
2415 3291 2484 3333 eo
2516 3277 2766 3346 leguntur
2787 3321 2798 3339 ,
2831 3292 2951 3347 qua
2976 3277 3207 3332 recitare
3237 3275 3321 3331 ltic
3352 3277 3483 3332 libet
3508 3278 3598 3345 (Et
3629 3278 3789 3333 Orat.

2192 3384 2249 3424 ιιι
2276 3368 2343 3425 de
2374 3370 2594 3440 lmagin.
2627 3388 2678 3423 τι.
2708 3371 2801 3440 20)
2827 3388 2839 3423 :
2876 3389 2895 3423 ι
2924 3367 3167 3425 Tertium
3194 3386 3365 3440 genus
3396 3370 3685 3440 imaginum
3708 3390 3799 3426 ost

2194 3477 2384 3518 eorum
2408 3505 2423 3528 ,
2450 3478 2571 3534 quae
2602 3479 2698 3534 per
2724 3463 3079 3518 imitationem
3104 3479 3136 3517 a
3167 3462 3279 3517 Deo
3306 3462 3446 3517 facta
3468 3474 3591 3518 sunt
3619 3482 3635 3517 :
3666 3477 3796 3533 pota

2196 3554 2451 3610 homo....
2483 3556 2612 3609 Nam
2638 3555 2798 3611 veluti
2828 3553 3023 3619 Pater,
3059 3554 3149 3625 qui
3196 3568 3349 3610 tuens
3386 3565 3497 3617 est,
3526 3564 3581 3609 et
3613 3554 3798 3609 Ftiius

2194 3649 2321 3703 item
2350 3647 2574 3703 verbum
2596 3690 2613 3715 ,
2644 3655 2700 3702 et
2743 3647 2978 3719 Spiritus
3003 3647 3235 3703 Sanctus
3262 3663 3401 3702 unus
3440 3647 3583 3702 Deus
3621 3659 3794 3713 sunt;

2190 3742 2271 3796 sic
2298 3754 2450 3795 mens
2470 3782 2483 3802 ,
2515 3742 2734 3795 verbum
2753 3782 2770 3805 ,
2799 3750 2856 3797 et
2879 3740 3103 3809 spiritus
3131 3754 3269 3795 unus
3291 3741 3454 3795 homo
3476 3749 3621 3795 sunt.
3649 3740 3691 3793 Τ
3698 3758 3790 3794 om

2191 3834 2355 3890 etiam
2388 3844 2612 3902 propter
2652 3832 2862 3887 arbitrii
2888 3832 3224 3895 libertatem,
3256 3839 3312 3886 ct
3356 3830 3656 3900 imperandi
3686 3847 3790 3885 au-

2190 3926 2495 3981 ctoritatem
2520 3926 2687 3979 Deum
2714 3925 2952 3979 imitatur
2979 3940 2995 3979 ι
3023 3924 3097 3979 ait
3126 3923 3354 3993 quippe:
3375 3920 3660 3978 Faciamus
3690 3922 3793 3976 lm-

2192 4027 2391 4081 minent
2410 4025 2477 4081 ad
2494 4027 2802 4095 imaginem,
2826 4033 2883 4078 et
2907 4022 3318 4078 similitudittettr
3345 4031 3586 4077 nostram
3612 4039 3630 4077 :
3657 4021 3791 4074 sult-

2188 4118 2375 4189 ditquc
2407 4135 2419 4170 :
2447 4116 2513 4172 Et
2538 4116 2889 4173 dominamini
2914 4115 3148 4185 piscibus
3176 4115 3362 4180 maris,
3384 4133 3405 4167 ι
3437 4123 3543 4171 etc.
3573 4112 3632 4169 ln
3657 4128 3792 4181 Opu-

2187 4213 2343 4268 sculo
2370 4226 2527 4277 vero,
2558 4212 2700 4281 quod
2732 4210 3006 4280 inscripsit
3042 4227 3055 4265 :
3085 4209 3343 4280 quomodo
3389 4208 3460 4263 ad
3506 4208 3790 4279 imaginem

2189 4303 2285 4360 Dei
2305 4306 2457 4359 homo
2498 4306 2600 4370 sit,
2645 4318 2891 4375 magnam
2936 4311 3141 4373 partem
3168 4315 3357 4356 eorum
3395 4298 3632 4371 repetit,
3660 4314 3788 4370 qum

2188 4396 2353 4452 modo
2376 4400 2651 4451 attulimus
2673 4438 2686 4460 ,
2716 4407 2827 4451 tum
2854 4395 2970 4451 haec
2991 4394 3209 4463 subiicit
3235 4390 3397 4466 (Pag.
3443 4390 3553 4448 575
3590 4394 3716 4446 tanti
3770 4409 3787 4444 ι

2185 4491 2310 4545 edit.
2345 4489 2553 4562 Venet.)
2580 4508 2635 4544 τε
2659 4488 2884 4560 Quando
2900 4487 2969 4543 de
2995 4488 3107 4543 Deo
3130 4501 3311 4542 sermo
3332 4495 3438 4549 est,
3466 4499 3606 4540 unus
3638 4483 3785 4540 Deus

495 4574 803 4628 Stantialem
860 4572 1080 4629 indicat.
1105 4573 1188 4631 Διι
1217 4575 1689 4631 consubstantialis
1710 4575 1822 4631 Deo
1841 4575 2082 4633 Adamus
2110 4567 2160 4631 D
2183 4580 2522 4648 celebratur,
2545 4591 2600 4637 ct
2646 4581 2902 4637 adorator
2926 4580 2980 4635 in
3005 4579 3176 4633 tribus
3202 4576 3583 4650 liypostasibus
3601 4619 3617 4642 ,
3651 4592 3789 4632 una-

494 4670 614 4723 est?
640 4667 721 4723 Ad
753 4669 905 4724 inec:
942 4670 988 4724 si
1011 4670 1245 4725 animam
1274 4680 1490 4742 spectas
1508 4714 1525 4736 ,
1553 4685 1585 4726 a
1614 4670 1726 4728 Deo
1754 4681 1969 4727 creatus
1994 4672 2077 4727 di-

493 4763 633 4819 citur
664 4761 829 4819 Adam
852 4804 867 4826 ,
898 4777 1008 4816 non
1028 4764 1245 4834 genitus
1270 4781 1286 4816 :
1312 4764 1356 4819 si
1383 4778 1514 4820 vero
1538 4776 1735 4833 corpus
1755 4807 1770 4829 ,
1797 4779 1905 4819 non
1933 4765 2080 4836 geni-

499 4868 583 4911 tus
607 4897 620 4919 .
652 4857 747 4913 sed
778 4858 1038 4913 formatus
1077 4857 1315 4915 Adamus
1343 4856 1574 4923 dicitur,
1622 4858 1821 4930 quippe
1860 4874 1928 4915 ex
1959 4875 2081 4917 cor-

493 4965 623 5021 pore
646 4960 892 5018 constat,
922 4967 1031 5021 quo
1061 4964 1167 5009 non
1209 4961 1423 5009 constat
1468 4952 1644 5018 Deus,
1672 4952 1894 5025 ipsaque
1936 4951 2081 5008 illius

492 5046 670 5101 animo
712 5045 935 5113 Spiritus
956 5054 1041 5101 est
1070 5045 1182 5102 Deo
1209 5046 1367 5117 longe
1414 5045 1666 5111 inferior.
1716 5056 1901 5117 utpote
1928 5061 2077 5101 crea-

494 5151 610 5207 tus,
639 5148 695 5195 et
720 5140 1028 5206 mutabilis,
1056 5153 1113 5197 et
1136 5157 1166 5195 a
1192 5141 1373 5196 divina
1410 5140 1710 5197 substantia
1747 5139 1957 5197 infinito
2000 5141 2079 5194 in-

495 5233 715 5287 tervallo
742 5233 969 5288 distans.
1000 5235 1080 5287 An
1110 5233 1288 5304 itaque
1328 5233 1569 5289 Adamus
1597 5234 1761 5289 divini
1794 5232 1959 5290 Verbi
1984 5250 2076 5303 ge-

492 5327 825 5381 nerationem
854 5326 1142 5398 exprimit?
1166 5326 1336 5396 Quam
1364 5327 1406 5379 si
1451 5336 1633 5382 tamen
1659 5326 1879 5383 omnino
1903 5328 2080 5383 adhuc

494 5420 575 5475 vis
597 5419 933 5490 exprimere,
963 5417 1240 5485 adwrtas,
1272 5419 1524 5487 obsecro,
1557 5434 1714 5491 quam
1746 5420 1969 5490 pulchre
1987 5437 2077 5476 ex-

490 5516 708 5585 primat.
742 5515 823 5568 An
852 5528 959 5569 non
1007 5511 1204 5568 Filium
1253 5512 1490 5567 Adamus
1536 5510 1749 5580 habuit,
1798 5523 2077 5583 postquam

492 5622 557 5661 ex
606 5607 747 5663 illius
795 5616 947 5664 costa
993 5606 1217 5663 formata
1256 5614 1340 5663 est
1390 5604 1571 5661 llevai
1598 5607 1679 5662 Au
1713 5621 1843 5661 vero
1884 5605 2078 5663 Filium

559 5791 636 5860 (ai
677 5789 807 5848 Vide
832 5804 952 5862 qum
979 5790 1047 5848 de
1072 5802 1139 5849 eo
1162 5788 1397 5848 diximus
1423 5784 1491 5847 ad
1516 5801 1660 5846 num.
1702 5788 1791 5846 ﬂ.

2182 4689 2288 4747 que
2308 4675 2483 4732 deitas
2502 4716 2519 4741 ,
2554 4690 2658 4731 una
2684 4684 2874 4732 natura
2894 4716 2911 4743 ,
2938 4690 3045 4729 una
3066 4675 3179 4741 vis,
3208 4681 3266 4728 et
3288 4672 3524 4742 potentia
3545 4714 3563 4738 ,
3593 4672 3789 4727 volnu-

2185 4782 2269 4825 tas
2296 4784 2403 4825 una
2428 4788 2442 4824 :
2477 4779 2588 4825 tres
2616 4783 2866 4839 personat
2885 4809 2901 4831 .
2928 4778 2985 4823 et
3016 4778 3125 4824 tres
3149 4766 3497 4839 bypostascs.
3527 4782 3790 4838 unaqur-

2183 4877 2286 4933 que
2312 4877 2433 4918 cum
2462 4878 2556 4919 sua
2589 4862 2939 4934 proprietate.
2971 4860 3105 4918 Nam
3149 4862 3452 4931 proprietas
3476 4859 3653 4915 Patris
3694 4872 3780 4917 est

2185 4956 2623 5013 innascibilitas:
2668 4956 2966 5027 proprietas
3012 4953 3163 5020 Filii,
3213 4954 3509 5015 ttativitas:
3551 4964 3609 5010 ct
3655 4971 3784 5025 ιιι-υ-

2185 5053 2385 5122 prietas
2411 5049 2678 5123 Spiritus,
2718 5048 3010 5119 processio.
3060 5047 3205 5102 Deus
3229 5056 3311 5103 est
3339 5045 3497 5103 Pater
3519 5087 3535 5110 ,
3565 5046 3659 5118 qui
3686 5062 3780 5102 ci-

2185 5156 2269 5201 ret
2299 5145 2489 5201 initio:
2525 5145 2779 5200 Deuscst
2812 5140 3009 5210 Filius,
3042 5142 3131 5212 qui
3158 5140 3387 5213 perinde
3430 5140 3643 5197 initium
3674 5156 3785 5196 non

2186 5237 2408 5305 habuit,
2438 5238 2736 5307 quamlibet
2764 5238 2838 5291 sit
2878 5251 2943 5291 ex
2969 5236 3127 5290 Patre
3161 5254 3176 5289 :
3209 5234 3351 5290 Deus
3382 5234 3611 5301 Spiritus
3636 5232 3781 5288 San-

2181 5341 2332 5393 ctus,
2364 5331 2644 5402 utriusque
2670 5339 3005 5393 corternus,
3052 5330 3322 5399 simutque
3372 5314 3509 5382 initii
3538 5342 3780 5396 expers;

2184 5437 2253 5480 ex
2280 5422 2438 5479 Patre
2478 5423 2729 5493 prodiens
2752 5467 2767 5489 ,
2800 5438 2908 5477 non
2938 5418 3059 5475 Filii
3104 5435 3287 5484 more,
3319 5432 3372 5474 ut
3412 5421 3625 5489 genitus
3668 5422 3738 5475 sit
3767 5462 3783 5483 ,

2185 5517 2261 5572 ιιιί
2289 5515 2493 5582 Filius,
2536 5516 2631 5571 scd
2675 5515 3037 5586 processione.
3072 5512 3249 5571 Unum
3282 5514 3383 5569 tria
3414 5522 3496 5568 cst
3529 5512 3738 5569 deitate
3763 5557 3778 5577 ,

2186 5609 2347 5688 inque
2374 5608 2541 5664 tribus
2567 5607 2967 5680 bypostasibus.
3005 5626 3025 5657 ι
