4464 6516
457 395 563 458 865

1139 395 1204 453 ΙΝ
1247 393 1506 453 HlLARll
1546 391 1761 452 EPIST.
1805 389 1936 450 SEU
1976 387 2198 448 LIBEL.
2243 386 2692 447 DISSISll'I‘ATlO
2728 384 3065 446 SECUNDA.

3643 382 3752 438 866

531 511 620 569 i2.
666 514 801 568 Alta:
828 511 1246 585 explicationes.
1277 526 1410 583 quas
1437 511 1681 583 pra'hent
1708 518 1899 568 auctor
1929 508 2054 565 libri
2083 514 2128 572 Α
2165 527 2186 561 t
2215 507 2332 563 Non
2364 517 2448 565 est
2487 521 2619 580 ergo
2643 505 2713 562 ad
2757 504 3044 576 imaginem
3077 500 3194 566 Dei.
3226 501 3278 556 in
3302 515 3405 572 qua
3431 499 3570 556 Deus
3600 514 3750 556 sem-

459 607 529 663 dc
551 605 758 676 Spiritu
779 613 827 660 ct
855 605 1065 681 Anima,
1091 613 1280 660 auctor
1299 620 1515 676 quoque
1529 602 1699 659 libelli
1717 603 1781 657 de
1799 600 2058 675 Dignitute

461 698 768 756 conditionis
794 696 1055 763 humanm,
1075 697 1430 769 Augustinus,
1461 710 1526 750 ac
1552 692 1943 760 Theodoretus,
1976 708 2056 748 eae

463 793 640 850 minus
653 789 776 846 lane
791 789 1062 859 videntur,
1081 796 1132 844 et
1148 788 1322 858 excipi
1337 786 1627 844 commode
1643 793 1886 858 possunt,
1903 782 2059 840 dum-

465 883 626 939 modo
638 883 816 955 primo
828 881 898 938 ad
922 881 1194 936 hominem
1210 882 1436 937 minime
1455 889 1724 946 coarctes,
1743 877 1838 935 sed
1855 876 2058 950 Angelo

463 991 778 1033 communes
789 976 954 1032 facias
968 994 982 1031 :
997 974 1236 1032 secundo
1249 975 1464 1032 fatearis
1482 973 1887 1045 processiouutu
1911 971 2059 1028 ordi-

466 1089 589 1128 nem
615 1070 872 1130 minutius
910 1082 1186 1128 serratum
1221 1069 1442 1127 minimc
1482 1071 1650 1127 luisse
1700 1069 1998 1142 aliquando
2027 1085 2058 1124 a

469 1165 898 1237 pneclarissimis
947 1167 1028 1221 his
1073 1164 1411 1222 doctoribus.
1458 1165 1664 1232 Tertio,
1720 1179 1785 1221 ex
1819 1163 2056 1229 duabus,

465 1275 599 1332 quas
626 1260 1015 1332 explicavimus
1043 1273 1114 1318 ex
1145 1257 1466 1332 Augustino,
1495 1267 1552 1313 et
1581 1256 1946 1322 Theovdureto,
1986 1262 2061 1311 si-

468 1350 881 1423 militudinibus.
915 1349 1097 1408 minus
1120 1349 1284 1406 latam
1309 1364 1431 1407 esse
1451 1366 1593 1416 eam,
1624 1365 1744 1420 qum
1775 1351 1826 1405 in
1855 1359 2056 1412 mente,

467 1444 678 1511 notitia,
711 1453 766 1502 et
790 1459 999 1511 amore,
1039 1459 1204 1517 quam
1225 1461 1345 1516 quae
1373 1446 1427 1499 in
1465 1443 1842 1515 intelligentia,
1866 1443 2061 1498 volun-

467 1548 599 1606 tate,
628 1549 686 1597 et
713 1553 900 1596 amore
935 1537 1253 1611 collocatur,
1278 1548 1369 1594 aut
1390 1537 1444 1593 iu
1469 1536 1618 1594 altini
1663 1537 1790 1592 alio.
1829 1533 1892 1592 Et
1929 1549 2064 1592 sane

473 1630 850 1688 ‘l‘heodoretus
882 1631 1000 1705 ipse
1022 1633 1090 1690 de
1127 1633 1239 1697 illa,
1273 1646 1434 1702 quam
1461 1645 1611 1686 nunt.
1641 1626 1710 1686 38
1751 1628 2059 1694 attulimus,

466 1724 726 1794 opinione
745 1722 1010 1796 judicium
1037 1723 1140 1780 hoc
1166 1723 1406 1796 prnl‘ert:
1439 1741 1458 1774 ι
1492 1722 1600 1780 Sed
1631 1721 1939 1794 huiusmodi
1962 1720 2061 1777 aul-

464 1828 594 1876 suut
613 1817 816 1876 homini
839 1832 1093 1890 tanquam
1115 1817 1368 1890 imagini:
1397 1832 1556 1890 quam
1582 1817 1654 1872 ob
1681 1831 1794 1872 rem
1822 1831 1925 1872 nec
1949 1829 2066 1872 ser-

2161 618 2258 672 per
2277 601 2406 659 est?
2434 600 2528 656 sed
2563 599 2711 668 audi,
2743 599 2869 672 quia
2909 598 2976 654 ad
3010 597 3296 668 imaginem
3327 603 3411 652 est
3454 594 3550 650 Dei
3578 613 3589 647 :
3621 591 3752 650 dicit

2160 696 2303 752 enim
2353 692 2645 765 Apostolus
2674 691 2756 766 (ιι
2785 679 3019 747 Εοτίηιιι.
3076 705 3158 756 tu,
3207 682 3357 757 l8):
3409 686 3518 742 Nos
3569 686 3752 754 itaque

2160 803 2348 845 omnes
2399 787 2634 844 revelata
2685 783 2823 842 facie
2866 780 3093 858 gloriam
3145 779 3239 836 De:
3285 779 3656 852 speculantes,
3684 775 3751 833 ad

2161 880 2406 938 eamdem
2452 879 2743 951 imaginem
2777 877 3147 934 reformantur
3176 871 3390 946 agloria
3422 871 3475 928 in
3497 871 3748 943 gloriam,

2159 977 2299 1032 sicut
2326 993 2355 1030 tt
2380 975 2591 1032 Domini
2623 973 2838 1047 Spiritu.
2871 994 2889 1028 ι

2229 1069 2320 1127 45.
2367 1071 2476 1144 Ego
2508 1084 2670 1142 porro
2695 1068 2919 1124 minime
2935 1080 3129 1124 vereor
3146 1064 3322 1130 lateri,
3348 1064 3403 1119 in
3426 1061 3756 1119 beatitudine

2159 1161 2414 1220 collocari
2437 1175 2600 1236 posse
2629 1161 2916 1234 imaginem
2948 1161 3218 1232 aliquam;
3259 1171 3421 1230 quam
3470 1166 3650 1210 tamen
3677 1153 3755 1208 si-

2161 1257 2523 1316 militudinem
2565 1257 2778 1329 potius,
2823 1272 2982 1327 quam
3030 1254 3315 1325 imaginem
3369 1249 3644 1320 appellare
3687 1247 3755 1302 li-

2163 1354 2278 1408 huit
2301 1351 2544 1422 Origeui,
2577 1360 2632 1407 et
2667 1348 2954 1420 Scriptori,
2979 1363 3142 1419 quem
3181 1345 3511 1400 illustramus
3543 1338 3758 1414 (Recole

2161 1466 2218 1502 τι.
2255 1445 2368 1517 15).
2398 1445 2506 1503 Sed
2536 1453 2736 1518 praeter
2776 1459 2919 1508 eam,
2949 1458 3110 1514 quam
3155 1441 3280 1494 vitm
3321 1440 3479 1494 alteri
3519 1433 3759 1493 servavit

2163 1540 2326 1610 Deus,
2358 1539 2520 1596 aliam
2544 1537 2723 1596 adhuc
2755 1538 2806 1593 itt
2838 1535 2960 1604 hac,
2989 1551 3151 1608 quam
3177 1533 3428 1600 vivimus,
3457 1531 3592 1598 vita,
3621 1529 3763 1585 ima.

2163 1636 2340 1705 ginem
2367 1633 2574 1690 homini
2593 1631 2913 1703 impressam
2943 1629 3110 1686 fuisse
3135 1647 3162 1682 a
3193 1628 3326 1694 Deo,
3356 1626 3598 1698 plerique
3635 1641 3761 1682 sen-

2165 1728 2326 1783 tiunt.
2381 1726 2742 1797 Quamobrem
2773 1725 2818 1781 si
2843 1723 3158 1788 concedam,
3183 1722 3233 1777 id
3265 1738 3372 1793 quo
3399 1718 3758 1786 contendunt,

2166 1819 2434 1877 Ambrosii
2467 1819 2646 1876 verbis
2676 1819 2928 1893 (tametsi
2977 1815 3220 1872 nonnihil
3257 1813 3484 1872 obseura
3516 1828 3579 1869 ea
3611 1809 3754 1882 siut)

465 1931 576 1981 tuo,
610 1930 711 1972 nec
737 1914 962 1986 spiritus
991 1927 1088 1985 per
1119 1927 1180 1969 se
1207 1913 1468 1971 subsistit.
1513 1914 1577 1967 At
1617 1911 1670 1966 in
1702 1909 2054 1967 Sanctissima
2089 1897 2138 1960 Β
2161 1911 2478 1985 signiﬁcari,
2515 1927 2623 1969 non
2652 1912 2912 1968 continuo
2944 1909 3119 1966 fateor
3144 1908 3211 1963 ad
3241 1907 3428 1974 aliam,
3464 1921 3588 1979 quae
3611 1920 3757 1961 utor-

463 2008 732 2066 Trinitate
772 2017 886 2065 tres
913 2007 1264 2078 intelligimus
1303 2005 1652 2078 hypostases,
1693 2018 1898 2076 easque
1938 2004 2057 2063 sine

463 2104 785 2161 contus-ioue
823 2104 1025 2172 unitas,
1053 2112 1111 2161 et
1138 2117 1316 2173 perae
1345 2099 1723 2157 subsistentes.
1759 2097 1892 2154 Nam
1929 2109 2058 2155 ante

465 2197 650 2254 secula
688 2195 904 2268 genitus
943 2205 1028 2251 est
1051 2209 1085 2250 a
1112 2193 1276 2250 Patre
1313 2193 1456 2250 Deus
1485 2191 1747 2260 Verbum,
1784 2191 2060 2260 inScpara-

463 2289 587 2345 bilis
612 2299 797 2344 annm
831 2295 918 2346 est
942 2303 974 2344 ι
1003 2287 1248 2360 genitore
1277 2304 1290 2338 :
1321 2284 1393 2342 Et
1422 2282 1782 2356 proﬁciscitur
1805 2298 1838 2340 a
1867 2279 1979 2338 Deo
2003 2291 2059 2338 et

467 2384 623 2440 l'atre
643 2381 875 2454 Spiritus
904 2383 1162 2448 Sanctus,
1191 2382 1281 2454 qui
1330 2389 1387 2438 et
1421 2379 1735 2449 intelligitur
1767 2379 1819 2434 in
1843 2376 2056 2448 propria

470 2475 772 2549 hypostasi.
801 2492 821 2528 ι
853 2469 928 2531 Ea
953 2490 1142 2545 porro,
1167 2489 1327 2546 quam
1364 2489 1427 2530 ex
1461 2470 1792 2543 Hieronymo
1834 2468 2060 2525 Aretino

463 2568 818 2641 subiecimus,
837 2567 1131 2640 expltcatio
1153 2568 1257 2623 hoc
1281 2567 1505 2637 insuper
1522 2563 1685 2624 habet
1707 2561 2055 2632 incommodi,

463 2660 608 2732 quod
629 2660 759 2717 dum
790 2662 1104 2717 memoriam
1132 2660 1356 2732 reliquis
1377 2656 1588 2714 duabus
1613 2655 1877 2730 putentiis
1903 2664 2059 2712 ante-

465 2753 665 2808 riorem
696 2752 842 2818 facit,
870 2768 901 2807 a
932 2753 1204 2807 conuuuni
1241 2751 1685 2822 pitiiOSOpitnl‘ttm
1712 2750 1978 2816 omnium,
2007 2759 2062 2805 et

466 2845 866 2918 'l‘iteolognrum
890 2848 1238 2919 persuasione
1265 2845 1468 2904 recedit
1497 2845 1762 2919 (statuunt
1779 2845 1924 2900 enim
1943 2859 2062 2901 om-

467 2957 565 2998 nes
591 2941 923 2998 intellectum
948 2941 1207 2996 memoria
1236 2941 1472 3012 priorem
1497 2937 1663 3008 esse),
1686 2948 1741 2996 et
1767 2939 1884 3007 plus
1903 2955 2062 3012 aequo

466 3042 711 3090 veterum
743 3031 1168 3103 Platonicorum,
1197 3033 1532 3103 aliorutnqtie
1561 3031 1910 3088 Ethnicorun‘t
1941 3033 2063 3100 pili-

468 3125 824 3198 Iosopltorum
860 3125 1076 3198 placitis
1118 3125 1347 3190 accedit,
1380 3124 1470 3196 qui
1511 3124 1718 3180 scilicet
1759 3125 2065 3180 statuebant

468 3219 732 3276 memoria
773 3220 1006 3277 animam
1029 3261 1045 3289 ,
1073 3231 1363 3292 antequam
1402 3220 1615 3290 corpori
1646 3219 2022 3275 iul'ttnderctur
2041 3260 2057 3288 ,

2163 2018 2272 2063 tem
2321 2017 2559 2064 nostram
2606 2005 2963 2062 subsecutura
2987 2011 3090 2069 est,
3133 2003 3321 2066 vitam,
3354 2017 3496 2064 (sint.
3529 2000 3596 2056 de
3652 2015 3761 2072 qua

2161 2102 2391 2171 agimus,
2422 2100 2710 2172 imaginem
2740 2097 2978 2170 protrahi
3019 2095 3242 2155 debere.
3275 2095 3343 2152 Et
3372 2110 3560 2151 revera
3603 2103 3660 2150 ut
3707 2088 3760 2150 iu

2161 2195 2450 2252 Ambrosio
2481 2195 2597 2265 ipso
2625 2193 2943 2261 consistam,
2976 2192 3136 2262 paulo
3163 2199 3288 2247 ante
3327 2189 3600 2246 Ambrosii
3636 2204 3766 2247 seu-

2162 2289 2386 2344 tentiam
2431 2287 2660 2360 allegnvi
2697 2302 2765 2344 ex
2818 2300 2887 2350 eo
2929 2287 3070 2362 ipso,
3111 2301 3272 2356 quem
3297 2285 3622 2350 citaverunt,
3657 2298 3763 2338 uu-

2163 2399 2314 2440 utero
2347 2381 2415 2438 l5
2443 2381 2811 2454 desumptam,
2856 2378 3038 2450 inqua
3072 2375 3290 2456 quidem
3318 2379 3516 2434 animm
3541 2388 3761 2444 nostrae,

2161 2493 2275 2545 qua:
2294 2474 2454 2530 libera
2481 2484 2574 2540 est,
2602 2481 2651 2529 et
2676 2473 2888 2547 diffusis
2915 2473 3328 2546 cogitationibus,
3355 2484 3508 2538 atque
3534 2471 3768 2530 consiliis

2163 2571 2262 2626 huc
2289 2579 2440 2641 atque
2475 2567 2602 2623 illuc
2632 2576 2870 2640 rogatur,
2902 2567 3214 2642 imaginem,
3238 2567 3307 2624 de
3333 2584 3440 2638 qua
3471 2567 3560 2624 hic
3582 2566 3762 2624 disse-

2163 2662 2356 2728 rimus,
2382 2661 2606 2716 inditam
2634 2660 2820 2717 dOtzcl.

2232 2755 2327 2813 46.
2359 2756 2524 2813 Estne
2556 2771 2719 2830 porro
2747 2756 2914 2822 aliud,
2949 2757 3001 2811 in
3033 2772 3142 2829 quo
3181 2754 3430 2814 eamdem
3477 2757 3767 2828 imaginem

2163 2850 2438 2908 colloces?
2471 2851 2568 2906 Est
2598 2851 2802 2923 utique.
2834 2849 3118 2920 Quodnam
3165 2867 3329 2924 porro
3373 2851 3420 2908 si
3462 2868 3760 2925 caposcas,

2165 2945 2346 3001 statim
2371 2945 2640 3000 iudicabo.

2241 3042 2316 3097 Ac
2348 3041 2578 3112 primum
2611 3039 2827 3111 quidem
2863 3040 3040 3110 imago
3076 3040 3169 3097 Dei
3198 3038 3306 3096 dici
3349 3048 3639 3116 utcumque
3667 3057 3763 3118 po-

2168 3133 2296 3188 tet-it
2348 3131 2532 3199 homo,
2565 3140 2837 3203 quatenus
2884 3135 3026 3190 sicut
3065 3133 3204 3189 Deus
3244 3132 3451 3190 eutiutn
3495 3135 3762 3204 omnium,

2168 3242 2560 3298 causarumque
2588 3226 2982 3298 perfectiones,
3017 3235 3176 3305 atque
3208 3226 3561 3284 excellentius
3604 3227 3659 3283 iu
3711 3243 3774 3283 se

471 3313 752 3385 ιιι-ωὰῑωιιι
777 3313 921 3384 esse,
951 3325 1003 3372 et
1043 3313 1314 3372 luculenta
1337 3354 1354 3380 ,
1383 3314 1670 3370 multarum
1701 3330 1904 3376 rerum,
1932 3327 2066 3383 quas
2091 3296 2136 3358 (ἶ
2169 3337 2234 3377 ρο

2010 3327 2066 3367 :IS
2091 3296 2136 3358 (ἶ
2169 3321 2583 3388 complectitur;
2616 3335 2776 3389 quam
2803 3322 2876 3376 oh
2902 3336 3017 3376 rem
3046 3303 3204 3376 causa
3233 3337 3510 3375 causarum
3533 3321 3773 3392 appella-

466 3409 579 3481 jam
607 3407 891 3479 didicerat,
911 3409 1100 3467 notitia
1125 3408 1480 3482 praedivilcm.
1516 3411 1594 3463 Au
1621 3405 1930 3462 Catltolicus
1955 3405 2070 3463 lucc

474 3503 775 3574 proponet?

543 3595 633 3653 43.
677 3598 760 3653 An
788 3612 918 3652 vero
954 3596 1240 3668 imaginem
1273 3597 1366 3654 Dei
1399 3597 1606 3654 homini
1637 3596 1954 3668 impressam
1987 3596 2071 3650 di-

471 3707 586 3760 ces,
601 3689 744 3762 quod
766 3693 908 3747 sicut
937 3691 1116 3756 Pater.
1134 3693 1224 3764 qui
1243 3707 1399 3748 meus
1421 3699 1526 3754 est,
1541 3700 1595 3745 et
1621 3687 1788 3747 Filias
1808 3689 2070 3753 Verbum,

472 3795 531 3842 et
557 3782 789 3856 Spiritus
816 3788 1046 3841 Sanctus
1085 3801 1225 3841 unus
1251 3785 1394 3847 Deus
1429 3795 1579 3850 sunt,
1625 3784 1704 3840 sic
1747 3799 1920 3848 tuens,
1955 3799 2074 3838 ver-

474 3880 624 3947 bum,
667 3888 724 3938 et
758 3879 984 3952 spiritus
1019 3879 1129 3935 sint
1168 3895 1305 3936 unus
1336 3878 1541 3935 homo"
1587 3879 1668 3934 An
1703 3876 1841 3947 lucc,
1871 3895 1992 3949 qua:
2021 3878 2074 3934 in

477 3975 698 4032 homine
719 3975 1092 4048 agnoscimus,
1112 3990 1231 4041 seu,
1256 3982 1315 4030 ut
1345 3974 1664 4046 expressius
1689 3973 1996 4042 loquamur,
2023 3973 2076 4028 in

476 4069 654 4124 anima
695 4067 954 4135 hominis,
1003 4079 1115 4126 tres
1161 4060 1485 4142 Itypo'stascs
1537 4077 1694 4132 sunt,
1727 4076 1782 4123 et
1814 4081 1921 4123 una
1949 4068 2076 4121 sub-

477 4163 695 4229 stantia,
717 4181 814 4221 seu
835 4165 1090 4232 essentia,
1123 4165 1265 4222 sicut
1281 4163 1462 4231 Pater,
1491 4161 1744 4228 Verbum,
1769 4175 1822 4218 et
1847 4161 2080 4234 Spiritus

477 4258 709 4314 Sanctus
739 4271 851 4314 tres
879 4256 1198 4329 bypostases
1233 4265 1382 4324 sunt,
1417 4267 1471 4314 et
1502 4271 1640 4312 unus
1673 4255 1849 4312 Deus?
1886 4257 1940 4310 Si
1975 4254 2079 4310 lm-

476 4349 714 4420 jusmndi
747 4349 1121 4407 convenientia
1155 4351 1438 4409 sufﬁceret
1469 4348 1536 4406 ad
1563 4349 1851 4421 imaginem
1896 4348 1986 4405 Dei
2027 4349 2078 4402 in

485 4444 706 4502 homine
741 4444 1144 4511 stabiliendum,
1184 4444 1328 4503 haud
1365 4459 1509 4517 agre
1540 4443 1724 4515 utique
1755 4446 1806 4499 in
1847 4445 2084 4498 humano

481 4555 710 4611 corpore
739 4554 860 4595 eam
890 4540 1211 4599 collocares.
1233 4539 1453 4596 Scilicet
1477 4551 1676 4608 corpus
1695 4536 1761 4591 ad
1792 4536 2082 4593 essentiam

2175 3426 2259 3471 tus
2286 3426 2371 3470 est
2413 3431 2439 3464 τι
2476 3413 2813 3484 nhilosophis
2843 3433 2857 3470 :
2889 3419 2958 3474 ita
2993 3414 3155 3468 homo
3190 3413 3577 3486 perfectiones,
3609 3425 3774 3484 atque

2175 3509 2522 3566 exet-lleutias
2545 3518 2916 3565 creaturarum
2947 3509 3188 3563 omnium
3211 3508 3263 3564 itt
3292 3523 3352 3564 se
3372 3507 3768 3579 complectitur;

2176 3619 2333 3672 quam
2373 3603 2444 3658 ob
2482 3619 2594 3658 rem
2627 3603 3010 3669 microcosmttr,
3052 3619 3150 3659 seu
3183 3618 3380 3674 parvus
3420 3601 3670 3668 Mundus,
3715 3612 3774 3661 et

2177 3706 2425 3754 creatura
2454 3699 2694 3754 omnium
2719 3699 3109 3769 perfectissima
3137 3708 3222 3754 est
3245 3699 3565 3772 appellatus.
3611 3699 3680 3756 Et
3706 3699 3776 3756 de

2181 3795 2291 3849 ilco
2320 3793 2536 3865 quidem
2588 3794 2665 3860 id,
2716 3793 2857 3863 quod
2886 3793 3018 3861 dixi,
3045 3793 3405 3850 indubitatum
3444 3801 3550 3850 est.
3583 3793 3777 3852 llestat

2180 3889 2379 3960 itaque,
2413 3887 2633 3958 utquod
2664 3886 2732 3944 de
2763 3889 2980 3945 homine
3003 3887 3220 3952 tradidi,
3251 3889 3433 3960 paucis
3463 3890 3774 3948 ostendam.

2185 3984 2500 4055 Spectcmus
2529 3983 2702 4054 primo
2733 3981 3031 4050 hominem,
3057 3993 3115 4038 ιιι
3140 3984 3214 4040 ita
3241 3984 3452 4055 loquar,
3478 3985 3774 4054 particula-

2183 4091 2299 4133 lim.
2342 4075 2648 4134 Humanum
2670 4093 2866 4145 corpus
2891 4091 3052 4151 quam
3087 4086 3349 4147 prtcstaus
3375 4080 3466 4144 sit,
3488 4086 3546 4133 et
3591 4081 3779 4137 bruto-

2182 4187 2300 4226 l'lltll
2329 4170 2682 4228 animantium
2711 4170 2976 4241 speciem,
3009 4185 3075 4228 ac
3112 4171 3339 4227 formam
3370 4184 3574 4243 quanto
3613 4175 3782 4233 inter-

2185 4263 2326 4318 vallo
2385 4273 2653 4333 superet,
2717 4263 2815 4320 Viri
2874 4264 3305 4333 prarstautissimi
3373 4266 3490 4337 jam
3562 4268 3772 4338 pridem

2184 4354 2559 4421 ostenderunt,
2587 4370 2621 4412 e
2643 4354 2838 4426 quibus
2890 4353 2976 4411 hic
3005 4355 3188 4412 indico
3223 4354 3591 4425 Lactantium,
3617 4372 3780 4431 quem

2187 4448 2334 4519 legas
2362 4456 2492 4520 opto
2521 4445 2632 4522 (tib.
2651 4449 2744 4502 Ide
2774 4445 3043 4519 Opiﬁcio).
3090 4450 3186 4506 Diu
3213 4465 3378 4522 porro
3403 4461 3531 4508 aute
3548 4450 3783 4510 Lactan-

2189 4540 2320 4596 timn
2346 4541 2534 4596 Cicero
2562 4541 2676 4614 (lib.
2713 4557 2726 4595 l
2760 4541 2823 4597 de
2847 4541 3032 4614 Ofﬁc.)
3058 4560 3069 4594 :
3099 4561 3119 4595 ι
3153 4542 3345 4615 multis,
3372 4547 3567 4617 inquit,
3593 4563 3784 4618 persoo

487 4635 718 4691 numinis
750 4637 1005 4706 pertinet,
1029 4648 1130 4694 nec
1158 4636 1278 4692 sine
1303 4648 1533 4706 corpore
1564 4631 1768 4704 percipi
1797 4629 1961 4686 homo
1991 4645 2085 4699 ρο·
2111 4666 2165 4727 D
2191 4652 2312 4692 nam
2345 4635 2599 4707 imposuit
2620 4637 2734 4704 ipsa
2766 4647 2955 4691 natura
2981 4652 3102 4693 cum
3133 4639 3478 4703 excellentia.
3510 4650 3780 4712 praestan-

487 4740 614 4795 test,
643 4729 784 4784 sicut
815 4744 919 4786 nec
945 4728 1064 4786 sine
1093 4728 1270 4785 tribus
1303 4727 1506 4784 divinis
1543 4725 1797 4796 personis
1840 4723 2083 4780 Sanctis-

487 4825 622 4879 siuta
654 4824 908 4882 Trinitas.
943 4823 1078 4891 Quis
1119 4833 1300 4880 tamen
1337 4822 1392 4877 in
1432 4836 1662 4892 corpore
1701 4819 1936 4875 humano
1965 4835 2084 4874 eam

489 4919 776 4990 imaginem
802 4917 1066 4975 collucet!
1092 4916 1320 4974 Constat
1347 4917 1528 4987 itaque
1555 4914 1866 4987 huiusmodi
1895 4914 2088 4973 simili-

492 5011 725 5074 tudiues,
751 5026 881 5072 seu.
912 5011 956 5064 si
996 5008 1280 5082 appellare
1302 5010 1376 5066 ita
1405 5009 1506 5076 vis,
1553 5009 1827 5080 imagines,
1867 5006 2089 5066 minime

489 5104 747 5174 t‘igoroaa-
773 5118 914 5164 esse.
947 5103 1044 5159 sed
1075 5103 1366 5158 latissimas
1395 5119 1409 5154 :
1435 5101 1578 5174 quod
1616 5102 1663 5158 si
1702 5102 1797 5158 tibi
1833 5101 1966 5159 satis
1985 5112 2088 5169 est,

491 5212 592 5264 ego
623 5195 806 5267 utique
830 5194 1196 5252 Sanctissima:
1215 5193 1498 5252 Trinitatis
1519 5194 1802 5264 imaginem
1831 5193 1886 5250 in
1911 5193 2086 5249 anima

495 5288 813 5357 impressam
841 5301 963 5344 esse
994 5285 1226 5352 fatebor,
1249 5295 1467 5358 propter
1480 5300 1601 5342 eam
1625 5286 1816 5354 etiam,
1844 5301 2002 5358 quam
2024 5302 2093 5343 ex

501 5382 836 5438 Dntnasceno
859 5381 1109 5451 attulisti,
1144 5383 1430 5437 rationem.

567 5471 660 5527 44.
698 5472 803 5542 Qui
841 5473 1154 5544 imaginem,
1188 5472 1255 5529 de
1281 5489 1383 5545 qua
1407 5472 1647 5544 agimus,
1681 5466 1732 5529 in
1761 5471 2093 5531 beatitudine

497 5565 786 5634 collocant,
828 5583 932 5637 qua
969 5568 1187 5623 demum
1227 5569 1490 5638 petiturus
1530 5579 1615 5623 est
1656 5567 1842 5633 homo,
1886 5584 2008 5624 cum
2037 5569 2092 5624 in

497 5659 653 5717 ("telis
681 5660 844 5716 Deum
869 5658 1071 5716 videbit
1097 5661 1228 5730 facie
1268 5660 1338 5714 ad
1367 5659 1551 5730 faciem
1582 5657 1685 5730 (α),
1716 5659 1832 5718 haec
1861 5659 2096 5718 Ambro-

499 5753 564 5807 sii
603 5753 769 5810 verba
819 5751 1352 5825 atleruntwcmrm.
1389 5753 1477 5808 lib.
1512 5770 1566 5810 vx
1597 5769 1712 5827 cap.
1757 5754 1816 5822 8,
1874 5772 1928 5809 η.
1975 5754 2094 5825 45).

2190 4729 2368 4801 tiaquc
2393 4728 2750 4786 animantium
2794 4729 3148 4802 reliquarum,
3178 4750 3200 4785 ι
3261 4732 3328 4788 Ει
3377 4734 3495 4806 ipse
3544 4735 3787 4807 profecto

2190 4832 2443 4894 aspectus
2486 4838 2550 4880 ac
2593 4823 2776 4879 vultus
2821 4823 3078 4890 hominis,
3104 4835 3366 4896 quantum
3409 4828 3500 4883 ille
3548 4829 3789 4902 reliquas

2192 4918 2494 4974 animantes
2525 4918 2845 4974 excellentia
2877 4919 3076 4985 vincat,
3101 4934 3165 4980 ac
3195 4920 3476 4992 dignitate,
3501 4923 3792 4982 manifesto

2194 5011 2452 5066 ostendit.
2479 5008 2698 5067 Scilicet
2724 5012 2766 5065 si
2787 5010 3006 5068 easdem
3037 5011 3337 5072 animantes
3370 5015 3595 5072 intueris
3619 5016 3787 5090 (Boct.

2195 5107 2257 5159 de
2280 5105 2539 5161 Cousolut.
2572 5106 2660 5160 lib.
2700 5120 2755 5172 ν,
2808 5103 2866 5178 5)
2901 5121 2915 5158 τ

2421 5195 2582 5247 Variis
2600 5196 2768 5267 videas
2791 5198 2908 5267 licet
2929 5200 3089 5250 orllnia
3109 5199 3396 5267 discrepare
3420 5201 3604 5263 formis,

2292 5259 2450 5309 Prona
2473 5268 2635 5311 tamen
2658 5259 2806 5310 facies
2827 5259 3045 5313 hebetes
3068 5263 3200 5314 valet
3219 5259 3480 5318 lnharare
3505 5259 3697 5318 sensus.

2296 5322 2446 5392 ῌιιὶω
2468 5335 2594 5392 gens
2616 5323 2864 5374 hominum
2887 5325 3076 5375 celsum
3099 5325 3232 5392 levat
3249 5322 3396 5392 altius
3411 5341 3672 5392 cacumen,

2301 5385 2460 5448 Atque
2489 5385 2613 5435 levis
2633 5395 2770 5436 recto
2787 5391 2885 5436 stat
2909 5400 3134 5450 corpore.
3161 5389 3472 5454 despicitque
3492 5385 3672 5444 terras;

2275 5476 2362 5533 47.
2404 5476 2706 5534 Pertractat
2737 5477 2840 5532 hoc
2885 5492 3262 5549 argumentum
3303 5481 3636 5553 Augustinus
3675 5483 3772 5557 (tib

2205 5569 2306 5625 ide
2335 5567 2519 5626 Generi
2541 5580 2721 5626 contra
2747 5568 2975 5625 Mauiclt.
3017 5587 3132 5643 cap.
3189 5573 3276 5633 Π,
3315 5591 3369 5628 u.
3425 5574 3542 5645 28),
3599 5579 3798 5650 quippe

2204 5663 2293 5735 qui
2327 5662 2554 5721 innuere
2598 5678 2706 5720 non
2753 5674 2989 5732 veretur,
3024 5680 3183 5737 posse
3235 5666 3416 5740 aliquo
3445 5668 3606 5729 modo
3635 5671 3799 5728 etiam

2205 5771 2403 5829 corpus
2455 5755 2748 5814 humanum
2795 5756 2864 5815 ad
2911 5757 3197 5830 imaginem
3231 5758 3324 5816 Dei
3353 5759 3558 5820 factum
3606 5762 3798 5830 videri,

574 5891 652 5973 (ul
692 5891 841 5948 Ilanc
890 5893 1189 5973 itttngittcttt
1239 5909 1313 5973 ιιι.
1353 5890 1704 5973 sinulitudine
1758 5891 2082 5962 expressiori
2113 5870 2408 5954 collocant,
2457 5909 2619 5966 quam
2673 5893 2948 5954 hominem
2980 5897 3140 5963 inter,
3191 5905 3248 5954 ct
3287 5895 3482 5966 Deum,
3528 5910 3793 5973 quatenus

509 5961 701 6023 beatus
726 5973 830 6037 cst,
851 5971 1115 6021 statuunt.
1150 5961 1352 6022 liet‘cic
1379 5979 1432 6022 ιι.
1474 5964 1538 6020 tu
