4464 6472
985 372 1088 427 867
1658 367 1723 429 ΙΝ
1764 364 2022 427 illLARil
2053 365 2270 426 EPIST.
2312 360 2441 422 SEU
2495 357 2712 421 LiBEL.
2759 350 3208 423 DiSSEiiTATiO
3245 362 3587 423 SECUNDA.
4162 359 4267 419 868

973 490 1116 562 quod
1146 487 1348 548 indicet
1370 503 1468 546 nos
1496 487 1748 546 meliores
1766 502 1910 556 esse,
1935 501 2096 564 quam
2127 484 2327 544 bestias
2353 501 2366 537 :
2395 502 2415 535 ι
2434 480 2560 538 Om-
2586 482 2646 546 Α
2667 481 2806 547 quod
2839 481 2991 539 adest
3013 525 3029 549 ,
3081 482 3331 556 quodque
3369 497 3608 554 praesens
3635 492 3738 540 est.
3773 495 3835 539 se
3860 478 4261 547 accommodat,

973 586 1119 640 nium
1148 583 1291 642 enim
1321 581 1632 640 animalium
1660 596 1909 662 corpora,
1958 581 2075 641 sive
2101 595 2224 656 qua:
2275 579 2330 635 in
2369 578 2521 650 aquis
2545 622 2562 646 ,
2666 572 2939 645 paululum
2989 572 3280 632 admodum
3329 576 3572 633 sentiens
3603 573 3964 647 praeteritum,
3990 582 4086 631 aut
4113 571 4261 630 itu-

971 678 1088 735 sive
1108 692 1228 749 qua:
1247 677 1300 733 in
1321 683 1465 734 terra
1498 676 1718 744 vivunt,
1745 673 1860 734 sive
1885 691 2006 746 qua:
2040 670 2094 740 in
2130 687 2261 730 aere
2291 671 2521 727 volitant
2543 714 2557 735 ,
2664 683 2806 724 rum.
2847 666 3022 725 Homo
3049 681 3252 740 autem,
3278 670 3425 743 quod
3455 672 3682 729 rationis
3707 679 3793 729 est
3825 671 4135 752 particeps,
4166 683 4266 742 per

972 768 1227 828 inclinata
1282 777 1410 825 sunt
1450 767 1518 834 ad
1551 777 1772 836 terram,
1813 776 1866 824 et
1913 781 2020 825 non
2049 771 2175 824 sunt
2195 774 2399 829 erecta.
2421 763 2566 820 sicut
2662 775 2821 832 quam
2849 763 3235 835 consequentia
3265 762 3458 831 cernit,
3484 777 3674 822 causas
3705 777 3887 822 rerum
3927 761 4099 828 videt,
4164 774 4258 820 ea-

973 861 1210 918 itotniuis
1230 876 1446 934 corpus.
1473 860 1594 930 Quo
1615 858 1948 933 signiﬁcatur
1975 860 2138 917 etiam
2170 857 2408 915 animum
2437 870 2561 913 nos-
2664 870 2890 929 rumque
2916 872 3257 929 progressus,
3287 866 3341 916 et
3366 858 3518 932 quasi
3541 858 3945 916 antecessiones
3970 869 4077 914 non
4108 853 4264 931 igno-

969 963 1110 1011 trum
1136 956 1188 1012 in
1213 970 1444 1029 superna
1473 968 1591 1024 sua,
1624 953 1677 1009 id
1693 963 1777 1010 est
1801 952 1855 1011 in
1885 965 2083 1010 aeterna
2112 950 2410 1025 spiritualia
2436 965 2559 1006 ere-
2661 959 2767 1017 rat,
2810 949 3192 1009 similitudines
3240 961 3536 1022 comparat,
3576 961 3633 1008 et
3684 952 3849 1010 rebus
3887 949 4254 1024 pmeutibus

967 1059 1114 1106 ctum
1176 1063 1296 1104 esse
1367 1048 1584 1105 debere.
1658 1047 1732 1105 ita
1794 1046 2114 1119 intelligitur
2157 1061 2254 1119 per
2317 1044 2560 1102 animum
2660 1042 2919 1117 adjunglt.
2949 1055 3108 1120 atque
3155 1047 3395 1104 annectit
3440 1045 3686 1102 futuras:
3716 1044 3872 1103 facile
3920 1047 4088 1101 totius
4133 1045 4259 1100 vitae

965 1143 1201 1198 maxime
1227 1185 1241 1207 ,
1286 1142 1589 1197 adtestante
1635 1141 1798 1198 etiam
1836 1149 2020 1197 erecta
2069 1136 2319 1211 corpdris
2361 1137 2555 1205 forma,
2659 1150 2881 1194 cursum
2921 1138 3084 1210 videt,
3132 1139 3200 1197 ad
3244 1155 3474 1212 eamque
3526 1140 3812 1213 regendam
3850 1148 4122 1212 νημαι
4161 1154 4253 1197 res

967 1235 1132 1292 homo
1162 1237 1335 1290 factus
1369 1234 1437 1291 ad
1469 1233 1778 1306 imaginem,
1807 1241 1862 1289 ct
1891 1231 2299 1289 similitudinem
2331 1229 2448 1287 Dei.
2480 1248 2502 1284 ι
2659 1225 3017 1289 necessarias.
3068 1231 3376 1306 Eademque
3420 1242 3610 1291 natura
3639 1235 3691 1292 vi
3726 1234 3952 1292 rationis
3975 1231 4260 1292 hominem

1039 1327 1183 1384 idem
1216 1328 1341 1386 alibi
1369 1327 1452 1384 bis
1472 1329 1656 1384 verbis
1699 1327 1894 1408 repetit
1927 1326 2051 1401 (lib.
2080 1341 2282 1383 suam
2317 1322 2560 1400 φωκίδ-
2656 1325 2911 1382 conciliat
2931 1327 3134 1385 homini
3162 1328 3232 1386 ad
3251 1329 3536 1399 orationis,
3563 1339 3619 1388 et
3645 1330 3716 1388 ad
3743 1329 3865 1388 vite
3885 1331 4212 1389 societatem
4245 1346 4258 1385 :

965 1441 1107 1493 num,
1163 1434 1344 1495 qumst.
1370 1423 1459 1492 5i,
1512 1439 1566 1478 η.
1594 1421 1651 1489 2,
1707 1419 1805 1493 5):
1841 1440 1861 1476 t
1889 1419 2174 1490 Quomodo
2218 1429 2399 1476 autem
2447 1434 2555 1474 non
2661 1417 3051 1493 ingeneratque
3095 1422 3152 1478 in
3182 1423 3373 1495 primis
3411 1424 3740 1496 praecipuum
3780 1425 4069 1498 quemdam
4099 1441 4257 1482 amo.

965 1521 1037 1578 sit
1066 1521 1441 1591 incongruum,
1470 1516 1616 1591 quod
1643 1517 1843 1573 dicitur
1865 1516 2026 1574 etiam
2052 1529 2248 1587 corpus
2268 1515 2467 1572 iactum
2486 1511 2555 1569 ad
2657 1526 2776 1569 rem
2805 1513 2855 1567 itt
2889 1529 3004 1577 eos,
3037 1515 3128 1585 qui
3160 1518 3426 1587 procreati
3458 1525 3584 1575 sunt
3621 1537 3632 1571 :
3664 1519 4021 1591 impellitque,
4063 1529 4121 1575 ut
4152 1516 4257 1576 bo-

968 1611 1378 1671 situilitudiuem
1409 1611 1526 1679 Dei,
1558 1611 1718 1668 facile
1741 1607 2017 1683 intelligit,
2047 1607 2140 1682 qui
2163 1607 2446 1681 diligenter
2471 1614 2558 1662 at-
2657 1605 2860 1662 minum
2889 1618 3083 1676 cretus,
3113 1615 3170 1666 et
3195 1609 3590 1669 celebrationes
3617 1619 3672 1670 et
3706 1627 3852 1680 esse,
3876 1623 3930 1670 et
3955 1629 3985 1670 a
4013 1629 4076 1670 se
4103 1612 4248 1671 obiri

965 1708 1132 1765 tendit
1159 1706 1302 1779 quod
1331 1707 1533 1763 dictum
1573 1717 1700 1762 est:
1736 1704 1804 1762 Et
1845 1705 1976 1761 fecit
2005 1705 2146 1762 Deus
2194 1702 2376 1761 omnia
2413 1703 2554 1761 bona
2659 1697 2846 1754 velit.»

963 1799 1124 1856 valde
1151 1798 1307 1872 (Gen.
1346 1815 1422 1862 tu,
1455 1796 1532 1871 i).
1577 1797 1750 1855 Nemo
1793 1796 1943 1854 enim
1984 1795 2219 1862 dubitat,
2258 1796 2388 1870 quin
2434 1796 2555 1869 ipso
2727 1790 2819 1847 5i.
2863 1792 2956 1851 His
2985 1793 3124 1853 adde
3147 1839 3163 1866 ,
3195 1813 3264 1854 ne
3292 1798 3492 1856 multos
3517 1798 3764 1868 aderam,
3793 1817 3916 1873 quae
3937 1800 4100 1859 docet
4139 1801 4253 1860 hoc

963 1894 1211 1967 primitus
1236 1890 1308 1949 sit
1329 1894 1521 1948 bonus.
1548 1891 1761 1963 Corpus
1784 1906 2001 1965 quoque
2029 1888 2286 1956 hominis,
2312 1890 2437 1962 quia
2459 1904 2550 1946 so-
2580 1885 2627 1948 B
2651 1897 2818 1956 super
2846 1900 3168 1960 argumento
3198 1889 3533 1964 Augustinus
3577 1894 3667 1965 (de
3717 1895 3933 1953 diversis
3969 1897 4250 1969 question.

961 1985 1073 2042 ium
1112 1987 1252 2041 inter
1289 1984 1608 2042 animalium
1657 1995 1997 2041 tet-renorutn
2023 1997 2253 2056 corpora
2291 1997 2400 2039 non
2428 1999 2553 2054 pro-
2654 1991 2888 2043 uxxttl,
2909 1991 3093 2050 quiest.
3116 1980 3207 2046 5i,
3233 1994 3290 2036 η.
3318 1979 3397 2055 3).
3421 1981 3598 2040 Pauca
3619 1984 3825 2058 selige:
3855 2005 3877 2039 r
3913 1984 4030 2043 Non
4059 1987 4259 2045 imme-

961 2095 1088 2136 num
1115 2079 1168 2135 in
1196 2079 1714 2150 alium-prostratum
1735 2088 1842 2146 est,
1867 2093 1991 2135 cum
2014 2079 2084 2134 sit
2107 2077 2344 2147 visibile,
2361 2077 2459 2135 sed
2483 2077 2551 2133 ad
2653 2069 2780 2135 ι’ἱιο.
2815 2071 2990 2142 inquit
3010 2072 3120 2143 ille.
3149 2085 3208 2130 et
3242 2075 3346 2131 iste
3377 2073 3542 2132 homo
3570 2077 3841 2152 particeps
3869 2077 4072 2137 dicitur
4099 2080 4242 2137 simi

959 2171 1279 2230 intuendum
1305 2173 1505 2230 ctutum
1533 2179 1847 2228 erectum...
1870 2171 2034 2229 etiam
2063 2171 2187 2242 quia
2221 2170 2330 2227 tale
2354 2178 2459 2236 est,
2493 2178 2552 2226 ut
2653 2159 2896 2219 liuidinis
2925 2163 3044 2234 Dei.
3091 2179 3208 2224 non
3259 2166 3433 2225 solum
3485 2170 3611 2242 quia
3647 2172 3800 2238 vivit,
3822 2171 3966 2243 quod
3995 2173 4163 2230 etiam
4200 2174 4257 2230 in

959 2265 1027 2321 ad
1051 2263 1525 2338 contemplandum
1546 2263 1743 2320 cmiqu
1763 2260 1836 2318 sit
1861 2261 2062 2335 aptius,
2079 2262 2248 2336 magis
2275 2262 2328 2318 in
2358 2259 2462 2319 boc
2482 2261 2550 2317 ad
2653 2254 2843 2312 bestiis
2885 2266 3144 2330 apparet;
3175 2260 3272 2318 sed
3303 2262 3538 2334 amplius
3563 2264 3710 2337 quod
3738 2265 3808 2322 ad
3832 2277 4074 2324 mentem
4100 2283 4247 2326 con-

963 2359 1275 2432 ίωεείηεω,
1295 2367 1354 2416 οι
1371 2357 1778 2416 similitudinem
1804 2354 2088 2430 0.31.qu
2107 2364 2306 2414 οειεη
2323 2369 2550 2430 corpora
2653 2350 2880 2407 vertitur
2903 2367 2965 2408 se
2994 2362 3293 2431 regentem,
3320 2373 3481 2429 quam
3524 2358 3762 2417 illustrat
3789 2361 4080 2436 sapientia.
4101 2362 4256 2436 quod

971 2451 1308 2520 animalium,
1335 2451 1534 2509 iactum
1567 2450 1739 2509 videri
1769 2459 1967 2523 potest.
1992 2467 2013 2504 ι
2650 2440 2706 2499 in
2736 2444 2922 2500 bestiis
2951 2459 3057 2501 non
3111 2453 3290 2519 potest
3335 2451 3543 2508 ratione
3591 2452 3925 2511 carentibus.
3964 2473 3986 2508 ι
4041 2454 4261 2515 Recole

1029 2546 1120 2604 48.
1148 2545 1290 2617 Quin
1315 2553 1374 2602 et
1397 2543 1571 2601 Potbo
1599 2540 1933 2600 Prumiensis
1953 2541 2068 2616 (lib.
2115 2556 2136 2599 ι
2176 2540 2248 2601 de
2274 2549 2420 2598 statu
2446 2539 2548 2597 do-
2649 2551 2772 2607 qum
2800 2552 2868 2593 es
2895 2537 3144 2608 Philone,
3165 2539 3449 2604 Clemente
3474 2547 3865 2617 Alexandrino,
3893 2549 4128 2624 aliisque
4149 2551 4261 2610 Pa-

957 2657 1081 2696 ntus
1111 2639 1230 2706 Dei,
1249 2638 1342 2695 sub
1370 2639 1666 2708 ﬂuentium.
1688 2652 1743 2694 xx
1771 2633 2017 2692 Biblioth.
2046 2633 2196 2691 Patr.
2223 2634 2347 2691 edit.
2375 2633 2548 2692 Paris.
2652 2635 2846 2705 tribus,
2866 2634 3009 2692 p.24
3037 2647 3091 2694 et
3109 2639 3205 2709 '36,
3229 2650 3285 2700 et
3314 2658 3504 2702 rursus
3526 2660 3582 2701 η.
3605 2645 3678 2704 52
3702 2661 3771 2705 ex
3799 2645 4088 2708 Ambrosio
4110 2659 4264 2709 attu-

959 2754 1078 2809 pag.
1108 2733 1240 2806 569)
1299 2735 1353 2791 id
1401 2733 1576 2806 ipsum
1609 2733 1699 2792 inn
1727 2732 1807 2804 οἱα⁵
1839 2742 2105 2806 quatenus
2126 2732 2547 2807 pulcritudinem
2651 2725 2835 2785 limus.

956 2830 1203 2902 corporis
1243 2831 1318 2887 ita
1356 2828 1723 2896 commendat,
1756 2835 1815 2884 ut
1845 2836 2071 2885 testetur
2094 2843 2232 2901 opus
2267 2827 2548 2900 sapientia:
2724 2819 2814 2879 52.
2854 2819 3180 2896 Coniunctlo
3231 2843 3395 2910 porro
3439 2831 3554 2906 ipsa
3597 2835 3795 2893 anime
3849 2844 3903 2894 et
3951 2837 4212 2910 corporis
4241 2881 4256 2906 ,

957 2941 1053 2999 per
1078 2921 1255 2979 cilicia
1277 2922 1523 2993 corporis
1551 2922 1769 2978 diversa
1802 2923 2118 2980 monstrari.
2648 2931 2971 3014 quamquam
3001 2917 3229 2989 homini,
3262 2903 3545 2999 postquam
3601 2927 3654 2984 in
3684 2940 3966 3014 peccatum
4005 2903 4256 2997 decidit,

1025 3019 1118 3074 49.
1158 3015 1266 3075 Sed
1291 3030 1388 3071 cur
1417 3017 1802 3071 Damascenqu
1837 3030 1946 3072 non
1991 3013 2549 3088 allegamusiquippe
2650 3009 2880 3085 ideoque
2911 3024 3194 3088 postquam
3246 3035 3276 3074 ει
3326 3009 3746 3091 praeclarissimo
3789 3019 3882 3078 illo
3911 3018 4253 3080 innocentia:

952 3126 1020 3168 ex
1049 3109 1274 3182 antiquo
1303 3101 1583 3178 Scriptore
1604 3151 1619 3175 ,
1649 3123 1808 3179 quem
1853 3105 2183 3164 Methodium
2223 3108 2275 3164 in
2310 3105 2450 3164 libro
2485 3107 2552 3162 de
2649 3114 2814 3172 statu.
2847 3107 2899 3164 in
2923 3123 3029 3180 quo
3063 3111 3316 3171 conditus
3342 3125 3448 3183 est,
3491 3115 3718 3184 corruit,
3751 3115 4000 3174 nonnihil
4036 3115 4258 3175 incom-

951 3205 1477 3272 resurrectione,esse
1495 3203 1713 3260 altP.le
1733 3203 2065 3272 Quien,b:r.c
2081 3202 2238 3260 docet
2258 3200 2552 3276 (chroma
2577 3275 2614 3288 Α
2650 3200 2807 3254 moda
2839 3203 2931 3266 sit,
2963 3205 3216 3274 quoniam
3247 3221 3458 3278 corpus,
3492 3209 3631 3282 quod
3653 3209 4026 3282 corrumpitur,
4059 3228 4259 3288 aggra-

951 3296 1144 3355 duram
1169 3299 1376 3355 ossium
1426 3297 1785 3355 substantiam
1819 3295 2126 3368 compegit?
2149 3275 2274 3368 quis
2301 3293 2544 3352 membra
2570 3275 2616 3339 C
2649 3301 2730 3348 vat
2757 3296 3002 3365 animant,
3037 3311 3160 3353 cum
3187 3275 3474 3355 utilissima
3504 3275 3700 3359 iutura
3731 3275 3938 3370 luisset,
3971 3275 4022 3360 si
4063 3275 4256 3360 ni'an-

950 3391 1243 3466 colligavit,
1277 3401 1336 3449 ut
1380 3395 1561 3448 nervis
1591 3390 1965 3460 tenderentur,
1997 3398 2053 3448 et
2093 3393 2238 3447 circa
2261 3391 2545 3460 iuncturas
2648 3388 2794 3460 tiqua
2843 3389 3107 3462 dignitate
3133 3432 3150 3460 ,
3199 3392 3311 3450 Deo
3357 3393 3617 3454 obediens
3643 3441 3658 3467 ,
3718 3397 4045 3469 perstitisset
4081 3417 4095 3452 :
4134 3399 4258 3456 suis

951 3486 1149 3543 inﬂexa
1204 3484 1714 3554 laxarenturiouis
1769 3486 2047 3553 humores,
2102 3486 2430 3558 mollemque
2475 3502 2544 3542 ex
2649 3491 2827 3538 tamen
2854 3482 3030 3540 adhuc
3068 3500 3174 3541 non
3206 3496 3356 3542 caret
3379 3487 3782 3546 emolumentis.
3811 3489 4036 3548 Scilicet
4075 3489 4260 3548 beati-

953 3581 1121 3636 ltumo
1147 3593 1387 3647 carnem,
1412 3580 1672 3650 sanguine
1702 3591 1823 3634 eam
1850 3577 2220 3649 perfundendo
2251 3576 2542 3635 [emtenta-
2650 3572 2849 3630 tudinis
2867 3575 3309 3634 cumulatissime
3355 3579 3670 3653 participem
3704 3581 3918 3639 tandem
3945 3582 4251 3654 aliquando

953 3674 1028 3728 vit
1053 3673 1078 3726 ἲ
1106 3663 1267 3730 Solus
1296 3672 1455 3743 plane
1484 3670 1963 3741 prestautissimus
2007 3670 2202 3726 artifex
2258 3669 2421 3737 Deus,
2451 3671 2543 3740 qui
2649 3667 2810 3724 faciet
2841 3669 3111 3728 hominem
3135 3713 3151 3738 ,
3193 3688 3296 3743 qua
3339 3672 3595 3733 nimirum
3641 3674 3735 3734 ille
3766 3677 4021 3750 potietur,
4051 3677 4101 3734 si
4125 3693 4254 3734 cor-

950 3765 1248 3830 itominem,
1281 3763 1332 3819 id
1359 3772 1446 3822 est
1470 3765 1680 3819 ratione
1705 3761 2009 3835 perditam,
2031 3773 2081 3817 et
2109 3764 2388 3817 animatum
2409 3763 2540 3819 inut-
2647 3776 2778 3833 pore
2824 3762 2890 3820 ad
2935 3780 3058 3820 cum
3090 3780 3244 3822 usum
3278 3775 3459 3825 utetur
3483 3811 3500 3836 ,
3551 3777 3776 3840 propter
3800 3760 3960 3844 quem
3984 3773 4253 3830 conditos

949 3858 1120 3928 ginem
1147 3873 1317 3924 suam,
1348 3871 1469 3922 nos,
1495 3855 1735 3927 inquam,
1771 3851 2077 3920 fabricavit,
2110 3864 2165 3911 et
2191 3870 2258 3912 ex
2284 3854 2541 3923 humido,
2646 3852 2812 3912 immo
2841 3863 2956 3924 est;
2989 3865 3048 3912 ut
3083 3857 3290 3915 scilicet
3314 3857 3512 3918 divinis
3531 3861 3776 3935 jussibus
3808 3864 4162 3937 obsequatur,
4197 3878 4259 3924 et

950 3963 1007 4009 et
1031 3950 1325 4023 perexiguo
1364 3954 1574 4006 semine
1624 3950 1676 4005 in
1719 3950 1882 4005 vulva
1936 3948 2146 4014 matris,
2177 3949 2325 4003 velut
2351 3964 2382 4004 e
2411 3963 2540 4006 cera
2646 3959 2853 4017 parcat.
2883 3948 2965 4007 An
2994 3965 3100 4007 non
3134 3950 3277 4007 istud
3307 3966 3530 4025 corpus,
3561 3955 3702 4026 quod
3730 3953 4014 4013 seminatur
4043 3958 4100 4013 in
4130 3975 4255 4013 cor-

947 4044 1329 4102 eoui'ormavit.
1359 4042 1558 4110 Ecquis
1575 4043 1722 4098 enim
1743 4051 1848 4110 est,
1871 4043 1961 4114 qui
1987 4039 2252 4112 providet,
2284 4057 2351 4097 ne
2382 4040 2545 4099 iustus
2645 4043 2901 4112 raptione,
2927 4055 3099 4116 surget
3149 4046 3204 4100 in
3231 4045 3619 4120 incorruptione
3643 4049 3736 4105 Ρ...
3765 4049 3835 4107 Et
3854 4050 3992 4124 quod
4018 4054 4258 4109 semina-

951 4141 1195 4198 bumoris
1240 4141 1420 4210 copia,
1451 4149 1506 4192 et
1544 4137 1950 4208 compressione
1979 4150 2231 4191 vasorum
2276 4135 2501 4191 obrutus
2525 4175 2540 4200 ,
2645 4147 2730 4192 tur
2748 4139 2992 4205 animale,
3021 4149 3196 4212 surget
3224 4159 3410 4210 corpus
3437 4144 3668 4216 spiritale
3698 4144 3740 4219 (l
3763 4144 4000 4203 Corinth.
4025 4164 4122 4216 xv,
4154 4149 4260 4214 62,

945 4233 1093 4291 intus
1133 4231 1483 4305 prmioceturi
1515 4233 1619 4286 Ant
1645 4229 1785 4300 quis,
1815 4238 2096 4302 postquam
2119 4237 2360 4299 gestatus
2389 4238 2542 4284 utero
2646 4231 2786 4304 ii)?
2839 4228 3158 4292 Ell‘undetur
3211 4235 3418 4294 scilicet
3459 4239 3510 4293 in
3560 4253 3758 4312 corpus
3805 4242 3978 4313 ipsum
4030 4245 4259 4316 egregia

947 4340 1051 4395 est,
1083 4338 1136 4386 et
1160 4328 1374 4384 tandem
1401 4327 1456 4383 in
1487 4326 1660 4382 lucem
1689 4324 1887 4386 editus.
1917 4339 1980 4380 es
2030 4324 2326 4387 imbecillo.
2362 4335 2418 4380 et
2440 4340 2538 4394 ptt-
2645 4325 2916 4395 quaedam,
2949 4335 3004 4382 et
3032 4341 3159 4383 vere
3182 4328 3422 4386 cmlestis
3444 4329 3716 4400 voluptas,
3757 4347 3819 4389 ac
3851 4336 4116 4401 suavitas,
4145 4352 4258 4405 qua

947 4423 1073 4478 sillo
1101 4435 1373 4493 magnum,
1403 4418 1710 4491 pulchrum,
1742 4426 1798 4472 et
1833 4418 2112 4473 robustum
2144 4414 2400 4482 reddidit,
2433 4417 2538 4471 nisi
2645 4415 2774 4473 illud
2806 4417 3090 4486 imbutum,
3117 4434 3182 4476 ac
3203 4421 3368 4479 veluti
3400 4422 3740 4498 absorptum,
3773 4441 3878 4480 non
3913 4425 4076 4482 modo
4105 4426 4250 4484 nihil

945 4519 1086 4574 idem
1139 4516 1278 4587 ipse,
1321 4529 1484 4586 quem
1537 4511 1700 4568 modo
1745 4510 2019 4579 dicebam,
2053 4511 2538 4582 praestantissimus
2643 4527 2713 4566 ex
2749 4512 2890 4569 mole
2915 4512 3052 4586 ipsa,
3077 4529 3159 4580 ac,
3192 4517 3237 4571 si
3270 4531 3464 4574 vocare
3491 4519 3564 4575 ita
3594 4518 3748 4585 sinis,
3779 4523 4109 4592 corpulentia
4150 4537 4258 4580 sua

943 4609 1196 4664 conditor
1223 4607 1383 4669 Deus,
1414 4605 1508 4676 qui
1553 4601 1812 4675 potentia
1853 4616 1968 4656 suae
1999 4601 2340 4670 eitieacitate,
2369 4602 2539 4658 instar
2573 4683 2582 4684 ί
2643 4605 2878 4674 patietur
2907 4606 3258 4677 incommodi,
3297 4625 3482 4667 verum
3514 4611 3676 4669 etiam
3701 4613 4154 4684 iucundissimam
4188 4632 4262 4673 ac

942 4701 1166 4775 pictoris
1194 4699 1497 4769 cujusdam,
1520 4697 1724 4753 iormas
1751 4697 1804 4752 in
1825 4695 2104 4752 diversum
2134 4696 2346 4751 mutat?
2395 4695 2537 4753 Dens
2564 4683 2618 4745 Ι)
2643 4700 2798 4769 plane
2839 4697 3123 4756 miriﬁcam
3150 4715 3215 4758 ex
3265 4715 3328 4759 ea
3358 4703 3620 4774 percipiet
3645 4683 4091 4762 oblectationem.
4129 4705 4254 4765 [Ioc

941 4793 1362 4852 immortalitatis
1391 4801 1495 4856 est,
1523 4793 1656 4855 vita,
1697 4801 1752 4845 et
1784 4788 2122 4859 iucorruptio
2149 4806 2163 4844 :
2191 4805 2330 4860 opus
2354 4801 2534 4846 autem
2642 4790 2712 4847 de
2738 4801 3057 4862 argumento
3081 4807 3206 4848 cum
3233 4793 3326 4849 alii
3355 4795 3534 4863 multi,
3559 4804 3674 4852 tum
3697 4799 4000 4868 prmsertlm
4021 4798 4259 4856 disserit

944 4891 1064 4953 Dei.
1091 4889 1323 4945 homo...
1354 4889 1422 4942 At
1449 4884 1519 4941 de
1540 4884 1761 4940 homine
1784 4897 1890 4939 non
1915 4885 2040 4940 item
2064 4884 2221 4952 dixit,
2245 4881 2538 4948 Producat;
2643 4888 2892 4957 egregius
2935 4885 3020 4942 vir
3045 4883 3350 4942 Cardinalis
3382 4887 3744 4944 Beliarminus
3799 4890 3851 4946 in
3891 4904 3959 4946 eo
4011 4890 4202 4949 libello
4231 4937 4246 4959 ,

940 4986 1037 5042 sed
1063 5003 1077 5042 :
1103 4981 1381 5038 Faciamus
1408 4981 1660 5036 hominem
1685 4979 1754 5032 ad
1776 4978 2051 5051 imaginem
2072 4987 2371 5045 nostram,ct
2395 4981 2512 5033 simi
2525 5010 2538 5022 -
2641 4996 2802 5051 quem
2823 4981 2887 5034 de
2904 4979 3212 5037 Sanctorum
3239 4981 3487 5053 felicitate
3506 4983 3777 5050 inscribit,
3801 4985 3872 5040 de
3891 5003 4002 5058 quo
4022 4988 4257 5059 quidem

942 5079 1228 5135 iitudinem.
1265 5077 1333 5132 Et
1360 5075 1654 5148 assumpsit
1691 5073 1835 5130 Deus
1886 5073 2167 5146 pulverem
2197 5073 2268 5131 de
2296 5085 2456 5140 terra,
2484 5087 2539 5133 et
2642 5075 2822 5130 libello
2861 5077 3173 5146 pronuntiat
3223 5074 3644 5151 Vindelinus(in
3687 5079 3897 5152 prmrat.
3930 5081 4001 5137 ad
4027 5083 4253 5156 physic.

941 5175 1158 5233 ciiin'sit
1182 5188 1329 5230 eum.
1361 5191 1380 5225 ι
1414 5169 1609 5227 Aﬂinia
1632 5169 1800 5228 tradit
1829 5169 1883 5224 in
1917 5169 2183 5240 paramus
2213 5169 2266 5226 in
2293 5184 2363 5226 eo
2388 5171 2530 5237 loco,
2642 5166 3049 5240 particularem)
3082 5167 3372 5240 (eruditus,
3418 5169 3616 5239 fateor,
3665 5173 4092 5247 lugeniosusque
4123 5177 4249 5247 piti-

941 5283 1102 5341 quem
1133 5269 1188 5325 in
1215 5265 1368 5322 calce
1395 5265 1607 5337 paginae
1634 5262 1810 5335 allego
1835 5257 1934 5336 (tu),
1967 5277 2129 5335 quem
2152 5262 2350 5322 Lector
2401 5277 2531 5320 con-
2641 5258 2924 5332 losopbus,
2971 5260 3070 5317 sed
3098 5259 3435 5325 Bellarmini,
3463 5272 3626 5336 atque
3665 5265 3803 5321 adeo
3832 5265 4251 5326 Catholicorum

941 5363 1083 5417 sulat
1112 5369 1262 5433 opto.
2635 5353 2877 5407 omnium
2905 5352 3205 5410 acerrimus
3221 5352 3418 5429 ltOStis)
3432 5356 3550 5427 plus
3571 5374 3687 5413 eum
3705 5360 3937 5417 ueritatis
3956 5363 4255 5432 continere,

1014 5461 1103 5514 50.
1137 5453 1289 5523 Quod
1326 5452 1372 5509 si
1410 5450 1648 5507 animum
1695 5448 1933 5505 hominis
1957 5448 2216 5516 attendis,
2244 5449 2387 5506 inter
2433 5447 2533 5505 bo-
2633 5462 2784 5514 quam
2809 5445 3028 5520 grandes
3046 5447 3165 5502 ilics
3184 5450 3645 5506 controversiarum
3667 5450 3827 5507 libros
3849 5470 3869 5507 :
3893 5469 4002 5525 quo
4025 5455 4256 5527 quidem

939 5555 1140 5609 minem
1170 5552 1252 5625 (ut
1282 5562 1468 5605 rursus
1495 5542 1974 5602 VerbisCiceronis
2015 5542 2159 5617 utar)
2199 5542 2302 5616 (de
2324 5541 2532 5600 time-iis
2630 5538 2836 5610 judicio
2880 5539 3007 5596 dum
3060 5541 3392 5600 malevolum
3443 5544 3710 5604 adversus
3760 5545 4074 5606 Catholicos
4124 5553 4254 5608 ani-

940 5648 1030 5703 lib.
1050 5662 1122 5706 tv.
1150 5644 1238 5715 ii)
1270 5663 1288 5695 ι
1323 5651 1380 5698 et
1405 5641 1659 5704 belluam,
1692 5638 1796 5696 hoc
1822 5638 2060 5694 maxime
2092 5637 2319 5694 interest
2339 5678 2358 5703 ,
2385 5637 2530 5708 quod
2635 5652 2782 5694 mum
2809 5634 3037 5708 profert,
3070 5651 3193 5693 eum
3231 5648 3436 5709 tamen,
3463 5638 3534 5699 de
3576 5654 3687 5714 quo
3714 5639 3957 5714 agimus,
3996 5641 4254 5703 libellum

943 5741 1059 5797 iure
1086 5750 1313 5803 tantum,
1343 5743 1601 5807 quantum
1646 5746 1809 5790 sensu
1852 5739 2124 5796 movetur,
2163 5730 2231 5785 ad
2261 5729 2314 5787 id
2353 5730 2527 5785 solum
2637 5729 2868 5789 miriﬁce
2908 5730 3273 5788 commendat.

1016 5875 1070 5922 tu
1135 5865 1190 5921 lu
1219 5865 1402 5933 Eclog.
1438 5877 1532 5919 seu
1558 5858 1743 5933 parati.
1776 5856 1879 5914 litt.
1905 5856 1970 5928 Α,
2001 5853 2141 5912 titul.
2173 5869 2284 5920 till,
2311 5854 2442 5911 c-iit.
2484 5854 2524 5906 ἐι·
2636 5925 2667 5933 _
2707 5853 2779 5933 (ty)

2484 5854 2524 5906 ἐι·
2636 5925 2667 5933 __
2707 5853 2786 5933 (ty)
2819 5853 2950 5933 με.
3004 5856 3108 5911 760
3143 5857 3263 5927 (per
3298 5870 3537 5913 errorem
3588 5855 3717 5925 ‘lisi
3749 5856 3878 5912 totni
3913 5871 3947 5911 ιι
3980 5858 4245 5916 εάίιίυιιιδ

953 5941 1135 6008 Quint,
1166 5947 1294 5994 tom.
1327 5925 1383 6004 Ity,
1414 5949 1531 6008 pag.
1559 5925 1692 5989 δια
1955 5925 1962 5928 ⁷
2635 5925 2693 5983 Γ.
2730 5926 2774 5979 Ir.
2808 5926 2992 5993 Quieti.
