  <div class='ocr_page' id='page_1' title='image "/cluster/home/n/w/nwhite01/storage/ocr_20150623/10/umn.319510024773048/442.png"; bbox 0 0 4464 6520; ppageno 0'>
   <div class='ocr_carea' id='block_1_1' title="bbox 536 428 642 487">
    <p class='ocr_par' dir='ltr' id='par_1_1' title="bbox 536 428 642 487">
     <span class='ocr_line' id='line_1_1' title="bbox 536 428 642 487; baseline 0.019 -2"><span class='ocrx_word' id='word_1_1' title='bbox 536 428 642 487; x_wconf 77' lang='lat'><strong>869</strong></span> 
     </span>
    </p>
   </div>
   <div class='ocr_carea' id='block_1_2' title="bbox 1233 429 3158 495">
    <p class='ocr_par' dir='ltr' id='par_1_2' title="bbox 1233 429 3158 495">
     <span class='ocr_line' id='line_1_2' title="bbox 1233 429 3158 495; baseline 0.002 -9"><span class='ocrx_word' id='word_1_2' title='bbox 1233 430 1300 486; x_wconf 67' lang='lat' dir='ltr'><strong>iri</strong></span> <span class='ocrx_word' id='word_1_3' title='bbox 1338 430 1598 490; x_wconf 62' lang='lat' dir='ltr'><strong>lliLAllll</strong></span> <span class='ocrx_word' id='word_1_4' title='bbox 1639 432 1850 493; x_wconf 51' lang='lat' dir='ltr'><strong>ltl’lol.</strong></span> <span class='ocrx_word' id='word_1_5' title='bbox 1892 432 2020 492; x_wconf 73' lang='lat' dir='ltr'><strong>SBU</strong></span> <span class='ocrx_word' id='word_1_6' title='bbox 2063 429 2284 490; x_wconf 70' lang='lat' dir='ltr'><strong>LlBEL.</strong></span> <span class='ocrx_word' id='word_1_7' title='bbox 2332 432 2780 492; x_wconf 67' lang='lat' dir='ltr'><strong>lllbﬁEliTATIO</strong></span> <span class='ocrx_word' id='word_1_8' title='bbox 2816 434 3158 495; x_wconf 69' lang='lat' dir='ltr'><strong>SEtJUNDA.</strong></span> 
     </span>
    </p>
   </div>
   <div class='ocr_carea' id='block_1_3' title="bbox 3726 430 3834 487">
    <p class='ocr_par' dir='ltr' id='par_1_3' title="bbox 3726 430 3834 487">
     <span class='ocr_line' id='line_1_3' title="bbox 3726 430 3834 487; baseline 0 -1"><span class='ocrx_word' id='word_1_9' title='bbox 3726 430 3834 487; x_wconf 75' lang='lat'><strong>870</strong></span> 
     </span>
    </p>
   </div>
   <div class='ocr_carea' id='block_1_4' title="bbox 608 544 3829 626">
    <p class='ocr_par' dir='ltr' id='par_1_4' title="bbox 608 544 3829 626">
     <span class='ocr_line' id='line_1_4' title="bbox 608 544 3829 626; baseline 0.001 -25"><span class='ocrx_word' id='word_1_10' title='bbox 608 546 698 602; x_wconf 78' lang='grc'><strong>55.</strong></span> <span class='ocrx_word' id='word_1_11' title='bbox 735 544 828 603; x_wconf 79' lang='lat' dir='ltr'><strong>llis</strong></span> <span class='ocrx_word' id='word_1_12' title='bbox 860 546 1188 615; x_wconf 66' lang='lat' dir='ltr'><strong>constitutis,</strong></span> <span class='ocrx_word' id='word_1_13' title='bbox 1220 549 1413 606; x_wconf 88' lang='lat' dir='ltr'><strong>mirum</strong></span> <span class='ocrx_word' id='word_1_14' title='bbox 1458 566 1563 606; x_wconf 89' lang='lat' dir='ltr'><strong>non</strong></span> <span class='ocrx_word' id='word_1_15' title='bbox 1609 563 1693 607; x_wconf 84' lang='lat' dir='ltr'><strong>est</strong></span> <span class='ocrx_word' id='word_1_16' title='bbox 1719 553 1912 622; x_wconf 84' lang='lat' dir='ltr'><strong>primo,</strong></span> <span class='ocrx_word' id='word_1_17' title='bbox 1954 552 1996 608; x_wconf 84' lang='lat' dir='ltr'><strong>si</strong></span> <span class='ocrx_word' id='word_1_18' title='bbox 2031 551 2127 606; x_wconf 83' lang='lat' dir='ltr'><strong>lio-</strong></span> <span class='ocrx_word' id='word_1_19' title='bbox 2154 564 2207 626; x_wconf 74' lang='grc' dir='ltr'>Α</span> <span class='ocrx_word' id='word_1_20' title='bbox 2230 549 2336 622; x_wconf 83' lang='lat' dir='ltr'><strong>geli</strong></span> <span class='ocrx_word' id='word_1_21' title='bbox 2364 550 2567 605; x_wconf 81' lang='lat' dir='ltr'><strong>ctenim</strong></span> <span class='ocrx_word' id='word_1_22' title='bbox 2594 552 2770 620; x_wconf 55' lang='lat' dir='ltr'><strong>isunt,</strong></span> <span class='ocrx_word' id='word_1_23' title='bbox 2823 553 3034 619; x_wconf 87' lang='lat' dir='ltr'><strong>vivunt,</strong></span> <span class='ocrx_word' id='word_1_24' title='bbox 3083 550 3347 617; x_wconf 87' lang='lat' dir='ltr'><strong>sentiunt,</strong></span> <span class='ocrx_word' id='word_1_25' title='bbox 3397 555 3454 607; x_wconf 85' lang='lat' dir='ltr'><strong>et</strong></span> <span class='ocrx_word' id='word_1_26' title='bbox 3491 548 3829 608; x_wconf 77' lang='lat' dir='ltr'><strong>discernunt.</strong></span> 
     </span>
    </p>
   </div>
   <div class='ocr_carea' id='block_1_5' title="bbox 540 641 2136 716">
    <p class='ocr_par' dir='ltr' id='par_1_5' title="bbox 540 641 2136 716">
     <span class='ocr_line' id='line_1_5' title="bbox 540 641 2136 716; baseline 0.006 -22"><span class='ocrx_word' id='word_1_27' title='bbox 540 641 675 696; x_wconf 86' lang='lat' dir='ltr'><strong>mini</strong></span> <span class='ocrx_word' id='word_1_28' title='bbox 701 641 895 712; x_wconf 60' lang='lat' dir='ltr'><strong>amplis</strong></span> <span class='ocrx_word' id='word_1_29' title='bbox 921 657 985 697; x_wconf 85' lang='lat' dir='ltr'><strong>ac</strong></span> <span class='ocrx_word' id='word_1_30' title='bbox 1008 642 1305 715; x_wconf 81' lang='lat' dir='ltr'><strong>magnifica:</strong></span> <span class='ocrx_word' id='word_1_31' title='bbox 1336 643 1524 701; x_wconf 81' lang='lat' dir='ltr'><strong>laudes</strong></span> <span class='ocrx_word' id='word_1_32' title='bbox 1555 648 1878 716; x_wconf 89' lang='lat' dir='ltr'><strong>tribuantur,</strong></span> <span class='ocrx_word' id='word_1_33' title='bbox 1900 648 2136 704; x_wconf 83' lang='lat' dir='ltr'><strong>dicatur-</strong></span> 
     </span>
    </p>
   </div>
   <div class='ocr_carea' id='block_1_6' title="bbox 549 734 2133 817">
    <p class='ocr_par' dir='ltr' id='par_1_6' title="bbox 549 734 2133 817">
     <span class='ocr_line' id='line_1_6' title="bbox 549 734 2133 817; baseline 0.006 -28"><span class='ocrx_word' id='word_1_34' title='bbox 549 749 658 805; x_wconf 90' lang='lat' dir='ltr'><strong>que</strong></span> <span class='ocrx_word' id='word_1_35' title='bbox 701 734 993 808; x_wconf 73' lang='lat' dir='ltr'><strong>aliquando</strong></span> <span class='ocrx_word' id='word_1_36' title='bbox 1042 752 1074 793; x_wconf 89' lang='lat' dir='ltr'><strong>a</strong></span> <span class='ocrx_word' id='word_1_37' title='bbox 1122 737 1491 817; x_wconf 78' lang='lat' dir='ltr'><strong>Scriptnrlbua</strong></span> <span class='ocrx_word' id='word_1_38' title='bbox 1514 741 1621 816; x_wconf 86' lang='lat' dir='ltr'><strong>(a),</strong></span> <span class='ocrx_word' id='word_1_39' title='bbox 1644 741 1786 814; x_wconf 89' lang='lat' dir='ltr'><strong>quod</strong></span> <span class='ocrx_word' id='word_1_40' title='bbox 1813 754 1974 800; x_wconf 87' lang='lat' dir='ltr'><strong>antea</strong></span> <span class='ocrx_word' id='word_1_41' title='bbox 1998 743 2133 811; x_wconf 80' lang='lat' dir='ltr'><strong>dixi,</strong></span> 
     </span>
    </p>
   </div>
   <div class='ocr_carea' id='block_1_7' title="bbox 544 830 2135 909">
    <p class='ocr_par' dir='ltr' id='par_1_7' title="bbox 544 830 2135 909">
     <span class='ocr_line' id='line_1_7' title="bbox 544 830 2135 909; baseline 0.008 -29"><span class='ocrx_word' id='word_1_42' title='bbox 544 842 735 896; x_wconf 77' lang='lat' dir='ltr'><strong>parvus</strong></span> <span class='ocrx_word' id='word_1_43' title='bbox 758 830 1000 898; x_wconf 63' lang='lat' dir='ltr'><strong>multa,</strong></span> <span class='ocrx_word' id='word_1_44' title='bbox 1028 830 1321 905; x_wconf 79' lang='lat' dir='ltr'><strong>aliquando</strong></span> <span class='ocrx_word' id='word_1_45' title='bbox 1345 844 1720 893; x_wconf 80' lang='lat' dir='ltr'><strong>erceturarum</strong></span> <span class='ocrx_word' id='word_1_46' title='bbox 1747 836 1986 893; x_wconf 90' lang='lat' dir='ltr'><strong>omnium</strong></span> <span class='ocrx_word' id='word_1_47' title='bbox 2011 852 2135 909; x_wconf 76' lang='lat' dir='ltr'><strong>per-</strong></span> 
     </span>
    </p>
   </div>
   <div class='ocr_carea' id='block_1_8' title="bbox 546 921 2138 1003">
    <p class='ocr_par' dir='ltr' id='par_1_8' title="bbox 546 921 2138 1003">
     <span class='ocr_line' id='line_1_8' title="bbox 546 921 2138 1003; baseline 0.006 -26"><span class='ocrx_word' id='word_1_48' title='bbox 546 921 860 990; x_wconf 72' lang='lat' dir='ltr'><strong>fectissima,</strong></span> <span class='ocrx_word' id='word_1_49' title='bbox 893 924 1189 998; x_wconf 78' lang='lat' dir='ltr'><strong>aliquando</strong></span> <span class='ocrx_word' id='word_1_50' title='bbox 1233 927 1400 986; x_wconf 80' lang='lat' dir='ltr'><strong>totius</strong></span> <span class='ocrx_word' id='word_1_51' title='bbox 1443 939 1707 987; x_wconf 60' lang='lat' dir='ltr'><strong>creaturas</strong></span> <span class='ocrx_word' id='word_1_52' title='bbox 1738 931 2006 1003; x_wconf 78' lang='lat' dir='ltr'><strong>epilogus,</strong></span> <span class='ocrx_word' id='word_1_53' title='bbox 2039 931 2138 987; x_wconf 87' lang='lat' dir='ltr'><strong>ali--</strong></span> 
     </span>
    </p>
   </div>
   <div class='ocr_carea' id='block_1_9' title="bbox 547 1015 2140 1098">
    <p class='ocr_par' dir='ltr' id='par_1_9' title="bbox 547 1015 2140 1098">
     <span class='ocr_line' id='line_1_9' title="bbox 547 1015 2140 1098; baseline 0.006 -27"><span class='ocrx_word' id='word_1_54' title='bbox 547 1015 765 1085; x_wconf 75' lang='lat' dir='ltr'><strong>quando</strong></span> <span class='ocrx_word' id='word_1_55' title='bbox 783 1019 949 1074; x_wconf 87' lang='lat' dir='ltr'><strong>etiam</strong></span> <span class='ocrx_word' id='word_1_56' title='bbox 976 1030 1227 1078; x_wconf 82' lang='lat' dir='ltr'><strong>creatura</strong></span> <span class='ocrx_word' id='word_1_57' title='bbox 1254 1023 1452 1090; x_wconf 84' lang='lat' dir='ltr'><strong>omnia,</strong></span> <span class='ocrx_word' id='word_1_58' title='bbox 1480 1023 1630 1096; x_wconf 86' lang='lat' dir='ltr'><strong>quod</strong></span> <span class='ocrx_word' id='word_1_59' title='bbox 1657 1024 1730 1081; x_wconf 89' lang='lat' dir='ltr'><strong>ita</strong></span> <span class='ocrx_word' id='word_1_60' title='bbox 1756 1035 1941 1097; x_wconf 82' lang='lat' dir='ltr'><strong>postea</strong></span> <span class='ocrx_word' id='word_1_61' title='bbox 1968 1025 2140 1098; x_wconf 85' lang='lat' dir='ltr'><strong>expli-</strong></span> 
     </span>
    </p>
   </div>
   <div class='ocr_carea' id='block_1_10' title="bbox 545 1112 2142 1189">
    <p class='ocr_par' dir='ltr' id='par_1_10' title="bbox 545 1112 2142 1189">
     <span class='ocr_line' id='line_1_10' title="bbox 545 1112 2142 1189; baseline 0.006 -20"><span class='ocrx_word' id='word_1_62' title='bbox 545 1119 670 1170; x_wconf 82' lang='lat' dir='ltr'><strong>eaut</strong></span> <span class='ocrx_word' id='word_1_63' title='bbox 695 1154 712 1181; x_wconf 93' lang='lat'><strong>,</strong></span> <span class='ocrx_word' id='word_1_64' title='bbox 754 1112 902 1185; x_wconf 84' lang='lat' dir='ltr'><strong>quod</strong></span> <span class='ocrx_word' id='word_1_65' title='bbox 947 1114 1030 1171; x_wconf 92' lang='lat' dir='ltr'><strong>vel</strong></span> <span class='ocrx_word' id='word_1_66' title='bbox 1059 1125 1433 1174; x_wconf 86' lang='lat' dir='ltr'><strong>creaturarum</strong></span> <span class='ocrx_word' id='word_1_67' title='bbox 1483 1121 1726 1175; x_wconf 90' lang='lat' dir='ltr'><strong>omnium</strong></span> <span class='ocrx_word' id='word_1_68' title='bbox 1781 1118 2142 1189; x_wconf 88' lang='lat' dir='ltr'><strong>perfectiones</strong></span> 
     </span>
    </p>
   </div>
   <div class='ocr_carea' id='block_1_11' title="bbox 546 1206 2140 1277">
    <p class='ocr_par' dir='ltr' id='par_1_11' title="bbox 546 1206 2140 1277">
     <span class='ocr_line' id='line_1_11' title="bbox 546 1206 2140 1277; baseline 0.005 -15"><span class='ocrx_word' id='word_1_69' title='bbox 546 1206 830 1277; x_wconf 70' lang='lat' dir='ltr'><strong>[molita</strong></span> <span class='ocrx_word' id='word_1_70' title='bbox 869 1208 1104 1277; x_wconf 85' lang='lat' dir='ltr'><strong>habeat,</strong></span> <span class='ocrx_word' id='word_1_71' title='bbox 1150 1208 1235 1267; x_wconf 90' lang='lat' dir='ltr'><strong>vel</strong></span> <span class='ocrx_word' id='word_1_72' title='bbox 1288 1211 1482 1269; x_wconf 88' lang='lat' dir='ltr'><strong>saltem</strong></span> <span class='ocrx_word' id='word_1_73' title='bbox 1529 1214 1824 1270; x_wconf 76' lang='lat' dir='ltr'><strong>eminenter.</strong></span> <span class='ocrx_word' id='word_1_74' title='bbox 1875 1212 2140 1271; x_wconf 78' lang='lat' dir='ltr'><strong>Nimirum</strong></span> 
     </span>
    </p>
   </div>
   <div class='ocr_carea' id='block_1_12' title="bbox 546 1301 2141 1379">
    <p class='ocr_par' dir='ltr' id='par_1_12' title="bbox 546 1301 2141 1379">
     <span class='ocr_line' id='line_1_12' title="bbox 546 1301 2141 1379; baseline 0.004 -23"><span class='ocrx_word' id='word_1_75' title='bbox 546 1316 735 1372; x_wconf 77' lang='lat' dir='ltr'><strong>parvus</strong></span> <span class='ocrx_word' id='word_1_76' title='bbox 762 1301 984 1359; x_wconf 73' lang='lat' dir='ltr'><strong>mundus</strong></span> <span class='ocrx_word' id='word_1_77' title='bbox 1014 1310 1297 1376; x_wconf 83' lang='lat' dir='ltr'><strong>prepterea</strong></span> <span class='ocrx_word' id='word_1_78' title='bbox 1323 1301 1523 1362; x_wconf 88' lang='lat' dir='ltr'><strong>dicitur</strong></span> <span class='ocrx_word' id='word_1_79' title='bbox 1546 1348 1564 1376; x_wconf 93' lang='lat'><strong>,</strong></span> <span class='ocrx_word' id='word_1_80' title='bbox 1594 1305 1737 1378; x_wconf 87' lang='lat' dir='ltr'><strong>quod</strong></span> <span class='ocrx_word' id='word_1_81' title='bbox 1766 1306 1990 1379; x_wconf 82' lang='lat' dir='ltr'><strong>quiquid</strong></span> <span class='ocrx_word' id='word_1_82' title='bbox 2045 1322 2141 1377; x_wconf 88' lang='lat' dir='ltr'><strong>per</strong></span> 
     </span>
    </p>
   </div>
   <div class='ocr_carea' id='block_1_13' title="bbox 545 1393 2141 1471">
    <p class='ocr_par' dir='ltr' id='par_1_13' title="bbox 545 1393 2141 1471">
     <span class='ocr_line' id='line_1_13' title="bbox 545 1393 2141 1471; baseline 0.005 -20"><span class='ocrx_word' id='word_1_83' title='bbox 545 1393 785 1467; x_wconf 84' lang='lat' dir='ltr'><strong>reliquas</strong></span> <span class='ocrx_word' id='word_1_84' title='bbox 812 1404 1091 1455; x_wconf 86' lang='lat' dir='ltr'><strong>creaturas</strong></span> <span class='ocrx_word' id='word_1_85' title='bbox 1111 1396 1366 1456; x_wconf 77' lang='lat' dir='ltr'><strong>diffusum</strong></span> <span class='ocrx_word' id='word_1_86' title='bbox 1394 1406 1502 1463; x_wconf 85' lang='lat' dir='ltr'><strong>est.</strong></span> <span class='ocrx_word' id='word_1_87' title='bbox 1524 1401 1813 1471; x_wconf 89' lang='lat' dir='ltr'><strong>complecti</strong></span> <span class='ocrx_word' id='word_1_88' title='bbox 1838 1403 1891 1459; x_wconf 92' lang='lat' dir='ltr'><strong>iu</strong></span> <span class='ocrx_word' id='word_1_89' title='bbox 1917 1418 1978 1459; x_wconf 89' lang='lat' dir='ltr'><strong>se</strong></span> <span class='ocrx_word' id='word_1_90' title='bbox 2001 1419 2141 1460; x_wconf 85' lang='lat' dir='ltr'><strong>unus</strong></span> 
     </span>
    </p>
   </div>
   <div class='ocr_carea' id='block_1_14' title="bbox 546 1487 2142 1571">
    <p class='ocr_par' dir='ltr' id='par_1_14' title="bbox 546 1487 2142 1571">
     <span class='ocr_line' id='line_1_14' title="bbox 546 1487 2142 1571; baseline 0.007 -29"><span class='ocrx_word' id='word_1_91' title='bbox 546 1487 781 1556; x_wconf 87' lang='lat' dir='ltr'><strong>videtur,</strong></span> <span class='ocrx_word' id='word_1_92' title='bbox 800 1505 1032 1563; x_wconf 89' lang='lat' dir='ltr'><strong>eamque</strong></span> <span class='ocrx_word' id='word_1_93' title='bbox 1053 1490 1127 1548; x_wconf 90' lang='lat' dir='ltr'><strong>ob</strong></span> <span class='ocrx_word' id='word_1_94' title='bbox 1168 1507 1389 1552; x_wconf 77' lang='lat' dir='ltr'><strong>causam</strong></span> <span class='ocrx_word' id='word_1_95' title='bbox 1417 1495 1584 1552; x_wconf 77' lang='lat' dir='ltr'><strong>omnis</strong></span> <span class='ocrx_word' id='word_1_96' title='bbox 1608 1506 1860 1553; x_wconf 70' lang='lat' dir='ltr'><strong>creatura</strong></span> <span class='ocrx_word' id='word_1_97' title='bbox 1904 1498 2142 1571; x_wconf 80' lang='lat' dir='ltr'><strong>epilogus</strong></span> 
     </span>
    </p>
   </div>
   <div class='ocr_carea' id='block_1_15' title="bbox 548 1580 2141 1649">
    <p class='ocr_par' dir='ltr' id='par_1_15' title="bbox 548 1580 2141 1649">
     <span class='ocr_line' id='line_1_15' title="bbox 548 1580 2141 1649; baseline 0.008 -12"><span class='ocrx_word' id='word_1_98' title='bbox 548 1580 713 1641; x_wconf 88' lang='lat' dir='ltr'><strong>etiam</strong></span> <span class='ocrx_word' id='word_1_99' title='bbox 737 1581 957 1645; x_wconf 78' lang='lat' dir='ltr'><strong>dicitur.</strong></span> <span class='ocrx_word' id='word_1_100' title='bbox 988 1583 1441 1644; x_wconf 82' lang='lat' dir='ltr'><strong>Perfectisaimain</strong></span> <span class='ocrx_word' id='word_1_101' title='bbox 1471 1604 1603 1647; x_wconf 83' lang='lat' dir='ltr'><strong>vero</strong></span> <span class='ocrx_word' id='word_1_102' title='bbox 1626 1599 1999 1649; x_wconf 79' lang='lat' dir='ltr'><strong>creaturarum</strong></span> <span class='ocrx_word' id='word_1_103' title='bbox 2021 1607 2141 1649; x_wconf 83' lang='lat' dir='ltr'><strong>om-</strong></span> 
     </span>
    </p>
   </div>
   <div class='ocr_carea' id='block_1_16' title="bbox 550 1676 2145 1758">
    <p class='ocr_par' dir='ltr' id='par_1_16' title="bbox 550 1676 2145 1758">
     <span class='ocr_line' id='line_1_16' title="bbox 550 1676 2145 1758; baseline 0.009 -27"><span class='ocrx_word' id='word_1_104' title='bbox 550 1676 702 1731; x_wconf 86' lang='lat' dir='ltr'><strong>nium</strong></span> <span class='ocrx_word' id='word_1_105' title='bbox 759 1684 1044 1748; x_wconf 71' lang='lat' dir='ltr'><strong>propterea</strong></span> <span class='ocrx_word' id='word_1_106' title='bbox 1085 1679 1345 1751; x_wconf 84' lang='lat' dir='ltr'><strong>appellari</strong></span> <span class='ocrx_word' id='word_1_107' title='bbox 1403 1681 1595 1740; x_wconf 84' lang='lat' dir='ltr'><strong>volunt</strong></span> <span class='ocrx_word' id='word_1_108' title='bbox 1618 1725 1635 1753; x_wconf 93' lang='lat'><strong>,</strong></span> <span class='ocrx_word' id='word_1_109' title='bbox 1704 1686 1831 1758; x_wconf 83' lang='lat' dir='ltr'><strong>quia</strong></span> <span class='ocrx_word' id='word_1_110' title='bbox 1871 1686 2145 1745; x_wconf 84' lang='lat' dir='ltr'><strong>inanimas</strong></span> 
     </span>
    </p>
   </div>
   <div class='ocr_carea' id='block_1_17' title="bbox 550 1772 2147 1849">
    <p class='ocr_par' dir='ltr' id='par_1_17' title="bbox 550 1772 2147 1849">
     <span class='ocr_line' id='line_1_17' title="bbox 550 1772 2147 1849; baseline 0.009 -25"><span class='ocrx_word' id='word_1_111' title='bbox 550 1781 685 1829; x_wconf 82' lang='lat' dir='ltr'><strong>sane</strong></span> <span class='ocrx_word' id='word_1_112' title='bbox 725 1783 823 1827; x_wconf 82' lang='lat' dir='ltr'><strong>sua</strong></span> <span class='ocrx_word' id='word_1_113' title='bbox 869 1772 1205 1841; x_wconf 65' lang='lat' dir='ltr'><strong>praestantia,</strong></span> <span class='ocrx_word' id='word_1_114' title='bbox 1232 1787 1297 1829; x_wconf 90' lang='lat' dir='ltr'><strong>ac</strong></span> <span class='ocrx_word' id='word_1_115' title='bbox 1321 1773 1538 1845; x_wconf 89' lang='lat' dir='ltr'><strong>spiritu,</strong></span> <span class='ocrx_word' id='word_1_116' title='bbox 1559 1790 1669 1849; x_wconf 89' lang='lat' dir='ltr'><strong>quo</strong></span> <span class='ocrx_word' id='word_1_117' title='bbox 1692 1776 2024 1848; x_wconf 81' lang='lat' dir='ltr'><strong>viviﬂcatur,</strong></span> <span class='ocrx_word' id='word_1_118' title='bbox 2051 1794 2147 1838; x_wconf 85' lang='lat' dir='ltr'><strong>stt-</strong></span> 
     </span>
    </p>
   </div>
   <div class='ocr_carea' id='block_1_18' title="bbox 553 1860 2145 1945">
    <p class='ocr_par' dir='ltr' id='par_1_18' title="bbox 553 1860 2145 1945">
     <span class='ocr_line' id='line_1_18' title="bbox 553 1860 2145 1945; baseline 0.008 -28"><span class='ocrx_word' id='word_1_119' title='bbox 553 1871 739 1931; x_wconf 87' lang='lat' dir='ltr'><strong>perat;</strong></span> <span class='ocrx_word' id='word_1_120' title='bbox 772 1860 980 1935; x_wconf 73' lang='lat' dir='ltr'><strong>Angela</strong></span> <span class='ocrx_word' id='word_1_121' title='bbox 1025 1879 1157 1923; x_wconf 83' lang='lat' dir='ltr'><strong>vero</strong></span> <span class='ocrx_word' id='word_1_122' title='bbox 1209 1876 1434 1938; x_wconf 61' lang='lat' dir='ltr'><strong>prastat</strong></span> <span class='ocrx_word' id='word_1_123' title='bbox 1483 1881 1549 1924; x_wconf 86' lang='lat' dir='ltr'><strong>ea</strong></span> <span class='ocrx_word' id='word_1_124' title='bbox 1606 1869 1721 1940; x_wconf 88' lang='lat' dir='ltr'><strong>ipsa</strong></span> <span class='ocrx_word' id='word_1_125' title='bbox 1762 1869 1833 1928; x_wconf 91' lang='lat' dir='ltr'><strong>de</strong></span> <span class='ocrx_word' id='word_1_126' title='bbox 1873 1887 1958 1941; x_wconf 87' lang='lat' dir='ltr'><strong>re,</strong></span> <span class='ocrx_word' id='word_1_127' title='bbox 1982 1888 2145 1945; x_wconf 86' lang='lat' dir='ltr'><strong>quam</strong></span> 
     </span>
    </p>
   </div>
   <div class='ocr_carea' id='block_1_19' title="bbox 2238 640 3835 718">
    <p class='ocr_par' dir='ltr' id='par_1_19' title="bbox 2238 640 3835 718">
     <span class='ocr_line' id='line_1_19' title="bbox 2238 640 3835 718; baseline 0 -19"><span class='ocrx_word' id='word_1_128' title='bbox 2238 644 2428 699; x_wconf 81' lang='lat' dir='ltr'><strong>Omnis</strong></span> <span class='ocrx_word' id='word_1_129' title='bbox 2474 655 2654 701; x_wconf 83' lang='lat' dir='ltr'><strong>autem</strong></span> <span class='ocrx_word' id='word_1_130' title='bbox 2681 659 2949 701; x_wconf 72' lang='lat' dir='ltr'><strong>creatura!</strong></span> <span class='ocrx_word' id='word_1_131' title='bbox 2989 646 3188 718; x_wconf 85' lang='lat' dir='ltr'><strong>aliquid</strong></span> <span class='ocrx_word' id='word_1_132' title='bbox 3235 643 3399 701; x_wconf 86' lang='lat' dir='ltr'><strong>habet</strong></span> <span class='ocrx_word' id='word_1_133' title='bbox 3442 642 3625 702; x_wconf 81' lang='lat' dir='ltr'><strong>homo.</strong></span> <span class='ocrx_word' id='word_1_134' title='bbox 3658 640 3835 701; x_wconf 82' lang='lat' dir='ltr'><strong>liabet</strong></span> 
     </span>
    </p>
   </div>
   <div class='ocr_carea' id='block_1_20' title="bbox 2240 735 3833 807">
    <p class='ocr_par' dir='ltr' id='par_1_20' title="bbox 2240 735 3833 807">
     <span class='ocr_line' id='line_1_20' title="bbox 2240 735 3833 807; baseline 0.002 -16"><span class='ocrx_word' id='word_1_135' title='bbox 2240 750 2473 807; x_wconf 90' lang='lat' dir='ltr'><strong>namque</strong></span> <span class='ocrx_word' id='word_1_136' title='bbox 2500 749 2791 792; x_wconf 88' lang='lat' dir='ltr'><strong>commune</strong></span> <span class='ocrx_word' id='word_1_137' title='bbox 2817 751 2941 793; x_wconf 72' lang='lat' dir='ltr'><strong>esse</strong></span> <span class='ocrx_word' id='word_1_138' title='bbox 2983 752 3107 794; x_wconf 88' lang='lat' dir='ltr'><strong>eum</strong></span> <span class='ocrx_word' id='word_1_139' title='bbox 3157 735 3450 807; x_wconf 74' lang='lat' dir='ltr'><strong>lapidibus,</strong></span> <span class='ocrx_word' id='word_1_140' title='bbox 3479 736 3662 794; x_wconf 89' lang='lat' dir='ltr'><strong>vivere</strong></span> <span class='ocrx_word' id='word_1_141' title='bbox 3704 748 3833 794; x_wconf 86' lang='lat' dir='ltr'><strong>cum</strong></span> 
     </span>
    </p>
   </div>
   <div class='ocr_carea' id='block_1_21' title="bbox 2240 827 3831 901">
    <p class='ocr_par' dir='ltr' id='par_1_21' title="bbox 2240 827 3831 901">
     <span class='ocr_line' id='line_1_21' title="bbox 2240 827 3831 901; baseline 0.003 -19"><span class='ocrx_word' id='word_1_142' title='bbox 2240 828 2553 901; x_wconf 86' lang='lat' dir='ltr'><strong>arboribus,</strong></span> <span class='ocrx_word' id='word_1_143' title='bbox 2583 829 2788 886; x_wconf 76' lang='lat' dir='ltr'><strong>seruire</strong></span> <span class='ocrx_word' id='word_1_144' title='bbox 2829 844 2950 886; x_wconf 89' lang='lat' dir='ltr'><strong>cum</strong></span> <span class='ocrx_word' id='word_1_145' title='bbox 2978 827 3326 898; x_wconf 80' lang='lat' dir='ltr'><strong>animalibus,</strong></span> <span class='ocrx_word' id='word_1_146' title='bbox 3359 827 3663 901; x_wconf 87' lang='lat' dir='ltr'><strong>intelligere</strong></span> <span class='ocrx_word' id='word_1_147' title='bbox 3701 842 3831 886; x_wconf 84' lang='lat' dir='ltr'><strong>cum</strong></span> 
     </span>
    </p>
   </div>
   <div class='ocr_carea' id='block_1_22' title="bbox 2241 920 3834 997">
    <p class='ocr_par' dir='ltr' id='par_1_22' title="bbox 2241 920 3834 997">
     <span class='ocr_line' id='line_1_22' title="bbox 2241 920 3834 997; baseline 0 -20"><span class='ocrx_word' id='word_1_148' title='bbox 2241 920 2484 997; x_wconf 76' lang='lat' dir='ltr'><strong>Angelis.</strong></span> <span class='ocrx_word' id='word_1_149' title='bbox 2518 922 2576 981; x_wconf 86' lang='lat' dir='ltr'><strong>Si</strong></span> <span class='ocrx_word' id='word_1_150' title='bbox 2615 936 2747 995; x_wconf 81' lang='lat' dir='ltr'><strong>ergo</strong></span> <span class='ocrx_word' id='word_1_151' title='bbox 2773 938 3067 979; x_wconf 86' lang='lat' dir='ltr'><strong>commune</strong></span> <span class='ocrx_word' id='word_1_152' title='bbox 3114 923 3274 980; x_wconf 86' lang='lat' dir='ltr'><strong>habet</strong></span> <span class='ocrx_word' id='word_1_153' title='bbox 3310 921 3512 994; x_wconf 84' lang='lat' dir='ltr'><strong>aliquid</strong></span> <span class='ocrx_word' id='word_1_154' title='bbox 3537 937 3659 979; x_wconf 88' lang='lat' dir='ltr'><strong>cum</strong></span> <span class='ocrx_word' id='word_1_155' title='bbox 3686 920 3834 979; x_wconf 86' lang='lat' dir='ltr'><strong>omni</strong></span> 
     </span>
    </p>
   </div>
   <div class='ocr_carea' id='block_1_23' title="bbox 2243 1015 3837 1089">
    <p class='ocr_par' dir='ltr' id='par_1_23' title="bbox 2243 1015 3837 1089">
     <span class='ocr_line' id='line_1_23' title="bbox 2243 1015 3837 1089; baseline 0.001 -18"><span class='ocrx_word' id='word_1_156' title='bbox 2243 1024 2493 1072; x_wconf 83' lang='lat' dir='ltr'><strong>creatura</strong></span> <span class='ocrx_word' id='word_1_157' title='bbox 2544 1015 2732 1081; x_wconf 88' lang='lat' dir='ltr'><strong>homo,</strong></span> <span class='ocrx_word' id='word_1_158' title='bbox 2768 1015 2919 1089; x_wconf 80' lang='lat' dir='ltr'><strong>juxta</strong></span> <span class='ocrx_word' id='word_1_159' title='bbox 2967 1016 3170 1089; x_wconf 87' lang='lat' dir='ltr'><strong>aliquid</strong></span> <span class='ocrx_word' id='word_1_160' title='bbox 3214 1018 3394 1073; x_wconf 86' lang='lat' dir='ltr'><strong>omnis</strong></span> <span class='ocrx_word' id='word_1_161' title='bbox 3445 1026 3697 1074; x_wconf 82' lang='lat' dir='ltr'><strong>creatura</strong></span> <span class='ocrx_word' id='word_1_162' title='bbox 3750 1025 3837 1073; x_wconf 84' lang='lat' dir='ltr'><strong>est</strong></span> 
     </span>
    </p>
   </div>
   <div class='ocr_carea' id='block_1_24' title="bbox 2242 1110 3838 1187">
    <p class='ocr_par' dir='ltr' id='par_1_24' title="bbox 2242 1110 3838 1187">
     <span class='ocr_line' id='line_1_24' title="bbox 2242 1110 3838 1187; baseline -0.003 -18"><span class='ocrx_word' id='word_1_163' title='bbox 2242 1110 2427 1169; x_wconf 86' lang='lat' dir='ltr'><strong>homo.</strong></span> <span class='ocrx_word' id='word_1_164' title='bbox 2456 1113 2612 1170; x_wconf 87' lang='lat' dir='ltr'><strong>Omni</strong></span> <span class='ocrx_word' id='word_1_165' title='bbox 2640 1128 2772 1187; x_wconf 82' lang='lat' dir='ltr'><strong>ergo</strong></span> <span class='ocrx_word' id='word_1_166' title='bbox 2813 1123 3078 1180; x_wconf 73' lang='lat' dir='ltr'><strong>creaturae</strong></span> <span class='ocrx_word' id='word_1_167' title='bbox 3115 1114 3441 1185; x_wconf 59' lang='lat' dir='ltr'><strong>praedicatur</strong></span> <span class='ocrx_word' id='word_1_168' title='bbox 3464 1112 3838 1185; x_wconf 82' lang='lat' dir='ltr'><strong>Evangelium,</strong></span> 
     </span>
    </p>
   </div>
   <div class='ocr_carea' id='block_1_25' title="bbox 2242 1205 3839 1280">
    <p class='ocr_par' dir='ltr' id='par_1_25' title="bbox 2242 1205 3839 1280">
     <span class='ocr_line' id='line_1_25' title="bbox 2242 1205 3839 1280; baseline 0.001 -19"><span class='ocrx_word' id='word_1_169' title='bbox 2242 1223 2410 1279; x_wconf 84' lang='lat' dir='ltr'><strong>quum</strong></span> <span class='ocrx_word' id='word_1_170' title='bbox 2433 1208 2535 1263; x_wconf 82' lang='lat' dir='ltr'><strong>soli</strong></span> <span class='ocrx_word' id='word_1_171' title='bbox 2567 1206 2776 1264; x_wconf 84' lang='lat' dir='ltr'><strong>homini</strong></span> <span class='ocrx_word' id='word_1_172' title='bbox 2808 1206 3156 1280; x_wconf 53' lang='lat' dir='ltr'><strong>pra‘dicatitr,</strong></span> <span class='ocrx_word' id='word_1_173' title='bbox 3188 1209 3312 1280; x_wconf 83' lang='lat' dir='ltr'><strong>quia</strong></span> <span class='ocrx_word' id='word_1_174' title='bbox 3357 1207 3447 1262; x_wconf 83' lang='lat' dir='ltr'><strong>ille</strong></span> <span class='ocrx_word' id='word_1_175' title='bbox 3467 1205 3719 1264; x_wconf 76' lang='lat' dir='ltr'><strong>videlicet</strong></span> <span class='ocrx_word' id='word_1_176' title='bbox 3743 1205 3839 1262; x_wconf 84' lang='lat' dir='ltr'><strong>do-</strong></span> 
     </span>
    </p>
   </div>
   <div class='ocr_carea' id='block_1_26' title="bbox 2242 1300 3841 1375">
    <p class='ocr_par' dir='ltr' id='par_1_26' title="bbox 2242 1300 3841 1375">
     <span class='ocr_line' id='line_1_26' title="bbox 2242 1300 3841 1375; baseline -0.001 -18"><span class='ocrx_word' id='word_1_177' title='bbox 2242 1310 2418 1370; x_wconf 88' lang='lat' dir='ltr'><strong>cetur,</strong></span> <span class='ocrx_word' id='word_1_178' title='bbox 2445 1312 2668 1375; x_wconf 84' lang='lat' dir='ltr'><strong>propter</strong></span> <span class='ocrx_word' id='word_1_179' title='bbox 2687 1315 2850 1374; x_wconf 85' lang='lat' dir='ltr'><strong>quem</strong></span> <span class='ocrx_word' id='word_1_180' title='bbox 2877 1300 2936 1357; x_wconf 88' lang='lat' dir='ltr'><strong>in</strong></span> <span class='ocrx_word' id='word_1_181' title='bbox 2969 1311 3111 1359; x_wconf 84' lang='lat' dir='ltr'><strong>terra</strong></span> <span class='ocrx_word' id='word_1_182' title='bbox 3135 1312 3329 1357; x_wconf 87' lang='lat' dir='ltr'><strong>cuncta</strong></span> <span class='ocrx_word' id='word_1_183' title='bbox 3351 1307 3533 1357; x_wconf 80' lang='lat' dir='ltr'><strong>creata</strong></span> <span class='ocrx_word' id='word_1_184' title='bbox 3555 1308 3701 1363; x_wconf 86' lang='lat' dir='ltr'><strong>sunt.</strong></span> <span class='ocrx_word' id='word_1_185' title='bbox 3732 1308 3787 1357; x_wconf 89' lang='lat' dir='ltr'><strong>et</strong></span> <span class='ocrx_word' id='word_1_186' title='bbox 3810 1316 3841 1356; x_wconf 87' lang='lat' dir='ltr'><strong>a</strong></span> 
     </span>
    </p>
   </div>
   <div class='ocr_carea' id='block_1_27' title="bbox 2242 1392 3841 1469">
    <p class='ocr_par' dir='ltr' id='par_1_27' title="bbox 2242 1392 3841 1469">
     <span class='ocr_line' id='line_1_27' title="bbox 2242 1392 3841 1469; baseline 0.001 -18"><span class='ocrx_word' id='word_1_187' title='bbox 2242 1410 2353 1468; x_wconf 87' lang='lat' dir='ltr'><strong>quo</strong></span> <span class='ocrx_word' id='word_1_188' title='bbox 2399 1394 2581 1453; x_wconf 87' lang='lat' dir='ltr'><strong>omnia</strong></span> <span class='ocrx_word' id='word_1_189' title='bbox 2630 1410 2725 1469; x_wconf 88' lang='lat' dir='ltr'><strong>per</strong></span> <span class='ocrx_word' id='word_1_190' title='bbox 2750 1395 3038 1468; x_wconf 83' lang='lat' dir='ltr'><strong>quamdam</strong></span> <span class='ocrx_word' id='word_1_191' title='bbox 3080 1392 3498 1453; x_wconf 78' lang='lat' dir='ltr'><strong>similitudinem</strong></span> <span class='ocrx_word' id='word_1_192' title='bbox 3525 1393 3701 1453; x_wconf 85' lang='lat' dir='ltr'><strong>aliena</strong></span> <span class='ocrx_word' id='word_1_193' title='bbox 3733 1408 3841 1452; x_wconf 87' lang='lat' dir='ltr'><strong>non</strong></span> 
     </span>
    </p>
   </div>
   <div class='ocr_carea' id='block_1_28' title="bbox 2243 1497 2442 1546">
    <p class='ocr_par' dir='ltr' id='par_1_28' title="bbox 2243 1497 2442 1546">
     <span class='ocr_line' id='line_1_28' title="bbox 2243 1497 2442 1546; baseline -0.005 -1"><span class='ocrx_word' id='word_1_194' title='bbox 2243 1497 2395 1546; x_wconf 89' lang='lat' dir='ltr'><strong>sunt.</strong></span> <span class='ocrx_word' id='word_1_195' title='bbox 2420 1507 2442 1544; x_wconf 84' lang='lat' dir='ltr'><strong>a</strong></span> 
     </span>
    </p>
   </div>
   <div class='ocr_carea' id='block_1_29' title="bbox 2317 1577 3848 1653">
    <p class='ocr_par' dir='ltr' id='par_1_29' title="bbox 2317 1577 3848 1653">
     <span class='ocr_line' id='line_1_29' title="bbox 2317 1577 3848 1653; baseline -0.003 -14"><span class='ocrx_word' id='word_1_196' title='bbox 2317 1581 2408 1639; x_wconf 80' lang='lat'><strong>55.</strong></span> <span class='ocrx_word' id='word_1_197' title='bbox 2437 1580 2497 1639; x_wconf 92' lang='lat' dir='ltr'><strong>id</strong></span> <span class='ocrx_word' id='word_1_198' title='bbox 2542 1581 2717 1653; x_wconf 82' lang='lat' dir='ltr'><strong>ipsum</strong></span> <span class='ocrx_word' id='word_1_199' title='bbox 2756 1595 2921 1653; x_wconf 88' lang='lat' dir='ltr'><strong>porro</strong></span> <span class='ocrx_word' id='word_1_200' title='bbox 2948 1591 3074 1639; x_wconf 86' lang='lat' dir='ltr'><strong>ante</strong></span> <span class='ocrx_word' id='word_1_201' title='bbox 3111 1580 3366 1638; x_wconf 86' lang='lat' dir='ltr'><strong>doctores</strong></span> <span class='ocrx_word' id='word_1_202' title='bbox 3406 1591 3622 1637; x_wconf 83' lang='lat' dir='ltr'><strong>nostros</strong></span> <span class='ocrx_word' id='word_1_203' title='bbox 3659 1577 3848 1636; x_wconf 75' lang='lat' dir='ltr'><strong>Chris-</strong></span> 
     </span>
    </p>
   </div>
   <div class='ocr_carea' id='block_1_30' title="bbox 2246 1671 3845 1734">
    <p class='ocr_par' dir='ltr' id='par_1_30' title="bbox 2246 1671 3845 1734">
     <span class='ocr_line' id='line_1_30' title="bbox 2246 1671 3845 1734; baseline -0.004 0"><span class='ocrx_word' id='word_1_204' title='bbox 2246 1676 2390 1734; x_wconf 85' lang='lat' dir='ltr'><strong>tiana</strong></span> <span class='ocrx_word' id='word_1_205' title='bbox 2432 1674 2540 1732; x_wconf 78' lang='lat' dir='ltr'><strong>title</strong></span> <span class='ocrx_word' id='word_1_206' title='bbox 2590 1674 2884 1732; x_wconf 81' lang='lat' dir='ltr'><strong>instructos</strong></span> <span class='ocrx_word' id='word_1_207' title='bbox 2912 1673 3223 1732; x_wconf 85' lang='lat' dir='ltr'><strong>subodorati</strong></span> <span class='ocrx_word' id='word_1_208' title='bbox 3254 1682 3383 1732; x_wconf 84' lang='lat' dir='ltr'><strong>sunt</strong></span> <span class='ocrx_word' id='word_1_209' title='bbox 3421 1685 3632 1731; x_wconf 86' lang='lat' dir='ltr'><strong>veterea</strong></span> <span class='ocrx_word' id='word_1_210' title='bbox 3659 1671 3845 1732; x_wconf 78' lang='lat' dir='ltr'><strong>Philo-</strong></span> 
     </span>
    </p>
   </div>
   <div class='ocr_carea' id='block_1_31' title="bbox 2245 1764 3847 1843">
    <p class='ocr_par' dir='ltr' id='par_1_31' title="bbox 2245 1764 3847 1843">
     <span class='ocr_line' id='line_1_31' title="bbox 2245 1764 3847 1843; baseline -0.005 -16"><span class='ocrx_word' id='word_1_211' title='bbox 2245 1766 2440 1843; x_wconf 81' lang='lat' dir='ltr'><strong>sopiti.</strong></span> <span class='ocrx_word' id='word_1_212' title='bbox 2492 1781 2558 1824; x_wconf 92' lang='lat' dir='ltr'><strong>ac</strong></span> <span class='ocrx_word' id='word_1_213' title='bbox 2606 1775 2801 1838; x_wconf 67' lang='lat' dir='ltr'><strong>poetzc.</strong></span> <span class='ocrx_word' id='word_1_214' title='bbox 2832 1765 3083 1824; x_wconf 79' lang='lat' dir='ltr'><strong>Ovidium</strong></span> <span class='ocrx_word' id='word_1_215' title='bbox 3126 1767 3349 1836; x_wconf 85' lang='lat' dir='ltr'><strong>omitto,</strong></span> <span class='ocrx_word' id='word_1_216' title='bbox 3380 1769 3536 1840; x_wconf 76' lang='lat' dir='ltr'><strong>cuius</strong></span> <span class='ocrx_word' id='word_1_217' title='bbox 3582 1764 3847 1824; x_wconf 76' lang='lat' dir='ltr'><strong>netissimi</strong></span> 
     </span>
    </p>
   </div>
   <div class='ocr_carea' id='block_1_32' title="bbox 2249 1861 3165 1937">
    <p class='ocr_par' dir='ltr' id='par_1_32' title="bbox 2249 1861 3165 1937">
     <span class='ocr_line' id='line_1_32' title="bbox 2249 1861 3165 1937; baseline -0.003 -18"><span class='ocrx_word' id='word_1_218' title='bbox 2249 1861 2505 1923; x_wconf 84' lang='lat' dir='ltr'><strong>versiculi</strong></span> <span class='ocrx_word' id='word_1_219' title='bbox 2544 1861 2660 1933; x_wconf 75' lang='lat' dir='ltr'><strong>(lib.</strong></span> <span class='ocrx_word' id='word_1_220' title='bbox 2688 1877 2755 1920; x_wconf 83' lang='lat' dir='ltr'><strong>xv</strong></span> <span class='ocrx_word' id='word_1_221' title='bbox 2772 1861 3165 1937; x_wconf 67' lang='lat' dir='ltr'><strong>melamorph.),</strong></span> 
     </span>
    </p>
   </div>
   <div class='ocr_carea' id='block_1_33' title="bbox 552 1955 3819 2039">
    <p class='ocr_par' dir='ltr' id='par_1_33' title="bbox 552 1955 3819 2039">
     <span class='ocr_line' id='line_1_33' title="bbox 552 1955 3819 2039; baseline 0.003 -27"><span class='ocrx_word' id='word_1_222' title='bbox 552 1955 717 2013; x_wconf 86' lang='lat' dir='ltr'><strong>modo</strong></span> <span class='ocrx_word' id='word_1_223' title='bbox 742 1958 1091 2029; x_wconf 65' lang='lat' dir='ltr'><strong>expositum:</strong></span> <span class='ocrx_word' id='word_1_224' title='bbox 1115 2001 1131 2029; x_wconf 84' lang='lat'><strong>,</strong></span> <span class='ocrx_word' id='word_1_225' title='bbox 1173 1958 1559 2034; x_wconf 79' lang='lat' dir='ltr'><strong>conjunctione</strong></span> <span class='ocrx_word' id='word_1_226' title='bbox 1585 1963 1796 2022; x_wconf 90' lang='lat' dir='ltr'><strong>scilicet</strong></span> <span class='ocrx_word' id='word_1_227' title='bbox 1840 1968 2059 2035; x_wconf 65' lang='lat' dir='ltr'><strong>anime,</strong></span> <span class='ocrx_word' id='word_1_228' title='bbox 2085 1978 2143 2025; x_wconf 90' lang='lat' dir='ltr'><strong>et</strong></span> <span class='ocrx_word' id='word_1_229' title='bbox 2174 1975 2223 2039; x_wconf 72' lang='grc' dir='ltr'><strong>Β</strong></span> <span class='ocrx_word' id='word_1_230' title='bbox 2340 1962 2443 2039; x_wconf 60' lang='grc' dir='ltr'><strong>ἔξω</strong></span> <span class='ocrx_word' id='word_1_231' title='bbox 2462 1977 2662 2039; x_wconf 56' lang='lat' dir='ltr'><strong>quoque</strong></span> <span class='ocrx_word' id='word_1_232' title='bbox 2686 1976 2802 2039; x_wconf 57' lang='grc' dir='ltr'><strong>μη</strong></span> <span class='ocrx_word' id='word_1_233' title='bbox 2825 1961 2989 2015; x_wconf 56' lang='lat' dir='ltr'><strong>“nudi</strong></span> <span class='ocrx_word' id='word_1_234' title='bbox 3010 1965 3277 2039; x_wconf 43' lang='lat' dir='ltr'><strong>aquom!&quot;</strong></span> <span class='ocrx_word' id='word_1_235' title='bbox 3303 1976 3399 2014; x_wconf 66' lang='grc' dir='ltr'><strong>που</strong></span> <span class='ocrx_word' id='word_1_236' title='bbox 3416 1974 3624 2029; x_wconf 68' lang='grc' dir='ltr'><strong>ωφοη</strong></span> <span class='ocrx_word' id='word_1_237' title='bbox 3641 1960 3819 2023; x_wconf 52' lang='lat' dir='ltr'><strong>“nm.</strong></span> 
     </span>
    </p>
   </div>
   <div class='ocr_carea' id='block_1_34' title="bbox 550 2050 2146 2129">
    <p class='ocr_par' dir='ltr' id='par_1_34' title="bbox 550 2050 2146 2129">
     <span class='ocr_line' id='line_1_34' title="bbox 550 2050 2146 2129; baseline 0.011 -24"><span class='ocrx_word' id='word_1_238' title='bbox 550 2050 826 2124; x_wconf 86' lang='lat' dir='ltr'><strong>corporis;</strong></span> <span class='ocrx_word' id='word_1_239' title='bbox 855 2066 963 2126; x_wconf 87' lang='lat' dir='ltr'><strong>qua</strong></span> <span class='ocrx_word' id='word_1_240' title='bbox 998 2052 1216 2126; x_wconf 89' lang='lat' dir='ltr'><strong>quidem</strong></span> <span class='ocrx_word' id='word_1_241' title='bbox 1240 2054 1311 2113; x_wconf 91' lang='lat' dir='ltr'><strong>de</strong></span> <span class='ocrx_word' id='word_1_242' title='bbox 1361 2069 1525 2114; x_wconf 84' lang='lat' dir='ltr'><strong>causa</strong></span> <span class='ocrx_word' id='word_1_243' title='bbox 1550 2057 1871 2129; x_wconf 84' lang='lat' dir='ltr'><strong>ampliorem</strong></span> <span class='ocrx_word' id='word_1_244' title='bbox 1903 2059 1961 2118; x_wconf 89' lang='lat' dir='ltr'><strong>in</strong></span> <span class='ocrx_word' id='word_1_245' title='bbox 1986 2059 2146 2122; x_wconf 70' lang='lat' dir='ltr'><strong>cretis</strong></span> 
     </span>
    </p>
   </div>
   <div class='ocr_carea' id='block_1_35' title="bbox 554 2142 1305 2220">
    <p class='ocr_par' dir='ltr' id='par_1_35' title="bbox 554 2142 1305 2220">
     <span class='ocr_line' id='line_1_35' title="bbox 554 2142 1305 2220; baseline 0.005 -21"><span class='ocrx_word' id='word_1_246' title='bbox 554 2142 940 2212; x_wconf 85' lang='lat' dir='ltr'><strong>beatitudinem</strong></span> <span class='ocrx_word' id='word_1_247' title='bbox 963 2156 1305 2220; x_wconf 78' lang='lat' dir='ltr'><strong>assequctur.</strong></span> 
     </span>
    </p>
   </div>
   <div class='ocr_carea' id='block_1_36' title="bbox 627 2245 2143 2329">
    <p class='ocr_par' dir='ltr' id='par_1_36' title="bbox 627 2245 2143 2329">
     <span class='ocr_line' id='line_1_36' title="bbox 627 2245 2143 2329; baseline 0.008 -26"><span class='ocrx_word' id='word_1_248' title='bbox 627 2245 718 2303; x_wconf 72' lang='grc'><strong>54.</strong></span> <span class='ocrx_word' id='word_1_249' title='bbox 757 2246 913 2317; x_wconf 84' lang='lat' dir='ltr'><strong>Quod</strong></span> <span class='ocrx_word' id='word_1_250' title='bbox 942 2262 1074 2306; x_wconf 88' lang='lat' dir='ltr'><strong>vero</strong></span> <span class='ocrx_word' id='word_1_251' title='bbox 1125 2248 1197 2307; x_wconf 89' lang='lat' dir='ltr'><strong>de</strong></span> <span class='ocrx_word' id='word_1_252' title='bbox 1224 2250 1647 2322; x_wconf 87' lang='lat' dir='ltr'><strong>perfectionibus</strong></span> <span class='ocrx_word' id='word_1_253' title='bbox 1691 2255 1775 2312; x_wconf 91' lang='lat' dir='ltr'><strong>vel</strong></span> <span class='ocrx_word' id='word_1_254' title='bbox 1831 2257 2143 2329; x_wconf 74' lang='lat' dir='ltr'><strong>fornicum,</strong></span> 
     </span>
    </p>
   </div>
   <div class='ocr_carea' id='block_1_37' title="bbox 555 2339 2147 2420">
    <p class='ocr_par' dir='ltr' id='par_1_37' title="bbox 555 2339 2147 2420">
     <span class='ocr_line' id='line_1_37' title="bbox 555 2339 2147 2420; baseline 0.007 -25"><span class='ocrx_word' id='word_1_255' title='bbox 555 2339 640 2396; x_wconf 88' lang='lat' dir='ltr'><strong>vel</strong></span> <span class='ocrx_word' id='word_1_256' title='bbox 670 2340 947 2398; x_wconf 61' lang='lat' dir='ltr'><strong>cunmm</strong></span> <span class='ocrx_word' id='word_1_257' title='bbox 972 2341 1044 2399; x_wconf 87' lang='lat' dir='ltr'><strong>ab</strong></span> <span class='ocrx_word' id='word_1_258' title='bbox 1068 2356 1139 2400; x_wconf 88' lang='lat' dir='ltr'><strong>eo</strong></span> <span class='ocrx_word' id='word_1_259' title='bbox 1168 2343 1433 2414; x_wconf 88' lang='lat' dir='ltr'><strong>possessis</strong></span> <span class='ocrx_word' id='word_1_260' title='bbox 1461 2344 1594 2415; x_wconf 84' lang='lat' dir='ltr'><strong>dixi,</strong></span> <span class='ocrx_word' id='word_1_261' title='bbox 1627 2348 1700 2404; x_wconf 85' lang='lat' dir='ltr'><strong>ita</strong></span> <span class='ocrx_word' id='word_1_262' title='bbox 1742 2350 2037 2420; x_wconf 84' lang='lat' dir='ltr'><strong>explicant,</strong></span> <span class='ocrx_word' id='word_1_263' title='bbox 2087 2363 2147 2409; x_wconf 88' lang='lat' dir='ltr'><strong>ut</strong></span> 
     </span>
    </p>
   </div>
   <div class='ocr_carea' id='block_1_38' title="bbox 554 2430 2148 2513">
    <p class='ocr_par' dir='ltr' id='par_1_38' title="bbox 554 2430 2148 2513">
     <span class='ocr_line' id='line_1_38' title="bbox 554 2430 2148 2513; baseline 0.009 -24"><span class='ocrx_word' id='word_1_264' title='bbox 554 2430 694 2489; x_wconf 89' lang='lat' dir='ltr'><strong>sicut</strong></span> <span class='ocrx_word' id='word_1_265' title='bbox 720 2431 867 2490; x_wconf 81' lang='lat' dir='ltr'><strong>Dens</strong></span> <span class='ocrx_word' id='word_1_266' title='bbox 903 2434 1266 2510; x_wconf 82' lang='lat' dir='ltr'><strong>perfectiones</strong></span> <span class='ocrx_word' id='word_1_267' title='bbox 1291 2450 1486 2496; x_wconf 85' lang='lat' dir='ltr'><strong>omnes</strong></span> <span class='ocrx_word' id='word_1_268' title='bbox 1512 2437 1598 2500; x_wconf 85' lang='lat' dir='ltr'><strong>vel</strong></span> <span class='ocrx_word' id='word_1_269' title='bbox 1635 2440 1925 2513; x_wconf 75' lang='lat' dir='ltr'><strong>formalt&#39;fer</strong></span> <span class='ocrx_word' id='word_1_270' title='bbox 1977 2442 2148 2504; x_wconf 81' lang='lat' dir='ltr'><strong>habet</strong></span> 
     </span>
    </p>
   </div>
   <div class='ocr_carea' id='block_1_39' title="bbox 564 2526 2146 2610">
    <p class='ocr_par' dir='ltr' id='par_1_39' title="bbox 564 2526 2146 2610">
     <span class='ocr_line' id='line_1_39' title="bbox 564 2526 2146 2610; baseline 0.01 -28"><span class='ocrx_word' id='word_1_271' title='bbox 564 2527 682 2599; x_wconf 87' lang='lat' dir='ltr'><strong>(cas</strong></span> <span class='ocrx_word' id='word_1_272' title='bbox 703 2526 909 2586; x_wconf 72' lang='lat' dir='ltr'><strong>scilicet</strong></span> <span class='ocrx_word' id='word_1_273' title='bbox 933 2544 1055 2600; x_wconf 70' lang='lat' dir='ltr'><strong>qua</strong></span> <span class='ocrx_word' id='word_1_274' title='bbox 1095 2531 1281 2589; x_wconf 86' lang='lat' dir='ltr'><strong>statim</strong></span> <span class='ocrx_word' id='word_1_275' title='bbox 1308 2547 1462 2590; x_wconf 87' lang='lat' dir='ltr'><strong>suam</strong></span> <span class='ocrx_word' id='word_1_276' title='bbox 1490 2536 1860 2605; x_wconf 64' lang='lat' dir='ltr'><strong>prrstantiam</strong></span> <span class='ocrx_word' id='word_1_277' title='bbox 1885 2537 2146 2610; x_wconf 80' lang='lat' dir='ltr'><strong>produnt,</strong></span> 
     </span>
    </p>
   </div>
   <div class='ocr_carea' id='block_1_40' title="bbox 558 2621 2148 2711">
    <p class='ocr_par' dir='ltr' id='par_1_40' title="bbox 558 2621 2148 2711">
     <span class='ocr_line' id='line_1_40' title="bbox 558 2621 2148 2711; baseline 0.008 -34"><span class='ocrx_word' id='word_1_278' title='bbox 558 2635 658 2677; x_wconf 89' lang='lat' dir='ltr'><strong>nec</strong></span> <span class='ocrx_word' id='word_1_279' title='bbox 686 2621 740 2679; x_wconf 93' lang='lat' dir='ltr'><strong>in</strong></span> <span class='ocrx_word' id='word_1_280' title='bbox 767 2623 847 2680; x_wconf 88' lang='lat' dir='ltr'><strong>eis</strong></span> <span class='ocrx_word' id='word_1_281' title='bbox 867 2622 1068 2696; x_wconf 86' lang='lat' dir='ltr'><strong>aliquid</strong></span> <span class='ocrx_word' id='word_1_282' title='bbox 1097 2623 1522 2699; x_wconf 83' lang='lat' dir='ltr'><strong>imperfectionis</strong></span> <span class='ocrx_word' id='word_1_283' title='bbox 1545 2628 1879 2706; x_wconf 82' lang='lat' dir='ltr'><strong>involvitur),</strong></span> <span class='ocrx_word' id='word_1_284' title='bbox 1908 2633 1992 2711; x_wconf 74' lang='lat' dir='ltr'><strong>vel</strong></span> <span class='ocrx_word' id='word_1_285' title='bbox 2015 2635 2148 2690; x_wconf 77' lang='lat' dir='ltr'><strong>eriti-</strong></span> 
     </span>
    </p>
   </div>
   <div class='ocr_carea' id='block_1_41' title="bbox 557 2714 2151 2801">
    <p class='ocr_par' dir='ltr' id='par_1_41' title="bbox 557 2714 2151 2801">
     <span class='ocr_line' id='line_1_41' title="bbox 557 2714 2151 2801; baseline 0.008 -30"><span class='ocrx_word' id='word_1_286' title='bbox 557 2718 772 2790; x_wconf 83' lang='lat' dir='ltr'><strong>nenter(</strong></span> <span class='ocrx_word' id='word_1_287' title='bbox 794 2733 889 2775; x_wconf 84' lang='lat' dir='ltr'><strong>eas</strong></span> <span class='ocrx_word' id='word_1_288' title='bbox 910 2719 1111 2793; x_wconf 88' lang='lat' dir='ltr'><strong>quippe</strong></span> <span class='ocrx_word' id='word_1_289' title='bbox 1135 2714 1496 2801; x_wconf 79' lang='lat' dir='ltr'><strong>perfectiones</strong></span> <span class='ocrx_word' id='word_1_290' title='bbox 1530 2723 1836 2783; x_wconf 87' lang='lat' dir='ltr'><strong>eminenter</strong></span> <span class='ocrx_word' id='word_1_291' title='bbox 1866 2727 2151 2799; x_wconf 84' lang='lat' dir='ltr'><strong>possidere</strong></span> 
     </span>
    </p>
   </div>
   <div class='ocr_carea' id='block_1_42' title="bbox 557 2810 2146 2885">
    <p class='ocr_par' dir='ltr' id='par_1_42' title="bbox 557 2810 2146 2885">
     <span class='ocr_line' id='line_1_42' title="bbox 557 2810 2146 2885; baseline 0.008 -20"><span class='ocrx_word' id='word_1_292' title='bbox 557 2810 784 2880; x_wconf 81' lang='lat' dir='ltr'><strong>dicitur,</strong></span> <span class='ocrx_word' id='word_1_293' title='bbox 818 2825 940 2883; x_wconf 86' lang='lat' dir='ltr'><strong>qu:c</strong></span> <span class='ocrx_word' id='word_1_294' title='bbox 967 2812 1319 2885; x_wconf 67' lang='lat' dir='ltr'><strong>coniunctum</strong></span> <span class='ocrx_word' id='word_1_295' title='bbox 1352 2814 1406 2869; x_wconf 90' lang='lat' dir='ltr'><strong>in</strong></span> <span class='ocrx_word' id='word_1_296' title='bbox 1434 2830 1530 2871; x_wconf 85' lang='lat' dir='ltr'><strong>sua</strong></span> <span class='ocrx_word' id='word_1_297' title='bbox 1559 2817 1783 2875; x_wconf 89' lang='lat' dir='ltr'><strong>notione</strong></span> <span class='ocrx_word' id='word_1_298' title='bbox 1808 2817 2011 2875; x_wconf 85' lang='lat' dir='ltr'><strong>habent</strong></span> <span class='ocrx_word' id='word_1_299' title='bbox 2039 2820 2146 2877; x_wconf 85' lang='lat' dir='ltr'><strong>ali-</strong></span> 
     </span>
    </p>
   </div>
   <div class='ocr_carea' id='block_1_43' title="bbox 557 2902 2149 2983">
    <p class='ocr_par' dir='ltr' id='par_1_43' title="bbox 557 2902 2149 2983">
     <span class='ocr_line' id='line_1_43' title="bbox 557 2902 2149 2983; baseline 0.006 -26"><span class='ocrx_word' id='word_1_300' title='bbox 557 2902 686 2976; x_wconf 83' lang='lat' dir='ltr'><strong>quid</strong></span> <span class='ocrx_word' id='word_1_301' title='bbox 712 2904 1163 2979; x_wconf 86' lang='lat' dir='ltr'><strong>impcrfeetionis,</strong></span> <span class='ocrx_word' id='word_1_302' title='bbox 1194 2906 1495 2981; x_wconf 69' lang='lat' dir='ltr'><strong>cuiusmodi</strong></span> <span class='ocrx_word' id='word_1_303' title='bbox 1524 2921 1605 2968; x_wconf 87' lang='lat' dir='ltr'><strong>est</strong></span> <span class='ocrx_word' id='word_1_304' title='bbox 1634 2911 1894 2983; x_wconf 80' lang='lat' dir='ltr'><strong>perfectio</strong></span> <span class='ocrx_word' id='word_1_305' title='bbox 1917 2911 2149 2971; x_wconf 75' lang='lat' dir='ltr'><strong>Crestu-</strong></span> 
     </span>
    </p>
   </div>
   <div class='ocr_carea' id='block_1_44' title="bbox 559 2998 2157 3079">
    <p class='ocr_par' dir='ltr' id='par_1_44' title="bbox 559 2998 2157 3079">
     <span class='ocr_line' id='line_1_44' title="bbox 559 2998 2157 3079; baseline 0.006 -26"><span class='ocrx_word' id='word_1_306' title='bbox 559 3012 783 3065; x_wconf 84' lang='lat' dir='ltr'><strong>rarum;</strong></span> <span class='ocrx_word' id='word_1_307' title='bbox 812 3013 936 3055; x_wconf 90' lang='lat' dir='ltr'><strong>nam</strong></span> <span class='ocrx_word' id='word_1_308' title='bbox 967 2998 1067 3057; x_wconf 89' lang='lat' dir='ltr'><strong>bas</strong></span> <span class='ocrx_word' id='word_1_309' title='bbox 1085 3014 1278 3057; x_wconf 83' lang='lat' dir='ltr'><strong>omnes</strong></span> <span class='ocrx_word' id='word_1_310' title='bbox 1301 3000 1576 3074; x_wconf 77' lang='lat' dir='ltr'><strong>possidet,</strong></span> <span class='ocrx_word' id='word_1_311' title='bbox 1611 3003 1708 3061; x_wconf 89' lang='lat' dir='ltr'><strong>sed</strong></span> <span class='ocrx_word' id='word_1_312' title='bbox 1739 3004 1998 3076; x_wconf 81' lang='lat' dir='ltr'><strong>seposita,</strong></span> <span class='ocrx_word' id='word_1_313' title='bbox 2021 3021 2157 3079; x_wconf 86' lang='lat' dir='ltr'><strong>qua-</strong></span> 
     </span>
    </p>
   </div>
   <div class='ocr_carea' id='block_1_45' title="bbox 562 3088 2155 3170">
    <p class='ocr_par' dir='ltr' id='par_1_45' title="bbox 562 3088 2155 3170">
     <span class='ocr_line' id='line_1_45' title="bbox 562 3088 2155 3170; baseline 0.008 -23"><span class='ocrx_word' id='word_1_314' title='bbox 562 3088 694 3149; x_wconf 84' lang='lat' dir='ltr'><strong>libet</strong></span> <span class='ocrx_word' id='word_1_315' title='bbox 720 3092 1150 3167; x_wconf 83' lang='lat' dir='ltr'><strong>imperlectione)</strong></span> <span class='ocrx_word' id='word_1_316' title='bbox 1176 3112 1191 3151; x_wconf 93' lang='lat'><strong>:</strong></span> <span class='ocrx_word' id='word_1_317' title='bbox 1218 3095 1290 3161; x_wconf 80' lang='lat' dir='ltr'><strong>ita</strong></span> <span class='ocrx_word' id='word_1_318' title='bbox 1333 3098 1498 3154; x_wconf 87' lang='lat' dir='ltr'><strong>homo</strong></span> <span class='ocrx_word' id='word_1_319' title='bbox 1539 3098 1899 3170; x_wconf 85' lang='lat' dir='ltr'><strong>perfectiones</strong></span> <span class='ocrx_word' id='word_1_320' title='bbox 1937 3116 2155 3169; x_wconf 85' lang='lat' dir='ltr'><strong>omnes,</strong></span> 
     </span>
    </p>
   </div>
   <div class='ocr_carea' id='block_1_46' title="bbox 560 3183 2156 3270">
    <p class='ocr_par' dir='ltr' id='par_1_46' title="bbox 560 3183 2156 3270">
     <span class='ocr_line' id='line_1_46' title="bbox 560 3183 2156 3270; baseline 0.008 -31"><span class='ocrx_word' id='word_1_321' title='bbox 560 3199 694 3256; x_wconf 87' lang='lat' dir='ltr'><strong>quas</strong></span> <span class='ocrx_word' id='word_1_322' title='bbox 722 3183 981 3243; x_wconf 83' lang='lat' dir='ltr'><strong>Creatura</strong></span> <span class='ocrx_word' id='word_1_323' title='bbox 1008 3188 1220 3261; x_wconf 75' lang='lat' dir='ltr'><strong>assequi</strong></span> <span class='ocrx_word' id='word_1_324' title='bbox 1266 3197 1465 3267; x_wconf 83' lang='lat' dir='ltr'><strong>potest,</strong></span> <span class='ocrx_word' id='word_1_325' title='bbox 1494 3193 1578 3250; x_wconf 85' lang='lat' dir='ltr'><strong>vel</strong></span> <span class='ocrx_word' id='word_1_326' title='bbox 1608 3208 1665 3249; x_wconf 90' lang='lat' dir='ltr'><strong>rc</strong></span> <span class='ocrx_word' id='word_1_327' title='bbox 1691 3191 1832 3266; x_wconf 85' lang='lat' dir='ltr'><strong>ipsa,</strong></span> <span class='ocrx_word' id='word_1_328' title='bbox 1862 3208 1928 3250; x_wconf 89' lang='lat' dir='ltr'><strong>ac</strong></span> <span class='ocrx_word' id='word_1_329' title='bbox 1950 3198 2156 3270; x_wconf 84' lang='lat' dir='ltr'><strong>[orma-</strong></span> 
     </span>
    </p>
   </div>
   <div class='ocr_carea' id='block_1_47' title="bbox 566 3275 2161 3356">
    <p class='ocr_par' dir='ltr' id='par_1_47' title="bbox 566 3275 2161 3356">
     <span class='ocr_line' id='line_1_47' title="bbox 566 3275 2161 3356; baseline 0.008 -23"><span class='ocrx_word' id='word_1_330' title='bbox 566 3278 682 3333; x_wconf 82' lang='lat' dir='ltr'><strong>titer</strong></span> <span class='ocrx_word' id='word_1_331' title='bbox 710 3275 896 3348; x_wconf 86' lang='lat' dir='ltr'><strong>habet,</strong></span> <span class='ocrx_word' id='word_1_332' title='bbox 951 3279 1029 3337; x_wconf 85' lang='lat' dir='ltr'><strong>uti</strong></span> <span class='ocrx_word' id='word_1_333' title='bbox 1070 3281 1309 3338; x_wconf 80' lang='lat' dir='ltr'><strong>animam</strong></span> <span class='ocrx_word' id='word_1_334' title='bbox 1349 3283 1723 3356; x_wconf 83' lang='lat' dir='ltr'><strong>spiritualem,</strong></span> <span class='ocrx_word' id='word_1_335' title='bbox 1763 3288 2047 3356; x_wconf 90' lang='lat' dir='ltr'><strong>eximium,</strong></span> <span class='ocrx_word' id='word_1_336' title='bbox 2095 3304 2161 3346; x_wconf 89' lang='lat' dir='ltr'><strong>ac</strong></span> 
     </span>
    </p>
   </div>
   <div class='ocr_carea' id='block_1_48' title="bbox 2346 2025 3360 2092">
    <p class='ocr_par' dir='ltr' id='par_1_48' title="bbox 2346 2025 3360 2092">
     <span class='ocr_line' id='line_1_48' title="bbox 2346 2025 3360 2092; baseline -0.002 -13"><span class='ocrx_word' id='word_1_337' title='bbox 2346 2025 2533 2083; x_wconf 64' lang='lat' dir='ltr'><strong>Vetuit</strong></span> <span class='ocrx_word' id='word_1_338' title='bbox 2556 2025 2705 2079; x_wconf 81' lang='lat' dir='ltr'><strong>etiam</strong></span> <span class='ocrx_word' id='word_1_339' title='bbox 2722 2025 2952 2081; x_wconf 77' lang='lat' dir='ltr'><strong>volucres</strong></span> <span class='ocrx_word' id='word_1_340' title='bbox 2971 2025 3146 2079; x_wconf 76' lang='lat' dir='ltr'><strong>anima:</strong></span> <span class='ocrx_word' id='word_1_341' title='bbox 3170 2041 3360 2092; x_wconf 87' lang='lat' dir='ltr'><strong>sumus,</strong></span> 
     </span>
    </p>
   </div>
   <div class='ocr_carea' id='block_1_49' title="bbox 2248 2118 3850 2194">
    <p class='ocr_par' dir='ltr' id='par_1_49' title="bbox 2248 2118 3850 2194">
     <span class='ocr_line' id='line_1_49' title="bbox 2248 2118 3850 2194; baseline -0.001 -15"><span class='ocrx_word' id='word_1_342' title='bbox 2248 2120 2305 2181; x_wconf 90' lang='lat' dir='ltr'><strong>id</strong></span> <span class='ocrx_word' id='word_1_343' title='bbox 2357 2121 2571 2192; x_wconf 84' lang='lat' dir='ltr'><strong>ipsum,</strong></span> <span class='ocrx_word' id='word_1_344' title='bbox 2620 2120 2765 2193; x_wconf 88' lang='lat' dir='ltr'><strong>quod</strong></span> <span class='ocrx_word' id='word_1_345' title='bbox 2806 2118 3078 2188; x_wconf 76' lang='lat' dir='ltr'><strong>diximus,</strong></span> <span class='ocrx_word' id='word_1_346' title='bbox 3123 2120 3479 2194; x_wconf 76' lang='lat' dir='ltr'><strong>comprobare</strong></span> <span class='ocrx_word' id='word_1_347' title='bbox 3521 2119 3850 2177; x_wconf 87' lang='lat' dir='ltr'><strong>creduntur:</strong></span> 
     </span>
    </p>
   </div>
   <div class='ocr_carea' id='block_1_50' title="bbox 2249 2214 3847 2288">
    <p class='ocr_par' dir='ltr' id='par_1_50' title="bbox 2249 2214 3847 2288">
     <span class='ocr_line' id='line_1_50' title="bbox 2249 2214 3847 2288; baseline -0.002 -15"><span class='ocrx_word' id='word_1_348' title='bbox 2249 2223 2519 2288; x_wconf 83' lang='lat' dir='ltr'><strong>quatenus</strong></span> <span class='ocrx_word' id='word_1_349' title='bbox 2568 2215 2798 2272; x_wconf 89' lang='lat' dir='ltr'><strong>innuunt</strong></span> <span class='ocrx_word' id='word_1_350' title='bbox 2827 2214 3103 2271; x_wconf 82' lang='lat' dir='ltr'><strong>hominem</strong></span> <span class='ocrx_word' id='word_1_351' title='bbox 3135 2214 3272 2285; x_wconf 83' lang='lat' dir='ltr'><strong>(nos)</strong></span> <span class='ocrx_word' id='word_1_352' title='bbox 3306 2214 3809 2285; x_wconf 69' lang='lat' dir='ltr'><strong>prmstauussimam</strong></span> <span class='ocrx_word' id='word_1_353' title='bbox 3830 2254 3847 2279; x_wconf 89' lang='lat'><strong>,</strong></span> 
     </span>
    </p>
   </div>
   <div class='ocr_carea' id='block_1_51' title="bbox 2250 2307 3853 2385">
    <p class='ocr_par' dir='ltr' id='par_1_51' title="bbox 2250 2307 3853 2385">
     <span class='ocr_line' id='line_1_51' title="bbox 2250 2307 3853 2385; baseline -0.004 -17"><span class='ocrx_word' id='word_1_354' title='bbox 2250 2320 2310 2368; x_wconf 88' lang='lat' dir='ltr'><strong>et</strong></span> <span class='ocrx_word' id='word_1_355' title='bbox 2336 2319 2519 2385; x_wconf 80' lang='lat' dir='ltr'><strong>partes</strong></span> <span class='ocrx_word' id='word_1_356' title='bbox 2542 2309 2778 2382; x_wconf 81' lang='lat' dir='ltr'><strong>reliquas</strong></span> <span class='ocrx_word' id='word_1_357' title='bbox 2796 2310 3244 2383; x_wconf 87' lang='lat' dir='ltr'><strong>complectentem</strong></span> <span class='ocrx_word' id='word_1_358' title='bbox 3271 2307 3451 2366; x_wconf 75' lang='lat' dir='ltr'><strong>Mundi</strong></span> <span class='ocrx_word' id='word_1_359' title='bbox 3472 2322 3597 2365; x_wconf 86' lang='lat' dir='ltr'><strong>esse</strong></span> <span class='ocrx_word' id='word_1_360' title='bbox 3623 2315 3853 2378; x_wconf 75' lang='lat' dir='ltr'><strong>partem.</strong></span> 
     </span>
    </p>
   </div>
   <div class='ocr_carea' id='block_1_52' title="bbox 2251 2403 3855 2477">
    <p class='ocr_par' dir='ltr' id='par_1_52' title="bbox 2251 2403 3855 2477">
     <span class='ocr_line' id='line_1_52' title="bbox 2251 2403 3855 2477; baseline -0.003 -15"><span class='ocrx_word' id='word_1_361' title='bbox 2251 2403 2525 2473; x_wconf 84' lang='lat' dir='ltr'><strong>Ovidium,</strong></span> <span class='ocrx_word' id='word_1_362' title='bbox 2556 2404 2799 2477; x_wconf 87' lang='lat' dir='ltr'><strong>inquam.</strong></span> <span class='ocrx_word' id='word_1_363' title='bbox 2826 2404 3040 2470; x_wconf 83' lang='lat' dir='ltr'><strong>omitto,</strong></span> <span class='ocrx_word' id='word_1_364' title='bbox 3072 2413 3130 2461; x_wconf 90' lang='lat' dir='ltr'><strong>ut</strong></span> <span class='ocrx_word' id='word_1_365' title='bbox 3152 2403 3492 2476; x_wconf 67' lang='lat' dir='ltr'><strong>expressiora</strong></span> <span class='ocrx_word' id='word_1_366' title='bbox 3518 2412 3855 2457; x_wconf 74' lang='lat' dir='ltr'><strong>vetustorum</strong></span> 
     </span>
    </p>
   </div>
   <div class='ocr_carea' id='block_1_53' title="bbox 2253 2492 3857 2571">
    <p class='ocr_par' dir='ltr' id='par_1_53' title="bbox 2253 2492 3857 2571">
     <span class='ocr_line' id='line_1_53' title="bbox 2253 2492 3857 2571; baseline -0.004 -16"><span class='ocrx_word' id='word_1_367' title='bbox 2253 2497 2593 2571; x_wconf 85' lang='lat' dir='ltr'><strong>Scriptorum</strong></span> <span class='ocrx_word' id='word_1_368' title='bbox 2615 2496 2735 2556; x_wconf 87' lang='lat' dir='ltr'><strong>loca</strong></span> <span class='ocrx_word' id='word_1_369' title='bbox 2754 2496 2998 2557; x_wconf 65' lang='lat' dir='ltr'><strong>aderam.</strong></span> <span class='ocrx_word' id='word_1_370' title='bbox 3029 2497 3113 2555; x_wconf 83' lang='lat' dir='ltr'><strong>An</strong></span> <span class='ocrx_word' id='word_1_371' title='bbox 3140 2511 3249 2553; x_wconf 88' lang='lat' dir='ltr'><strong>non</strong></span> <span class='ocrx_word' id='word_1_372' title='bbox 3277 2495 3560 2570; x_wconf 87' lang='lat' dir='ltr'><strong>perspicue</strong></span> <span class='ocrx_word' id='word_1_373' title='bbox 3580 2492 3672 2551; x_wconf 88' lang='lat' dir='ltr'><strong>tibi</strong></span> <span class='ocrx_word' id='word_1_374' title='bbox 3703 2492 3857 2551; x_wconf 88' lang='lat' dir='ltr'><strong>vide-</strong></span> 
     </span>
    </p>
   </div>
   <div class='ocr_carea' id='block_1_54' title="bbox 2257 2585 3857 2660">
    <p class='ocr_par' dir='ltr' id='par_1_54' title="bbox 2257 2585 3857 2660">
     <span class='ocr_line' id='line_1_54' title="bbox 2257 2585 3857 2660; baseline -0.004 -13"><span class='ocrx_word' id='word_1_375' title='bbox 2257 2600 2345 2648; x_wconf 90' lang='lat' dir='ltr'><strong>tur</strong></span> <span class='ocrx_word' id='word_1_376' title='bbox 2372 2590 2582 2652; x_wconf 81' lang='lat' dir='ltr'><strong>locutus</strong></span> <span class='ocrx_word' id='word_1_377' title='bbox 2623 2590 2843 2659; x_wconf 82' lang='lat' dir='ltr'><strong>Cicero,</strong></span> <span class='ocrx_word' id='word_1_378' title='bbox 2885 2590 3016 2646; x_wconf 86' lang='lat' dir='ltr'><strong>dum</strong></span> <span class='ocrx_word' id='word_1_379' title='bbox 3056 2588 3176 2648; x_wconf 70' lang='lat' dir='ltr'><strong>haec</strong></span> <span class='ocrx_word' id='word_1_380' title='bbox 3201 2588 3275 2647; x_wconf 85' lang='lat' dir='ltr'><strong>ait</strong></span> <span class='ocrx_word' id='word_1_381' title='bbox 3318 2587 3425 2660; x_wconf 83' lang='lat' dir='ltr'><strong>(De</strong></span> <span class='ocrx_word' id='word_1_382' title='bbox 3465 2585 3857 2659; x_wconf 72' lang='lat' dir='ltr'><strong>universitate):</strong></span> 
     </span>
    </p>
   </div>
   <div class='ocr_carea' id='block_1_55' title="bbox 2263 2679 3860 2757">
    <p class='ocr_par' dir='ltr' id='par_1_55' title="bbox 2263 2679 3860 2757">
     <span class='ocr_line' id='line_1_55' title="bbox 2263 2679 3860 2757; baseline -0.004 -18"><span class='ocrx_word' id='word_1_383' title='bbox 2263 2705 2283 2739; x_wconf 78' lang='grc' dir='ltr'>ι</span> <span class='ocrx_word' id='word_1_384' title='bbox 2308 2684 2451 2744; x_wconf 82' lang='lat' dir='ltr'><strong>Deus</strong></span> <span class='ocrx_word' id='word_1_385' title='bbox 2478 2684 2678 2741; x_wconf 83' lang='lat' dir='ltr'><strong>animal</strong></span> <span class='ocrx_word' id='word_1_386' title='bbox 2709 2698 2872 2740; x_wconf 89' lang='lat' dir='ltr'><strong>unum</strong></span> <span class='ocrx_word' id='word_1_387' title='bbox 2890 2681 3188 2757; x_wconf 82' lang='lat' dir='ltr'><strong>spectabile</strong></span> <span class='ocrx_word' id='word_1_388' title='bbox 3210 2682 3511 2751; x_wconf 84' lang='lat' dir='ltr'><strong>hominem,</strong></span> <span class='ocrx_word' id='word_1_389' title='bbox 3543 2679 3598 2737; x_wconf 89' lang='lat' dir='ltr'><strong>iu</strong></span> <span class='ocrx_word' id='word_1_390' title='bbox 3614 2697 3722 2752; x_wconf 86' lang='lat' dir='ltr'><strong>quo</strong></span> <span class='ocrx_word' id='word_1_391' title='bbox 3741 2694 3860 2737; x_wconf 74' lang='lat' dir='ltr'><strong>om-</strong></span> 
     </span>
    </p>
   </div>
   <div class='ocr_carea' id='block_1_56' title="bbox 2260 2775 3346 2846">
    <p class='ocr_par' dir='ltr' id='par_1_56' title="bbox 2260 2775 3346 2846">
     <span class='ocr_line' id='line_1_56' title="bbox 2260 2775 3346 2846; baseline -0.006 -7"><span class='ocrx_word' id='word_1_392' title='bbox 2260 2781 2352 2839; x_wconf 88' lang='lat' dir='ltr'><strong>nia</strong></span> <span class='ocrx_word' id='word_1_393' title='bbox 2373 2781 2624 2837; x_wconf 86' lang='lat' dir='ltr'><strong>animalia</strong></span> <span class='ocrx_word' id='word_1_394' title='bbox 2649 2780 3081 2846; x_wconf 88' lang='lat' dir='ltr'><strong>continerentur,</strong></span> <span class='ocrx_word' id='word_1_395' title='bbox 3104 2775 3303 2835; x_wconf 85' lang='lat' dir='ltr'><strong>ell‘ecit.</strong></span> <span class='ocrx_word' id='word_1_396' title='bbox 3328 2796 3346 2832; x_wconf 71' lang='grc' dir='ltr'>ι</span> 
     </span>
    </p>
   </div>
   <div class='ocr_carea' id='block_1_57' title="bbox 2332 2869 3863 2945">
    <p class='ocr_par' dir='ltr' id='par_1_57' title="bbox 2332 2869 3863 2945">
     <span class='ocr_line' id='line_1_57' title="bbox 2332 2869 3863 2945; baseline -0.005 -13"><span class='ocrx_word' id='word_1_397' title='bbox 2332 2874 2424 2932; x_wconf 73' lang='lat'><strong>56.</strong></span> <span class='ocrx_word' id='word_1_398' title='bbox 2457 2875 2594 2945; x_wconf 77' lang='lat' dir='ltr'><strong>Quid</strong></span> <span class='ocrx_word' id='word_1_399' title='bbox 2624 2889 2756 2931; x_wconf 90' lang='lat' dir='ltr'><strong>vero</strong></span> <span class='ocrx_word' id='word_1_400' title='bbox 2789 2870 2990 2931; x_wconf 85' lang='lat' dir='ltr'><strong>clarius</strong></span> <span class='ocrx_word' id='word_1_401' title='bbox 3043 2872 3129 2931; x_wconf 85' lang='lat' dir='ltr'><strong>bis</strong></span> <span class='ocrx_word' id='word_1_402' title='bbox 3164 2872 3363 2940; x_wconf 77' lang='lat' dir='ltr'><strong>llauitii</strong></span> <span class='ocrx_word' id='word_1_403' title='bbox 3392 2872 3610 2931; x_wconf 84' lang='lat' dir='ltr'><strong>monitis</strong></span> <span class='ocrx_word' id='word_1_404' title='bbox 3637 2869 3775 2945; x_wconf 76' lang='lat' dir='ltr'><strong>(Lib.</strong></span> <span class='ocrx_word' id='word_1_405' title='bbox 3812 2886 3863 2927; x_wconf 83' lang='lat' dir='ltr'><strong>tv</strong></span> 
     </span>
    </p>
   </div>
   <div class='ocr_carea' id='block_1_58' title="bbox 2263 2969 2646 3044">
    <p class='ocr_par' dir='ltr' id='par_1_58' title="bbox 2263 2969 2646 3044">
     <span class='ocr_line' id='line_1_58' title="bbox 2263 2969 2646 3044; baseline -0.003 -17"><span class='ocrx_word' id='word_1_406' title='bbox 2263 2969 2589 3044; x_wconf 69' lang='lat' dir='ltr'><strong>Auriniam.)</strong></span> <span class='ocrx_word' id='word_1_407' title='bbox 2631 2986 2646 3026; x_wconf 90' lang='lat'><strong>:</strong></span> 
     </span>
    </p>
   </div>
   <div class='ocr_carea' id='block_1_59' title="bbox 2360 3069 3346 3135">
    <p class='ocr_par' dir='ltr' id='par_1_59' title="bbox 2360 3069 3346 3135">
     <span class='ocr_line' id='line_1_59' title="bbox 2360 3069 3346 3135; baseline -0.006 -10"><span class='ocrx_word' id='word_1_408' title='bbox 2527 3072 2653 3135; x_wconf 84' lang='lat' dir='ltr'><strong>Quid</strong></span> <span class='ocrx_word' id='word_1_409' title='bbox 2675 3072 2853 3125; x_wconf 88' lang='lat' dir='ltr'><strong>mirum</strong></span> <span class='ocrx_word' id='word_1_410' title='bbox 2877 3083 3088 3126; x_wconf 80' lang='lat' dir='ltr'><strong>noscere</strong></span> <span class='ocrx_word' id='word_1_411' title='bbox 3108 3069 3346 3121; x_wconf 88' lang='lat' dir='ltr'><strong>mundum</strong></span> 
     </span>
    </p>
   </div>
   <div class='ocr_carea' id='block_1_60' title="bbox 2355 3129 3752 3209">
    <p class='ocr_par' dir='ltr' id='par_1_60' title="bbox 2355 3129 3752 3209">
     <span class='ocr_line' id='line_1_60' title="bbox 2355 3129 3752 3209; baseline -0.006 -21"><span class='ocrx_word' id='word_1_412' title='bbox 2355 3137 2408 3209; x_wconf 70' lang='lat' dir='ltr'><strong>§i</strong></span> <span class='ocrx_word' id='word_1_413' title='bbox 2432 3129 2636 3209; x_wconf 56' lang='lat' dir='ltr'><strong>possunt</strong></span> <span class='ocrx_word' id='word_1_414' title='bbox 2658 3136 2900 3209; x_wconf 51' lang='lat' dir='ltr'><strong>homines,</strong></span> <span class='ocrx_word' id='word_1_415' title='bbox 2927 3135 3106 3208; x_wconf 81' lang='lat' dir='ltr'><strong>quibus</strong></span> <span class='ocrx_word' id='word_1_416' title='bbox 3129 3141 3207 3209; x_wconf 79' lang='lat' dir='ltr'><strong>est</strong></span> <span class='ocrx_word' id='word_1_417' title='bbox 3230 3140 3287 3208; x_wconf 76' lang='lat' dir='ltr'><strong>et</strong></span> <span class='ocrx_word' id='word_1_418' title='bbox 3302 3129 3519 3209; x_wconf 69' lang='lat' dir='ltr'><strong>mundus</strong></span> <span class='ocrx_word' id='word_1_419' title='bbox 3537 3130 3591 3183; x_wconf 88' lang='lat' dir='ltr'><strong>iu</strong></span> <span class='ocrx_word' id='word_1_420' title='bbox 3611 3130 3752 3209; x_wconf 51' lang='lat' dir='ltr'><strong>ipsi},</strong></span> 
     </span>
    </p>
   </div>
   <div class='ocr_carea' id='block_1_61' title="bbox 2358 3194 3723 3265">
    <p class='ocr_par' dir='ltr' id='par_1_61' title="bbox 2358 3194 3723 3265">
     <span class='ocr_line' id='line_1_61' title="bbox 2358 3194 3723 3265; baseline -0.005 -12"><span class='ocrx_word' id='word_1_421' title='bbox 2358 3194 2760 3265; x_wconf 66' lang='lat' dir='ltr'><strong>Ex&#39;eruplumque</strong></span> <span class='ocrx_word' id='word_1_422' title='bbox 2780 3197 2877 3251; x_wconf 83' lang='lat' dir='ltr'><strong>Dei</strong></span> <span class='ocrx_word' id='word_1_423' title='bbox 2887 3194 3103 3263; x_wconf 78' lang='lat' dir='ltr'><strong>quisque</strong></span> <span class='ocrx_word' id='word_1_424' title='bbox 3130 3202 3207 3249; x_wconf 84' lang='lat' dir='ltr'><strong>est</strong></span> <span class='ocrx_word' id='word_1_425' title='bbox 3228 3197 3279 3247; x_wconf 86' lang='lat' dir='ltr'><strong>in</strong></span> <span class='ocrx_word' id='word_1_426' title='bbox 3299 3197 3516 3261; x_wconf 84' lang='lat' dir='ltr'><strong>imagine</strong></span> <span class='ocrx_word' id='word_1_427' title='bbox 3539 3194 3723 3261; x_wconf 70' lang='lat' dir='ltr'><strong>parva?</strong></span> 
     </span>
    </p>
   </div>
   <div class='ocr_carea' id='block_1_62' title="bbox 2266 3285 3866 3367">
    <p class='ocr_par' dir='ltr' id='par_1_62' title="bbox 2266 3285 3866 3367">
     <span class='ocr_line' id='line_1_62' title="bbox 2266 3285 3866 3367; baseline -0.004 -19"><span class='ocrx_word' id='word_1_428' title='bbox 2266 3292 2462 3367; x_wconf 82' lang='lat' dir='ltr'><strong>quibus</strong></span> <span class='ocrx_word' id='word_1_429' title='bbox 2496 3291 2717 3363; x_wconf 86' lang='lat' dir='ltr'><strong>quidem</strong></span> <span class='ocrx_word' id='word_1_430' title='bbox 2760 3291 3004 3349; x_wconf 80' lang='lat' dir='ltr'><strong>versibus</strong></span> <span class='ocrx_word' id='word_1_431' title='bbox 3033 3289 3175 3346; x_wconf 87' lang='lat' dir='ltr'><strong>haud</strong></span> <span class='ocrx_word' id='word_1_432' title='bbox 3206 3288 3439 3347; x_wconf 83' lang='lat' dir='ltr'><strong>obscure</strong></span> <span class='ocrx_word' id='word_1_433' title='bbox 3469 3286 3688 3355; x_wconf 87' lang='lat' dir='ltr'><strong>indicat,</strong></span> <span class='ocrx_word' id='word_1_434' title='bbox 3732 3285 3866 3345; x_wconf 88' lang='lat' dir='ltr'><strong>ima-</strong></span> 
     </span>
    </p>
   </div>
   <div class='ocr_carea' id='block_1_63' title="bbox 568 3369 3869 3461">
    <p class='ocr_par' dir='ltr' id='par_1_63' title="bbox 568 3369 3869 3461">
     <span class='ocr_line' id='line_1_63' title="bbox 568 3369 3869 3461; baseline 0.003 -35"><span class='ocrx_word' id='word_1_435' title='bbox 568 3369 749 3429; x_wconf 83' lang='lat' dir='ltr'><strong>nnbile</strong></span> <span class='ocrx_word' id='word_1_436' title='bbox 781 3385 1016 3447; x_wconf 83' lang='lat' dir='ltr'><strong>corpus;</strong></span> <span class='ocrx_word' id='word_1_437' title='bbox 1045 3374 1132 3430; x_wconf 88' lang='lat' dir='ltr'><strong>vel</strong></span> <span class='ocrx_word' id='word_1_438' title='bbox 1179 3375 1491 3444; x_wconf 75' lang='lat' dir='ltr'><strong>cmineum,</strong></span> <span class='ocrx_word' id='word_1_439' title='bbox 1523 3376 1576 3436; x_wconf 86' lang='lat' dir='ltr'><strong>id</strong></span> <span class='ocrx_word' id='word_1_440' title='bbox 1620 3388 1705 3435; x_wconf 86' lang='lat' dir='ltr'><strong>est</strong></span> <span class='ocrx_word' id='word_1_441' title='bbox 1750 3378 1821 3436; x_wconf 87' lang='lat' dir='ltr'><strong>ita</strong></span> <span class='ocrx_word' id='word_1_442' title='bbox 1870 3380 2066 3449; x_wconf 87' lang='lat' dir='ltr'><strong>habet,</strong></span> <span class='ocrx_word' id='word_1_443' title='bbox 2096 3395 2153 3439; x_wconf 90' lang='lat' dir='ltr'><strong>ut</strong></span> <span class='ocrx_word' id='word_1_444' title='bbox 2182 3386 2232 3450; x_wconf 88' lang='lat' dir='ltr'><strong><em>C</em></strong></span> <span class='ocrx_word' id='word_1_445' title='bbox 2262 3388 2445 3461; x_wconf 87' lang='lat' dir='ltr'><strong>ginem</strong></span> <span class='ocrx_word' id='word_1_446' title='bbox 2470 3384 2588 3454; x_wconf 87' lang='lat' dir='ltr'><strong>Dei,</strong></span> <span class='ocrx_word' id='word_1_447' title='bbox 2614 3386 2825 3443; x_wconf 88' lang='lat' dir='ltr'><strong>ratione</strong></span> <span class='ocrx_word' id='word_1_448' title='bbox 2846 3384 3009 3450; x_wconf 91' lang='lat' dir='ltr'><strong>duce,</strong></span> <span class='ocrx_word' id='word_1_449' title='bbox 3034 3397 3101 3440; x_wconf 90' lang='lat' dir='ltr'><strong>ac</strong></span> <span class='ocrx_word' id='word_1_450' title='bbox 3124 3381 3291 3439; x_wconf 89' lang='lat' dir='ltr'><strong>veluti</strong></span> <span class='ocrx_word' id='word_1_451' title='bbox 3309 3372 3571 3447; x_wconf 83' lang='lat' dir='ltr'><strong>doctrice,</strong></span> <span class='ocrx_word' id='word_1_452' title='bbox 3604 3382 3660 3435; x_wconf 87' lang='lat' dir='ltr'><strong>in</strong></span> <span class='ocrx_word' id='word_1_453' title='bbox 3687 3396 3774 3449; x_wconf 85' lang='lat' dir='ltr'><strong>ea,</strong></span> <span class='ocrx_word' id='word_1_454' title='bbox 3798 3378 3869 3436; x_wconf 89' lang='lat' dir='ltr'><strong>dc</strong></span> 
     </span>
    </p>
   </div>
   <div class='ocr_carea' id='block_1_64' title="bbox 562 3465 2157 3547">
    <p class='ocr_par' dir='ltr' id='par_1_64' title="bbox 562 3465 2157 3547">
     <span class='ocr_line' id='line_1_64' title="bbox 562 3465 2157 3547; baseline 0.006 -27"><span class='ocrx_word' id='word_1_455' title='bbox 562 3474 805 3535; x_wconf 87' lang='lat' dir='ltr'><strong>superet,</strong></span> <span class='ocrx_word' id='word_1_456' title='bbox 836 3465 921 3524; x_wconf 90' lang='lat' dir='ltr'><strong>vel</strong></span> <span class='ocrx_word' id='word_1_457' title='bbox 951 3477 1097 3525; x_wconf 82' lang='lat' dir='ltr'><strong>certe</strong></span> <span class='ocrx_word' id='word_1_458' title='bbox 1118 3466 1355 3525; x_wconf 85' lang='lat' dir='ltr'><strong>htvolrat</strong></span> <span class='ocrx_word' id='word_1_459' title='bbox 1385 3467 1773 3540; x_wconf 88' lang='lat' dir='ltr'><strong>perfectionem</strong></span> <span class='ocrx_word' id='word_1_460' title='bbox 1801 3473 1970 3542; x_wconf 88' lang='lat' dir='ltr'><strong>illam,</strong></span> <span class='ocrx_word' id='word_1_461' title='bbox 1990 3489 2157 3547; x_wconf 88' lang='lat' dir='ltr'><strong>quam</strong></span> 
     </span>
    </p>
   </div>
   <div class='ocr_carea' id='block_1_65' title="bbox 572 3557 2155 3642">
    <p class='ocr_par' dir='ltr' id='par_1_65' title="bbox 572 3557 2155 3642">
     <span class='ocr_line' id='line_1_65' title="bbox 572 3557 2155 3642; baseline 0.008 -28"><span class='ocrx_word' id='word_1_462' title='bbox 572 3557 625 3614; x_wconf 90' lang='lat' dir='ltr'><strong>in</strong></span> <span class='ocrx_word' id='word_1_463' title='bbox 656 3561 872 3616; x_wconf 68' lang='lat' dir='ltr'><strong>caeteris</strong></span> <span class='ocrx_word' id='word_1_464' title='bbox 898 3559 1163 3621; x_wconf 76' lang='lat' dir='ltr'><strong>creaturis</strong></span> <span class='ocrx_word' id='word_1_465' title='bbox 1202 3562 1513 3636; x_wconf 84' lang='lat' dir='ltr'><strong>admiraris,</strong></span> <span class='ocrx_word' id='word_1_466' title='bbox 1540 3566 1627 3626; x_wconf 89' lang='lat' dir='ltr'><strong>vel</strong></span> <span class='ocrx_word' id='word_1_467' title='bbox 1649 3566 1727 3625; x_wconf 92' lang='lat' dir='ltr'><strong>illi</strong></span> <span class='ocrx_word' id='word_1_468' title='bbox 1757 3568 1952 3626; x_wconf 82' lang='lat' dir='ltr'><strong>saltem</strong></span> <span class='ocrx_word' id='word_1_469' title='bbox 1981 3568 2155 3642; x_wconf 68' lang='lat' dir='ltr'><strong>aequi-</strong></span> 
     </span>
    </p>
   </div>
   <div class='ocr_carea' id='block_1_66' title="bbox 566 3650 2154 3728">
    <p class='ocr_par' dir='ltr' id='par_1_66' title="bbox 566 3650 2154 3728">
     <span class='ocr_line' id='line_1_66' title="bbox 566 3650 2154 3728; baseline 0.011 -26"><span class='ocrx_word' id='word_1_470' title='bbox 566 3651 762 3707; x_wconf 83' lang='lat' dir='ltr'><strong>valeat.</strong></span> <span class='ocrx_word' id='word_1_471' title='bbox 791 3650 929 3712; x_wconf 78' lang='lat' dir='ltr'><strong>Hinc</strong></span> <span class='ocrx_word' id='word_1_472' title='bbox 961 3653 1280 3722; x_wconf 84' lang='lat' dir='ltr'><strong>bonitatem,</strong></span> <span class='ocrx_word' id='word_1_473' title='bbox 1308 3671 1405 3714; x_wconf 83' lang='lat' dir='ltr'><strong>seu</strong></span> <span class='ocrx_word' id='word_1_474' title='bbox 1430 3659 1815 3728; x_wconf 88' lang='lat' dir='ltr'><strong>perfectionem</strong></span> <span class='ocrx_word' id='word_1_475' title='bbox 1836 3660 1942 3718; x_wconf 86' lang='lat' dir='ltr'><strong>sibi</strong></span> <span class='ocrx_word' id='word_1_476' title='bbox 1963 3676 2154 3719; x_wconf 80' lang='lat' dir='ltr'><strong>conve-</strong></span> 
     </span>
    </p>
   </div>
   <div class='ocr_carea' id='block_1_67' title="bbox 567 3745 2159 3830">
    <p class='ocr_par' dir='ltr' id='par_1_67' title="bbox 567 3745 2159 3830">
     <span class='ocr_line' id='line_1_67' title="bbox 567 3745 2159 3830; baseline 0.008 -28"><span class='ocrx_word' id='word_1_477' title='bbox 567 3745 804 3802; x_wconf 89' lang='lat' dir='ltr'><strong>nientem</strong></span> <span class='ocrx_word' id='word_1_478' title='bbox 858 3746 1021 3804; x_wconf 82' lang='lat' dir='ltr'><strong>habet</strong></span> <span class='ocrx_word' id='word_1_479' title='bbox 1071 3749 1359 3822; x_wconf 78' lang='lat' dir='ltr'><strong>{omaliter</strong></span> <span class='ocrx_word' id='word_1_480' title='bbox 1411 3751 1512 3825; x_wconf 90' lang='lat' dir='ltr'><strong>(id</strong></span> <span class='ocrx_word' id='word_1_481' title='bbox 1539 3762 1625 3811; x_wconf 91' lang='lat' dir='ltr'><strong>est</strong></span> <span class='ocrx_word' id='word_1_482' title='bbox 1669 3768 1968 3830; x_wconf 80' lang='lat' dir='ltr'><strong>expresse,</strong></span> <span class='ocrx_word' id='word_1_483' title='bbox 1994 3766 2159 3829; x_wconf 80' lang='lat' dir='ltr'><strong>atque</strong></span> 
     </span>
    </p>
   </div>
   <div class='ocr_carea' id='block_1_68' title="bbox 568 3838 2158 3913">
    <p class='ocr_par' dir='ltr' id='par_1_68' title="bbox 568 3838 2158 3913">
     <span class='ocr_line' id='line_1_68' title="bbox 568 3838 2158 3913; baseline 0.009 -20"><span class='ocrx_word' id='word_1_484' title='bbox 568 3838 816 3909; x_wconf 85' lang='lat' dir='ltr'><strong>ipsam),</strong></span> <span class='ocrx_word' id='word_1_485' title='bbox 862 3839 1189 3913; x_wconf 84' lang='lat' dir='ltr'><strong>reliquarum</strong></span> <span class='ocrx_word' id='word_1_486' title='bbox 1240 3851 1421 3900; x_wconf 83' lang='lat' dir='ltr'><strong>autem</strong></span> <span class='ocrx_word' id='word_1_487' title='bbox 1463 3846 1815 3904; x_wconf 85' lang='lat' dir='ltr'><strong>animantium</strong></span> <span class='ocrx_word' id='word_1_488' title='bbox 1860 3849 2158 3908; x_wconf 66' lang='lat' dir='ltr'><strong>eminentior.</strong></span> 
     </span>
    </p>
   </div>
   <div class='ocr_carea' id='block_1_69' title="bbox 572 3929 2162 4014">
    <p class='ocr_par' dir='ltr' id='par_1_69' title="bbox 572 3929 2162 4014">
     <span class='ocr_line' id='line_1_69' title="bbox 572 3929 2162 4014; baseline 0.009 -28"><span class='ocrx_word' id='word_1_489' title='bbox 572 3929 867 3988; x_wconf 83' lang='lat' dir='ltr'><strong>Perfectior</strong></span> <span class='ocrx_word' id='word_1_490' title='bbox 910 3931 1188 3999; x_wconf 90' lang='lat' dir='ltr'><strong>nimirum,</strong></span> <span class='ocrx_word' id='word_1_491' title='bbox 1227 3943 1285 3991; x_wconf 87' lang='lat' dir='ltr'><strong>et</strong></span> <span class='ocrx_word' id='word_1_492' title='bbox 1312 3937 1669 3996; x_wconf 80' lang='lat' dir='ltr'><strong>excellentior</strong></span> <span class='ocrx_word' id='word_1_493' title='bbox 1706 3940 1777 3994; x_wconf 92' lang='lat' dir='ltr'><strong>ob</strong></span> <span class='ocrx_word' id='word_1_494' title='bbox 1815 3940 2052 4014; x_wconf 84' lang='lat' dir='ltr'><strong>ingenii,</strong></span> <span class='ocrx_word' id='word_1_495' title='bbox 2103 3952 2162 4001; x_wconf 88' lang='lat' dir='ltr'><strong>et</strong></span> 
     </span>
    </p>
   </div>
   <div class='ocr_carea' id='block_1_70' title="bbox 568 4023 2162 4104">
    <p class='ocr_par' dir='ltr' id='par_1_70' title="bbox 568 4023 2162 4104">
     <span class='ocr_line' id='line_1_70' title="bbox 568 4023 2162 4104; baseline 0.009 -25"><span class='ocrx_word' id='word_1_496' title='bbox 568 4023 735 4080; x_wconf 89' lang='lat' dir='ltr'><strong>animi</strong></span> <span class='ocrx_word' id='word_1_497' title='bbox 768 4023 913 4081; x_wconf 85' lang='lat' dir='ltr'><strong>vires</strong></span> <span class='ocrx_word' id='word_1_498' title='bbox 954 4032 1040 4082; x_wconf 87' lang='lat' dir='ltr'><strong>est</strong></span> <span class='ocrx_word' id='word_1_499' title='bbox 1079 4026 1467 4097; x_wconf 86' lang='lat' dir='ltr'><strong>animantibus,</strong></span> <span class='ocrx_word' id='word_1_500' title='bbox 1491 4046 1629 4103; x_wconf 86' lang='lat' dir='ltr'><strong>quas</strong></span> <span class='ocrx_word' id='word_1_501' title='bbox 1662 4032 1899 4104; x_wconf 88' lang='lat' dir='ltr'><strong>ingenio,</strong></span> <span class='ocrx_word' id='word_1_502' title='bbox 1938 4046 1994 4091; x_wconf 89' lang='lat' dir='ltr'><strong>ut</strong></span> <span class='ocrx_word' id='word_1_503' title='bbox 2022 4036 2162 4093; x_wconf 82' lang='lat' dir='ltr'><strong>dixi-</strong></span> 
     </span>
    </p>
   </div>
   <div class='ocr_carea' id='block_1_71' title="bbox 574 4120 2161 4198">
    <p class='ocr_par' dir='ltr' id='par_1_71' title="bbox 574 4120 2161 4198">
     <span class='ocr_line' id='line_1_71' title="bbox 574 4120 2161 4198; baseline 0.008 -26"><span class='ocrx_word' id='word_1_504' title='bbox 574 4130 718 4184; x_wconf 85' lang='lat' dir='ltr'><strong>mus,</strong></span> <span class='ocrx_word' id='word_1_505' title='bbox 746 4128 803 4175; x_wconf 90' lang='lat' dir='ltr'><strong>et</strong></span> <span class='ocrx_word' id='word_1_506' title='bbox 824 4126 944 4174; x_wconf 88' lang='lat' dir='ltr'><strong>arte</strong></span> <span class='ocrx_word' id='word_1_507' title='bbox 967 4127 1209 4192; x_wconf 86' lang='lat' dir='ltr'><strong>superat,</strong></span> <span class='ocrx_word' id='word_1_508' title='bbox 1240 4122 1286 4177; x_wconf 88' lang='lat' dir='ltr'><strong>si</strong></span> <span class='ocrx_word' id='word_1_509' title='bbox 1314 4120 1629 4182; x_wconf 76' lang='lat' dir='ltr'><strong>fortitudine</strong></span> <span class='ocrx_word' id='word_1_510' title='bbox 1667 4136 1958 4198; x_wconf 84' lang='lat' dir='ltr'><strong>superatur</strong></span> <span class='ocrx_word' id='word_1_511' title='bbox 1986 4146 2001 4183; x_wconf 89' lang='lat'><strong>:</strong></span> <span class='ocrx_word' id='word_1_512' title='bbox 2034 4127 2161 4186; x_wconf 90' lang='lat' dir='ltr'><strong>hinc</strong></span> 
     </span>
    </p>
   </div>
   <div class='ocr_carea' id='block_1_72' title="bbox 569 4209 2158 4290">
    <p class='ocr_par' dir='ltr' id='par_1_72' title="bbox 569 4209 2158 4290">
     <span class='ocr_line' id='line_1_72' title="bbox 569 4209 2158 4290; baseline 0.006 -23"><span class='ocrx_word' id='word_1_513' title='bbox 569 4209 741 4267; x_wconf 83' lang='lat' dir='ltr'><strong>multo</strong></span> <span class='ocrx_word' id='word_1_514' title='bbox 769 4209 961 4268; x_wconf 85' lang='lat' dir='ltr'><strong>melius</strong></span> <span class='ocrx_word' id='word_1_515' title='bbox 982 4220 1068 4270; x_wconf 89' lang='lat' dir='ltr'><strong>est</strong></span> <span class='ocrx_word' id='word_1_516' title='bbox 1090 4213 1365 4271; x_wconf 81' lang='lat' dir='ltr'><strong>hominem</strong></span> <span class='ocrx_word' id='word_1_517' title='bbox 1408 4230 1555 4284; x_wconf 84' lang='lat' dir='ltr'><strong>esse,</strong></span> <span class='ocrx_word' id='word_1_518' title='bbox 1601 4233 1763 4290; x_wconf 91' lang='lat' dir='ltr'><strong>quam</strong></span> <span class='ocrx_word' id='word_1_519' title='bbox 1795 4219 2006 4278; x_wconf 79' lang='lat' dir='ltr'><strong>leonem</strong></span> <span class='ocrx_word' id='word_1_520' title='bbox 2024 4265 2041 4289; x_wconf 93' lang='lat'><strong>,</strong></span> <span class='ocrx_word' id='word_1_521' title='bbox 2071 4238 2158 4277; x_wconf 85' lang='lat' dir='ltr'><strong>ur-</strong></span> 
     </span>
    </p>
   </div>
   <div class='ocr_carea' id='block_1_73' title="bbox 569 4304 2159 4380">
    <p class='ocr_par' dir='ltr' id='par_1_73' title="bbox 569 4304 2159 4380">
     <span class='ocr_line' id='line_1_73' title="bbox 569 4304 2159 4380; baseline 0.008 -21"><span class='ocrx_word' id='word_1_522' title='bbox 569 4320 708 4372; x_wconf 76' lang='lat' dir='ltr'><strong>sum,</strong></span> <span class='ocrx_word' id='word_1_523' title='bbox 740 4313 835 4377; x_wconf 85' lang='lat' dir='ltr'><strong>aut</strong></span> <span class='ocrx_word' id='word_1_524' title='bbox 852 4304 1013 4365; x_wconf 82' lang='lat' dir='ltr'><strong>aliam</strong></span> <span class='ocrx_word' id='word_1_525' title='bbox 1041 4308 1342 4380; x_wconf 87' lang='lat' dir='ltr'><strong>quamlibet</strong></span> <span class='ocrx_word' id='word_1_526' title='bbox 1363 4310 1690 4369; x_wconf 86' lang='lat' dir='ltr'><strong>animantem</strong></span> <span class='ocrx_word' id='word_1_527' title='bbox 1718 4312 1951 4370; x_wconf 83' lang='lat' dir='ltr'><strong>brutam.</strong></span> <span class='ocrx_word' id='word_1_528' title='bbox 1983 4314 2159 4374; x_wconf 79' lang='lat' dir='ltr'><strong>liabet</strong></span> 
     </span>
    </p>
   </div>
   <div class='ocr_carea' id='block_1_74' title="bbox 570 4401 2163 4482">
    <p class='ocr_par' dir='ltr' id='par_1_74' title="bbox 570 4401 2163 4482">
     <span class='ocr_line' id='line_1_74' title="bbox 570 4401 2163 4482; baseline 0.008 -28"><span class='ocrx_word' id='word_1_529' title='bbox 570 4401 773 4473; x_wconf 87' lang='lat' dir='ltr'><strong>pariter</strong></span> <span class='ocrx_word' id='word_1_530' title='bbox 784 4401 1057 4475; x_wconf 84' lang='lat' dir='ltr'><strong>egregiam</strong></span> <span class='ocrx_word' id='word_1_531' title='bbox 1078 4404 1266 4476; x_wconf 81' lang='lat' dir='ltr'><strong>generi</strong></span> <span class='ocrx_word' id='word_1_532' title='bbox 1292 4419 1395 4461; x_wconf 89' lang='lat' dir='ltr'><strong>suo</strong></span> <span class='ocrx_word' id='word_1_533' title='bbox 1420 4407 1834 4464; x_wconf 89' lang='lat' dir='ltr'><strong>convenientem</strong></span> <span class='ocrx_word' id='word_1_534' title='bbox 1855 4409 2163 4482; x_wconf 81' lang='lat' dir='ltr'><strong>pulchritu-</strong></span> 
     </span>
    </p>
   </div>
   <div class='ocr_carea' id='block_1_75' title="bbox 566 4494 2161 4575">
    <p class='ocr_par' dir='ltr' id='par_1_75' title="bbox 566 4494 2161 4575">
     <span class='ocr_line' id='line_1_75' title="bbox 566 4494 2161 4575; baseline 0.008 -25"><span class='ocrx_word' id='word_1_535' title='bbox 566 4494 772 4563; x_wconf 80' lang='lat' dir='ltr'><strong>dinem,</strong></span> <span class='ocrx_word' id='word_1_536' title='bbox 792 4505 849 4552; x_wconf 91' lang='lat' dir='ltr'><strong>ut</strong></span> <span class='ocrx_word' id='word_1_537' title='bbox 874 4498 919 4554; x_wconf 87' lang='lat' dir='ltr'><strong>si</strong></span> <span class='ocrx_word' id='word_1_538' title='bbox 958 4511 1080 4553; x_wconf 89' lang='lat' dir='ltr'><strong>eam</strong></span> <span class='ocrx_word' id='word_1_539' title='bbox 1115 4498 1426 4570; x_wconf 84' lang='lat' dir='ltr'><strong>diligentius</strong></span> <span class='ocrx_word' id='word_1_540' title='bbox 1451 4502 1777 4572; x_wconf 76' lang='lat' dir='ltr'><strong>perpendas,</strong></span> <span class='ocrx_word' id='word_1_541' title='bbox 1809 4504 1956 4559; x_wconf 90' lang='lat' dir='ltr'><strong>illam</strong></span> <span class='ocrx_word' id='word_1_542' title='bbox 1987 4505 2161 4575; x_wconf 80' lang='lat' dir='ltr'><strong>ipsam</strong></span> 
     </span>
    </p>
   </div>
   <div class='ocr_carea' id='block_1_76' title="bbox 568 4589 2164 4670">
    <p class='ocr_par' dir='ltr' id='par_1_76' title="bbox 568 4589 2164 4670">
     <span class='ocr_line' id='line_1_76' title="bbox 568 4589 2164 4670; baseline 0.008 -29"><span class='ocrx_word' id='word_1_543' title='bbox 568 4596 807 4659; x_wconf 80' lang='lat' dir='ltr'><strong>superet,</strong></span> <span class='ocrx_word' id='word_1_544' title='bbox 831 4605 991 4661; x_wconf 87' lang='lat' dir='ltr'><strong>quam</strong></span> <span class='ocrx_word' id='word_1_545' title='bbox 1013 4589 1176 4649; x_wconf 83' lang='lat' dir='ltr'><strong>habet</strong></span> <span class='ocrx_word' id='word_1_546' title='bbox 1196 4607 1346 4665; x_wconf 87' lang='lat' dir='ltr'><strong>ager,</strong></span> <span class='ocrx_word' id='word_1_547' title='bbox 1371 4605 1424 4649; x_wconf 91' lang='lat' dir='ltr'><strong>et</strong></span> <span class='ocrx_word' id='word_1_548' title='bbox 1451 4594 1499 4651; x_wconf 88' lang='lat' dir='ltr'><strong>si</strong></span> <span class='ocrx_word' id='word_1_549' title='bbox 1521 4609 1625 4665; x_wconf 86' lang='lat' dir='ltr'><strong>qua</strong></span> <span class='ocrx_word' id='word_1_550' title='bbox 1648 4608 1772 4652; x_wconf 83' lang='lat' dir='ltr'><strong>sunt</strong></span> <span class='ocrx_word' id='word_1_551' title='bbox 1792 4595 1899 4652; x_wconf 78' lang='lat' dir='ltr'><strong>alia</strong></span> <span class='ocrx_word' id='word_1_552' title='bbox 1945 4599 2164 4670; x_wconf 83' lang='lat' dir='ltr'><strong>egregia</strong></span> 
     </span>
    </p>
   </div>
   <div class='ocr_carea' id='block_1_77' title="bbox 564 4672 2161 4760">
    <p class='ocr_par' dir='ltr' id='par_1_77' title="bbox 564 4672 2161 4760">
     <span class='ocr_line' id='line_1_77' title="bbox 564 4672 2161 4760; baseline 0.007 -23"><span class='ocrx_word' id='word_1_553' title='bbox 564 4683 748 4752; x_wconf 70' lang='lat' dir='ltr'><strong>Specie</strong></span> <span class='ocrx_word' id='word_1_554' title='bbox 775 4684 1019 4756; x_wconf 69' lang='lat' dir='ltr'><strong>praedita.</strong></span> <span class='ocrx_word' id='word_1_555' title='bbox 1050 4684 1177 4743; x_wconf 63' lang='lat' dir='ltr'><strong>Hac</strong></span> <span class='ocrx_word' id='word_1_556' title='bbox 1204 4703 1325 4760; x_wconf 71' lang='lat' dir='ltr'><strong>quae</strong></span> <span class='ocrx_word' id='word_1_557' title='bbox 1356 4672 1816 4748; x_wconf 80' lang='lat' dir='ltr'><strong>Scholasticorum</strong></span> <span class='ocrx_word' id='word_1_558' title='bbox 1854 4708 2007 4749; x_wconf 84' lang='lat' dir='ltr'><strong>more</strong></span> <span class='ocrx_word' id='word_1_559' title='bbox 2032 4696 2161 4751; x_wconf 70' lang='lat' dir='ltr'><strong>llIc&#39;</strong></span> 
     </span>
    </p>
   </div>
   <div class='ocr_carea' id='block_1_78' title="bbox 2267 3473 3867 3555">
    <p class='ocr_par' dir='ltr' id='par_1_78' title="bbox 2267 3473 3867 3555">
     <span class='ocr_line' id='line_1_78' title="bbox 2267 3473 3867 3555; baseline -0.007 -17"><span class='ocrx_word' id='word_1_560' title='bbox 2267 3498 2375 3555; x_wconf 86' lang='lat' dir='ltr'><strong>qua</strong></span> <span class='ocrx_word' id='word_1_561' title='bbox 2407 3481 2641 3555; x_wconf 83' lang='lat' dir='ltr'><strong>agimus,</strong></span> <span class='ocrx_word' id='word_1_562' title='bbox 2690 3479 2925 3535; x_wconf 86' lang='lat' dir='ltr'><strong>hominis</strong></span> <span class='ocrx_word' id='word_1_563' title='bbox 2971 3477 3327 3545; x_wconf 77' lang='lat' dir='ltr'><strong>excellentia,</strong></span> <span class='ocrx_word' id='word_1_564' title='bbox 3374 3485 3429 3532; x_wconf 89' lang='lat' dir='ltr'><strong>et</strong></span> <span class='ocrx_word' id='word_1_565' title='bbox 3478 3473 3867 3547; x_wconf 82' lang='lat' dir='ltr'><strong>perfectionuui</strong></span> 
     </span>
    </p>
   </div>
   <div class='ocr_carea' id='block_1_79' title="bbox 2266 3566 3685 3647">
    <p class='ocr_par' dir='ltr' id='par_1_79' title="bbox 2266 3566 3685 3647">
     <span class='ocr_line' id='line_1_79' title="bbox 2266 3566 3685 3647; baseline -0.008 -12"><span class='ocrx_word' id='word_1_566' title='bbox 2266 3577 2508 3635; x_wconf 79' lang='lat' dir='ltr'><strong>amnium</strong></span> <span class='ocrx_word' id='word_1_567' title='bbox 2534 3574 2914 3647; x_wconf 85' lang='lat' dir='ltr'><strong>complexione</strong></span> <span class='ocrx_word' id='word_1_568' title='bbox 2936 3571 3062 3645; x_wconf 70' lang='lat' dir='ltr'><strong>iure</strong></span> <span class='ocrx_word' id='word_1_569' title='bbox 3088 3585 3154 3627; x_wconf 87' lang='lat' dir='ltr'><strong>ac</strong></span> <span class='ocrx_word' id='word_1_570' title='bbox 3183 3569 3378 3627; x_wconf 89' lang='lat' dir='ltr'><strong>merito</strong></span> <span class='ocrx_word' id='word_1_571' title='bbox 3405 3566 3685 3624; x_wconf 86' lang='lat' dir='ltr'><strong>collocari.</strong></span> 
     </span>
    </p>
   </div>
   <div class='ocr_carea' id='block_1_80' title="bbox 2340 3662 3869 3737">
    <p class='ocr_par' dir='ltr' id='par_1_80' title="bbox 2340 3662 3869 3737">
     <span class='ocr_line' id='line_1_80' title="bbox 2340 3662 3869 3737; baseline -0.007 -10"><span class='ocrx_word' id='word_1_572' title='bbox 2340 3673 2424 3727; x_wconf 78' lang='lat' dir='ltr'><strong>An</strong></span> <span class='ocrx_word' id='word_1_573' title='bbox 2454 3686 2561 3726; x_wconf 89' lang='lat' dir='ltr'><strong>nou</strong></span> <span class='ocrx_word' id='word_1_574' title='bbox 2598 3668 2793 3737; x_wconf 87' lang='lat' dir='ltr'><strong>etiam,</strong></span> <span class='ocrx_word' id='word_1_575' title='bbox 2824 3679 2885 3723; x_wconf 89' lang='lat' dir='ltr'><strong>ut</strong></span> <span class='ocrx_word' id='word_1_576' title='bbox 2912 3668 2982 3724; x_wconf 89' lang='lat' dir='ltr'><strong>ad</strong></span> <span class='ocrx_word' id='word_1_577' title='bbox 3024 3665 3469 3737; x_wconf 71' lang='lat' dir='ltr'><strong>prmclarissimos</strong></span> <span class='ocrx_word' id='word_1_578' title='bbox 3518 3662 3869 3719; x_wconf 68' lang='lat' dir='ltr'><strong>Hebraeorum</strong></span> 
     </span>
    </p>
   </div>
   <div class='ocr_carea' id='block_1_81' title="bbox 2270 3754 3868 3837">
    <p class='ocr_par' dir='ltr' id='par_1_81' title="bbox 2270 3754 3868 3837">
     <span class='ocr_line' id='line_1_81' title="bbox 2270 3754 3868 3837; baseline -0.008 -14"><span class='ocrx_word' id='word_1_579' title='bbox 2270 3766 2566 3837; x_wconf 85' lang='lat' dir='ltr'><strong>scriptores</strong></span> <span class='ocrx_word' id='word_1_580' title='bbox 2595 3778 2904 3820; x_wconf 87' lang='lat' dir='ltr'><strong>sermonem</strong></span> <span class='ocrx_word' id='word_1_581' title='bbox 2937 3775 3152 3832; x_wconf 85' lang='lat' dir='ltr'><strong>quoque</strong></span> <span class='ocrx_word' id='word_1_582' title='bbox 3170 3768 3583 3822; x_wconf 73' lang='lat' dir='ltr'><strong>convertemus,</strong></span> <span class='ocrx_word' id='word_1_583' title='bbox 3618 3754 3670 3813; x_wconf 90' lang='lat' dir='ltr'><strong>id</strong></span> <span class='ocrx_word' id='word_1_584' title='bbox 3694 3756 3868 3825; x_wconf 83' lang='lat' dir='ltr'><strong>ipsum</strong></span> 
     </span>
    </p>
   </div>
   <div class='ocr_carea' id='block_1_82' title="bbox 2270 3849 3864 3929">
    <p class='ocr_par' dir='ltr' id='par_1_82' title="bbox 2270 3849 3864 3929">
     <span class='ocr_line' id='line_1_82' title="bbox 2270 3849 3864 3929; baseline -0.008 -13"><span class='ocrx_word' id='word_1_585' title='bbox 2270 3859 2438 3916; x_wconf 88' lang='lat' dir='ltr'><strong>tradit</strong></span> <span class='ocrx_word' id='word_1_586' title='bbox 2456 3858 2633 3924; x_wconf 85' lang='lat' dir='ltr'><strong>Philo,</strong></span> <span class='ocrx_word' id='word_1_587' title='bbox 2655 3870 2817 3929; x_wconf 87' lang='lat' dir='ltr'><strong>quem</strong></span> <span class='ocrx_word' id='word_1_588' title='bbox 2843 3853 3156 3912; x_wconf 68' lang='lat' dir='ltr'><strong>Julia-orum</strong></span> <span class='ocrx_word' id='word_1_589' title='bbox 3180 3851 3600 3909; x_wconf 83' lang='lat' dir='ltr'><strong>disertissimum</strong></span> <span class='ocrx_word' id='word_1_590' title='bbox 3627 3849 3864 3923; x_wconf 67' lang='lat' dir='ltr'><strong>appellat</strong></span> 
     </span>
    </p>
   </div>
   <div class='ocr_carea' id='block_1_83' title="bbox 2270 3942 3874 4027">
    <p class='ocr_par' dir='ltr' id='par_1_83' title="bbox 2270 3942 3874 4027">
     <span class='ocr_line' id='line_1_83' title="bbox 2270 3942 3874 4027; baseline -0.006 -15"><span class='ocrx_word' id='word_1_591' title='bbox 2270 3953 2635 4027; x_wconf 80' lang='lat' dir='ltr'><strong>Hieronymus</strong></span> <span class='ocrx_word' id='word_1_592' title='bbox 2664 3948 2771 4024; x_wconf 85' lang='lat' dir='ltr'><strong>(De</strong></span> <span class='ocrx_word' id='word_1_593' title='bbox 2812 3948 2950 4006; x_wconf 79' lang='lat' dir='ltr'><strong>Viris</strong></span> <span class='ocrx_word' id='word_1_594' title='bbox 2976 3947 3221 4004; x_wconf 72' lang='lat' dir='ltr'><strong>illustrib.</strong></span> <span class='ocrx_word' id='word_1_595' title='bbox 3246 3963 3368 4017; x_wconf 88' lang='lat' dir='ltr'><strong>cap.</strong></span> <span class='ocrx_word' id='word_1_596' title='bbox 3396 3945 3480 4017; x_wconf 69' lang='grc' dir='ltr'><strong>Ξ),</strong></span> <span class='ocrx_word' id='word_1_597' title='bbox 3507 3945 3637 4003; x_wconf 87' lang='lat' dir='ltr'><strong>dum</strong></span> <span class='ocrx_word' id='word_1_598' title='bbox 3663 3958 3730 4000; x_wconf 83' lang='lat' dir='ltr'><strong>ea</strong></span> <span class='ocrx_word' id='word_1_599' title='bbox 3766 3942 3874 4003; x_wconf 73' lang='grc' dir='ltr'><strong>ιωυ</strong></span> 
     </span>
    </p>
   </div>
   <div class='ocr_carea' id='block_1_84' title="bbox 2270 4038 3872 4121">
    <p class='ocr_par' dir='ltr' id='par_1_84' title="bbox 2270 4038 3872 4121">
     <span class='ocr_line' id='line_1_84' title="bbox 2270 4038 3872 4121; baseline -0.009 -15"><span class='ocrx_word' id='word_1_600' title='bbox 2270 4064 2436 4121; x_wconf 86' lang='lat' dir='ltr'><strong>super</strong></span> <span class='ocrx_word' id='word_1_601' title='bbox 2472 4054 2792 4119; x_wconf 79' lang='lat' dir='ltr'><strong>argumento</strong></span> <span class='ocrx_word' id='word_1_602' title='bbox 2830 4041 3023 4111; x_wconf 83' lang='lat' dir='ltr'><strong>tradit,</strong></span> <span class='ocrx_word' id='word_1_603' title='bbox 3067 4057 3189 4113; x_wconf 76' lang='lat' dir='ltr'><strong>quae</strong></span> <span class='ocrx_word' id='word_1_604' title='bbox 3225 4056 3349 4097; x_wconf 85' lang='lat' dir='ltr'><strong>cum</strong></span> <span class='ocrx_word' id='word_1_605' title='bbox 3390 4040 3519 4097; x_wconf 88' lang='lat' dir='ltr'><strong>alibi</strong></span> <span class='ocrx_word' id='word_1_606' title='bbox 3550 4038 3829 4096; x_wconf 77' lang='lat' dir='ltr'><strong>retulerim</strong></span> <span class='ocrx_word' id='word_1_607' title='bbox 3853 4076 3872 4105; x_wconf 95' lang='lat'><strong>,</strong></span> 
     </span>
    </p>
   </div>
   <div class='ocr_carea' id='block_1_85' title="bbox 2272 4133 3875 4214">
    <p class='ocr_par' dir='ltr' id='par_1_85' title="bbox 2272 4133 3875 4214">
     <span class='ocr_line' id='line_1_85' title="bbox 2272 4133 3875 4214; baseline -0.008 -14"><span class='ocrx_word' id='word_1_608' title='bbox 2272 4143 2362 4200; x_wconf 87' lang='lat' dir='ltr'><strong>hic</strong></span> <span class='ocrx_word' id='word_1_609' title='bbox 2407 4150 2655 4214; x_wconf 87' lang='lat' dir='ltr'><strong>repetere</strong></span> <span class='ocrx_word' id='word_1_610' title='bbox 2711 4156 2819 4198; x_wconf 90' lang='lat' dir='ltr'><strong>non</strong></span> <span class='ocrx_word' id='word_1_611' title='bbox 2859 4146 2950 4198; x_wconf 85' lang='lat' dir='ltr'><strong>est</strong></span> <span class='ocrx_word' id='word_1_612' title='bbox 2993 4138 3264 4197; x_wconf 81' lang='lat' dir='ltr'><strong>necesse?</strong></span> <span class='ocrx_word' id='word_1_613' title='bbox 3313 4135 3391 4192; x_wconf 77' lang='lat' dir='ltr'><strong>Ea</strong></span> <span class='ocrx_word' id='word_1_614' title='bbox 3440 4144 3621 4191; x_wconf 83' lang='lat' dir='ltr'><strong>tamen</strong></span> <span class='ocrx_word' id='word_1_615' title='bbox 3671 4133 3875 4190; x_wconf 87' lang='lat' dir='ltr'><strong>recolat</strong></span> 
     </span>
    </p>
   </div>
   <div class='ocr_carea' id='block_1_86' title="bbox 2274 4237 2493 4295">
    <p class='ocr_par' dir='ltr' id='par_1_86' title="bbox 2274 4237 2493 4295">
     <span class='ocr_line' id='line_1_86' title="bbox 2274 4237 2493 4295; baseline -0.014 0"><span class='ocrx_word' id='word_1_616' title='bbox 2274 4237 2493 4295; x_wconf 76' lang='lat' dir='ltr'><strong>Lector.</strong></span> 
     </span>
    </p>
   </div>
   <div class='ocr_carea' id='block_1_87' title="bbox 2346 4319 3872 4386">
    <p class='ocr_par' dir='ltr' id='par_1_87' title="bbox 2346 4319 3872 4386">
     <span class='ocr_line' id='line_1_87' title="bbox 2346 4319 3872 4386; baseline -0.006 -1"><span class='ocrx_word' id='word_1_617' title='bbox 2346 4326 2437 4386; x_wconf 84' lang='lat'><strong>57.</strong></span> <span class='ocrx_word' id='word_1_618' title='bbox 2489 4328 2585 4385; x_wconf 86' lang='lat' dir='ltr'><strong>llis</strong></span> <span class='ocrx_word' id='word_1_619' title='bbox 2619 4326 2931 4385; x_wconf 84' lang='lat' dir='ltr'><strong>constitutis</strong></span> <span class='ocrx_word' id='word_1_620' title='bbox 2974 4326 3171 4384; x_wconf 86' lang='lat' dir='ltr'><strong>mirum</strong></span> <span class='ocrx_word' id='word_1_621' title='bbox 3200 4338 3309 4381; x_wconf 89' lang='lat' dir='ltr'><strong>non</strong></span> <span class='ocrx_word' id='word_1_622' title='bbox 3335 4331 3450 4386; x_wconf 85' lang='lat' dir='ltr'><strong>est.</strong></span> <span class='ocrx_word' id='word_1_623' title='bbox 3481 4322 3527 4379; x_wconf 86' lang='lat' dir='ltr'><strong>si</strong></span> <span class='ocrx_word' id='word_1_624' title='bbox 3552 4329 3747 4378; x_wconf 86' lang='lat' dir='ltr'><strong>cuncta</strong></span> <span class='ocrx_word' id='word_1_625' title='bbox 3776 4319 3872 4378; x_wconf 84' lang='lat' dir='ltr'><strong>bo-</strong></span> 
     </span>
    </p>
   </div>
   <div class='ocr_carea' id='block_1_88' title="bbox 2274 4414 3876 4490">
    <p class='ocr_par' dir='ltr' id='par_1_88' title="bbox 2274 4414 3876 4490">
     <span class='ocr_line' id='line_1_88' title="bbox 2274 4414 3876 4490; baseline -0.007 -10"><span class='ocrx_word' id='word_1_626' title='bbox 2274 4424 2411 4482; x_wconf 87' lang='lat' dir='ltr'><strong>miui</strong></span> <span class='ocrx_word' id='word_1_627' title='bbox 2443 4420 2778 4486; x_wconf 80' lang='lat' dir='ltr'><strong>subdiderit,</strong></span> <span class='ocrx_word' id='word_1_628' title='bbox 2808 4430 2899 4478; x_wconf 90' lang='lat' dir='ltr'><strong>aut</strong></span> <span class='ocrx_word' id='word_1_629' title='bbox 2928 4430 3078 4478; x_wconf 79' lang='lat' dir='ltr'><strong>certe</strong></span> <span class='ocrx_word' id='word_1_630' title='bbox 3121 4418 3515 4490; x_wconf 82' lang='lat' dir='ltr'><strong>obsequentes,</strong></span> <span class='ocrx_word' id='word_1_631' title='bbox 3547 4414 3876 4473; x_wconf 85' lang='lat' dir='ltr'><strong>subsidium-</strong></span> 
     </span>
    </p>
   </div>
   <div class='ocr_carea' id='block_1_89' title="bbox 2275 4509 3874 4590">
    <p class='ocr_par' dir='ltr' id='par_1_89' title="bbox 2275 4509 3874 4590">
     <span class='ocr_line' id='line_1_89' title="bbox 2275 4509 3874 4590; baseline -0.005 -17"><span class='ocrx_word' id='word_1_632' title='bbox 2275 4532 2411 4590; x_wconf 89' lang='lat' dir='ltr'><strong>que,</strong></span> <span class='ocrx_word' id='word_1_633' title='bbox 2444 4526 2607 4589; x_wconf 86' lang='lat' dir='ltr'><strong>atque</strong></span> <span class='ocrx_word' id='word_1_634' title='bbox 2647 4529 2808 4587; x_wconf 84' lang='lat' dir='ltr'><strong>opem</strong></span> <span class='ocrx_word' id='word_1_635' title='bbox 2846 4513 3169 4571; x_wconf 83' lang='lat' dir='ltr'><strong>familiarem</strong></span> <span class='ocrx_word' id='word_1_636' title='bbox 3199 4513 3365 4587; x_wconf 85' lang='lat' dir='ltr'><strong>(pene</strong></span> <span class='ocrx_word' id='word_1_637' title='bbox 3406 4512 3675 4581; x_wconf 85' lang='lat' dir='ltr'><strong>dixeram)</strong></span> <span class='ocrx_word' id='word_1_638' title='bbox 3723 4509 3874 4566; x_wconf 60' lang='lat' dir='ltr'><strong>deleo</strong></span> 
     </span>
    </p>
   </div>
   <div class='ocr_carea' id='block_1_90' title="bbox 2274 4602 3871 4679">
    <p class='ocr_par' dir='ltr' id='par_1_90' title="bbox 2274 4602 3871 4679">
     <span class='ocr_line' id='line_1_90' title="bbox 2274 4602 3871 4679; baseline -0.008 -12"><span class='ocrx_word' id='word_1_639' title='bbox 2274 4619 2463 4668; x_wconf 71' lang='lat' dir='ltr'><strong>sentes</strong></span> <span class='ocrx_word' id='word_1_640' title='bbox 2487 4606 2768 4667; x_wconf 70' lang='lat' dir='ltr'><strong>creaturas</strong></span> <span class='ocrx_word' id='word_1_641' title='bbox 2795 4609 3031 4679; x_wconf 86' lang='lat' dir='ltr'><strong>reliquas</strong></span> <span class='ocrx_word' id='word_1_642' title='bbox 3056 4620 3180 4664; x_wconf 83' lang='lat' dir='ltr'><strong>esse</strong></span> <span class='ocrx_word' id='word_1_643' title='bbox 3203 4602 3445 4677; x_wconf 82' lang='lat' dir='ltr'><strong>jusserit,</strong></span> <span class='ocrx_word' id='word_1_644' title='bbox 3477 4613 3639 4674; x_wconf 85' lang='lat' dir='ltr'><strong>atque</strong></span> <span class='ocrx_word' id='word_1_645' title='bbox 3662 4616 3726 4657; x_wconf 89' lang='lat' dir='ltr'><strong>ea</strong></span> <span class='ocrx_word' id='word_1_646' title='bbox 3755 4602 3871 4671; x_wconf 78' lang='lat' dir='ltr'><strong>ipsa</strong></span> 
     </span>
    </p>
   </div>
   <div class='ocr_carea' id='block_1_91' title="bbox 2277 4694 3875 4762">
    <p class='ocr_par' dir='ltr' id='par_1_91' title="bbox 2277 4694 3875 4762">
     <span class='ocr_line' id='line_1_91' title="bbox 2277 4694 3875 4762; baseline -0.006 -4"><span class='ocrx_word' id='word_1_647' title='bbox 2277 4704 2335 4759; x_wconf 91' lang='lat' dir='ltr'><strong>in</strong></span> <span class='ocrx_word' id='word_1_648' title='bbox 2359 4719 2421 4762; x_wconf 90' lang='lat' dir='ltr'><strong>re</strong></span> <span class='ocrx_word' id='word_1_649' title='bbox 2444 4706 2529 4760; x_wconf 77' lang='lat' dir='ltr'><strong>sui</strong></span> <span class='ocrx_word' id='word_1_650' title='bbox 2556 4701 2790 4760; x_wconf 80' lang='lat' dir='ltr'><strong>similem</strong></span> <span class='ocrx_word' id='word_1_651' title='bbox 2816 4715 2939 4759; x_wconf 89' lang='lat' dir='ltr'><strong>esse</strong></span> <span class='ocrx_word' id='word_1_652' title='bbox 2970 4700 3221 4758; x_wconf 82' lang='lat' dir='ltr'><strong>voluerit.</strong></span> <span class='ocrx_word' id='word_1_653' title='bbox 3252 4697 3338 4754; x_wconf 75' lang='lat' dir='ltr'><strong>Au</strong></span> <span class='ocrx_word' id='word_1_654' title='bbox 3358 4712 3423 4754; x_wconf 89' lang='lat' dir='ltr'><strong>ea</strong></span> <span class='ocrx_word' id='word_1_655' title='bbox 3450 4696 3520 4755; x_wconf 82' lang='lat' dir='ltr'><strong>de</strong></span> <span class='ocrx_word' id='word_1_656' title='bbox 3542 4710 3601 4752; x_wconf 87' lang='lat' dir='ltr'><strong>re</strong></span> <span class='ocrx_word' id='word_1_657' title='bbox 3621 4694 3875 4750; x_wconf 78' lang='lat' dir='ltr'><strong>dubitas?</strong></span> 
     </span>
    </p>
   </div>
   <div class='ocr_carea' id='block_1_92' title="bbox 567 4782 3877 4870">
    <p class='ocr_par' dir='ltr' id='par_1_92' title="bbox 567 4782 3877 4870">
     <span class='ocr_line' id='line_1_92' title="bbox 567 4782 3877 4870; baseline 0.004 -40"><span class='ocrx_word' id='word_1_658' title='bbox 567 4788 722 4833; x_wconf 81' lang='lat' dir='ltr'><strong>tenus</strong></span> <span class='ocrx_word' id='word_1_659' title='bbox 761 4792 881 4835; x_wconf 85' lang='lat' dir='ltr'><strong>sum</strong></span> <span class='ocrx_word' id='word_1_660' title='bbox 905 4789 1245 4849; x_wconf 81' lang='lat' dir='ltr'><strong>prosecutus,</strong></span> <span class='ocrx_word' id='word_1_661' title='bbox 1277 4783 1471 4839; x_wconf 82' lang='lat' dir='ltr'><strong>vetusti</strong></span> <span class='ocrx_word' id='word_1_662' title='bbox 1496 4782 1683 4841; x_wconf 84' lang='lat' dir='ltr'><strong>Patres</strong></span> <span class='ocrx_word' id='word_1_663' title='bbox 1716 4783 1986 4841; x_wconf 72' lang='lat' dir='ltr'><strong>interdum</strong></span> <span class='ocrx_word' id='word_1_664' title='bbox 2017 4786 2155 4843; x_wconf 86' lang='lat' dir='ltr'><strong>indi-</strong></span> <span class='ocrx_word' id='word_1_665' title='bbox 2184 4787 2242 4851; x_wconf 82' lang='grc' dir='ltr'><strong>ι)</strong></span> <span class='ocrx_word' id='word_1_666' title='bbox 2268 4800 2416 4859; x_wconf 58' lang='lat' dir='ltr'><strong>Audi</strong></span> <span class='ocrx_word' id='word_1_667' title='bbox 2468 4798 2758 4857; x_wconf 75' lang='lat' dir='ltr'><strong>Dominum</strong></span> <span class='ocrx_word' id='word_1_668' title='bbox 2797 4798 2976 4870; x_wconf 85' lang='lat' dir='ltr'><strong>ipsum</strong></span> <span class='ocrx_word' id='word_1_669' title='bbox 3013 4797 3133 4855; x_wconf 63' lang='lat' dir='ltr'><strong>haec</strong></span> <span class='ocrx_word' id='word_1_670' title='bbox 3176 4795 3525 4867; x_wconf 80' lang='lat' dir='ltr'><strong>eloquentem</strong></span> <span class='ocrx_word' id='word_1_671' title='bbox 3575 4789 3785 4863; x_wconf 66' lang='lat' dir='ltr'><strong>(Grues.</strong></span> <span class='ocrx_word' id='word_1_672' title='bbox 3834 4806 3877 4858; x_wconf 85' lang='lat' dir='ltr'><strong>i,</strong></span> 
     </span>
    </p>
   </div>
   <div class='ocr_carea' id='block_1_93' title="bbox 564 4870 2161 4949">
    <p class='ocr_par' dir='ltr' id='par_1_93' title="bbox 564 4870 2161 4949">
     <span class='ocr_line' id='line_1_93' title="bbox 564 4870 2161 4949; baseline 0.006 -22"><span class='ocrx_word' id='word_1_673' title='bbox 564 4870 902 4929; x_wconf 78' lang='lat' dir='ltr'><strong>caulzveluii</strong></span> <span class='ocrx_word' id='word_1_674' title='bbox 918 4870 1248 4945; x_wconf 69' lang='lat' dir='ltr'><strong>Augustinus</strong></span> <span class='ocrx_word' id='word_1_675' title='bbox 1280 4872 1373 4946; x_wconf 87' lang='lat' dir='ltr'><strong>(de</strong></span> <span class='ocrx_word' id='word_1_676' title='bbox 1417 4877 1648 4947; x_wconf 87' lang='lat' dir='ltr'><strong>quantit.</strong></span> <span class='ocrx_word' id='word_1_677' title='bbox 1686 4876 1882 4933; x_wconf 77' lang='lat' dir='ltr'><strong>anima:</strong></span> <span class='ocrx_word' id='word_1_678' title='bbox 1919 4894 2036 4949; x_wconf 74' lang='lat' dir='ltr'><strong>cap.</strong></span> <span class='ocrx_word' id='word_1_679' title='bbox 2064 4879 2161 4947; x_wconf 70' lang='lat'><strong>53,</strong></span> 
     </span>
    </p>
   </div>
   <div class='ocr_carea' id='block_1_94' title="bbox 565 4961 2164 5039">
    <p class='ocr_par' dir='ltr' id='par_1_94' title="bbox 565 4961 2164 5039">
     <span class='ocr_line' id='line_1_94' title="bbox 565 4961 2164 5039; baseline 0.004 -21"><span class='ocrx_word' id='word_1_680' title='bbox 565 4978 621 5018; x_wconf 90' lang='lat' dir='ltr'><strong>n.</strong></span> <span class='ocrx_word' id='word_1_681' title='bbox 646 4961 739 5037; x_wconf 84' lang='lat'><strong>70)</strong></span> <span class='ocrx_word' id='word_1_682' title='bbox 763 5004 779 5029; x_wconf 93' lang='lat'><strong>,</strong></span> <span class='ocrx_word' id='word_1_683' title='bbox 828 4961 1191 5019; x_wconf 85' lang='lat' dir='ltr'><strong>Damascenus</strong></span> <span class='ocrx_word' id='word_1_684' title='bbox 1218 4965 1299 5033; x_wconf 85' lang='lat' dir='ltr'><strong>(in</strong></span> <span class='ocrx_word' id='word_1_685' title='bbox 1350 4965 1523 5021; x_wconf 75' lang='lat' dir='ltr'><strong>libello</strong></span> <span class='ocrx_word' id='word_1_686' title='bbox 1562 4967 1812 5038; x_wconf 74' lang='lat' dir='ltr'><strong>inscripto</strong></span> <span class='ocrx_word' id='word_1_687' title='bbox 1840 4989 1853 5024; x_wconf 84' lang='lat'><strong>:</strong></span> <span class='ocrx_word' id='word_1_688' title='bbox 1885 4972 2164 5039; x_wconf 87' lang='lat' dir='ltr'><strong>quomodo</strong></span> 
     </span>
    </p>
   </div>
   <div class='ocr_carea' id='block_1_95' title="bbox 564 5055 2164 5136">
    <p class='ocr_par' dir='ltr' id='par_1_95' title="bbox 564 5055 2164 5136">
     <span class='ocr_line' id='line_1_95' title="bbox 564 5055 2164 5136; baseline 0.009 -25"><span class='ocrx_word' id='word_1_689' title='bbox 564 5055 729 5112; x_wconf 88' lang='lat' dir='ltr'><strong>homo</strong></span> <span class='ocrx_word' id='word_1_690' title='bbox 749 5056 816 5113; x_wconf 84' lang='lat' dir='ltr'><strong>ad</strong></span> <span class='ocrx_word' id='word_1_691' title='bbox 844 5055 1130 5129; x_wconf 82' lang='lat' dir='ltr'><strong>imaginem</strong></span> <span class='ocrx_word' id='word_1_692' title='bbox 1162 5057 1292 5131; x_wconf 88' lang='lat' dir='ltr'><strong>Dei)</strong></span> <span class='ocrx_word' id='word_1_693' title='bbox 1314 5099 1329 5127; x_wconf 97' lang='lat'><strong>,</strong></span> <span class='ocrx_word' id='word_1_694' title='bbox 1358 5070 1413 5115; x_wconf 86' lang='lat' dir='ltr'><strong>et</strong></span> <span class='ocrx_word' id='word_1_695' title='bbox 1441 5061 1713 5132; x_wconf 75' lang='lat' dir='ltr'><strong>copiosius</strong></span> <span class='ocrx_word' id='word_1_696' title='bbox 1735 5061 2028 5136; x_wconf 80' lang='lat' dir='ltr'><strong>Gregorius</strong></span> <span class='ocrx_word' id='word_1_697' title='bbox 2050 5066 2164 5124; x_wconf 74' lang='lat' dir='ltr'><strong>lla-</strong></span> 
     </span>
    </p>
   </div>
   <div class='ocr_carea' id='block_1_96' title="bbox 569 5152 2163 5231">
    <p class='ocr_par' dir='ltr' id='par_1_96' title="bbox 569 5152 2163 5231">
     <span class='ocr_line' id='line_1_96' title="bbox 569 5152 2163 5231; baseline 0.009 -26"><span class='ocrx_word' id='word_1_698' title='bbox 569 5165 731 5221; x_wconf 81' lang='lat' dir='ltr'><strong>guns,</strong></span> <span class='ocrx_word' id='word_1_699' title='bbox 760 5152 914 5223; x_wconf 82' lang='lat' dir='ltr'><strong>cujus</strong></span> <span class='ocrx_word' id='word_1_700' title='bbox 942 5152 1105 5210; x_wconf 86' lang='lat' dir='ltr'><strong>verba</strong></span> <span class='ocrx_word' id='word_1_701' title='bbox 1133 5154 1336 5211; x_wconf 81' lang='lat' dir='ltr'><strong>referre</strong></span> <span class='ocrx_word' id='word_1_702' title='bbox 1363 5154 1450 5210; x_wconf 87' lang='lat' dir='ltr'><strong>hic</strong></span> <span class='ocrx_word' id='word_1_703' title='bbox 1475 5156 1651 5229; x_wconf 88' lang='lat' dir='ltr'><strong>placet</strong></span> <span class='ocrx_word' id='word_1_704' title='bbox 1678 5156 1755 5231; x_wconf 70' lang='lat'><strong>(6)</strong></span> <span class='ocrx_word' id='word_1_705' title='bbox 1787 5178 1802 5214; x_wconf 84' lang='lat'>;</span> <span class='ocrx_word' id='word_1_706' title='bbox 1830 5158 2163 5231; x_wconf 69' lang='lat' dir='ltr'><strong>«Numquid,</strong></span> 
     </span>
    </p>
   </div>
   <div class='ocr_carea' id='block_1_97' title="bbox 566 5242 2159 5324">
    <p class='ocr_par' dir='ltr' id='par_1_97' title="bbox 566 5242 2159 5324">
     <span class='ocr_line' id='line_1_97' title="bbox 566 5242 2159 5324; baseline 0.01 -27"><span class='ocrx_word' id='word_1_707' title='bbox 566 5242 762 5301; x_wconf 79' lang='lat' dir='ltr'><strong>fratres</strong></span> <span class='ocrx_word' id='word_1_708' title='bbox 777 5246 906 5314; x_wconf 91' lang='lat' dir='ltr'><strong>mei,</strong></span> <span class='ocrx_word' id='word_1_709' title='bbox 928 5245 1185 5305; x_wconf 83' lang='lat' dir='ltr'><strong>Sanctum</strong></span> <span class='ocrx_word' id='word_1_710' title='bbox 1205 5246 1652 5324; x_wconf 63' lang='lat' dir='ltr'><strong>Evangeliumvel</strong></span> <span class='ocrx_word' id='word_1_711' title='bbox 1677 5251 1965 5311; x_wconf 84' lang='lat' dir='ltr'><strong>inaeuaatis</strong></span> <span class='ocrx_word' id='word_1_712' title='bbox 1980 5253 2159 5321; x_wconf 85' lang='lat' dir='ltr'><strong>rebus,</strong></span> 
     </span>
    </p>
   </div>
   <div class='ocr_carea' id='block_1_98' title="bbox 567 5337 2163 5415">
    <p class='ocr_par' dir='ltr' id='par_1_98' title="bbox 567 5337 2163 5415">
     <span class='ocr_line' id='line_1_98' title="bbox 567 5337 2163 5415; baseline 0.009 -22"><span class='ocrx_word' id='word_1_713' title='bbox 567 5337 652 5394; x_wconf 76' lang='lat' dir='ltr'><strong>vel</strong></span> <span class='ocrx_word' id='word_1_714' title='bbox 678 5337 849 5396; x_wconf 85' lang='lat' dir='ltr'><strong>brutis</strong></span> <span class='ocrx_word' id='word_1_715' title='bbox 878 5340 1200 5400; x_wconf 83' lang='lat' dir='ltr'><strong>animalibus</strong></span> <span class='ocrx_word' id='word_1_716' title='bbox 1244 5340 1419 5399; x_wconf 85' lang='lat' dir='ltr'><strong>fuerat</strong></span> <span class='ocrx_word' id='word_1_717' title='bbox 1463 5343 1890 5415; x_wconf 69' lang='lat' dir='ltr'><strong>pradicandum.</strong></span> <span class='ocrx_word' id='word_1_718' title='bbox 1917 5355 1980 5405; x_wconf 87' lang='lat' dir='ltr'><strong>ut</strong></span> <span class='ocrx_word' id='word_1_719' title='bbox 1995 5347 2064 5404; x_wconf 91' lang='lat' dir='ltr'><strong>de</strong></span> <span class='ocrx_word' id='word_1_720' title='bbox 2090 5362 2163 5408; x_wconf 85' lang='lat' dir='ltr'><strong>eo</strong></span> 
     </span>
    </p>
   </div>
   <div class='ocr_carea' id='block_1_99' title="bbox 562 5431 2159 5509">
    <p class='ocr_par' dir='ltr' id='par_1_99' title="bbox 562 5431 2159 5509">
     <span class='ocr_line' id='line_1_99' title="bbox 562 5431 2159 5509; baseline 0.008 -21"><span class='ocrx_word' id='word_1_721' title='bbox 562 5431 846 5505; x_wconf 52' lang='lat' dir='ltr'><strong>ilircipulis</strong></span> <span class='ocrx_word' id='word_1_722' title='bbox 893 5435 1142 5494; x_wconf 79' lang='lat' dir='ltr'><strong>dicatur:</strong></span> <span class='ocrx_word' id='word_1_723' title='bbox 1177 5438 1454 5509; x_wconf 68' lang='lat' dir='ltr'><strong>praedicata</strong></span> <span class='ocrx_word' id='word_1_724' title='bbox 1497 5441 1636 5495; x_wconf 82' lang='lat' dir='ltr'><strong>omni</strong></span> <span class='ocrx_word' id='word_1_725' title='bbox 1688 5444 1987 5500; x_wconf 67' lang='lat' dir='ltr'><strong>matura!</strong></span> <span class='ocrx_word' id='word_1_726' title='bbox 2047 5441 2159 5501; x_wconf 78' lang='lat' dir='ltr'><strong>Sed</strong></span> 
     </span>
    </p>
   </div>
   <div class='ocr_carea' id='block_1_100' title="bbox 565 5526 2165 5611">
    <p class='ocr_par' dir='ltr' id='par_1_100' title="bbox 565 5526 2165 5611">
     <span class='ocr_line' id='line_1_100' title="bbox 565 5526 2165 5611; baseline 0.011 -33"><span class='ocrx_word' id='word_1_727' title='bbox 565 5526 746 5583; x_wconf 73' lang='lat' dir='ltr'><strong>multis</strong></span> <span class='ocrx_word' id='word_1_728' title='bbox 769 5538 1034 5586; x_wconf 76' lang='lat' dir='ltr'><strong>creaturae</strong></span> <span class='ocrx_word' id='word_1_729' title='bbox 1053 5529 1273 5589; x_wconf 85' lang='lat' dir='ltr'><strong>nomine</strong></span> <span class='ocrx_word' id='word_1_730' title='bbox 1293 5533 1541 5605; x_wconf 59' lang='lat' dir='ltr'><strong>signatur</strong></span> <span class='ocrx_word' id='word_1_731' title='bbox 1564 5534 1747 5593; x_wconf 87' lang='lat' dir='ltr'><strong>homo.</strong></span> <span class='ocrx_word' id='word_1_732' title='bbox 1771 5537 1910 5594; x_wconf 85' lang='lat' dir='ltr'><strong>Sunt</strong></span> <span class='ocrx_word' id='word_1_733' title='bbox 1928 5552 2165 5611; x_wconf 84' lang='lat' dir='ltr'><strong>namque</strong></span> 
     </span>
    </p>
   </div>
   <div class='ocr_carea' id='block_1_101' title="bbox 566 5618 2162 5701">
    <p class='ocr_par' dir='ltr' id='par_1_101' title="bbox 566 5618 2162 5701">
     <span class='ocr_line' id='line_1_101' title="bbox 566 5618 2162 5701; baseline 0.01 -26"><span class='ocrx_word' id='word_1_734' title='bbox 566 5618 796 5692; x_wconf 86' lang='lat' dir='ltr'><strong>lapides,</strong></span> <span class='ocrx_word' id='word_1_735' title='bbox 828 5622 921 5680; x_wconf 90' lang='lat' dir='ltr'><strong>scd</strong></span> <span class='ocrx_word' id='word_1_736' title='bbox 953 5638 1052 5680; x_wconf 78' lang='lat' dir='ltr'><strong>nec</strong></span> <span class='ocrx_word' id='word_1_737' title='bbox 1077 5624 1294 5693; x_wconf 90' lang='lat' dir='ltr'><strong>vivunt,</strong></span> <span class='ocrx_word' id='word_1_738' title='bbox 1342 5641 1441 5683; x_wconf 89' lang='lat' dir='ltr'><strong>nec</strong></span> <span class='ocrx_word' id='word_1_739' title='bbox 1471 5628 1710 5686; x_wconf 82' lang='lat' dir='ltr'><strong>sentiunt</strong></span> <span class='ocrx_word' id='word_1_740' title='bbox 1743 5640 1910 5688; x_wconf 84' lang='lat' dir='ltr'><strong>:sunt</strong></span> <span class='ocrx_word' id='word_1_741' title='bbox 1952 5630 2162 5701; x_wconf 64' lang='lat' dir='ltr'><strong>herbe,</strong></span> 
     </span>
    </p>
   </div>
   <div class='ocr_carea' id='block_1_102' title="bbox 564 5713 2165 5801">
    <p class='ocr_par' dir='ltr' id='par_1_102' title="bbox 564 5713 2165 5801">
     <span class='ocr_line' id='line_1_102' title="bbox 564 5713 2165 5801; baseline 0.012 -35"><span class='ocrx_word' id='word_1_742' title='bbox 564 5721 623 5767; x_wconf 81' lang='lat' dir='ltr'><strong>ct</strong></span> <span class='ocrx_word' id='word_1_743' title='bbox 652 5713 907 5787; x_wconf 82' lang='lat' dir='ltr'><strong>arbusta;</strong></span> <span class='ocrx_word' id='word_1_744' title='bbox 936 5718 1121 5775; x_wconf 89' lang='lat' dir='ltr'><strong>vivunt</strong></span> <span class='ocrx_word' id='word_1_745' title='bbox 1141 5716 1383 5801; x_wconf 88' lang='lat' dir='ltr'><strong>quidem,</strong></span> <span class='ocrx_word' id='word_1_746' title='bbox 1417 5720 1515 5780; x_wconf 84' lang='lat' dir='ltr'><strong>sed</strong></span> <span class='ocrx_word' id='word_1_747' title='bbox 1541 5736 1648 5779; x_wconf 89' lang='lat' dir='ltr'><strong>non</strong></span> <span class='ocrx_word' id='word_1_748' title='bbox 1680 5723 2018 5784; x_wconf 87' lang='lat' dir='ltr'><strong>sentiunt....</strong></span> <span class='ocrx_word' id='word_1_749' title='bbox 2045 5727 2165 5785; x_wconf 79' lang='lat' dir='ltr'><strong>An-</strong></span> 
     </span>
    </p>
   </div>
   <div class='ocr_carea' id='block_1_103' title="bbox 642 5858 2167 5942">
    <p class='ocr_par' dir='ltr' id='par_1_103' title="bbox 642 5858 2167 5942">
     <span class='ocr_line' id='line_1_103' title="bbox 642 5858 2167 5942; baseline 0.007 -27"><span class='ocrx_word' id='word_1_750' title='bbox 642 5858 721 5942; x_wconf 68' lang='grc' dir='ltr'><strong>(ρ)</strong></span> <span class='ocrx_word' id='word_1_751' title='bbox 758 5862 823 5942; x_wconf 67' lang='lat' dir='ltr'><strong>§i</strong></span> <span class='ocrx_word' id='word_1_752' title='bbox 852 5875 1057 5942; x_wconf 73' lang='lat' dir='ltr'><strong>possent</strong></span> <span class='ocrx_word' id='word_1_753' title='bbox 1102 5864 1398 5942; x_wconf 40' lang='lat' dir='ltr'><strong>(tongues,</strong></span> <span class='ocrx_word' id='word_1_754' title='bbox 1424 5866 1610 5934; x_wconf 75' lang='lat' dir='ltr'><strong>quibus</strong></span> <span class='ocrx_word' id='word_1_755' title='bbox 1662 5877 1739 5926; x_wconf 80' lang='lat' dir='ltr'><strong>est</strong></span> <span class='ocrx_word' id='word_1_756' title='bbox 1764 5878 1815 5925; x_wconf 84' lang='lat' dir='ltr'><strong>et</strong></span> <span class='ocrx_word' id='word_1_757' title='bbox 1858 5868 2085 5927; x_wconf 75' lang='lat' dir='ltr'><strong>mundus</strong></span> <span class='ocrx_word' id='word_1_758' title='bbox 2107 5870 2167 5925; x_wconf 86' lang='lat' dir='ltr'><strong>iit</strong></span> 
     </span>
    </p>
   </div>
   <div class='ocr_carea' id='block_1_104' title="bbox 565 5932 2164 6015">
    <p class='ocr_par' dir='ltr' id='par_1_104' title="bbox 565 5932 2164 6015">
     <span class='ocr_line' id='line_1_104' title="bbox 565 5932 2164 6015; baseline 0.007 -28"><span class='ocrx_word' id='word_1_759' title='bbox 565 5932 730 6015; x_wconf 20' lang='lat' dir='ltr'><strong>ipsis;</strong></span> <span class='ocrx_word' id='word_1_760' title='bbox 750 5932 1154 6015; x_wconf 63' lang='lat' dir='ltr'><strong>Exemplumque</strong></span> <span class='ocrx_word' id='word_1_761' title='bbox 1196 5936 1289 5993; x_wconf 83' lang='lat' dir='ltr'><strong>Dei</strong></span> <span class='ocrx_word' id='word_1_762' title='bbox 1313 5932 1523 6011; x_wconf 56' lang='lat' dir='ltr'><strong>quietius</strong></span> <span class='ocrx_word' id='word_1_763' title='bbox 1549 5950 1622 5997; x_wconf 84' lang='lat' dir='ltr'><strong>est</strong></span> <span class='ocrx_word' id='word_1_764' title='bbox 1645 5942 1700 5997; x_wconf 80' lang='lat' dir='ltr'><strong>in</strong></span> <span class='ocrx_word' id='word_1_765' title='bbox 1734 5942 1956 6015; x_wconf 79' lang='lat' dir='ltr'><strong>imagine</strong></span> <span class='ocrx_word' id='word_1_766' title='bbox 1981 5957 2164 6014; x_wconf 81' lang='lat' dir='ltr'><strong>parvo.</strong></span> 
     </span>
    </p>
   </div>
   <div class='ocr_carea' id='block_1_105' title="bbox 564 6003 1071 6064">
    <p class='ocr_par' dir='ltr' id='par_1_105' title="bbox 564 6003 1071 6064">
     <span class='ocr_line' id='line_1_105' title="bbox 564 6003 1071 6064; baseline 0 -3"><span class='ocrx_word' id='word_1_767' title='bbox 564 6003 752 6061; x_wconf 75' lang='lat' dir='ltr'><strong>Manil.</strong></span> <span class='ocrx_word' id='word_1_768' title='bbox 785 6022 832 6061; x_wconf 80' lang='lat' dir='ltr'><strong>tv</strong></span> <span class='ocrx_word' id='word_1_769' title='bbox 866 6003 1071 6064; x_wconf 70' lang='lat' dir='ltr'><strong>Aslron.</strong></span> 
     </span>
    </p>
   </div>
   <div class='ocr_carea' id='block_1_106' title="bbox 2270 4880 3882 4966">
    <p class='ocr_par' dir='ltr' id='par_1_106' title="bbox 2270 4880 3882 4966">
     <span class='ocr_line' id='line_1_106' title="bbox 2270 4880 3882 4966; baseline -0.007 -17"><span class='ocrx_word' id='word_1_770' title='bbox 2270 4893 2390 4966; x_wconf 73' lang='lat'><strong>26).</strong></span> <span class='ocrx_word' id='word_1_771' title='bbox 2423 4911 2443 4947; x_wconf 78' lang='grc' dir='ltr'>ι</span> <span class='ocrx_word' id='word_1_772' title='bbox 2481 4891 2763 4949; x_wconf 77' lang='lat' dir='ltr'><strong>Faciamus</strong></span> <span class='ocrx_word' id='word_1_773' title='bbox 2793 4892 3066 4949; x_wconf 88' lang='lat' dir='ltr'><strong>hominem</strong></span> <span class='ocrx_word' id='word_1_774' title='bbox 3095 4889 3162 4947; x_wconf 93' lang='lat' dir='ltr'><strong>ad</strong></span> <span class='ocrx_word' id='word_1_775' title='bbox 3192 4887 3518 4961; x_wconf 82' lang='lat' dir='ltr'><strong>imaginem,</strong></span> <span class='ocrx_word' id='word_1_776' title='bbox 3548 4894 3606 4941; x_wconf 85' lang='lat' dir='ltr'><strong>et</strong></span> <span class='ocrx_word' id='word_1_777' title='bbox 3629 4880 3882 4939; x_wconf 80' lang='lat' dir='ltr'><strong>similitu-</strong></span> 
     </span>
    </p>
   </div>
   <div class='ocr_carea' id='block_1_107' title="bbox 2272 4974 3881 5055">
    <p class='ocr_par' dir='ltr' id='par_1_107' title="bbox 2272 4974 3881 5055">
     <span class='ocr_line' id='line_1_107' title="bbox 2272 4974 3881 5055; baseline -0.002 -16"><span class='ocrx_word' id='word_1_778' title='bbox 2272 4982 2460 5042; x_wconf 84' lang='lat' dir='ltr'><strong>dinem</strong></span> <span class='ocrx_word' id='word_1_779' title='bbox 2490 4995 2762 5051; x_wconf 90' lang='lat' dir='ltr'><strong>uostram,</strong></span> <span class='ocrx_word' id='word_1_780' title='bbox 2793 4993 2849 5040; x_wconf 87' lang='lat' dir='ltr'><strong>et</strong></span> <span class='ocrx_word' id='word_1_781' title='bbox 2889 4985 3077 5055; x_wconf 74' lang='lat' dir='ltr'><strong>pmit</strong></span> <span class='ocrx_word' id='word_1_782' title='bbox 3116 4980 3352 5054; x_wconf 80' lang='lat' dir='ltr'><strong>piscibus</strong></span> <span class='ocrx_word' id='word_1_783' title='bbox 3377 4976 3575 5043; x_wconf 82' lang='lat' dir='ltr'><strong>maris,</strong></span> <span class='ocrx_word' id='word_1_784' title='bbox 3604 4986 3660 5033; x_wconf 89' lang='lat' dir='ltr'><strong>et</strong></span> <span class='ocrx_word' id='word_1_785' title='bbox 3690 4974 3881 5035; x_wconf 74' lang='lat' dir='ltr'><strong>volati-</strong></span> 
     </span>
    </p>
   </div>
   <div class='ocr_carea' id='block_1_108' title="bbox 2277 5067 3884 5146">
    <p class='ocr_par' dir='ltr' id='par_1_108' title="bbox 2277 5067 3884 5146">
     <span class='ocr_line' id='line_1_108' title="bbox 2277 5067 3884 5146; baseline -0.006 -13"><span class='ocrx_word' id='word_1_786' title='bbox 2277 5077 2421 5134; x_wconf 87' lang='lat' dir='ltr'><strong>libus</strong></span> <span class='ocrx_word' id='word_1_787' title='bbox 2455 5076 2613 5144; x_wconf 69' lang='lat' dir='ltr'><strong>coiii,</strong></span> <span class='ocrx_word' id='word_1_788' title='bbox 2647 5087 2702 5135; x_wconf 87' lang='lat' dir='ltr'><strong>et</strong></span> <span class='ocrx_word' id='word_1_789' title='bbox 2728 5076 2947 5146; x_wconf 81' lang='lat' dir='ltr'><strong>bestiis,</strong></span> <span class='ocrx_word' id='word_1_790' title='bbox 2982 5079 3358 5145; x_wconf 62' lang='lat' dir='ltr'><strong>univencque</strong></span> <span class='ocrx_word' id='word_1_791' title='bbox 3393 5082 3580 5136; x_wconf 67' lang='lat' dir='ltr'><strong>terrae,</strong></span> <span class='ocrx_word' id='word_1_792' title='bbox 3626 5067 3884 5139; x_wconf 77' lang='lat' dir='ltr'><strong>omnique</strong></span> 
     </span>
    </p>
   </div>
   <div class='ocr_carea' id='block_1_109' title="bbox 2275 5162 3886 5243">
    <p class='ocr_par' dir='ltr' id='par_1_109' title="bbox 2275 5162 3886 5243">
     <span class='ocr_line' id='line_1_109' title="bbox 2275 5162 3886 5243; baseline -0.006 -15"><span class='ocrx_word' id='word_1_793' title='bbox 2275 5171 2482 5243; x_wconf 84' lang='lat' dir='ltr'><strong>reptili,</strong></span> <span class='ocrx_word' id='word_1_794' title='bbox 2512 5172 2657 5242; x_wconf 85' lang='lat' dir='ltr'><strong>quod</strong></span> <span class='ocrx_word' id='word_1_795' title='bbox 2686 5181 2933 5229; x_wconf 84' lang='lat' dir='ltr'><strong>movetur</strong></span> <span class='ocrx_word' id='word_1_796' title='bbox 2959 5170 3015 5227; x_wconf 90' lang='lat' dir='ltr'><strong>in</strong></span> <span class='ocrx_word' id='word_1_797' title='bbox 3045 5179 3251 5229; x_wconf 59' lang='lat' dir='ltr'><strong>terra.»</strong></span> <span class='ocrx_word' id='word_1_798' title='bbox 3283 5166 3365 5226; x_wconf 78' lang='lat' dir='ltr'><strong>Ad</strong></span> <span class='ocrx_word' id='word_1_799' title='bbox 3392 5182 3512 5239; x_wconf 77' lang='lat' dir='ltr'><strong>qua:</strong></span> <span class='ocrx_word' id='word_1_800' title='bbox 3532 5166 3693 5223; x_wconf 77' lang='lat' dir='ltr'><strong>verba</strong></span> <span class='ocrx_word' id='word_1_801' title='bbox 3708 5162 3886 5238; x_wconf 71' lang='lat' dir='ltr'><strong>Chry-</strong></span> 
     </span>
    </p>
   </div>
   <div class='ocr_carea' id='block_1_110' title="bbox 2278 5254 3887 5338">
    <p class='ocr_par' dir='ltr' id='par_1_110' title="bbox 2278 5254 3887 5338">
     <span class='ocr_line' id='line_1_110' title="bbox 2278 5254 3887 5338; baseline -0.004 -19"><span class='ocrx_word' id='word_1_802' title='bbox 2278 5274 2556 5319; x_wconf 87' lang='lat' dir='ltr'><strong>sostomus</strong></span> <span class='ocrx_word' id='word_1_803' title='bbox 2582 5262 2808 5338; x_wconf 72' lang='lat' dir='ltr'><strong>(ﬂoruit.</strong></span> <span class='ocrx_word' id='word_1_804' title='bbox 2838 5265 2874 5321; x_wconf 82' lang='lat'><strong>8</strong></span> <span class='ocrx_word' id='word_1_805' title='bbox 2898 5266 2953 5321; x_wconf 83' lang='lat' dir='ltr'><strong>iit</strong></span> <span class='ocrx_word' id='word_1_806' title='bbox 2981 5262 3114 5319; x_wconf 75' lang='lat' dir='ltr'><strong>Gen.</strong></span> <span class='ocrx_word' id='word_1_807' title='bbox 3148 5280 3201 5318; x_wconf 76' lang='grc' dir='ltr'><strong>κ.</strong></span> <span class='ocrx_word' id='word_1_808' title='bbox 3230 5262 3288 5333; x_wconf 77' lang='lat'><strong>5)</strong></span> <span class='ocrx_word' id='word_1_809' title='bbox 3320 5260 3438 5318; x_wconf 70' lang='lat' dir='ltr'><strong>haec</strong></span> <span class='ocrx_word' id='word_1_810' title='bbox 3462 5257 3690 5316; x_wconf 80' lang='lat' dir='ltr'><strong>scribit:</strong></span> <span class='ocrx_word' id='word_1_811' title='bbox 3727 5274 3749 5309; x_wconf 73' lang='grc' dir='ltr'>ι</span> <span class='ocrx_word' id='word_1_812' title='bbox 3782 5254 3887 5313; x_wconf 80' lang='lat' dir='ltr'><strong>Ne-</strong></span> 
     </span>
    </p>
   </div>
   <div class='ocr_carea' id='block_1_111' title="bbox 2281 5351 3887 5430">
    <p class='ocr_par' dir='ltr' id='par_1_111' title="bbox 2281 5351 3887 5430">
     <span class='ocr_line' id='line_1_111' title="bbox 2281 5351 3887 5430; baseline -0.005 -16"><span class='ocrx_word' id='word_1_813' title='bbox 2281 5372 2389 5430; x_wconf 87' lang='lat' dir='ltr'><strong>que</strong></span> <span class='ocrx_word' id='word_1_814' title='bbox 2414 5359 2559 5416; x_wconf 89' lang='lat' dir='ltr'><strong>enim</strong></span> <span class='ocrx_word' id='word_1_815' title='bbox 2601 5373 2727 5415; x_wconf 88' lang='lat' dir='ltr'><strong>eum</strong></span> <span class='ocrx_word' id='word_1_816' title='bbox 2765 5357 2897 5416; x_wconf 89' lang='lat' dir='ltr'><strong>dicit</strong></span> <span class='ocrx_word' id='word_1_817' title='bbox 2929 5376 2942 5413; x_wconf 83' lang='lat'><strong>:</strong></span> <span class='ocrx_word' id='word_1_818' title='bbox 2987 5356 3270 5414; x_wconf 75' lang='lat' dir='ltr'><strong>Faciamus</strong></span> <span class='ocrx_word' id='word_1_819' title='bbox 3309 5354 3569 5412; x_wconf 73' lang='lat' dir='ltr'><strong>hominem</strong></span> <span class='ocrx_word' id='word_1_820' title='bbox 3604 5351 3887 5410; x_wconf 62' lang='lat' dir='ltr'><strong>«caudam</strong></span> 
     </span>
    </p>
   </div>
   <div class='ocr_carea' id='block_1_112' title="bbox 2278 5442 3888 5524">
    <p class='ocr_par' dir='ltr' id='par_1_112' title="bbox 2278 5442 3888 5524">
     <span class='ocr_line' id='line_1_112' title="bbox 2278 5442 3888 5524; baseline -0.006 -17"><span class='ocrx_word' id='word_1_821' title='bbox 2278 5451 2559 5524; x_wconf 68' lang='lat' dir='ltr'><strong>imaginem</strong></span> <span class='ocrx_word' id='word_1_822' title='bbox 2600 5461 2861 5520; x_wconf 83' lang='lat' dir='ltr'><strong>nostram,</strong></span> <span class='ocrx_word' id='word_1_823' title='bbox 2913 5460 2961 5507; x_wconf 86' lang='lat' dir='ltr'><strong>et</strong></span> <span class='ocrx_word' id='word_1_824' title='bbox 3008 5452 3293 5510; x_wconf 79' lang='lat' dir='ltr'><strong>secundum</strong></span> <span class='ocrx_word' id='word_1_825' title='bbox 3327 5447 3718 5505; x_wconf 69' lang='lat' dir='ltr'><strong>similitudinem</strong></span> <span class='ocrx_word' id='word_1_826' title='bbox 3739 5484 3757 5511; x_wconf 90' lang='lat'><strong>,</strong></span> <span class='ocrx_word' id='word_1_827' title='bbox 3799 5442 3888 5500; x_wconf 78' lang='lat' dir='ltr'><strong>hic</strong></span> 
     </span>
    </p>
   </div>
   <div class='ocr_carea' id='block_1_113' title="bbox 2280 5535 3888 5619">
    <p class='ocr_par' dir='ltr' id='par_1_113' title="bbox 2280 5535 3888 5619">
     <span class='ocr_line' id='line_1_113' title="bbox 2280 5535 3888 5619; baseline -0.006 -16"><span class='ocrx_word' id='word_1_828' title='bbox 2280 5561 2595 5604; x_wconf 87' lang='lat' dir='ltr'><strong>sermonem</strong></span> <span class='ocrx_word' id='word_1_829' title='bbox 2623 5545 2816 5611; x_wconf 83' lang='lat' dir='ltr'><strong>finivit,</strong></span> <span class='ocrx_word' id='word_1_830' title='bbox 2841 5544 2938 5603; x_wconf 87' lang='lat' dir='ltr'><strong>sed</strong></span> <span class='ocrx_word' id='word_1_831' title='bbox 2965 5560 3061 5619; x_wconf 89' lang='lat' dir='ltr'><strong>per</strong></span> <span class='ocrx_word' id='word_1_832' title='bbox 3086 5560 3169 5609; x_wconf 87' lang='lat' dir='ltr'><strong>ea,</strong></span> <span class='ocrx_word' id='word_1_833' title='bbox 3197 5558 3321 5617; x_wconf 77' lang='lat' dir='ltr'><strong>quat</strong></span> <span class='ocrx_word' id='word_1_834' title='bbox 3343 5539 3610 5612; x_wconf 74' lang='lat' dir='ltr'><strong>adiungit,</strong></span> <span class='ocrx_word' id='word_1_835' title='bbox 3632 5535 3888 5595; x_wconf 76' lang='lat' dir='ltr'><strong>manifes-</strong></span> 
     </span>
    </p>
   </div>
   <div class='ocr_carea' id='block_1_114' title="bbox 2285 5629 3886 5711">
    <p class='ocr_par' dir='ltr' id='par_1_114' title="bbox 2285 5629 3886 5711">
     <span class='ocr_line' id='line_1_114' title="bbox 2285 5629 3886 5711; baseline -0.006 -18"><span class='ocrx_word' id='word_1_836' title='bbox 2285 5648 2401 5695; x_wconf 89' lang='lat' dir='ltr'><strong>tum</strong></span> <span class='ocrx_word' id='word_1_837' title='bbox 2432 5638 2589 5697; x_wconf 82' lang='lat' dir='ltr'><strong>nobis</strong></span> <span class='ocrx_word' id='word_1_838' title='bbox 2627 5638 2770 5704; x_wconf 77' lang='lat' dir='ltr'><strong>facit,</strong></span> <span class='ocrx_word' id='word_1_839' title='bbox 2800 5654 2908 5711; x_wconf 88' lang='lat' dir='ltr'><strong>quo</strong></span> <span class='ocrx_word' id='word_1_840' title='bbox 2934 5652 3098 5696; x_wconf 85' lang='lat' dir='ltr'><strong>sensu</strong></span> <span class='ocrx_word' id='word_1_841' title='bbox 3130 5650 3330 5694; x_wconf 75' lang='lat' dir='ltr'><strong>nonius</strong></span> <span class='ocrx_word' id='word_1_842' title='bbox 3354 5633 3597 5705; x_wconf 63' lang='lat' dir='ltr'><strong>angam</strong></span> <span class='ocrx_word' id='word_1_843' title='bbox 3624 5629 3886 5703; x_wconf 73' lang='lat' dir='ltr'><strong>pomerii.</strong></span> 
     </span>
    </p>
   </div>
   <div class='ocr_carea' id='block_1_115' title="bbox 2279 5723 3891 5799">
    <p class='ocr_par' dir='ltr' id='par_1_115' title="bbox 2279 5723 3891 5799">
     <span class='ocr_line' id='line_1_115' title="bbox 2279 5723 3891 5799; baseline -0.006 -13"><span class='ocrx_word' id='word_1_844' title='bbox 2279 5728 2427 5799; x_wconf 86' lang='lat' dir='ltr'><strong>Quid</strong></span> <span class='ocrx_word' id='word_1_845' title='bbox 2455 5729 2599 5786; x_wconf 91' lang='lat' dir='ltr'><strong>cuim</strong></span> <span class='ocrx_word' id='word_1_846' title='bbox 2638 5729 2813 5788; x_wconf 83' lang='lat' dir='ltr'><strong>dicit?</strong></span> <span class='ocrx_word' id='word_1_847' title='bbox 2843 5729 2913 5787; x_wconf 80' lang='lat' dir='ltr'><strong>Et</strong></span> <span class='ocrx_word' id='word_1_848' title='bbox 2935 5731 3224 5790; x_wconf 79' lang='lat' dir='ltr'><strong>dominetur</strong></span> <span class='ocrx_word' id='word_1_849' title='bbox 3268 5724 3492 5799; x_wconf 79' lang='lat' dir='ltr'><strong>piscibus</strong></span> <span class='ocrx_word' id='word_1_850' title='bbox 3517 5723 3698 5788; x_wconf 82' lang='lat' dir='ltr'><strong>maris,</strong></span> <span class='ocrx_word' id='word_1_851' title='bbox 3728 5730 3775 5777; x_wconf 84' lang='lat' dir='ltr'><strong>et</strong></span> <span class='ocrx_word' id='word_1_852' title='bbox 3802 5737 3891 5777; x_wconf 83' lang='lat' dir='ltr'><strong>vo-</strong></span> 
     </span>
    </p>
   </div>
   <div class='ocr_carea' id='block_1_116' title="bbox 2367 5862 3887 5948">
    <p class='ocr_par' dir='ltr' id='par_1_116' title="bbox 2367 5862 3887 5948">
     <span class='ocr_line' id='line_1_116' title="bbox 2367 5862 3887 5948; baseline -0.013 -12"><span class='ocrx_word' id='word_1_853' title='bbox 2367 5879 2442 5948; x_wconf 80' lang='lat' dir='ltr'><strong>(b)</strong></span> <span class='ocrx_word' id='word_1_854' title='bbox 2485 5876 2683 5934; x_wconf 88' lang='lat' dir='ltr'><strong>llomil.</strong></span> <span class='ocrx_word' id='word_1_855' title='bbox 2715 5874 2789 5933; x_wconf 69' lang='lat'><strong>29</strong></span> <span class='ocrx_word' id='word_1_856' title='bbox 2813 5874 2867 5931; x_wconf 89' lang='lat' dir='ltr'><strong>in</strong></span> <span class='ocrx_word' id='word_1_857' title='bbox 2898 5870 3208 5945; x_wconf 74' lang='lat' dir='ltr'><strong>Evangelia,</strong></span> <span class='ocrx_word' id='word_1_858' title='bbox 3328 5865 3496 5925; x_wconf 84' lang='lat' dir='ltr'><strong>verba</strong></span> <span class='ocrx_word' id='word_1_859' title='bbox 3527 5862 3619 5924; x_wconf 73' lang='lat' dir='ltr'><strong>illa</strong></span> <span class='ocrx_word' id='word_1_860' title='bbox 3650 5880 3659 5917; x_wconf 64' lang='grc' dir='ltr'>ξ</span> <span class='ocrx_word' id='word_1_861' title='bbox 3694 5862 3887 5932; x_wconf 66' lang='lat' dir='ltr'><strong>medi--</strong></span> 
     </span>
    </p>
   </div>
   <div class='ocr_carea' id='block_1_117' title="bbox 2287 5941 3551 6022">
    <p class='ocr_par' dir='ltr' id='par_1_117' title="bbox 2287 5941 3551 6022">
     <span class='ocr_line' id='line_1_117' title="bbox 2287 5941 3551 6022; baseline -0.009 -17"><span class='ocrx_word' id='word_1_862' title='bbox 2287 5941 2400 6007; x_wconf 75' lang='lat' dir='ltr'><strong>cute</strong></span> <span class='ocrx_word' id='word_1_863' title='bbox 2426 5941 2762 6022; x_wconf 74' lang='lat' dir='ltr'><strong>Evangelium</strong></span> <span class='ocrx_word' id='word_1_864' title='bbox 2786 5949 2924 6005; x_wconf 83' lang='lat' dir='ltr'><strong>omni</strong></span> <span class='ocrx_word' id='word_1_865' title='bbox 2947 5941 3217 6002; x_wconf 60' lang='lat' dir='ltr'><strong>creaturis.</strong></span> <span class='ocrx_word' id='word_1_866' title='bbox 3246 5941 3409 5997; x_wconf 74' lang='lat' dir='ltr'><strong>Marc.</strong></span> <span class='ocrx_word' id='word_1_867' title='bbox 3450 5953 3551 5995; x_wconf 74' lang='lat' dir='ltr'><strong>im.</strong></span> 
     </span>
    </p>
   </div>
  </div>
