4464 6484
939 352 1031 407 Sil
1614 345 1678 401 iN
1719 340 1973 400 illLARll
2011 334 2225 396 EPIST.
2266 332 2400 392 SEU
2443 331 2658 389 LIBEL.
2707 328 3153 388 ltISSEllTATIU
3187 328 3503 387 SECUNDA

4107 325 4209 381 81?.

934 465 1162 519 [utilibus
1206 465 1345 523 cali.
1380 461 1613 517 omnibus
1640 458 1903 532 reptilibus
1941 470 2091 527 super
2118 464 2354 508 ternum.
2384 449 2525 505 lma-
2552 453 2600 511 Λ
2629 448 2721 514 cit,
2753 458 2808 504 et
2845 456 3047 502 tantam
3075 448 3290 503 ceteris
3318 446 3717 504 venerationem
3747 445 3829 501 sui
3856 441 4089 500 infundit
4108 484 4124 508 ,
4158 451 4213 496 ut

931 558 1107 629 ginem
1137 571 1267 625 ergo
1304 554 1441 612 dixit
1466 553 1532 608 de
1564 552 1892 624 principatu,
1919 558 1975 604 et
2014 543 2284 608 dominio,
2323 556 2427 596 non
2455 540 2521 594 de

929 650 1112 719 aliquo
1149 648 1298 704 alio:
1349 646 1484 715 Quia
1540 646 1682 701 Deus
1727 642 1857 699 fecit
1902 638 2176 695 hominem
2226 633 2520 705 principem

930 743 1195 804 omnium,
1227 754 1346 812 quin
1372 747 1501 797 sunt
1527 750 1691 808 super
1716 742 1949 797 terram,
1979 740 2034 788 et
2068 727 2201 786 nihil
2228 740 2389 798 super
2414 735 2521 781 ter-

930 849 1043 890 ram
1073 834 1293 890 homine
1320 833 1491 903 majus
1520 839 1624 896 est,
1667 839 1721 885 et
1744 825 1923 885 omnia
1954 825 2055 881 sub
2081 830 2346 895 potestate
2378 817 2522 874 illius

929 940 1074 984 sunt.
1097 947 1119 981 ι

1004 1025 1067 1079 Et
1093 1037 1283 1079 rursus
1311 1020 1536 1093 (Haurit.
1566 1019 1659 1085 40,
1690 1034 1747 1072 ιι.
1779 1016 1839 1081 4)
1871 1032 1885 1069 :
1926 1033 1944 1068 r
1968 1012 2257 1082 Postquam
2301 1022 2399 1063 nos
2425 1007 2520 1061 do-

927 1120 1037 1172 cuit
1076 1132 1173 1188 per
1213 1112 1591 1186 praecedentia,
1632 1110 1763 1185 quid
1805 1109 1880 1164 sit
1920 1104 2204 1164 mentitam
2248 1101 2523 1172 imaginem

932 1208 1024 1261 Dei
1050 1209 1169 1279 fecit
1199 1222 1312 1261 eum
1341 1223 1357 1260 :
1387 1214 1441 1263 et
1489 1211 1549 1260 ιιι
1578 1218 1646 1259 ne
1690 1198 2059 1271 impudentem
2094 1194 2311 1266 quidem
2336 1191 2522 1248 delen-

926 1300 1095 1356 sionis
1124 1308 1448 1370 praematuro
1480 1296 1749 1366 relinquat
1778 1292 2039 1348 Ecclesia:
2068 1288 2319 1358 dogmata
2350 1284 2519 1355 impu-

923 1407 1091 1463 gnare
1115 1393 1416 1448 volentibus
1436 1431 1450 1456 ,
1483 1388 1755 1459 paululum
1785 1396 2101 1456 progressus
2138 1378 2282 1435 idem
2323 1378 2517 1433 iterqu

924 1486 1113 1553 dnc'et,
1171 1486 1312 1556 quod
1354 1484 1477 1539 ideo
1518 1483 1765 1553 imaginis
1806 1477 2022 1535 nomine
2067 1489 2198 1531 usus
2239 1472 2332 1537 sit,
2376 1466 2520 1542 quod

926 1582 1307 1651 imperaturus,
1355 1589 1411 1634 et
1447 1578 1551 1634 sub
1585 1592 1645 1632 se
1690 1584 1966 1631 creaturas
2000 1583 2193 1627 omnes
2236 1563 2520 1622 habiturus

924 1684 1093 1732 esset.
1142 1692 1162 1725 ι

998 1768 1065 1821 Et
1113 1766 1297 1837 paucis
1336 1762 1670 1834 interpositis
1695 1760 1774 1830 (u.
1805 1759 1861 1829 ὅ)
1951 1774 1972 1809 ι
2014 1754 2201 1811 Vidisti
2244 1752 2514 1808 inenarra-

2626 539 2870 595 rertatim
2896 554 3051 610 quast
3082 540 3193 610 regi
3221 538 3495 602 obediant.
3531 550 3586 594 et
3630 540 3749 593 voci
3791 542 3911 608 ejus
3954 537 4214 593 altercan-

2625 630 2755 689 dent
2779 650 2791 659 ’
2821 641 3018 689 etcum
3040 632 3147 688 sint
3171 630 3585 695 irrationabilia,
3608 629 3876 688 rationem
3896 636 4211 702 agninam.

2625 736 2681 783 et
2722 724 3061 799 disciplinam
3112 740 3235 782 eam
3286 724 3617 796 imprirnaat,
3661 739 3826 796 quant
3873 738 4059 781 natura
4109 738 4213 780 non

2627 819 2827 877 tribuit
2866 818 3105 892 Denique
3135 818 3377 876 videntes
3418 816 3547 876 fera:
3571 822 3691 889 eius
3718 817 4209 885 mansuetudinem,

2624 911 2742 983 ejus
2774 914 3000 983 imperio
3032 920 3431 969 numaueucuut.
3459 912 3618 984 Srpe
3642 910 4045 983 suspenderunt
4075 924 4213 968 tuor-

2622 1021 2717 1061 sus
2744 1022 2894 1075 suos,
2939 1017 3226 1062 revocante
3261 1022 3397 1060 sono
3434 1005 3596 1061 vocis
3635 1006 3906 1061 humum.
3954 1004 4214 1060 Videmus

2624 1099 2843 1156 innoxio
2862 1113 3057 1154 cauum
3082 1102 3247 1155 dente
3273 1099 3486 1169 lepores
3515 1100 3634 1153 sine
3665 1098 3887 1155 vulnere
3913 1098 4033 1167 capi
4055 1115 4074 1151 ς
4100 1096 4211 1153 leo-

2625 1208 2721 1251 nes
2740 1209 2953 1266 quoque
2973 1195 3192 1265 ipsos,si
3212 1210 3313 1251 vox
3336 1194 3570 1249 hominis
3589 1194 3946 1262 multaverit,
3976 1194 4211 1260 prsedam

2621 1288 2891 1365 dimittere
2920 1306 2932 1341 :
2974 1291 3193 1360 pardus.
3233 1299 3391 1360 atque
3419 1303 3576 1346 ursos
3605 1291 3838 1353 incitari,
3870 1304 3936 1344 ac
3963 1288 4211 1345 revocari

2622 1380 2885 1439 vocibus;
2925 1396 3095 1452 equos
3125 1382 3310 1452 plausu
3359 1380 3636 1436 hominum
3676 1380 3937 1444 fremere.
3984 1380 4204 1435 silentio

2619 1474 2831 1530 mollire
2857 1490 3073 1529 cursum
3109 1492 3121 1527 :
3149 1470 3381 1544 denique
3408 1489 3552 1541 sirpe
3583 1473 3701 1529 sine
3727 1472 3955 1527 verbere
3986 1480 4210 1543 pra-ter-

2619 1578 2750 1626 eunt
2786 1568 3140 1625 verberatos;
3185 1570 3256 1624 ita
3290 1567 3663 1623 vehementius
3708 1565 3833 1622 illos
3872 1565 4066 1621 incitat
4115 1564 4213 1620 lin-

2617 1678 2736 1735 gua:
2770 1661 3067 1733 ﬂagellum.
3118 1683 3137 1716 ι

2686 1756 2780 1813 61.
2807 1755 2946 1811 Ecce
2971 1754 3099 1810 item
3124 1753 3350 1811 larium
3380 1754 3648 1811 Victorem
3667 1794 3682 1820 ,
3715 1753 3938 1810 latinum
3961 1752 4179 1808 scilicet

924 1862 1084 1917 bilem
1134 1858 1504 1930 potestatem?
1558 1855 1749 1912 Vidisti
1802 1851 2136 1923 principatus
2188 1842 2513 1916 magnitudi-
2544 1850 2593 1912 Β
2619 1856 2676 1905 et
2700 1855 2967 1905 νεωειιιιιι
3012 1848 3244 1904 parm“.
3285 1846 3411 1901 Haec
3441 1862 3635 1914 ηεωρε
3680 1847 3990 1918 laqueum
4031 1845 4085 1899 ί..
4118 1844 4216 1900 ho.

930 1955 1096 2011 nem?
1143 1953 1337 2010 Vidisti
1381 1951 1599 2007 condita
1637 1947 1819 2006 omnia
1858 1946 1961 2002 sub
1995 1943 2156 2014 hujus
2197 1945 2513 2011 potestatem

922 2048 1183 2106 redacta?
1230 2046 1372 2103 Nihil
1418 2044 1646 2117 posthac
1693 2040 1966 2098 mediocre
2011 2035 2081 2094 de
2124 2031 2373 2091 rationali
2416 2030 2518 2084 hoc

920 2140 1135 2197 animali
1155 2138 1483 2210 imagincris,
1508 2134 1603 2192 sed
1626 2138 1800 2205 cogita
1823 2128 2045 2187 honoris
2067 2123 2513 2198 magnitudinem,

919 2244 976 2290 et
1024 2232 1233 2289 Domini
1274 2246 1401 2304 erga
1447 2230 1576 2285 illud
1617 2225 2090 2289 benevolentiam,
2128 2221 2516 2290 obstupescens

919 2329 1062 2384 illius
1101 2329 1455 2391 immensam,
1496 2330 1554 2379 et
1594 2318 2005 2378 inenarrahiIem
2050 2312 2454 2383 benignitatem.
2491 2326 2508 2358 ι

998 2424 1173 2496 Atque
1218 2419 1271 2478 id
1318 2421 1492 2492 ipsum
1530 2415 1656 2473 alibi
1696 2415 1891 2486 repetit
1931 2410 2043 2485 (lib.
2085 2423 2102 2465 ι
2143 2406 2214 2464 ad
2258 2399 2513 2476 Stagir.),

920 2530 1145 2573 monens
1174 2533 1196 2568 ι
1221 2513 1455 2569 voluisse
1482 2514 1648 2569 Deum
1674 2507 1779 2564 hoc
1806 2507 2002 2563 essein
2031 2502 2191 2560 terris
2216 2498 2511 2563 hominem,

918 2612 1061 2683 quod
1094 2611 1208 2680 ipse
1230 2618 1348 2665 erat
1369 2608 1423 2662 in
1450 2604 1657 2663 cadis.)
1691 2600 1827 2658 Vide
1853 2602 2017 2656 etiam
2037 2612 2157 2667 qur
2185 2610 2303 2650 eam
2320 2591 2377 2683 in
2398 2604 2514 2646 rem

922 2682 1081 2760 uada
1120 2702 1339 2759 homilia
1367 2715 1403 2756 ιι
1425 2699 1479 2754 iu
1509 2695 1806 2767 Epistolam
1831 2690 1900 2748 ad
1930 2690 2187 2746 llebrzeos
2218 2686 2293 2760 (η.
2323 2682 2404 2756 2).

991 2800 1079 2854 58.
1128 2797 1405 2869 Nyssenus
1452 2792 1902 2864 Chrysostomnm
1946 2801 2011 2841 ea
2053 2784 2107 2840 in
2157 2778 2514 2851 explicatione

922 2899 1270 2964 praecesserat
1301 2907 1317 2955 ς
1346 2887 1748 2957 subsequuntur
1774 2891 1954 2936 autem
1980 2874 2304 2934 Severianus
2330 2868 2511 2927 Gaba-

919 2961 1148 3055 litantis,
1177 2996 1235 3044 et
1260 2983 1657 3044 Theodorctus.
1696 2977 1971 3050 Nyssenus
2010 2970 2220 3028 scilicet
2244 2978 2355 3022 tum
2384 2961 2509 3019 alibi

922 3082 1155 3155 (Dialog.
1185 3096 1263 3144 ut,
1295 3089 1419 3133 tom.
1454 3091 1471 3130 t
1517 3072 1765 3130 Bibiiotlt.
1797 3068 1922 3126 Pal.
1956 3058 2137 3123 Grato
2164 3059 2359 3155 latina,
2389 3073 2507 3125 cap.

923 3151 1024 3247 Il),
1055 3151 1166 3231 tum
1186 3173 1350 3231 etiam
1371 3170 1426 3227 in
1456 3169 1591 3225 libro
1615 3166 1680 3219 de
1722 3161 1944 3219 hominis
1976 3151 2362 3231 cpiﬁciouberi
2383 3162 2509 3205 orso

921 3246 1067 3328 tione
1108 3269 1231 3334 hoc,
1256 3268 1325 3323 de
1352 3279 1461 3338 quo
1480 3262 1711 3334 agimus.
1740 3254 2099 3328 persequitur,
2136 3246 2255 3305 haec
2282 3255 2508 3317 prmser-
2536 3246 2584 3310 ο

924 3369 1020 3423 tim
1042 3379 1269 3421 monens
1294 3378 1308 3417 :
1344 3380 1367 3414 ι
1402 3358 1469 3417 Ut
1499 3358 1553 3413 in
1579 3356 1679 3410 hac
1708 3354 1813 3406 vita
1839 3348 2073 3404 artilices
2099 3343 2510 3399 instrumentum

920 3479 982 3517 ea
1026 3460 1195 3517 fortun
1224 3456 1539 3516 moliuntur.
1570 3466 1692 3521 qua:
1719 3446 1836 3503 usui
1866 3444 1940 3500 sit
1964 3451 2089 3511 apta
2118 3457 2131 3491 :
2162 3438 2234 3492 ita
2259 3445 2512 3503 tanquam

921 3569 1015 3610 vas
1058 3550 1326 3622 quoddam
1378 3545 1446 3602 ad
1493 3541 1643 3615 regni
1690 3532 2214 3599 administrationem
2259 3526 2509 3622 idoneum

921 3616 1164 3702 naturam
1195 3648 1433 3696 nostram
1463 3632 1943 3708 praestantissimus
1969 3622 2250 3684 fabricavit
2276 3616 2469 3674 artifex
2496 3633 2507 3668 :

921 3758 985 3798 ac
1008 3749 1120 3797 tum
1148 3736 1344 3793 anima:
1367 3732 1618 3797 dotibus,
1649 3739 1763 3786 tum
1801 3727 1973 3797 ﬁgura
2007 3723 2120 3792 ipsa
2148 3714 2392 3787 corporis
2428 3723 2509 3767 ta-

922 3834 1029 3889 lem
1052 3830 1354 3901 designavit
1378 3825 1684 3889 hominem,
1714 3830 1773 3876 ιιι
1806 3818 1874 3875 ad
1904 3829 2127 3884 regnum
2171 3814 2316 3865 esset
2338 3802 2508 3874 aptis-

920 3928 1112 3982 simus.
1143 3944 1164 3977 ι
1195 3923 1374 3991 Atque
1409 3918 1462 3974 id
1492 3918 1693 3988 ipsum,
1718 3911 1863 3985 quod
1890 3910 1978 3966 hic
2007 3904 2239 3976 attingit,
2267 3900 2508 3969 copiosa,

921 4022 998 4077 uti
1042 4019 1297 4079 diximus,
1325 4014 1602 4082 deinceps,
1632 4019 1795 4078 atque
1824 4002 2052 4075 eleganti
2084 3999 2291 4056 ratione
2326 4007 2511 4065 perse-

919 4104 1119 4176 quitur.
1167 4106 1322 4175 Quod
1367 4106 1564 4160 attinet
1602 4101 1669 4156 ad
1718 4095 2068 4154 Severianum
2113 4089 2508 4176 Gabalitanum,

2620 1943 2781 1999 minis
2804 1944 3081 1997 creatione
3112 1943 3280 1997 Deum
3309 1940 3515 1996 inducit
3538 1938 3641 2010 (De
3669 1940 3885 2011 Origine
3912 1939 4142 2009 mandi):

2709 2058 2851 2109 Nune
2867 2058 3110 2107 hominem
3132 2056 3373 2119 faciamus.
3395 2060 3482 2115 ait,
3509 2054 3593 2119 qui
3608 2060 3795 2113 regnet
3816 2054 3865 2102 in
3885 2053 4030 2117 orbe,

2712 2121 2776 2173 Et
2793 2122 2860 2172 sit
2880 2123 3039 2183 imago
3056 2119 3153 2171 Dei
3172 2132 3184 2168 :
3205 2117 3416 2169 similist:
3432 2117 3582 2171 decet
3606 2131 3720 2167 esse
3744 2119 3935 2169 creanti
3944 2152 3964 2181 ,
3985 2125 4085 2168 etc.

2621 2202 2689 2260 Et
2711 2203 2970 2273 deinceps
3000 2220 3013 2255 :

2708 2295 2841 2360 Ergo
2866 2295 2997 2346 hunc
3018 2296 3326 2360 pnepositum
3350 2294 3500 2345 rebus
3521 2304 3632 2347 cunt
3652 2295 3861 2360 majuxe
3877 2290 4036 2360 jussit

2709 2352 2949 2410 Crescere
2974 2352 3064 2422 per
3087 2352 3323 2417 sotmlem,
3349 2360 3605 2419 terrasque
3627 2352 3831 2419 replere
3856 2352 4110 2404 vacantes.

2618 2442 2827 2499 Rursus
2854 2456 3071 2513 quoque
3094 2460 3107 2495 :

2711 2533 3058 2597 Primusenlm
3079 2533 3288 2597 meritis,
3302 2535 3587 2597 rostrorum
3605 2530 3664 2581 in
3683 2530 3859 2581 oniine
3884 2534 3988 2597 toto

2708 2596 2886 2650 Factus
2905 2596 3070 2655 homo,
3096 2600 3150 2657 ut
3171 2594 3286 2646 sese
3309 2595 3461 2657 rebus
3479 2602 3717 2657 prcstare
3728 2594 3927 2645 creatis

2707 2657 2904 2723 Nosset,
2928 2666 2983 2711 et.
2997 2658 3112 2710 hinc
3132 2656 3306 2709 laudes
3322 2654 3532 2708 Domino
3552 2654 3867 2720 persolveret
3888 2669 4061 2719 equas

2685 2768 2776 2824 62.
2820 2768 2879 2826 hi
2927 2764 3172 2829 eamdem
3216 2768 3541 2823 sententiam
3577 2764 3822 2823 Alcimus
3852 2762 4051 2819 Avitus
4094 2762 4213 2833 ipse

2616 2880 2828 2943 quoque
2855 2863 2969 2921 hzec
2997 2864 3064 2921 de
3087 2863 3307 2921 homine
3334 2864 3643 2935 loquentem
3668 2863 3838 2919 Deum
3858 2862 3984 2917 facit
4010 2879 4027 2915 :

2708 2980 2847 3031 Nune
2872 2978 3106 3031 formetur
3125 2980 3290 3040 homo,
3316 2978 3490 3029 aanimi
3509 2991 3658 3040 quem
3678 2978 3835 3040 tangit
3856 2977 4021 3040 imago

2707 3042 2945 3100 Numinis.
2968 3049 3021 3093 et
3044 3050 3255 3091 nostram
3279 3041 3413 3091 celso
3433 3041 3644 3093 donatus
3666 3041 3852 3091 honore

2706 3105 2886 3157 Induat
2907 3105 3118 3155 interius
3144 3104 3348 3153 formosa
3372 3109 3540 3154 mente
3572 3104 3793 3164 ﬁguram.

2706 3166 2851 3218 liuuc
2872 3166 2995 3218 libet
3021 3168 3203 3217 erectis
3218 3166 3480 3216 sublimem
3503 3166 3738 3216 incedere
3762 3164 3958 3228 plumis,

2708 3229 2799 3290 Qui
2824 3238 2967 3293 regat
2990 3238 3178 3293 mteruo
3198 3228 3468 3293 subjectum
3492 3229 3710 3290 pomlere
3733 3227 3985 3289 mundum,

2710 3287 2860 3342 ilruta
2884 3287 3070 3348 uoluet.
3096 3287 3261 3351 legent
3285 3287 3570 3348 cunctis,“-
3596 3295 3783 3341 nomina
3807 3296 3967 3353 ponat.

2710 3356 2850 3405 Astra
2871 3362 3029 3415 notet,
3058 3354 3269 3415 cii-lique
3288 3353 3408 3410 viss,
3434 3358 3486 3400 et
3508 3355 3670 3402 sidera
3692 3354 3839 3409 norit.

2709 3415 2873 3483 Discat
2896 3426 2949 3468 et
2970 3418 3204 3483 inspectis
3223 3415 3511 3483 discemtire
3529 3422 3749 3483 tantum
3770 3416 3953 3483 signis,

2709 3478 2946 3543 Subjiclat
2969 3476 3176 3541 pelagus
3198 3490 3401 3543 s.'evun_t._
3427 3476 3722 3543 ittgenim’ine
3741 3476 3897 3543 tenari

2708 3538 3308 3603 ιιοεέιίιειιήαάυωφιο
3325 3538 3489 3589 videt:
3512 3542 3591 3589 cui
3615 3538 3773 3591 iussus
3794 3540 4031 3592 {rendam

2706 3606 2920 3666 Serviat,
2946 3612 2997 3655 et
3015 3604 3171 3665 posiw
3191 3604 3378 3653 discant
3391 3611 3660 3666 mansueta
3678 3605 3845 3658 lurore

2709 3661 2975 3731 imperium
2994 3661 3214 3731 iumenta
3235 3668 3330 3727 pati
3350 3705 3361 3725 ,
3389 3664 3601 3731 iussique
3624 3661 3769 3731 ligari

2708 3727 2967 3780 Ft‘attinent
2982 3728 3157 3790 περιειι
3180 3734 3415 3791 consueta
3438 3729 3487 3775 in
3513 3727 3669 3791 vincla
3685 3732 3901 3791 iuvenci.

2709 3795 2914 3856 Quoque
2938 3793 3083 3841 etiam
3107 3796 3277 3856 natura
3312 3789 3522 3856 hominis
3814 3803 4004 3856 exstet,

2708 3847 2908 3917 incipiat
2929 3859 3089 3903 rectos
3112 3851 3158 3900 in
3183 3851 3357 3917 ett-lum
3384 3847 3483 3900 tolli
3506 3864 3562 3901 ro
3590 3852 3767 3917 vultus,

2708 3916 2965 3967 Factorum
2984 3921 3172 3976 qua-rat
3193 3916 3460 3977 proiirium,
3484 3917 3562 3964 cui
3586 3916 3759 3967 urente
3779 3916 3912 3969 Mali

2709 3979 2965 4043 [inpendat
2986 3976 3212 4028 tumulant
3235 3976 3456 4039 longua
3479 3980 3529 4029 in
3546 3986 3774 4042 tenipore
3794 3982 3957 4034 vitam.

2683 4086 2775 4141 63.
2805 4084 2911 4143 Sed
2940 4085 3061 4155 quis
3086 4084 3441 4155 Augustinum
3472 4101 3578 4140 non
3610 4086 3831 4149 referat,
3864 4088 3956 4158 qui
3982 4085 4107 4143 hac
4136 4089 4211 4143 ait

2613 4180 2712 4249 (De
2739 4178 2935 4237 Genesi
2962 4190 3150 4235 contra
3179 4177 3435 4243 Μδιιίειιη
3466 4178 3556 4234 (ἐὺ.
3590 4194 3626 4245 ι,
3654 4196 3771 4253 cap.
3817 4182 3917 4248 17,
3958 4197 4019 4236 ιι.
4070 4184 4169 4252 ib)
4196 4206 4207 4238 :

918 4175 1043 4260 eum
1072 4201 1316 4266 consule,
1337 4214 1498 4269 quem
1530 4195 1583 4251 in
1606 4194 1752 4252 calce
1782 4191 1988 4262 pagina:
2014 4186 2237 4256 desiguo
2258 4225 2273 4251 ,
2309 4175 2506 4241 locum,

2618 4290 2637 4324 ι
2667 4272 2821 4341 Quod
2849 4272 3010 4327 homo
3030 4271 3096 4327 ad
3128 4272 3416 4341 imaginem
3447 4272 3541 4326 Dei
3566 4270 3739 4330 factos
3757 4270 3975 4340 dicitur,
4002 4288 4209 4330 secun-

921 4298 1106 4364 idque,
1144 4296 1215 4353 de
1250 4309 1360 4365 quo
1386 4296 1617 4365 agimus,
1662 4286 1915 4343 traditum
1950 4278 2193 4337 invenies
2228 4276 2327 4348 (α).

991 4390 1079 4445 59.
1112 4364 1485 4444 Titeodoretns
1513 4396 1643 4438 vero
1667 4380 1719 4435 in
1746 4375 1995 4434 eamdem
2027 4369 2351 4429 sententiam
2393 4364 2509 4420 haec
2611 4366 2738 4422 dum
2778 4366 3085 4422 interiorem
3114 4367 3385 4421 bouunem
3431 4365 3651 4431 dicitur,
3695 4367 3783 4424 tibi
3834 4376 3918 4423 est
3956 4368 4124 4434 ratio,
4155 4379 4209 4423 et

918 4481 1083 4538 tradit
1106 4478 1210 4551 (In.
1234 4478 1403 4548 Caput
1451 4472 1778 4545 “Epistula?
1806 4468 1918 4525 tad
1946 4462 2158 4523 Corinth
2185 4462 2240 4534 ).-
2278 4479 2298 4513 ι
2338 4460 2510 4551 llonto
2612 4446 2951 4517 intellectus.
2999 4462 3142 4518 unde
3188 4463 3353 4518 etiam
3398 4461 3559 4519 habet
3600 4470 3927 4531 potestatem
3974 4463 4208 4531 piscium

916 4584 1001 4631 est
1030 4574 1124 4630 Dei
1162 4572 1359 4641 imago,
1415 4581 1590 4635 neque
1627 4563 1806 4635 quoad
1844 4572 2073 4630 corpus,
2113 4569 2292 4625 neque
2329 4550 2508 4624 quoad
2610 4556 2809 4621 maris,
2853 4564 2910 4611 et
2933 4556 3230 4612 volatilium
3258 4557 3414 4621 emli,
3445 4566 3502 4611 et
3542 4556 3784 4611 omnium
3814 4567 4076 4626 pecorum
4098 4597 4114 4620 ,
4152 4564 4213 4612 et

916 4670 1185 4732 animam,
1231 4663 1327 4721 sed
1366 4670 1576 4717 tantum
1627 4656 1771 4727 quod
1809 4653 2002 4724 attinet
2042 4651 2109 4705 ad
2143 4647 2501 4719 principatum
2531 4641 2583 4704 ι)
2610 4648 2865 4717 ferarum,
2906 4659 2963 4706 et
2996 4651 3178 4706 omnis
3243 4660 3433 4717 terrm,
3479 4659 3535 4705 et
3571 4649 3812 4705 omnium
3856 4652 4207 4719 repentium,

916 4768 974 4816 et
997 4756 1280 4827 imperium
1297 4771 1313 4809 :
1332 4760 1391 4808 ut
1407 4750 1496 4807 cui
1519 4763 1648 4819 ergo
1672 4746 1936 4812 omnium,
1959 4758 2078 4814 qua:
2107 4750 2233 4795 sunt
2260 4738 2313 4793 in
2338 4748 2503 4803 terra,

916 4850 1201 4923 imperium
1221 4855 1307 4903 est
1331 4844 1623 4907 creditum,
1648 4838 1744 4895 Dei
1766 4840 1941 4908 imago
1965 4833 2286 4904 appellatur;
2312 4828 2507 4885 mulier

916 4956 1119 5008 autem,
1150 4954 1212 4997 ut
1233 4954 1354 5012 qum
1381 4937 1451 4993 sit
1478 4936 1532 4991 in
1562 4940 1829 5005 potestate
1856 4929 1977 4993 viri,
2008 4938 2079 4983 est
2109 4926 2203 4981 uiri
2227 4925 2422 4996 gloria,
2452 4934 2506 4977 et

914 5040 1079 5095 veluti
1104 5038 1284 5106 imago
1313 5030 1561 5102 imaginis
1587 5046 1599 5080 :
1628 5041 1751 5082 nam
1778 5027 1890 5092 ipsa
1917 5022 2078 5076 etiam
2111 5019 2228 5073 aliis
2250 5018 2502 5088 imperat,

914 5133 1009 5192 sed
1037 5133 1153 5187 viro
1173 5128 1415 5199 subjecta
1444 5133 1585 5181 esse.
1611 5129 1668 5177 et
1688 5121 1739 5176 ei
1768 5130 1957 5189 parere
1983 5116 2133 5186 jussa
2160 5121 2262 5167 est.
2298 5132 2318 5164 ι

984 5226 1075 5284 60.
1105 5222 1213 5281 Sed
1239 5237 1311 5277 ne
1337 5219 1560 5275 Graeca
1587 5222 1793 5270 tantum
1821 5210 2094 5267 videamur
2121 5203 2316 5261 afferre
2334 5243 2351 5269 ,
2377 5216 2503 5257 ecce

914 5319 1012 5376 tibi
1064 5312 1407 5373 Ambrosium
1457 5308 1577 5365 haec
1617 5305 1687 5363 de
1746 5303 1967 5360 homine
2019 5298 2317 5355 tradentem
2378 5294 2501 5367 (ως

920 5433 939 5465 ο
977 5412 1090 5468 Hoc
1108 5409 1305 5466 mentis
1329 5406 1515 5476 vigore
1540 5408 1597 5457 et
1623 5406 1847 5455 externa
1887 5392 2109 5463 subigit,
2138 5400 2195 5447 et
2221 5397 2468 5458 separata
2487 5428 2501 5453 ,

913 5521 977 5564 ac
1001 5500 1254 5562 distantia
1278 5497 1439 5564 videt,
1465 5505 1521 5552 et
1546 5490 1803 5550 validiora
1828 5487 2029 5544 viribus
2053 5482 2306 5539 animalia
2328 5478 2499 5550 subji.

986 5668 1065 5743 (α)
1113 5666 1261 5724 Orat.
1308 5678 1341 5716 v
1378 5664 1443 5718 de
1472 5654 1965 5739 mundiOCrcatioue
2005 5666 2057 5705 n.
2102 5647 2157 5731 εξ,
2273 5660 2325 5717 g.
2366 5642 2494 5708 485,

986 5757 1025 5773 ηρ.
1078 5755 1125 5773 ..ι
1154 5735 1239 5773 η..
1286 5734 1564 5773 nti-mnu-
1596 5728 1727 5773 ριιιι.
1770 5723 2176 5773 Montiancomt.
2200 5662 2269 5773 Fr:
2302 5733 2405 5773 (tuo
2431 5724 2494 5771 est

915 5721 1257 5808 torn'vt‘Op.
1281 5734 1565 5808 Chrysost.
1596 5728 1727 5788 edit.
1770 5721 2176 5808 Montlauconii.
2200 5721 2266 5773 In
2302 5733 2405 5785 quo
2431 5721 2503 5771 est

917 5816 1047 5871 ratio
1079 5806 1362 5881 imaginis?
1389 5807 1439 5861 in
1467 5810 1736 5875 potestate,
1765 5806 1870 5856 etc.

2610 4756 2730 4812 qua:
2754 4751 2880 4798 sunt
2904 4757 3069 4814 super
3095 4753 3292 4798 terram
3317 4760 3332 4796 :
3360 4758 3484 4799 cum
3509 4745 3653 4799 enim
3674 4741 3923 4808 dixisset.
3947 4741 4211 4811 faciamus

2610 4836 2864 4889 hominem
2890 4834 2960 4888 ad
2984 4835 3277 4902 imaginem,
3310 4844 3356 4889 et
3388 4834 3784 4889 similitudinem
3808 4840 4071 4900 nostram,
4108 4833 4209 4889 ael-

2608 4925 2743 4980 didit
2786 4925 3082 4981 continuo:
3118 4923 3186 4979 Et
3226 4926 3407 4981 habent
3434 4934 3733 4997 potestatem
3764 4927 3983 4997 piscium
4021 4929 4208 4997 inuris,

2609 5029 2656 5072 ct
2687 5017 2971 5073 voiatiliatm
3000 5019 3134 5084 caeli,
3166 5027 3223 5073 et
3250 5030 3445 5074 cautem
3482 5035 3496 5071 :
3525 5028 3583 5075 ut
3612 5016 4065 5091 intelligeremus,
4101 5038 4209 5076 non

2611 5120 2830 5181 propter
2870 5125 3067 5183 corpus
3111 5112 3215 5168 dici
3256 5111 3529 5170 hominem
3571 5114 3769 5170 factum
3816 5113 3883 5169 ad
3912 5114 4211 5186 imaginem

2612 5203 2732 5269 Dei,
2772 5202 2866 5258 sed
2897 5213 3115 5274 propter
3141 5217 3262 5259 eam
3289 5212 3635 5275 potestatem,
3660 5220 3765 5276 qua
3796 5206 3978 5262 omnia
4001 5220 4210 5277 pecora

2611 5305 2846 5367 superat.
2891 5294 3084 5352 Omnia
3121 5296 3265 5352 enim
3288 5297 3539 5353 animalia
3573 5305 3772 5356 caetera
3805 5298 4050 5371 subjecta
4082 5310 4214 5355 sunt

2613 5384 2814 5441 homini
2833 5401 2951 5443 non
2981 5396 3201 5456 propter
3221 5403 3440 5459 corpus,
3470 5390 3565 5446 sed
3598 5400 3816 5462 propter
3844 5391 4211 5459 intellectum,

2612 5495 2769 5550 quem
2798 5494 2898 5536 nos
2924 5479 3208 5551 habemus,
3237 5490 3289 5537 et
3321 5482 3413 5538 illa
3443 5499 3549 5539 non
3577 5482 3795 5540 habent.
3835 5505 3855 5538 ι

2680 5643 2757 5716 (b)
2802 5642 2920 5723 hib.
2968 5660 3039 5723 vi.
3089 5646 3250 5717 epist.
3295 5661 3520 5713 xxxviii,
3560 5646 3695 5706 alias
3733 5647 3907 5707 classe
3950 5665 3990 5710 ι.
4043 5654 4211 5723 epin.

2613 5714 2756 5783 xuii,
2792 5714 3130 5776 llorontionoﬁ
