4464 6466
420 313 526 371 8Ὶῦ

1111 310 1176 367 1N
1210 308 1464 368 HlLARll
1500 306 1723 373 EPIST.
1764 306 1895 367 SEU
1928 308 2146 366 LIBEL.
2182 307 2636 368 blSSEIiTATIO
2671 307 2946 365 'l‘lsltTIA.

3601 312 3706 377 874

494 430 583 487 (il.
617 430 714 488 llic
752 443 997 489 recense.
1039 426 1082 483 si
1114 430 1213 491 iis.
1242 429 1430 485 Patres
1454 442 1550 484 eos
1601 426 1692 499 qui
1733 434 2010 498 peccatum
2039 428 2087 487 Α
2119 425 2326 481 Etenim
2372 441 2494 482 eum
2534 439 2726 481 cursus
2776 435 2876 480 iste
2922 424 3125 480 liomini
3166 426 3457 493 inserviat,
3503 429 3706 484 homini

424 524 693 581 Diemonis
752 522 803 576 in
845 536 913 578 co
963 520 1270 589 collocant,
1322 518 1465 592 quod
1512 520 1767 576 lurulerit
1810 518 2013 575 homini
2111 534 2246 574 sane
2290 518 2644 573 ministerium
2686 519 3011 585 przestahnnl
3041 558 3055 585 ,
3100 518 3190 589 qui
3254 519 3428 589 ipsum
3471 522 3712 592 dirigunt

421 632 688 675 summam
714 630 836 671 eam
878 615 934 669 in
965 628 1050 671 res
1080 629 1274 669 omnes
1303 622 1627 684 potestatem
1676 628 1739 666 ac
1764 612 2011 666 domina-

2115 611 2522 684 perﬁciuutque.
2551 611 2691 678 Quid
2714 612 2737 663 ‘I
2766 612 2907 681 quod
2934 612 3093 666 iiilem
3126 613 3315 683 Angeii
3339 615 3495 670 nobis
3523 617 3707 671 tittcla'

424 724 560 778 tum,
605 724 762 782 queui
816 706 918 764 sibi
964 705 1355 764 coiilerendum
1404 705 1571 761 fuisse
1616 713 1828 773 putarat
1907 702 2015 759 llos
2113 723 2176 761 ac
2223 706 2475 776 pt'tcsidio
2501 713 2646 766 sunt.
2688 706 2827 760 sicut
2876 705 2942 762 ab
2984 707 3245 775 Apustulo
3276 706 3443 763 Paulo
3472 708 3708 781 (Ηεὸνω.

421 818 585 876 porro
616 818 717 860 nec
754 799 1184 860 contemnendus
1210 815 1375 862 sane.
1407 813 1507 854 nec
1538 812 1739 870 paucos
1762 796 2013 864 equidem

420 912 788 964 recenserem,
810 894 915 952 nisi
946 895 1186 951 laborem
1212 908 1392 950 meum
1415 892 1768 963 antii'ipassct
1796 890 2017 962 prmia-

422 994 671 1048 risstmus
698 988 971 1053 Petavius,
998 986 1156 1056 cujus
1184 987 1361 1042 locum
1384 987 1439 1041 in
1466 985 1617 1041 calce
1639 986 1849 1055 paginas
1869 998 1899 1037 a
1930 997 2017 1037 me

424 1084 718 1142 indicatum
764 1082 993 1139 obsecro
1013 1082 1268 1137 consulas
1316 1078 1418 1151 (De
1464 1078 1677 1153 Angelis
1720 1093 1800 1141 in,
1844 1076 1902 1143 2,
1935 1076 2013 1147 8).

433 1176 596 1239 Adde,
625 1175 670 1231 si
700 1177 802 1242 vis,
836 1176 1209 1231 auctoritatem
1245 1171 1418 1228 Καὶ)ὺί
1441 1170 1673 1236 Saadiae,
1705 1168 2021 1227 collocttntis

425 1269 632 1328 scilicet
656 1284 798 1335 eam,
837 1267 908 1325 de
941 1284 1043 1338 qua
1075 1267 1307 1337 agimus,
1352 1266 1637 1337 imaginem
1669 1265 1723 1319 in
1768 1264 2018 1332 imperio,

426 1372 481 1420 et
507 1361 879 1419 dominatione
906 1358 1114 1435 (Refert
1136 1375 1199 1415 ea:
1224 1358 1363 1414 Men
1397 1357 1567 1413 Hesra
1586 1353 1769 1413 Petita.
1798 1357 1862 1411 de
1894 1353 2021 1427 Opi-

429 1460 516 1523 Iic.
542 1472 601 1523 tt,
632 1456 690 1525 ὅ,
715 1455 798 1528 2).

498 1550 588 1608 65.
617 1549 952 1622 Quamquam
993 1563 1220 1607 necesse
1251 1562 1362 1605 non
1401 1556 1488 1604 est
1517 1545 1618 1603 hac
1646 1546 1701 1602 in
1731 1560 1792 1601 re
1836 1546 1887 1600 in
1914 1542 2021 1600 Pa-

429 1653 605 1710 trum,
646 1652 701 1700 et
722 1641 1071 1699 Hebraeorum
1098 1640 1422 1698 testimoniis
1445 1638 1538 1694 diu
1569 1637 1836 1703 laborare,
1888 1636 2025 1694 adeo

429 1735 633 1792 scilicet
670 1733 723 1789 id
756 1735 1098 1805 perspicuum
1139 1740 1251 1796 est.
1291 1744 1347 1787 ut
1374 1730 1508 1786 illud
1551 1745 1766 1801 quoque
1796 1728 2024 1784 vetustis

431 1827 566 1900 ipsis
616 1835 671 1883 et
699 1825 853 1885 inter.
881 1822 1199 1883 idololatria
1230 1826 1481 1880 tenebras
1506 1823 1698 1896 positis
1731 1821 2023 1891 Scriptori-
2051 1816 2099 1880 Β

430 1918 532 1978 bus
558 1918 874 1980 innotuerit.
907 1915 963 1976 Id
1006 1933 1167 1987 porro
1206 1917 1497 1974 multorum
1521 1916 1744 1987 quidem
1767 1916 2023 1986 opinione

430 2008 803 2070 denotantilla
832 2008 996 2067 Tullii
1033 2008 1237 2066 monita
1264 2008 1374 2081 (lib.
1406 2024 1441 2064 u
1470 2009 1537 2064 de
1573 2008 1828 2078 ﬁnibus):
1865 2024 1885 2058 ι
1919 2004 2025 2061 Ea-

431 2103 556 2173 dem
588 2101 855 2174 (hominis)
884 2102 1023 2159 ratio
1072 2102 1233 2157 habet
1270 2101 1325 2157 in
1362 2115 1426 2159 se
1470 2100 1727 2173 quiddam
1764 2100 2023 2170 amplum.

431 2208 596 2270 atque
624 2196 990 2270 magniﬁcum,
1025 2196 1090 2253 ad
1122 2194 1496 2269 imperandum
1536 2193 1707 2266 magis
1766 2209 1929 2264 quam
1959 2191 2026 2248 ad

435 2293 731 2364 parendum
749 2290 1240 2349 accommodatum.
1262 2288 1589 2360 Expressius
1617 2300 1782 2360 porro
1797 2286 2028 2343 Ovidius

433 2385 482 2457 (ι
509 2383 883 2457 letumorpb.)
919 2410 932 2442 λ

526 2500 753 2563 Sanctius
775 2499 855 2563 bis
868 2498 1068 2559 animal,
1090 2502 1375 2563 mentisque
1396 2502 1625 2562 capacius
1638 2497 1751 2549 alta

526 2562 718 2627 Deerat
738 2560 918 2627 adhuc,
941 2569 997 2614 et
1016 2562 1149 2627 quod
1169 2560 1408 2615 dominari
1431 2560 1482 2613 in
1502 2569 1687 2614 caetera
1709 2565 1893 2626 posset.

525 2625 679 2679 Natus
705 2625 855 2679 homo
878 2625 977 2689 est,
1001 2625 1099 2679 etc.

504 2730 597 2801 66.
640 2730 776 2790 Hinc
816 2730 1084 2791 edomitas
1131 2731 1203 2790 ab
1244 2730 1468 2790 homine
1497 2730 1743 2789 videmus
1784 2730 2033 2787 crudeles

436 2826 640 2884 belluas
674 2842 690 2883 :
727 2834 889 2899 atque
934 2825 987 2883 id
1020 2842 1143 2882 cum
1168 2828 1351 2885 caeteri
1380 2825 1658 2898 eleganter
1697 2826 2026 2894 describant,

434 2918 724 2991 descripsit
772 2934 905 2976 sane
951 2917 1208 2975 Ilartialis
1256 2918 1422 2987 nobili
1478 2917 1572 2973 illo
1642 2918 2033 2990 epigrammate

436 3014 564 3084 (fere
597 3010 813 3068 habetur
849 3010 941 3067 lib.
969 3026 1020 3081 l,
1046 3028 1101 3068 tt.
1136 3008 1299 3082 ιω),
1338 3007 1485 3084 quod
1517 3008 1586 3066 ad
1622 3011 1769 3066 hunc
1808 3008 2029 3065 modum

436 3115 540 3161 lnct
583 3115 624 3161 It
656 3123 669 3157 τ

547 3119 581 3177 p
683 3197 823 3265 Picto
844 3197 974 3265 quod
991 3200 1111 3265 juga
1130 3197 1342 3265 delicata
1363 3196 1492 3249 collo

684 3258 1123 3325 l’lrdnéwsfinét.
1147 3260 1481 3325 ιωρτρδαῑρθ
1515 3258 1679 3324 lieres

681 3321 952 3389 Indulgent
969 3321 1254 3388 iuuenum
1274 3321 1493 3386 ﬂagello.

437 3426 582 3502 quod
605 3428 822 3502 quidem
853 3428 1185 3502 epigramma
1213 3429 1486 3499 integrum
1512 3427 1659 3499 legas
1692 3426 1852 3483 velim
1882 3446 1893 3480 :
1923 3426 2032 3482 elc-

436 3536 569 3595 gans
593 3523 794 3594 quippe
831 3521 988 3579 Valde
1015 3532 1120 3590 est,
1149 3523 1612 3588 venustiss'mum,
1645 3526 1704 3576 et
1728 3520 1802 3583 id,
1828 3519 1897 3576 de
1926 3536 2033 3592 quo

436 3616 667 3687 agimus,
696 3613 922 3671 miriﬁce
947 3615 1283 3683 comprobat.

509 3706 597 3764 67.
634 3706 774 3765 Ante
800 3705 1095 3763 Martialem
1124 3716 1499 3779 argumentum
1529 3703 1635 3762 hoc
1658 3706 2033 3777 copiosissime

438 3808 795 3873 pertractant
818 3798 1003 3860 Philo:
1034 3802 1191 3871 cujus
1215 3798 1377 3856 verba
1401 3799 1714 3865 sireleraui,
1744 3813 1937 3853 vereor
1969 3813 2035 3853 ne

440 3910 598 3965 :cquo
623 3894 723 3950 sim
753 3892 966 3966 longior
996 3911 1011 3946 :
1044 3893 1221 3950 locum
1259 3894 1346 3949 ubi
1367 3893 1552 3965 jaceut
1579 3892 1827 3949 consulat
1865 3892 2035 3947 lector

440 3984 527 4056 (de
555 3985 751 4057 Opi/ie.
798 3983 979 4042 Geten.
1014 3986 1295 4058 interprete
1332 4002 1455 4057 pag.
1492 3983 1560 4041 16
1598 3994 1648 4041 et
1697 3984 1764 4041 17
1795 3983 2034 4038 editionis

444 4079 646 4151 Gryph.
688 4082 814 4135 anni
844 4079 1032 4151 1561).

512 4174 601 4231 68.
634 4174 817 4244 Quid?
860 4174 1001 4244 quod
1038 4174 1214 4245 pisces
1241 4175 1365 4246 ipsi,
1394 4174 1609 4229 tametsi
1647 4172 1716 4227 ab
1755 4171 2033 4228 hominum

442 4265 719 4322 consortio
745 4267 1117 4326 remotissimi.
1145 4279 1254 4322 non
1280 4280 1407 4321 raro

538 4357 602 4411 Et
619 4366 799 4411 norunt
819 4360 1093 4423 dominum,
1115 4371 1413 4423 manumque
1440 4357 1661 4409 lambunt

565 4483 576 4495 ο
813 4486 822 4493 .
866 4455 974 4480 μ...
998 4421 1059 4494 Et
1084 4423 1145 4472 ad
1168 4421 1393 4496 magistri

536 4484 721 4537 Vocem
742 4486 950 4550 quisque
975 4485 1050 4535 sui
1075 4486 1211 4535 venit
1227 4484 1422 4535 citatus.

2117 814 2152 851 ι,
2191 799 2279 867 li)
2316 818 2331 850 ι
2364 796 2731 853 Minisuaturii
2758 798 2979 866 spiritus
3007 801 3345 872 appellentur
3376 814 3597 870 propter
3615 819 3711 859 eos

2118 893 2288 958 missi,
2337 893 2429 964 qui
2469 892 2835 949 btereditatcnt
2866 905 3086 963 capiunt
3106 895 3311 950 salutis.
3337 917 3355 949 1
3386 895 3505 965 Quo
3533 897 3600 953 de
3627 914 3711 953 ar»

2117 998 2373 1057 gumento
2391 986 2541 1057 plura
2564 987 2648 1041 hic
2666 986 2923 1053 dicerent,
2937 988 3058 1042 .nisi
3079 989 3335 1058 peculiari
3368 988 3554 1045 libello
3566 1006 3628 1045 ea
3648 990 3713 1045 de

2119 1096 2180 1135 re
2204 1080 2426 1151 copiose
2453 1080 2811 1148 disputassem
2841 1079 3018 1151 (llein
3062 1080 3249 1151 Augcli
3285 1084 3543 1154 custodi).
3571 1084 3712 1139 cini»

2120 1173 2258 1241 sule,
2290 1173 2460 1239 sim,
2488 1172 2765 1230 Patavium
2792 1172 2878 1245 (de
2903 1176 3083 1245 Auget.
3114 1192 3171 1237 ii.
3199 1176 3252 1239 6,
3288 1178 3317 1230 7
3339 1188 3386 1232 et
3412 1178 3564 1249 δρψ).

2192 1292 2280 1348 70.
2315 1292 2448 1348 Eam
2490 1292 2561 1348 ob
2586 1307 2701 1348 rem
2734 1308 2840 1348 non
2882 1304 3136 1350 verentur
3174 1294 3325 1349 tntilli
3359 1296 3579 1350 inditam
3612 1296 3711 1350 bo-

2122 1387 2254 1443 mini
2300 1388 2393 1442 Dei
2426 1387 2714 1459 imaginem
2744 1389 2798 1442 iu
2827 1403 2895 1443 eo
2934 1402 3163 1458 ponere,
3200 1387 3343 1460 quod
3383 1389 3526 1445 sicut
3572 1389 3713 1446 Deus

2123 1493 2302 1535 rerum
2347 1481 2587 1535 omnium
2632 1478 2755 1535 linis
2793 1488 2909 1547 est,
2942 1494 3040 1536 seu
3092 1496 3254 1536 causa
3300 1481 3508 1548 ﬁnalis,
3556 1482 3631 1537 ita
3660 1490 3716 1538 et

2124 1571 2311 1639 homo,
2342 1588 2411 1627 eo
2441 1573 2814 1630 tantummodo
2856 1574 2955 1629 hac
2987 1575 3041 1631 in
3068 1591 3129 1631 re
3157 1575 3324 1631 Deum
3357 1578 3497 1632 inter
3541 1585 3597 1633 et
3619 1576 3719 1633 ho-

2127 1666 2326 1722 minem
2350 1666 2661 1722 discrimine
2694 1668 2892 1735 posito,
2922 1668 3065 1738 quod
3102 1669 3242 1725 Deus
3270 1683 3451 1725 rerum
3480 1671 3718 1725 omnium

2131 1759 2251 1816 linis
2290 1759 2515 1815 ultimus
2551 1766 2641 1823 sit,
2683 1761 2846 1816 homo
2874 1776 3006 1816 vero
3045 1760 3111 1817 ad
3158 1763 3321 1817 [leum
3351 1765 3523 1833 ipsum
3564 1762 3723 1836 dirigi

2125 1852 2341 1921 debeat,
2368 1863 2425 1909 et
2452 1852 2520 1908 ad
2546 1868 2670 1908 eum
2697 1853 3050 1918 contendere.
3081 1856 3131 1907 in
3155 1870 3264 1925 quo
3283 1856 3548 1927 quiescat,
3577 1866 3633 1910 et
3652 1855 3720 1912 ad

2125 1944 2282 2016 cujus
2310 1944 2533 2014 gloriam
2578 1944 2695 2015 ipse
2725 1960 2945 2016 quoque
2970 1945 3038 1999 sit
3067 1945 3333 2000 conditus.
3367 1946 3475 2002 Sed
3520 1949 3621 2003 hoc
3649 1946 3719 2003 de

2127 2046 2448 2103 argumento
2483 2053 2605 2091 cum
2641 2037 2962 2092 luculentius
2987 2036 3117 2093 alibi
3144 2039 3347 2109 egerim
3380 2037 3603 2111 (Diuert
3655 2040 3720 2112 t),

2128 2146 2251 2186 eum
2285 2132 2463 2186 locum
2504 2129 2706 2186 recolat
2746 2130 2936 2185 lcetor.

2199 2245 2288 2301 71.
2322 2247 2387 2301 At
2413 2247 2523 2317 jam
2558 2246 2847 2303 vertendus
2873 2255 2955 2301 est
2984 2263 3165 2303 sermo
3195 2248 3260 2303 ad
3293 2262 3481 2304 eorum
3511 2250 3719 2321 opinio-

2130 2355 2290 2404 nem,
2323 2340 2413 2407 qui
2453 2351 2678 2396 censent
2726 2356 2874 2401 eam,
2910 2339 2979 2396 de
3007 2356 3105 2412 qua
3143 2342 3489 2407 disserimus,
3535 2344 3717 2414 imagi~

2131 2447 2277 2495 nem,
2318 2432 2397 2487 sic
2433 2431 2805 2503 explicandam
2846 2447 2985 2497 esse,
3039 2442 3095 2488 ut
3123 2443 3405 2504 propterea
3449 2434 3623 2489 dictus
3654 2435 3726 2488 sit

2131 2522 2302 2578 Adam
2327 2523 2395 2579 ad
2425 2523 2515 2580 Dei
2548 2525 2856 2603 imaginem,
2886 2523 3029 2594 quod
3067 2525 3229 2579 homo
3255 2524 3492 2580 donatus
3528 2528 3597 2581 sit
3628 2541 3723 2581 na-r

2133 2623 2251 2671 tura
2278 2631 2373 2682 ea,
2405 2617 2561 2688 cujus
2591 2619 2827 2689 speciem
2855 2618 3103 2673 induerat
3142 2620 3305 2681 Deus.
3355 2629 3413 2675 ut
3450 2620 3726 2679 hominem

2131 2712 2426 2775 conderet;
2469 2725 2574 2781 qua
2602 2722 2765 2766 etiam
2807 2726 2989 2782 specie
3021 2720 3135 2767 tum
3175 2710 3350 2767 eidem
3390 2712 3600 2768 Adamn
3632 2732 3731 2778 ap-

2134 2802 2335 2871 paruit,
2383 2812 2495 2859 tum
2540 2803 2764 2872 reliquis
2804 2802 3132 2859 Patriarchis
3189 2813 3245 2859 ct
3285 2803 3590 2874 PrOphetis.
3619 2805 3728 2861 Sed

2132 2895 2202 2952 de
2242 2894 2347 2953 hoc
2373 2912 2587 2965 quoque
2617 2907 2939 2967 argumento
2966 2912 3089 2953 cum
3125 2897 3259 2953 satis
3287 2899 3414 2954 alibi
3455 2899 3731 2957 disserue-

2134 2990 2323 3057 rimus,
2357 2992 2412 3046 in
2439 2989 2677 3046 secunda
2705 2991 2917 3046 scilicet
2947 2991 3352 3059 dissertatione,
3392 2991 3461 3048 ad
3487 3006 3612 3049 eum
3653 2994 3729 3049 lo-

2133 3095 2256 3138 cum
2286 3082 2542 3137 lectorem
2572 3081 2767 3152 allego.

2206 3197 2297 3249 72.
2343 3194 2451 3252 Sed
2494 3194 2623 3265 quid
2671 3195 2740 3250 de
2768 3195 2984 3250 illorum
3009 3196 3266 3265 Opinione
3293 3197 3582 3253 dicendum
3609 3207 3730 3263 est,

2136 3286 2223 3358 qui
2273 3295 2466 3359 putant
2499 3296 2783 3357 propterea
2831 3286 2899 3342 ad
2930 3287 3022 3343 Dei
3064 3287 3355 3358 imaginem
3399 3289 3727 3359 appellatum

2135 3380 2302 3436 fuisse
2341 3380 2535 3445 Adam,
2563 3380 2705 3451 quod
2745 3396 2866 3436 eam
2911 3390 3181 3447 naturam,
3208 3397 3272 3437 ac
3302 3382 3529 3436 formam
3559 3398 3589 3438 a
3620 3384 3731 3439 Deo

2135 3474 2421 3543 receperit,
2451 3489 2609 3543 quam
2638 3474 2916 3528 habiturus
2938 3486 3057 3529 erat
3083 3476 3399 3545 Unigenitus
3449 3478 3562 3542 Dei,
3609 3493 3734 3532 cum

2135 3565 2201 3619 ad
2246 3565 2491 3619 homines
2538 3581 2725 3620 eorum
2769 3575 2951 3635 caput,
3001 3567 3258 3621 Dmntmts
3316 3584 3380 3623 ac
3420 3570 3735 3638 redemptor

2136 3665 2396 3711 venturus
2424 3665 2558 3712 erat.
2592 3656 2645 3711 ld
2675 3671 2805 3711 sane
2836 3660 3115 3726 proposuit
3142 3657 3507 3714 Tertullianns
3539 3671 3648 3715 tum
3680 3663 3733 3716 in

2138 3747 2274 3803 libro
2315 3757 2504 3803 contra
2534 3747 2796 3802 Praxeam
2830 3750 2931 3816 (al.
2966 3760 3076 3803 tum
3107 3750 3269 3804 etiam
3292 3752 3344 3805 in
3379 3752 3519 3806 lihru
3551 3754 3615 3807 de
3643 3769 3729 3808 re—

2135 3843 2451 3895 surrectione
2476 3840 2647 3894 carnis
2687 3840 2801 3894 lucc
2840 3840 3085 3895 scribens
3132 3844 3269 3911 (cap.
3319 3848 3395 3914 vr)
3428 3864 3440 3896 :
3483 3864 3499 3895 ι
3551 3844 3735 3915 ροηδ-

2135 3947 2366 4004 cultique
2402 3934 2547 3988 enim
2590 3932 2746 3988 limus
2787 3934 3209 4002 exprimebatur,
3237 3933 3488 3989 Christus
3529 3940 3729 4006 cogita

2138 4030 2300 4085 batur
2331 4031 2493 4083 humo
2522 4028 2751 4093 futurus,
2789 4028 2931 4095 quod
2959 4036 3014 4083 et
3059 4028 3244 4093 limus,
3287 4038 3341 4083 et
3379 4044 3506 4085 caro
3535 4046 3737 4095 sermo,

2138 4122 2279 4191 quod
2303 4137 2355 4177 et
2380 4134 2519 4177 terra
2541 4136 2683 4178 tunc.
2711 4125 2798 4177 Sic
2816 4125 2960 4175 enim
2987 4123 3230 4191 pra'fatio
3249 4124 3419 4178 Patris
3442 4126 3505 4178 ad
3530 4126 3696 4181 ﬁliuni
3728 4148 3733 4153 ι

2138 4216 2419 4272 Faciamus
2443 4216 2716 4272 hominem
2759 4216 2826 4271 ad
2872 4218 3159 4287 imaginem
3204 4228 3259 4272 et
3328 4219 3733 4274 similitudinem

2140 4321 2400 4367 nostrain.
2441 4310 2509 4366 Et
2552 4310 2679 4366 iecit
2728 4310 3001 4364 hominem
3048 4310 3189 4366 Deus
3230 4356 3235 4359 .
3283 4312 3333 4365 id
3368 4324 3552 4381 utique
3591 4322 3730 4379 quod

2141 4404 2315 4469 ﬁnxit,
2346 4403 2413 4457 ad
2449 4405 2733 4474 imaginem
2775 4402 2870 4457 Dei
2908 4402 3031 4457 fecit
3062 4402 3237 4467 illum,
3278 4405 3479 4459 scilicet
3510 4405 3637 4460 Chri
3675 4416 3733 4460 ιι.

2141 4498 2206 4551 lit
2235 4511 2418 4553 sermo
2454 4498 2598 4550 enini
2632 4495 2793 4562 Deus,
2823 4496 2913 4565 qui
2944 4496 2998 4550 in
3031 4494 3207 4565 effigie
3241 4496 3331 4552 Dei
3372 4499 3696 4551 constitutus
3720 4543 3734 4556 .

441 4590 587 4663 quod
616 4606 718 4664 ego
745 4592 860 4663 ipse
889 4605 1035 4662 saepe
1075 4588 1203 4657 vidi,
1233 4588 1362 4646 dum
1401 4591 1575 4647 virum
1612 4593 1831 4665 pietate.
1862 4602 1917 4650 ct
1942 4608 2035 4649 co-
2064 4625 2119 4688 D
2142 4604 2249 4645 non
2290 4589 2533 4660 rapinam
2568 4588 2899 4645 existimavit
2941 4586 3137 4653 pariari
3176 4588 3304 4643 Deo.
3341 4591 3414 4643 Ita
3458 4592 3618 4644 limus
3649 4592 3737 4645 ille

444 4686 633 4742 mitate
680 4694 1024 4755 praestantem
1057 4684 1119 4739 D.
1145 4682 1488 4755 Fulgentinm
1516 4684 1815 4740 Musiauum
1847 4701 1912 4741 ex
1950 4700 2040 4739 or-
2064 4678 2109 4688 “’
2137 4684 2249 4751 jam
2278 4693 2407 4737 tunc
2439 4681 2727 4752 imaginem
2766 4679 2994 4736 iudueus
3036 4678 3238 4735 Christi
3272 4681 3432 4737 futuri
3460 4684 3517 4737 in
3545 4698 3737 4752 carne,

445 4780 571 4835 dine
589 4777 1074 4841 Carthusiensium,
1106 4781 1307 4851 quique
1334 4777 1756 4834 Bouoniensium
1798 4778 2035 4847 Religio-

447 4886 626 4927 sorum
643 4871 861 4927 ῖςιηιῑὶὶω
882 4886 1023 4926 nunc
1036 4880 1252 4941 praeest.
1270 4869 1380 4925 Deo
1393 4879 1449 4927 et
1465 4870 1772 4926 nominibus
1786 4869 2036 4936 dilectus,

448 4966 793 5024 convenirem
827 4983 841 5020 :
875 4963 1322 5021 familiarissimos
1360 4966 1505 5021 enim
1552 4964 1785 5022 habebat
1830 4966 2037 5035 pisces,

449 5060 645 5130 quique
669 5073 802 5114 voce
831 5058 975 5113 illius
993 5058 1149 5113 acciti
1175 5057 1356 5114 statim
1384 5058 1762 5122 accurrehaut,
1781 5066 1841 5113 ut
1858 5057 2038 5113 cibum

451 5166 515 5209 ex
549 5151 694 5208 illius
725 5165 886 5207 manu
918 5161 1216 5205 sumerent.

521 5246 611 5303 69.
642 5243 760 5311 Hic,
799 5245 843 5300 si
885 5243 985 5311 vis,
1018 5245 1197 5302 recole
1234 5259 1355 5316 quae
1390 5242 1773 5303 dissertatione
1804 5261 1821 5302 t
1848 5248 2042 5302 statui-

450 5350 600 5404 mus;
636 5337 889 5393 nimirum
909 5335 1144 5393 hominis
1167 5352 1326 5393 causa
1352 5337 1627 5394 sensibilia
1646 5348 1839 5395 cuncta
1864 5349 2045 5394 creata

450 5446 591 5488 esse.
647 5429 857 5486 llomini
925 5447 1143 5503 quoque
1191 5432 1426 5503 Angelos
1480 5432 1627 5502 ipsos
1682 5434 2045 5490 ministerium

454 5536 710 5597 priestare
754 5525 798 5580 is
845 5523 1121 5591 fatebitur,
1164 5528 1255 5599 qui
1308 5527 1602 5582 asscntitur
1642 5528 1703 5582 υ.
1743 5526 1967 5583 Thema:
1995 5536 2052 5582 et

454 5618 804 5675 Scholasticis
822 5633 958 5689 pene
972 5617 1223 5674 omnibus
1238 5621 1449 5676 docenti
1460 5620 1575 5686 bus,
1594 5622 1854 5676 caelorum
1878 5633 2052 5676 astro-

448 5727 679 5782 rumque
704 5727 921 5768 cursum
948 5712 1017 5768 ab
1044 5711 1231 5769 iisdem
1265 5712 1486 5784 Angelis
1515 5713 1672 5785 dirigi
1730 5714 2048 5786 perﬁcique.

2142 4793 2249 4833 non
2279 4784 2487 4833 tantum
2522 4777 2611 4831 llei
2643 4790 2779 4844 opus
2806 4784 2944 4837 erat.
2970 4772 3065 4829 sed
3088 4785 3140 4828 ct
3168 4778 3376 4847 pignus.
3429 4795 3447 4828 1

2214 4894 2303 4950 73.
2326 4892 2698 4950 Eademtradit
2717 4892 3061 4960 Prudentius,
3082 4891 3199 4948 haec
3226 4894 3470 4948 elocutus
3500 4894 3576 4959 (in
3602 4896 3743 4965 Apo-

2142 4993 2339 5062 theoai)
2370 5036 2373 5037 ν

2243 5103 2466 5172 Qhrislus
2488 5102 2638 5172 forma
2658 5102 2834 5172 Patris,
2860 5119 2948 5153 nos
2966 5105 3142 5172 Christi
3170 5104 3319 5157 forma
3344 5115 3396 5158 ct
3421 5110 3598 5172 imago,

2244 5166 2503 5233 glandimur
2527 5171 2575 5216 in
2600 5168 2773 5217 faciem
2792 5167 2993 5233 Domni
3029 5170 3487 5233 lmuitategpaterna,

2242 5228 2452 5280 Venturi
2480 5234 2526 5279 in
2549 5238 2763 5281 nostram
2787 5230 2959 5279 ladem
2985 5237 3087 5293 post
3114 5231 3292 5283 secula
3318 5228 3513 5285 libasti.

2147 5334 2303 5393 Adde
2328 5351 2449 5406 qua:
2480 5335 2606 5390 alibi
2636 5334 2739 5390 hoc
2758 5334 2827 5389 de
2856 5343 3170 5407 argumento
3199 5336 3431 5394 diximus
3459 5335 3737 5409 (οἰκέτις.

2149 5444 2185 5484 ιι
2206 5469 2221 5495 ,
2245 5446 2299 5483 η.
2323 5429 2393 5482 ὶ9
2419 5437 2466 5483 et
2494 5425 2681 5499 seqq).

2224 5523 2313 5578 74.
2356 5522 2427 5577 At
2454 5521 2703 5577 Petavius
2745 5518 2864 5592 (De
2903 5520 3091 5591 Opi/ie.
3129 5540 3196 5590 ll,
3224 5523 3288 5591 2,
3320 5524 3395 5596 Δ)
3436 5525 3667 5593 ορίηἱοηη
3696 5544 3724 5579 n

2155 5616 2294 5672 hanc
2310 5626 2591 5685 propterea
2613 5615 2969 5685 rejimt,quml
2987 5617 3029 5670 si
3060 5633 3184 5671 vera
3213 5628 3378 5684 esset,
3405 5619 3546 5672 Deus
3570 5622 3742 5678 l‘atw,

2156 5712 2248 5781 qui
2294 5708 2411 5764 hzec
2458 5708 2701 5763 elocutus
2729 5724 2850 5764 esse
2870 5719 3156 5766 censetur:
3197 5707 3747 5786 Faciamushominem:

527 5855 604 5925 (α)
635 5854 766 5928 Cap.
795 5871 886 5911 xu.
913 5855 960 5911 Ε
980 5867 1040 5907 λαμ
1060 5864 1223 5909 autem
1247 5856 1313 5910 ad
1336 5870 1484 5920 cuius
1510 5855 1783 5928 inutginem
1804 5853 2055 5922 faciebat;
2078 5851 2147 5909 ad
2177 5851 2273 5923 ﬁlii
2298 5851 2522 5919 scificet,
2552 5851 2637 5927 qui
2670 5849 2822 5907 homo
2855 5854 3059 5916 futurus
3090 5852 3275 5906 certior
3302 5870 3361 5905 ar
3389 5856 3569 5909 δείδω,

738 5950 985 6013 Parant.
1086 5948 1163 6009 Χ.

3200 5945 3276 6003 28
