4464 6500
455 379 560 437 877

1334 382 1386 441 ι.
1415 341 1487 441 (μί
1510 380 1899 442 'rnonnstm
1946 381 2012 439 ιχ
2039 380 2194 452 sco.
2222 381 2430 440 sum].
2463 381 2855 440 l’ltA‘JFATIO.

454 491 749 552 uberrimis
791 491 1250 571 amplissimisque
1293 499 1481 571 gratia:
1503 498 1663 556 donis
1701 498 1859 557 dilati
1899 500 2043 557 sint:
2077 503 2128 565 Α

3643 385 3750 442 873

2223 498 2314 556 8i.
2345 482 2416 555 Ᾱι
2441 501 2486 554 si
2516 498 2601 555 vel
2630 498 2682 555 in
2714 513 2774 555 ea
2804 495 3172 571 perleCtione,
3205 506 3259 556 et
3285 499 3610 558 excellentia
3639 503 3750 558 col-

456 593 513 645 et
537 599 602 643 ea
629 584 700 644 de
727 602 887 645 causa
948 586 1078 645 Filii
1105 587 1202 646 Dei
1224 591 1475 663 appellati
1508 592 1583 667 (a)
1605 595 1629 648 ’ἒ
1657 594 1737 651 Ad
1765 594 2052 670 imaginem
2151 592 2298 650 locas
2316 636 2330 660 ,
2360 610 2519 667 quam
2549 609 2776 651 numero
2800 592 2903 660 46,
2933 601 2987 649 et
3012 584 3464 664 subSequcntibus
3488 597 3711 667 exposui
3731 637 3748 663 ,

462 678 562 738 Dci
593 681 798 754 pariter
827 681 999 743 iactos
1025 683 1178 742 dices
1197 726 1212 751 ,
1245 687 1290 743 si
1322 687 1609 761 imaginem
1639 687 1693 746 in
1724 690 1914 762 spiritu
1938 732 1952 757 ,
1985 690 2054 746 ιι-
2150 686 2236 744 vel
2258 702 2518 758 expresse
2538 687 2592 742 in
2613 686 2853 742 dominio
2870 701 3032 758 supra
3055 696 3282 742 czcteras
3304 697 3603 756 creaturas,
3629 704 3749 760 pro-

457 775 670 849 linsqtte
711 778 969 850 potentiis
989 821 1002 844 ,
1033 793 1096 837 ac
1125 779 1450 840 sublimibus
1485 784 1833 856 qualitatibus
1861 799 2051 858 pones.

455 867 591 926 Nam
624 870 741 928 lucc
768 869 954 944 procul
983 869 1149 931 dubio
1178 886 1286 932 non
1326 874 1492 933 modo
1533 878 1585 934 in
1625 875 1852 950 Angelis
1890 885 2018 933 sunt
2040 920 2055 945 ,

456 977 645 1021 verum
674 964 838 1020 etiam
869 966 922 1022 in
965 961 1052 1024 his
1080 966 1390 1036 excellunt,
1418 977 1472 1027 et
1501 978 1779 1044 praestant.
1826 970 1966 1040 Hac,
2001 982 2058 1027 ut

457 1057 712 1125 arbitror,
751 1057 821 1115 de
848 1071 1010 1116 causa
1043 1074 1150 1118 non
1179 1060 1340 1120 modo
1367 1062 1634 1137 Angelum
1663 1063 1729 1120 ad
1771 1063 2058 1137 imaginem

461 1145 558 1206 Del
584 1147 804 1219 factum,
826 1164 1013 1208 verum
1037 1153 1197 1209 etiam
1221 1152 1588 1213 excellentiori
1603 1156 1834 1225 quadam
1851 1157 2060 1214 ratione

459 1239 528 1304 ad
548 1242 793 1300 eamdem
817 1243 1104 1315 imaginem
1123 1247 1320 1302 iactum
1339 1246 1497 1304 docet
1514 1245 1806 1320 Gregorius
1817 1245 2058 1322 Magnus,

459 1335 616 1409 cujus
637 1336 800 1394 verba
826 1337 1030 1396 referre
1051 1339 1138 1395 hic
1164 1339 1342 1410 placet
1365 1339 1478 1414 (lib.
1525 1340 1702 1396 χχχιι·
1726 1339 1917 1396 Morel.
1941 1334 2087 1415 cup.’

463 1429 532 1487 l8
553 1427 594 1500 ).
627 1428 843 1488 Scilicet
872 1429 940 1488 ad
969 1431 1242 1497 diabolum
1274 1432 1517 1492 referens
1541 1433 1681 1506 quod
1716 1433 1960 1492 Ezechiel
1993 1434 2064 1490 de

461 1537 592 1597 rege
617 1521 784 1600 Tyrio
808 1523 915 1585 ait:
947 1523 1024 1584 Tu
1051 1524 1374 1599 signaculum
1400 1527 1756 1584 sitnilitudinis
1782 1526 1881 1583 Dei
1899 1569 1916 1596 ,
1949 1525 2067 1586 [nec

469 1617 726 1692 subjicit:
749 1634 772 1672 ο
800 1616 878 1676 De
893 1616 1072 1695 sigillo
1091 1620 1294 1695 quippe
1317 1619 1462 1677 anuli
1477 1621 1598 1677 talis
1614 1621 1910 1680 similitudo
1933 1623 2066 1680 ima-

461 1711 716 1784 ginaliter
735 1713 1075 1788 exprimitur.
1097 1713 1274 1788 qualis
1303 1714 1357 1772 in
1387 1715 1564 1790 sigillo
1593 1715 1785 1774 eodem
1805 1720 2064 1776 essentia-

465 1807 593 1866 litcr
612 1805 861 1867 habetur.
881 1804 952 1866 Et
970 1807 1093 1866 licet
1116 1808 1280 1867 homo
1297 1808 1366 1868 ad
1385 1808 1476 1868 Dei
1494 1809 1898 1869 similitudinem
1917 1827 2072 1870 crea-

2153 781 2239 838 cul
2266 779 2432 846 dubio
2459 781 2528 836 ab
2558 779 2779 852 Angelis
2808 793 2870 836 ea
2901 777 3135 836 arcenda
3164 789 3280 844 est,
3313 777 3542 852 ideoque
3574 779 3752 852 imago

2154 873 2250 928 Dei
2273 914 2287 939 ,
2316 870 2385 928 de
2413 886 2516 944 qua
2541 871 2772 944 agimus.

2227 965 2373 1023 Sane
2400 965 2774 1022 Theodoretus
2801 963 3012 1038 (quam.
3047 979 3126 1021 xx
3153 965 3203 1020 in
3229 965 3399 1038 Gen.)
3430 965 3481 1021 in
3511 980 3579 1022 eo
3607 971 3756 1022 totus

2156 1069 2269 1125 est.
2303 1070 2366 1117 ut
2386 1076 2508 1118 eam
2538 1060 2826 1134 imaginem
2867 1060 2935 1117 ab
2975 1058 3199 1132 Angelis
3227 1071 3444 1128 arceat,
3469 1069 3524 1116 et
3554 1061 3608 1116 in
3638 1059 3758 1117 solo

2158 1155 2379 1213 homine
2402 1165 2618 1213 statuat.
2647 1156 2728 1212 Ad
2749 1172 2912 1226 quem
2938 1154 3154 1226 quidem
3180 1158 3340 1211 linem
3362 1171 3485 1211 cum
3511 1157 3646 1212 alias
3671 1170 3760 1210 ra-

2162 1251 2333 1308 tiOncs
2356 1251 2566 1320 nll’erat,
2591 1263 2702 1307 tum
2728 1251 2864 1306 hanc
2885 1266 3040 1319 sane,
3073 1249 3218 1322 quod
3246 1249 3488 1321 Angelus
3515 1250 3567 1304 in
3595 1264 3756 1305 crca~

2164 1355 2236 1403 tut
2251 1361 2309 1402 as
2323 1346 2558 1418 reliquas
2577 1347 2778 1402 nullam
2795 1352 3016 1402 exercet
3032 1321 3375 1417 potestatem,
3394 1357 3557 1415 quam
3577 1350 3760 1398 tamen

2163 1439 2451 1498 maximam
2481 1449 2702 1497 exercet
2728 1441 2911 1495 homo.
2941 1435 3048 1494 Sed
3078 1435 3194 1511 ipsa
3229 1435 3560 1494 Theodoreti
3600 1437 3765 1493 verba

2165 1533 2370 1592 referre
2397 1543 2656 1607 praestat,
2688 1550 2754 1591 ex
2783 1532 2979 1604 quibus
3003 1521 3211 1588 scilicet
3235 1546 3297 1588 ea
3315 1572 3333 1602 ,
3359 1546 3482 1603 qum
3505 1530 3765 1599 diximus,

2164 1630 2335 1686 lector
2376 1646 2472 1703 per
2508 1645 2569 1689 se
2600 1629 2884 1702 percipiat,
2909 1647 2928 1681 ι
2954 1626 3185 1698 Quidam
3226 1625 3295 1682 ad
3337 1626 3624 1698 imaginem
3667 1623 3764 1681 Dei

2168 1723 2442 1780 hominem
2471 1732 2712 1780 creatum
2743 1735 2864 1779 esse
2888 1721 3219 1777 arbitrantur
3248 1719 3546 1776 secundum
3578 1725 3771 1788 poten-

2171 1819 2298 1875 tiam
2325 1818 2523 1872 animte
2553 1815 2876 1873 invisibilem
2895 1855 2914 1884 ,
2945 1830 3055 1870 non
3095 1811 3497 1885 intelligentes,
3541 1809 3682 1882 quod
3712 1818 3770 1868 et

462 1912 550 1960 tus
577 1902 682 1973 sit,
712 1902 919 1978 Angclo
947 1913 1126 1962 tamen
1148 1903 1302 1978 quasi
1330 1903 1504 1978 majus
1531 1906 1747 1978 aliquod
1787 1906 2031 1964 tribuens
2050 1948 2067 1978 ,
2100 1909 2149 1971 B
2172 1907 2413 1980 Angelus
2442 1905 2728 1963 invisibilis
2757 1915 2838 1962 est
2857 1946 2873 1973 ,
2904 1905 3044 1962 sicut
3064 1913 3123 1962 et
3146 1904 3366 1960 Damon
3391 1945 3403 1958 .
3426 1946 3440 1960 .
3463 1944 3475 1958 .
3501 1940 3516 1958 .
3543 1901 3700 1972 Quod
3726 1903 3774 1958 si

464 2011 576 2055 non
603 2013 727 2055 eum
753 1997 820 2054 ad
848 1995 1255 2056 similitudinem
1286 1996 1380 2056 Dei
1409 1997 1688 2056 conditum
1710 2041 1726 2069 ,
1757 1999 1854 2058 scd
1885 1999 2062 2074 ipsum

462 2091 798 2164 signaculum
839 2090 936 2149 Dei
978 2087 1348 2148 similitudinis
1382 2088 1530 2159 dici,
1574 2097 1635 2148 ut
1674 2105 1783 2164 quo
1820 2091 2074 2149 subtilior

463 2192 549 2242 est
577 2191 766 2242 natura
788 2227 804 2254 ,
830 2197 902 2242 eo
929 2183 982 2241 in
1016 2183 1110 2241 illo
1134 2182 1433 2242 similitudo
1458 2181 1554 2243 Dei
1583 2185 1794 2259 plenius
1820 2185 2073 2244 credatur

473 2293 755 2350 expressa.
792 2296 814 2332 s

537 2414 620 2489 (a)
648 2410 869 2471 Factum
907 2423 980 2470 est
1018 2423 1192 2470 autem
1211 2456 1228 2479 ,
1268 2429 1385 2469 cum
1423 2413 1648 2484 quadam
1685 2413 1770 2470 die
1807 2415 2058 2471 venissent

467 2488 567 2558 ﬁlii
599 2483 726 2557 Dei,
767 2495 817 2543 et
857 2495 1050 2543 starent
1090 2501 1265 2558 comm
1308 2485 1550 2541 Domino.
1591 2486 1714 2543 Job.
1747 2501 1815 2556 tt,
1853 2488 1905 2543 1.
1929 2487 2058 2544 Cum

461 2557 744 2632 iustiorem
767 2568 910 2614 ostra
935 2557 1218 2632 matutina,
1249 2569 1296 2632 et
1324 2573 1402 2613 me
1439 2557 1711 2632 laudarent
1751 2575 1926 2614 omnes
1962 2559 2062 2630 ﬁlii

465 2629 587 2687 Dei.
617 2631 744 2688 Job.
777 2645 982 2688 ικινιιι
1006 2671 1020 2698 ,
1053 2631 1105 2686 7.
1139 2629 1222 2686 Ad
1263 2629 1380 2686 hare
1403 2671 1418 2696 ,
1459 2629 1655 2686 Paulus
1696 2631 1809 2687 haec
1852 2629 2062 2698 scribit,

464 2671 844 2774 ῖὶἓόἶῗῑὶιῖξ
855 2671 1105 2761 ἓ’;”ἐιιάιῖἱ
1129 2671 1222 2757 illi
1248 2671 2062 2773 alia",’qit'ii‘éiniii‘ﬁlii'iiéi'ﬁ

463 2776 573 2832 sive
598 2777 652 2830 in
678 2776 835 2842 emta,
865 2775 970 2830 sive
996 2778 1050 2829 lu
1081 2782 1254 2846 terra;
1294 2790 1403 2846 quo
1441 2774 1657 2846 quidem
1680 2774 1754 2846 in
1792 2782 1914 2831 loco
1954 2778 2067 2831 An—

462 2847 618 2922 gelos
639 2849 869 2905 innuere
889 2847 1124 2904 videtur.
1148 2843 1249 2916 Qui
1273 2842 1418 2903 enim
1439 2842 1565 2902 sunt
1589 2845 1688 2918 [illi
1715 2842 1814 2902 Dei
1833 2846 1888 2902 iu
1917 2847 2067 2915 caelo,

1422 3002 1777 3022 ἡ

2171 2004 2321 2061 solus
2364 2002 2528 2058 homo
2569 2016 2637 2059 ex
2675 2001 2928 2057 omnibus
2971 1999 3238 2056 creaturis
3281 2001 3459 2072 imago
3504 1996 3602 2054 Dei
3639 2007 3766 2065 est,

2172 2097 2505 2171 peculiarem
2545 2094 2834 2168 quamdam
2873 2096 3141 2150 rationem
3185 2092 3412 2165 hujusce
3447 2091 3773 2150 denomina-

2171 2191 2334 2249 tionis
2364 2198 2579 2263 oportet
2609 2204 2731 2247 esse
2755 2231 2769 2258 ,
2800 2198 2908 2246 etc.
2934 2205 2955 2239 ι

2244 2287 2420 2358 Atque
2452 2284 2539 2341 hic
2565 2280 2633 2340 Ill
2661 2282 3027 2339 dissertationi
3058 2281 3184 2339 linis
3210 2282 3298 2337 sit.

2163 2417 2210 2473 si
2241 2413 2431 2489 Angeli
2458 2428 2566 2471 non
2592 2415 2764 2472 sunt?
2807 2414 3011 2489 Tamen
3053 2415 3178 2489 quia
3205 2413 3328 2470 Jobi
3373 2415 3492 2489 loca
3537 2412 3695 2471 aliter
3742 2429 3774 2470 a

2163 2487 2440 2560 nonnullis
2489 2497 2793 2555 vertuntur,
2838 2495 2894 2560 et
2939 2487 3090 2560 Pauli
3116 2487 3268 2543 locus
3297 2488 3468 2560 accipi
3494 2503 3651 2544 secus
3679 2501 3777 2558 po-

2166 2571 2308 2625 test,
2343 2559 2537 2632 niirum
2568 2577 2673 2616 non
2706 2571 2788 2615 est
2807 2600 2823 2624 ,
2854 2558 2900 2614 si
2926 2557 3348 2632 Cbrysostontus
3373 2557 3549 2632 pjlam
3580 2557 3735 2629 neget
3760 2599 3776 2623 ,

2168 2633 2306 2714 ﬁlios
2338 2629 2440 2714 Dei
2465 2631 2707 2714 Angelos
2735 2629 3338 2714 aliqualido’appellari.
3373 2629 3635 2714 'I‘Iomilnes
3661 2632 3777 2714 qui-

2171 2700 2328 2773 dem,
2379 2700 2694 2774 inquit'tllo,
2759 2700 2858 2773 ﬁlii
2897 2701 2994 2756 Dei
3031 2702 3157 2774 dicti
3195 2711 3349 2770 sunt,
3390 2700 3574 2774 Angeli
3610 2711 3783 2774 autem

2171 2772 2463 2845 nunquam.
2509 2776 2708 2832 liomil.
2756 2772 2869 2830 xm
2926 2776 2978 2829 in
3019 2772 3225 2834 Cenes.
3291 2789 3348 2830 ιι.
3391 2772 3614 2847 2,'pag.
3673 2773 3779 2830 195

2171 2848 2330 2906 Tomi
2361 2864 2413 2904 tv
2442 2847 2702 2906 editionis
2733 2847 3099 2902 Montlaucon.

2183 2999 2525 3018 ——I——_

1145 3121 1596 3198 JOANNIS
1654 3119 2462 3198 CHRYSOSTOMI
2510 3115 3144 3193 TBOMBELLI

913 3294 1037 3383 IN
1113 3295 1844 3411 SEQUENTEM
1942 3293 2606 3383 SERMONEM
2683 3288 3334 3381 PRIEFATIO.

545 3582 790 3659 Reliquis
843 3583 1190 3644 immanitatis
1256 3599 1322 3644 ac
1393 3584 1786 3643 benevolentia:
1836 3579 2066 3648 ol‘iiciis,
2095 3579 2143 3646 C
2172 3581 2440 3638 clamante
2468 3581 2674 3640 scilicet
2721 3581 2995 3645 locutione
3035 3581 3172 3656 ipsa,
3231 3582 3302 3640 ab
3326 3598 3390 3641 ea
3431 3599 3592 3658 quam
3623 3582 3776 3646 Hila-

469 3683 670 3754 quibns
724 3679 838 3737 illi.
890 3679 995 3738 PP.
1031 3681 1142 3739 DD.
1168 3681 1408 3739 Joannes
1437 3680 1764 3738 Gualbertus
1818 3675 2072 3742 Beccari,

469 3786 530 3833 ct
579 3775 857 3850 Philippus
900 3792 930 3831 a
975 3773 1187 3846 Turre,
1238 3775 1578 3833 Cassinensis
1629 3769 2073 3844 Congregationis

470 3868 788 3943 amplissimi
819 3869 1106 3938 Praisules,
1140 3885 1228 3926 me
1253 3867 1526 3943 apud‘ens
1557 3868 1844 3924 Florentia:
1869 3867 2074 3938 degen-

472 3975 585 4024 tem
616 3964 981 4036 cumnlaruut,
1014 3964 1120 4024 hoc
1148 3964 1312 4024 etiam
1358 3965 1482 4022 addi
1533 3965 1775 4031 Vulnere,
1825 3972 1904 4032 ut,
1946 3979 2070 4022 cum

471 4061 677 4117 scirent
702 4057 1014 4118 me‘inedita
1060 4059 1278 4116 Patrum
1306 4059 1502 4133 scripta
1538 4059 1872 4132 perquirere,
1906 4067 1958 4114 ut
2005 4073 2068 4113 ea

473 4150 876 4224 pervulgatam,
913 4152 1234 4211 Sermonem
1275 4153 1329 4210 in
1354 4150 1550 4210 Codice
1574 4152 1968 4224 compicctente
2008 4152 2066 4207 S.

475 4243 665 4302 Hilarii
691 4243 1040 4302 Pictaviensis
1065 4243 1241 4316 Opera
1270 4245 1446 4302 eidem
1477 4245 1680 4303 Hilario
1709 4244 1992 4314 tributum,
2017 4245 2070 4301 in

473 4336 827 4396 celeberrima
853 4341 934 4395 sui
963 4337 1276 4396 Monasterii
1309 4339 1641 4396 Bibliotheca
1675 4338 1979 4403 inventum,
2005 4338 2073 4395 ad

474 4448 567 4490 me
586 4431 860 4489 mitterent
884 4425 1289 4505 diligentissime
1313 4434 1647 4506 exscriptum
1677 4449 1838 4488 manu
1867 4433 2070 4490 doctis-

475 4528 601 4586 simi
627 4527 800 4585 Patris
823 4528 886 4584 D.
909 4527 1058 4588 Petri
1081 4528 1285 4604 Aloysii
1307 4527 1523 4586 Galletti
1546 4530 1908 4601 Philosophiae
1935 4528 2071 4587 Lec-

478 4621 634 4687 toris,
663 4632 722 4679 et
748 4620 817 4679 de
841 4622 1009 4678 veteri
1033 4622 1355 4691 litteratura,
1373 4623 1458 4679 cui
1481 4637 1694 4679 summo
1715 4622 1892 4679 studio
1908 4622 2070 4680 etiam

478 4714 777 4782 incumbit,
809 4714 1065 4788 praeclare
1093 4715 1294 4772 meriti.
1338 4715 1472 4772 Novi
1499 4717 1704 4786 statim,
1733 4715 1931 4773 Hilario
1957 4717 2073 4773 Pic-

479 4807 703 4866 tavicnsi
731 4806 961 4866 adscribi
987 4809 1306 4867 Sermonem
1337 4809 1480 4868 hunc
1511 4809 1733 4866 minime
1765 4823 1959 4882 posse,
1987 4825 2075 4865 rc-

2172 3676 2286 3731 rius
2315 3675 2667 3733 Pictaviensis
2695 3678 3057 3748 persequitur,
3088 3675 3246 3733 valde
3286 3687 3516 3736 remota.
3561 3678 3632 3736 At
3654 3681 3773 3738 cui-

2176 3786 2299 3826 nam
2327 3770 2715 3838 adscriberem,
2750 3771 3083 3844 ignorabam.
3119 3770 3290 3828 Porro
3323 3771 3453 3829 dum
3482 3771 3776 3830 Coneiona-

2175 3864 2362 3918 loriam
2379 3863 2669 3935 Combe/ini
2690 3862 3061 3919 Bibliotltecam
3082 3863 3149 3920 ad
3177 3880 3305 3920 eum
3333 3864 3496 3922 linem
3530 3866 3775 3936 revolvo,

2177 3971 2235 4015 ut
2262 3961 2568 4033 perquiram
2630 3975 2755 4016 num
2788 3956 2834 4013 is
2874 3962 3065 4016 Sermo
3092 3958 3376 4033 evulgatus
3404 3960 3502 4026 sit,
3533 3976 3602 4016 an
3641 3975 3775 4030 non,

2174 4055 2452 4125 comperio
2481 4051 2787 4127 evulgatum
2813 4067 2936 4110 enm
2963 4067 3085 4109 esse
3113 4053 3352 4124 quidem,
3397 4062 3454 4109 et
3487 4053 3649 4111 Deda:
3676 4055 3777 4110 ad-

2177 4146 2438 4218 Scriptnm
2461 4145 2558 4219 (a),
2589 4145 2684 4202 sed
2715 4144 2913 4202 additis
2959 4147 3364 4216 immutatisque
3386 4146 3658 4204 nonnullis
3673 4158 3774 4219 pe-

2173 4238 2371 4307 riodis;
2417 4242 2501 4296 vel
2548 4241 2756 4296 scilicet
2801 4247 2861 4296 ut
2887 4253 3070 4295 sermo
3115 4239 3622 4297 accommodaretur
3653 4241 3774 4297 loco

2177 4334 2255 4393 illi
2308 4336 2608 4408 Evangelii,
2655 4335 2744 4408 qui
2792 4332 2969 4391 eidem
3019 4333 3269 4390 Sermoni
3323 4336 3377 4390 in
3423 4349 3486 4390 ea
3533 4333 3775 4392 editione

2171 4431 2504 4504 prccponitur
2536 4427 2638 4503 (ὸ),
2667 4427 2754 4486 vel
2781 4435 2838 4484 ut
2869 4425 3090 4484 uberius
3133 4425 3405 4498 analogia,
3429 4440 3550 4498 qua:
3577 4425 3769 4484 iudai-

2169 4541 2294 4588 cum
2340 4524 2484 4581 inter
2528 4523 2788 4594 templum
2827 4530 2883 4578 et
2923 4520 3288 4577 Christianam
3335 4520 3634 4586 Ecclesiam
3687 4522 3772 4578 in-

2176 4624 2362 4682 terest,
2391 4613 2691 4688 explicetur
2720 4632 2732 4668 :
2765 4628 2869 4685 qua
2896 4611 3113 4683 quidem
3133 4627 3194 4668 re
3218 4611 3461 4683 ejusdem
3489 4610 3770 4670 Sermonis

2175 4709 2392 4785 puritati
2459 4723 2521 4764 ac
2559 4705 2828 4763 venustati
2873 4703 3118 4761 nonnihil
3168 4703 3378 4761 detrahi
3427 4704 3638 4762 videtur
3665 4704 3769 4778 (ε).

2177 4807 2310 4860 Eum
2359 4803 2558 4874 itaque,
2604 4810 2659 4855 nt
2692 4798 2858 4854 habet
2902 4797 3269 4867 Florentinus,
3313 4811 3475 4870 quem
3501 4796 3766 4869 diximus,

549 4947 632 5021 (a)
671 4949 816 5024 Inter
845 4947 1121 5024 testigales
1145 4946 1308 5024 Beda:
1332 4963 1614 5024 sermones
1643 4947 1801 5024 (pag.
1838 4945 1940 5024 l6!)
1960 4945 2067 5002 To-
2095 4952 2142 5012 Ι)
2167 4951 2380 5024 sumpta
2409 4953 2474 5024 ex
2499 4936 2687 5020 lilatth.
2715 4952 2808 5024 vn.
2842 4935 2962 5024 177:;
2978 4934 3343 5024 Quirinali-lto;
3359 4934 3758 5024 ὁριιαεςιρηιξι

477 5019 652 5079 ιιιινιι
681 5020 936 5081 editionis
974 5020 1318 5079 Coloniensis
1361 5022 1490 5078 anni
1545 5019 1720 5088 ltili)
1750 5019 1874 5076 eum
1919 5019 2066 5075 inve-

480 5094 621 5149 nies.
655 5094 724 5149 At
745 5092 1022 5152 dubitatur
1048 5108 1078 5148 a
1108 5094 1312 5153 multis.
1345 5108 1470 5149 num
1501 5107 1712 5158 omnes,
1742 5091 1832 5162 qui
1863 5091 1917 5147 in
1967 5091 2066 5145 hac

477 5164 717 5222 editione
748 5163 907 5221 Beda:
930 5165 1239 5222 tribuuntur
1264 5165 1580 5232 Sermones,
1611 5179 1641 5218 a
1674 5162 1814 5220 Beda
1837 5176 2064 5230 compo-

481 5238 572 5294 siti
609 5239 753 5304 sint;
782 5252 973 5294 eorum
1014 5241 1160 5294 enim
1191 5237 1436 5293 nonnulli
1479 5237 1642 5292 alium
1678 5235 1927 5291 videntur
1970 5235 2069 5289 ha-

479 5308 661 5366 buisse
687 5315 986 5366 auctorem.

557 5379 634 5453 (ὁ)
673 5380 729 5436 In
757 5379 847 5448 iis,
879 5395 1014 5452 quos
1041 5379 1310 5453 consului,
1340 5381 1572 5453 vetustis
1595 5378 1748 5434 libris
1774 5379 1884 5453 jam
1913 5377 2067 5453 evul-

477 5448 625 5536 gaiis'
634 5453 830 5579 é‘Vide.
850 5448 1096 5536 paginam
1125 5453 1231 5509 718
1259 5451 1412 5536 ξΐιιιιιῇ
1454 5466 1490 5507 ιι
1531 5451 1770 5533 Martene
1814 5448 1880 5533 de
1924 5449 2060 5504 anti-

479 5540 598 5579 attts
682 5526 878 5579 talesne
921 5524 1144 5579 uitibus.
1188 5524 1443 5579 editionis
1482 5522 1915 5579 Antuermensts.
1963 5534 2058 5576 seu

479 5522 598 5595 tntis
634 5522 878 5581 Ecclesia:
921 5522 1144 5587 ltitilms.
1188 5524 1443 5581 editionis
1482 5522 1915 5594 Antuerpiensis,
1963 5534 2058 5576 seu

2170 5005 2540 5070 hoic’lectiani
2566 5025 2685 5066 sese
2716 5010 2875 5064 etiam
2908 5007 3278 5074 accommodat
3302 5005 3468 5074 Beda,
3512 5009 3558 5064 si
3596 5007 3643 5062 is
3669 5018 3755 5065 est

2171 5086 2288 5157 ejus
2310 5084 2587 5157 sermonis
2593 5087 2802 5157 auctor,
2827 5093 2997 5157 quem
3017 5077 3254 5134 secando
3273 5079 3390 5134 loco
3410 5081 3755 5157 apponimus.

2170 5150 2330 5214 Αἶιίιιιι
2360 5157 2520 5212 etiam
2549 5153 2894 5223 Evangelinm
2925 5150 3092 5223 fuisse
3116 5165 3500 5223 notmunqnam
3524 5150 3579 5206 in
3605 5151 3755 5223 dedi-

2173 5231 2385 5286 catione
2428 5227 2643 5291 lectum,
2694 5221 2889 5278 {ndicat
2921 5221 3059 5277 Beda
3091 5223 3143 5276 in
3197 5222 3422 5276 llomilia
3453 5238 3505 5276 ιιι
3533 5222 3750 5278 dedica-

2176 5303 2322 5357 tione
2366 5299 2645 5355 Ecclesia.
2689 5293 2756 5348 In
2780 5297 2871 5348 illo
2901 5303 3126 5363 tempore
3174 5297 3315 5365 facta
3355 5304 3476 5347 sunt
3506 5293 3754 5349 Ettctcnia

2175 5379 2230 5428 in
2256 5369 2607 5432 Hierusalem,
2632 5377 2679 5423 et
2709 5368 2883 5439 Ingenia
2912 5378 3040 5432 crat,
3065 5376 3196 5432 etc.,
3226 5379 3345 5436 pag.
3376 5365 3478 5439 Ui
3501 5367 3653 5439 'l'omi
3677 5381 3750 5421 vu

2161 5443 2398 5515 Oporutn
2434 5442 2590 5515 [ledae
2623 5459 2638 5494 :
2665 5437 2768 5515 qua
2800 5442 2850 5492 in
2882 5454 2938 5515 re
2965 5452 3192 5515 prorsus
3220 5438 3466 5515 etingrnit
3493 5437 3756 5515 antiquis-

2169 5505 2364 5572 simum
2428 5505 2806 5568 Lectionarimn
2874 5505 3201 5564 Gallicanum
3254 5505 3561 5563 Mabillonii.
3621 5505 3754 5566 Vtile

481 5580 1078 5667 potinsilediolanensis
1106 5580 1230 5653 anni
1258 5580 1459 5665 1736);
1493 5595 1546 5650 in
1576 5597 1639 5651 iis
1665 5580 1914 5667 quoque;
1927 5607 2062 5663 quos
2167 5588 2264 5667 lib.
2297 5603 2336 5667 ll
2361 5585 2429 5667 de
2456 5585 2689 5654 Litnrgia
2719 5580 3166 5667 Gallicana,_pag.
3203 5581 3326 5667 168.

481 5664 623 5736 apud
667 5684 764 5724 nos
809 5683 1108 5732 sermonis,
1155 5667 1334 5724 δινουῑί
1368 5664 1419 5722 χι
1459 5673 1514 5720 ct
1557 5683 1631 5722 χιι
1670 5664 1948 5721 codicibus
1999 5678 2061 5718 ea

482 5738 762 5814 Evangelii
796 5743 993 5814 portio,
1027 5756 1146 5814 qn-e
1181 5738 1594 5814 indedicatione
1637 5737 1893 5814 Ecclesiae
1922 5737 2057 5806 lege-

482 5808 668 5877 batur,
699 5821 756 5868 et
780 5808 954 5868 adhuc
984 5808 1196 5882 legitur,
1227 5811 1508 5882 desumpta
1536 5819 1721 5882 estex,
1745 5808 1933 5882 Capito
1972 5822 2065 5882 ,χιχ

483 5882 684 5940 Luem:
718 5882 987 5954 Ingressus
1015 5879 1166 5937 Iesus
1205 5879 1587 5952 perambulabat
1614 5881 1840 5936 Iericho.
1880 5879 2066 5954 Sedin

484 5955 674 6013 Galliis
699 5949 910 6012 videtur
939 5971 1035 6027 per
1055 5971 1118 6012 ca
1150 5949 1389 6026 tempore
1422 5955 1585 6009 [nise
1609 5954 1746 6010 lecta
1777 5952 1954 6024 portio
1973 5949 2068 6007 de-

2243 5661 2317 5728 (c)
2359 5657 2414 5712 in
2446 5649 2697 5714 sermone
2716 5655 2827 5726 jam
2860 5653 3004 5708 edito
3025 5649 3140 5728 lucc
3169 5666 3279 5728 prie
3307 5651 3520 5728 creteris
3545 5649 3755 5728 habeti-

2173 5721 2263 5787 ιιιὲ
2291 5721 2310 5784 ε’
2335 5749 2352 5782 ι
2383 5721 2833 5784 Columnm'siant
2858 5734 2982 5779 ante
3010 5727 3204 5793 ostium
3234 5722 3275 5778 Τ
3279 5723 3475 5793 cmpli;
3503 5737 3625 5792 quia
3659 5721 3754 5778 ad-

2175 5796 3089 5870 ventumliedctnptorisnOstri,qui
3121 5792 3191 5870 ait
3221 5814 3231 5848 :
3270 5792 3382 5868 Ego
3407 5810 3520 5848 sum
3545 5796 3754 5859 ostium,

2177 5891 2266 5948 per
2310 5889 2390 5928 mc
2438 5873 2480 5927 si
2529 5865 2658 5948 quis
2690 5869 2962 5948 introierit,
3000 5865 3328 5948 sqlocbitttr,:
3362 5877 3760 5948 precesserunt

2177 5933 2430 6005 doctores
2463 5933 2685 6015 agresti,
2714 5942 2783 5997 de
2813 5939 3004 6012 (pathos
3023 5938 3460 6008 dit'itApostolus
3479 5953 3490 5990 :
3510 5933 3767 6006 Iacobus,
