4464 6528
965 283 1076 339 883

2403 287 2462 344 Β.
2507 289 2760 348 IlILAlill

4159 311 4257 371 884

962 403 1165 463 ιιριργίιι.
1211 410 1255 453 rt
1301 399 1513 455 Tubulw
1547 406 1831 457 li'sldllts’ttll
1887 403 2002 472 Ipsa
2039 421 2272 476 trnnqne
2303 406 2439 462 Art'a
2469 424 2562 463 na-
2587 413 2640 473 Α
2669 411 3054 482 redemptionis
3081 431 3302 472 munere
3329 418 3532 473 electos
3557 438 3684 478 suos
3709 425 3760 479 in
3787 439 3994 484 eterna
4019 428 4278 488 tabernrv

967 504 1141 549 turam
1173 495 1524 552 humanitatis
1554 497 1708 567 ejus;
1745 497 1887 555 Urna
1918 515 2128 555 martum
2169 501 2560 570 plenitudinem

957 589 1288 647 divinitatis:
1333 589 1494 658 Virga
1545 592 1723 647 Aaron
1775 595 2070 664 potentiam
2115 596 2401 652 sacerdotii
2441 600 2562 667 ejus

966 681 1362 748 inviolabilem;
1419 682 1638 738 Tabula:
1692 689 2002 742 testamenti
2055 686 2338 759 designant
2371 731 2384 754 ,
2431 692 2559 760 quia

961 776 1076 846 ipse
1101 785 1186 830 est
1204 775 1290 846 qui
1316 775 1489 847 legem
1513 777 1772 843 condidit,
1798 782 2001 851 quique
2027 781 2192 835 etiam
2223 781 2561 840 benedictio-

962 883 1084 925 nem
1116 868 1219 937 his,
1242 869 1331 938 qui
1359 869 1532 940 legem
1557 867 1778 938 faciunt,
1809 871 1979 928 dabit.
2015 873 2161 930 Bene
2188 883 2370 930 autem
2391 874 2556 932 Tem-

958 963 1105 1034 plum
1137 977 1250 1034 pra:
1274 960 1483 1019 foribus
1506 961 1724 1021 Oraculi
1750 981 1822 1022 xv
1848 977 1962 1024 erat
1988 967 2294 1025 cubitorum
2325 970 2559 1044 longitu-

959 1055 1127 1123 dinis,
1169 1055 1428 1127 quoniam
1471 1055 1648 1114 adhuc
1674 1058 1728 1113 in
1771 1057 1872 1115 hac
1918 1061 2026 1116 vita
2053 1061 2275 1132 jejuniis
2303 1071 2361 1119 et
2381 1065 2559 1120 conti-

960 1152 1139 1208 nentia
1166 1151 1414 1223 castigari
1436 1161 1674 1223 oportet,
1709 1163 1764 1207 ut
1788 1153 1856 1208 ad
1889 1155 2118 1210 interna:
2142 1153 2443 1212 dulcedinis
2467 1172 2555 1213 sa-

955 1245 1196 1302 tietatem
1223 1246 1506 1314 pervenire
1535 1244 1848 1314 videamur;
1883 1263 2009 1304 nam
2034 1249 2141 1306 hoc
2172 1265 2401 1307 numero
2426 1264 2547 1306 cas-

957 1336 1271 1407 tigationem
1321 1338 1446 1392 vita:
1487 1339 1772 1408 pratsentis
1815 1340 2017 1409 signari
2048 1339 2306 1413 intelligit
2347 1341 2551 1408 omnis,

954 1429 1046 1501 qui
1070 1428 1560 1501 quadragenarium
1590 1429 1783 1504 Moysi,
1816 1432 1902 1488 vel
1927 1431 2120 1500 Helia),
2146 1435 2226 1489 vel
2253 1435 2421 1505 ipsius
2447 1433 2546 1488 Do-

953 1528 1082 1583 mini
1126 1526 1396 1598 jejunium
1445 1535 1593 1583 recte
1641 1527 1942 1597 intelligere
1996 1529 2129 1584 vult.
2182 1530 2328 1587 liene
2373 1531 2552 1600 ipsum

951 1621 1266 1686 Oraculum,
1296 1622 1348 1676 in
1372 1636 1481 1693 quo
1509 1621 1673 1688 Area,
1704 1638 1825 1693 quae
1848 1638 1944 1694 per
1965 1622 2238 1680 Cherubin
2259 1626 2446 1697 gloria:
2475 1634 2557 1681 te-

953 1715 1200 1784 gebatur,
1227 1729 1300 1769 xx
1324 1713 1535 1770 cubitos
1556 1714 1932 1785 longitudinis,
1955 1715 2279 1786 latitudinis,
2310 1717 2555 1774 altitudi-

2665 505 2783 560 cula
2812 507 3088 573 laetantes;
3117 525 3225 566 non
3253 525 3351 568 eos
3380 514 3563 586 utique
3589 515 3818 575 ulterius
3843 535 3875 575 a
3899 535 3999 578 sua
4023 538 4278 595 prmsen-

2667 600 2736 654 tia
2769 602 3088 669 removebit,
3115 603 3212 659 sed
3242 620 3274 658 a
3301 606 3611 666 discrimine
3634 610 3843 682 iudicii,
3876 613 4028 687 quod
4054 617 4113 674 in
4145 632 4281 676 aere

2661 691 2993 757 faciendum.
3021 696 3253 755 docente
3280 701 3560 772 Apostolo,
3593 705 3847 767 novimus
3869 707 3931 780 (Ι
3966 707 4158 768 Thess.
4199 729 4279 779 tv,

2666 787 2790 858 l6),
2821 786 2878 844 in
2909 789 3291 848 habitationem
3323 793 3517 853 Patriae
3544 797 3786 856 celestis
3817 803 4124 861 immitteus
4150 845 4168 871 ,
4219 814 4284 863 ut

2662 895 2763 952 pro
2787 881 2905 938 suis
2934 882 3163 956 quisque
3206 886 3418 944 meritis
3459 891 3783 959 promissam
3824 897 3979 968 regni
4017 897 4282 958 celestis

2659 975 2845 1032 sedent
2875 979 3187 1051 percipiant.
3223 979 3370 1039 Bene
3408 991 3589 1041 autem
3622 983 3844 1056 dicitur,
3873 990 4020 1061 quod
4046 992 4280 1049 benedi-

2658 1080 2830 1126 centes
2855 1070 2980 1140 Regi
3007 1072 3224 1141 profecti
3246 1085 3360 1130 stmt
3389 1076 3443 1132 in
3470 1077 3809 1136 tabernacula
3835 1098 3954 1150 sua,
3985 1086 4122 1156 quia
4156 1086 4283 1146 haec

2657 1174 2744 1221 est
2769 1165 3025 1222 nimirum
3054 1167 3169 1224 sola
3199 1171 3484 1242 occupatio
3512 1173 3852 1242 quietissima
3906 1192 3972 1236 ac
4003 1178 4283 1239 Melissio

2658 1271 2744 1314 tua
2771 1259 2971 1316 civium
3001 1273 3385 1332 supernorum,
3432 1265 3666 1338 hymnos
3691 1271 3990 1340 gratiarum
4032 1287 4145 1328 suo
4188 1273 4283 1332 di-

2657 1365 2784 1407 cere
2809 1352 3078 1409 conditori
3107 1371 3121 1408 :
3155 1353 3281 1411 hinc
3302 1357 3446 1412 enim
3473 1358 3736 1430 scriptum
3762 1371 3850 1417 est
3873 1368 3891 1436 (
3918 1360 4014 1420 Ps.
4037 1379 4284 1434 unus,

2656 1448 2690 1500 ii
2715 1449 2734 1518 )
2758 1465 2771 1503 :
2802 1445 2950 1503 Beati
2967 1449 3058 1520 qui
3078 1449 3311 1505 habitant
3336 1450 3389 1504 in
3415 1453 3570 1508 domo
3589 1462 3700 1520 tua.
3727 1456 3782 1511 in
3809 1457 4062 1514 scrutata
4081 1463 4282 1517 seculi

2656 1538 2940 1595 laudabunt
2967 1549 3017 1596 te
3054 1556 3075 1597 :
3119 1541 3368 1600 halantes
3398 1545 3451 1600 itt
3497 1555 3761 1618 tempore,
3793 1558 3851 1605 et
3893 1550 4068 1609 alacri
4097 1554 4288 1614 corde

2656 1649 2820 1705 super
2859 1635 3113 1691 omnibus
3155 1636 3335 1708 bonis,
3380 1653 3503 1711 qua
3545 1640 3754 1699 fecerat
3784 1641 4051 1703 Dominus
4099 1647 4287 1707 David

2655 1741 2817 1782 servo
2863 1742 2984 1796 suo,
3017 1737 3075 1784 et
3122 1727 3284 1786 Israel
3332 1731 3534 1803 populo
3561 1748 3682 1790 suo.
3729 1734 4008 1796 Letantes
4051 1741 4278 1812 quippe

957 1810 1042 1862 nis
1074 1805 1324 1873 habebat,
1355 1806 1444 1877 qui
1473 1822 1732 1862 numerus
1759 1808 2167 1879 permotionem,
2197 1820 2256 1865 ut
2291 1809 2547 1880 diximus,
2581 1813 2780 1892 Bjnsti
2805 1835 2971 1893 sapiu
3001 1821 3182 1889 bonis,
3213 1839 3336 1894 qum
3359 1838 3390 1880 a
3424 1825 3653 1882 Domino
3682 1830 3974 1902 accipiunt,
4009 1805 4284 1895 labet-dav

956 1905 1186 1974 geminae
1210 1902 1518 1959 dilectionis
1538 1903 1798 1969 insinuat,
1825 1904 1951 1975 quia
1976 1905 2234 1976 quidquid
2258 1906 2312 1961 in
2334 1905 2434 1962 hac
2457 1923 2552 1978 νεα

951 1998 1322 2069 regrinatione
1348 2012 1446 2068 pro
1469 1997 1582 2053 Deo
1607 2000 1834 2069 geritur,
1868 2009 2037 2054 totttm
2069 2000 2171 2056 hoc
2195 2001 2248 2056 in
2280 2001 2367 2056 illa
2391 2019 2550 2058 utan--

953 2094 1105 2148 sione
1131 2093 1319 2163 patrize
1345 2093 1620 2161 perennis,
1666 2092 1756 2148 ubi
1787 2094 2186 2163 magniﬁcentia
2226 2095 2344 2164 ejus
2370 2098 2549 2154 conti-

958 2200 1062 2239 nua
1092 2186 1355 2240 bonorum
1379 2184 1662 2256 spirituum
1686 2185 1993 2242 laudatione
2013 2187 2336 2257 sustollitur,
2361 2189 2414 2245 in
2435 2191 2552 2252 sola

951 2277 1259 2333 dilectionis
1292 2277 1646 2348 amplitudine
1675 2277 1972 2348 perﬁcitur.
2018 2278 2147 2334 "th
2177 2294 2296 2347 nos,
2342 2278 2554 2339 charis-

952 2369 1098 2438 simi,
1143 2369 1197 2426 in
1227 2372 1512 2440 prmsentis
1559 2368 1679 2426 l'esli
1723 2371 1894 2427 nostri
1925 2370 2179 2442 gaudium
2227 2372 2296 2429 de
2342 2373 2551 2431 factura

960 2464 1144 2535 templi
1177 2478 1349 2535 pauca
1390 2478 1456 2519 ex
1487 2463 1732 2534 pluribus
1781 2464 2113 2522 fraternitati
2151 2476 2349 2524 vestrm
2383 2482 2555 2540 expc.

951 2557 1130 2614 suisse
1167 2557 1344 2624 libuit,
1376 2566 1644 2630 quatenus
1675 2568 1732 2615 et
1759 2559 2007 2616 miranda
2047 2563 2327 2619 terrestris
2355 2562 2551 2623 domus

886 2681 897 2692 -
944 2652 1150 2709 fabrica
1179 2652 1479 2709 delectaret
1505 2653 1816 2721 audientes,
1845 2663 1900 2710 ct
1927 2654 2046 2713 haec
2075 2655 2266 2714 eadem
2293 2658 2550 2728 spiritua-

951 2746 1076 2801 liter
1103 2745 1378 2802 intellecta
1409 2756 1622 2802 mentes
1649 2758 1864 2802 nostras
1894 2748 2174 2804 ardentius
2199 2750 2268 2806 ad
2308 2765 2551 2809 amorem

951 2855 1204 2910 superna:
1235 2841 1583 2898 habitationis
1613 2844 1869 2915 erigeret.
1901 2843 2008 2901 Sed
2055 2847 2214 2902 etiam
2246 2849 2346 2904 hac
2390 2848 2553 2907 modo

953 2935 1196 3005 exposita
1245 2934 1619 3003 dedicatione,
1669 2953 1734 2994 ac
1778 2939 2070 2998 festivitate
2111 2943 2427 3014 subsecuta,
2479 2947 2552 3005 ita

950 3028 1227 3100 Scriptura
1274 3032 1542 3086 conclusit
1571 3033 1589 3102 (
1615 3032 1679 3089 Ill
1728 3033 1858 3106 Reg.
1904 3052 2023 3102 vut,
2055 3036 2168 3111 66)
2210 3058 2223 3095 :
2257 3037 2327 3096 Et
2354 3041 2554 3098 dimisit

2653 1911 2775 1967 cula
2801 1913 3081 1971 introeunt
3107 1916 3415 1972 cmlesttum
3445 1922 3816 1988 IIIﬂllsiOltllul,
3845 1925 3973 1994 quia
4018 1932 4288 1997 quamvis

2651 2021 2848 2077 graves
2875 2006 3038 2078 hujus
3077 2007 3288 2075 seculi,
3319 2011 3569 2080 quamvis
3596 2013 3742 2086 longi
3777 2014 3978 2074 fuerint
4017 2020 4277 2090 labores,

2654 2099 2816 2155 breve
2845 2099 3099 2156 nimirum
3126 2107 3184 2156 et
3211 2101 3331 2158 leve
3373 2103 3635 2177 quidquid
3679 2117 3883 2164 aeterna
3911 2109 4274 2171 beatitudine

2654 2193 2862 2250 linitur.
2905 2190 3061 2250 Unde
3095 2201 3332 2265 oportet,
3361 2195 3662 2264 Carissimi,
3713 2208 3775 2255 ut
3802 2203 3857 2257 in
3885 2202 4283 2264 adiﬁcatioue

2656 2287 2859 2344 Domus
2886 2286 2980 2344 Dei
3007 2286 3376 2360 unusquisque
3403 2299 3647 2346 nostrum
3689 2291 4068 2365 exhortando,
4098 2297 4279 2356 obseo

2654 2383 2878 2453 orando,
2936 2383 3286 2456 increpando,
3339 2383 3456 2456 ipse
3495 2385 3598 2456 piis
3643 2386 3858 2445 actibus
3899 2387 4279 2458 denudanda.

2654 2487 2912 2554 quantum
2939 2478 3103 2548 valet,
3136 2479 3369 2546 insistat,
3393 2493 3460 2536 ne
3486 2481 3531 2534 si
3549 2481 3858 2552 quempiam
3879 2479 3996 2538 Rex
4016 2484 4280 2546 celestis

2657 2588 2800 2630 nunc
2822 2571 3072 2631 desidere
3099 2573 3154 2628 in
3185 2586 3352 2644 opere
3371 2573 3458 2628 sui
3485 2573 3675 2644 templi
3698 2577 4077 2646 conspexerit,
4109 2580 4279 2636 hunc

2657 2673 2712 2726 in
2743 2678 2985 2742 tempore
3025 2669 3220 2726 futura:
3245 2670 3627 2741 dedicationis,
3661 2686 3872 2743 magna:
3898 2687 4013 2728 sua:
4053 2675 4276 2731 soletu-

2656 2767 2842 2822 nitatis
2870 2765 3064 2823 reddat
3091 2775 3360 2823 exortem.
3405 2764 3728 2839 Satagamus
3756 2783 3948 2825 mutuo
3971 2769 4278 2830 rharitatis

2656 2861 2876 2930 auxilio,
2908 2869 2970 2918 ut
2993 2875 3186 2919 omnes
3205 2875 3303 2919 vos
3331 2861 3499 2920 alacri
3541 2862 3729 2930 corde.
3756 2872 3815 2922 et
3851 2863 4161 2922 indefessos
4216 2869 4275 2925 in

2653 2956 2926 3031 operibus,
2957 2970 3080 3030 quae
3111 2957 3227 3029 ipse
3267 2959 3549 3030 prtccepit,
3599 2958 3898 3026 inveniens,
3948 2974 4152 3018 omnes
4196 2965 4270 3020 ad

2657 3054 2895 3123 praemia,
2928 3067 3048 3122 qua:
3076 3053 3344 3124 promisit,
3375 3059 3650 3124 perpetuat
3677 3065 3790 3108 sum
3819 3053 4048 3109 visionis
4078 3054 4268 3110 intro-

952 3123 1200 3177 Salomon
1225 3125 1467 3196 populos,
1491 3129 1577 3197 qui
1603 3126 1956 3184 benedicentes
1986 3129 2116 3203 Regi
2157 3135 2377 3203 profecti
2428 3147 2550 3194 sunt
2585 3211 2616 3217 _
2654 3146 2813 3202 ducat
2861 3147 3018 3205 Jesus
3066 3123 3315 3203 Christus
3351 3145 3609 3201 Dominus
3654 3153 3862 3212 noster,
3891 3146 3983 3217 qui
4031 3147 4176 3202 vivit
4211 3160 4270 3204 et

949 3220 1000 3271 in
1032 3219 1364 3274 tabernacula
1390 3237 1505 3284 sua,
1541 3223 1792 3292 (tutantes,
1821 3235 1869 3281 et
1897 3227 2061 3282 alacri
2085 3230 2237 3286 corde
2258 3248 2413 3305 super
2433 3250 2546 3288 om-
2572 3211 2618 3277 (ἶ
2652 3249 2843 3312 regnat
2871 3254 2993 3295 cum
3026 3239 3185 3294 Patre
3210 3238 3350 3294 Deus
3377 3237 3430 3294 in
3453 3238 3659 3294 unitate
3684 3211 3926 3309 Spiritus
3947 3238 4138 3296 Sancti
4167 3257 4273 3312 per

947 3308 1097 3364 nibus
1118 3309 1262 3366 bonis
1285 3327 1400 3375 qua:
1423 3314 1616 3382 fecerat
1644 3314 1893 3372 Dominus
1923 3317 2095 3375 David
2131 3339 2290 3394 puero
2319 3340 2413 3379 suo
2439 3369 2453 3392 ,
2497 3335 2547 3381 et

947 3398 1117 3455 Israel
1145 3403 1337 3472 populo
1372 3419 1465 3459 suo
1507 3420 1523 3458 .°
1569 3405 1810 3464 Dimittat
1853 3411 1996 3466 enim
2033 3412 2291 3470 Dominus
2325 3430 2546 3487 peracto

2653 3346 2846 3394 cuncta
2871 3335 3071 3391 szecuia
3089 3334 3439 3391 saeculorum.
3468 3334 3661 3390 Amen.

1007 3540 4226 3576 Ἦ

1981 3667 2558 3758 MONITUM
2608 3669 3207 3757 EDITORIS.

1019 3799 1080 3857 In
1105 3801 1340 3859 editione
1372 3802 1668 3862 Veronensi
1698 3821 1765 3863 eo
1795 3807 1899 3863 loci
1941 3808 2282 3866 interseritur
2309 3827 2543 3884 opuscu-

948 3893 1058 3949 lum
1084 3894 1171 3950 cui
1200 3895 1384 3952 titulus
1412 3913 1426 3953 :
1461 3897 1685 3954 Metrum
1722 3901 1776 3954 in
1807 3899 2063 3970 Genesim,
2102 3905 2171 3959 ad
2198 3903 2418 3961 Leonem
2444 3925 2538 3979 pa-

947 4002 1087 4056 pam.
1117 3985 1272 4056 Quod
1298 3989 1516 4060 quidem
1544 4006 1785 4063 carmen,
1828 4007 1950 4051 cum
1994 3995 2063 4051 ad
2105 3995 2366 4054 Hilarium
2413 4015 2540 4058 nos-

2646 3821 2790 3871 trum
2821 3826 2927 3868 non
2960 3811 3232 3882 pertinere
3260 3822 3423 3866 nemo
3445 3805 3780 3864 eruditorum
3809 3805 4018 3865 inﬁcias
4039 3821 4164 3879 eat,
4185 3814 4260 3870 ad

2648 3908 2824 3978 Opera
2846 3905 3022 3964 sancti
3050 3920 3204 3980 papa:
3225 3905 3314 3962 cui
3339 3911 3685 3975 nuncupatur
3711 3901 4059 3975 relegandum
4091 3903 4262 3961 dnti-

952 4118 4226 4150 MM

1469 4239 1814 4328 LIBER
1885 4239 2046 4328 DE
2119 4245 2534 4332 PATRIS
2608 4247 2763 4333 ET
2819 4245 3094 4333 FILII
3148 4244 3711 4350 UNITATE,

1268 4422 1374 4486 ET
1447 4423 1804 4501 ALIQUOT
1875 4425 2264 4495 LOCORUM
2331 4427 2614 4493 SACRE
2691 4426 3152 4494 SCRIPTUIUE
3234 4423 3908 4492 INTERPBETATIO.

2244 4584 2458 4640 οὔῆ
2468 4580 2936 4641 θράξαι*

1013 4723 1115 4793 Qui
1165 4724 1298 4778 hunc
1340 4722 1528 4778 librum
1567 4738 1702 4778 anno
1734 4722 1874 4782 I535
1903 4723 2040 4796 typis
2071 4723 2413 4781 Frobenianis
2447 4725 2532 4781 edi
2635 4723 2723 4781 tia:
2749 4723 2982 4790 excedit,
3015 4733 3166 4782 extra
3204 4739 3363 4798 quem
3393 4723 3528 4781 nihil
3555 4733 3660 4788 est,
3690 4724 3775 4780 cui
3806 4739 4024 4798 semper
4047 4730 4146 4794 sit,
4183 4739 4246 4786 ut

937 4828 1264 4884 iuraverunt,
1307 4816 1564 4872 vixillum
1600 4833 1628 4872 e
1667 4817 1811 4888 prelo
1836 4819 2207 4888 subduxerunt,
2239 4835 2353 4874 cum
2389 4835 2528 4876 com-
2635 4819 2738 4876 hoc
2773 4819 2935 4876 modo
2969 4834 3030 4876 se
3069 4819 3200 4876 velit
3235 4819 3291 4875 in
3340 4820 3565 4876 veritate
3611 4820 3943 4876 sacramenti
3972 4821 4237 4896 intelligi.

936 4921 1175 4985 pererunt
1197 4913 1344 4966 illuni
1365 4927 1468 4966 non
1493 4926 1676 4965 novum
1702 4909 1894 4966 Hilarii
1911 4928 2059 4983 opus,
2082 4912 2171 4968 sed
2191 4911 2526 4983 rltapsodiam
2636 4913 2749 4970 iloc
2767 4912 3217 4985 imperspicabilis
3240 4923 3448 4972 natura:
3472 4924 3558 4971 est
3580 4930 3778 4970 nomen
3798 4915 3853 4972 in
3878 4915 4057 4985 Patre,
4080 4923 4240 4991 quod

934 5019 1041 5058 esse
1064 5002 1280 5059 studiosi
1305 5003 1624 5076 cujuspiam,
1654 5011 1762 5056 tum
1793 5020 1818 5057 ε
1840 5003 2064 5058 secundo
2101 5003 2229 5059 libro
2255 5004 2320 5059 de
2347 5002 2520 5058 Trini-
2631 5012 2774 5069 Deus
2803 5011 3105 5078 invisibilis,
3131 5009 3440 5078 ineﬂabilis,
3470 5008 3732 5076 infinitus,
3762 5011 3829 5066 ad
3849 5026 4010 5083 quem
4036 5022 4087 5069 et
4115 5015 4240 5071 elo.

933 5105 1052 5161 tate,
1079 5104 1185 5148 tum
1211 5095 1431 5149 maxime
1474 5110 1536 5148 ex.
1563 5109 1696 5148 nono
1733 5096 2160 5162 consarcinatum,
2205 5098 2286 5151 cui
2313 5095 2523 5151 aliunde
2546 5149 2600 5178 ,η
2625 5104 2899 5178 quendam
2921 5118 3103 5160 sermo
3141 5103 3325 5172 sileat,
3355 5113 3412 5160 et
3437 5103 3871 5175 investigandum
3896 5119 4093 5161 sensus
4128 5105 4236 5164 he-

929 5189 1139 5243 udtrxta
1170 5197 1244 5242 est
1283 5187 1546 5258 appendit:
1581 5188 1642 5241 de
1682 5188 1839 5242 variis
1871 5187 2064 5243 Christi
2107 5189 2513 5261 cognominibus.
2547 5187 2599 5212 υ
2628 5198 2862 5262 bctetur,
2913 5207 2968 5252 ct
2996 5195 3467 5268 complectendum
3513 5197 3860 5270 intelligentia
3888 5208 4230 5256 coarctetur.

925 5281 1060 5336 Iliae
1086 5297 1241 5351 porro
1283 5280 1542 5352 appendix
1580 5281 1837 5352 descripta
1878 5289 1953 5335 est
1975 5297 2037 5336 ea:
2073 5298 2189 5352 cap.
2229 5280 2263 5337 6
2291 5282 2411 5337 libri
2452 5283 2517 5339 de
2626 5289 2824 5348 Delicit
2848 5305 2978 5361 ergo
3005 5286 3115 5361 (Ea:
3145 5304 3289 5344 nunt.
3328 5286 3386 5361 7)
3412 5289 3465 5345 in
3497 5290 3898 5361 nuncupatione
3921 5289 4226 5360 confessio,

927 5376 1030 5442 ﬁde
1062 5372 1369 5437 orthodoxa,
1410 5372 1551 5441 apud
1597 5371 1916 5427 Ambrosium
1956 5384 2003 5428 et
2031 5374 2173 5443 apud
2212 5373 2516 5446 Gregorium
2623 5393 2679 5440 et

2467 5393 2516 5430 m
2623 5393 2679 5440 et
2715 5382 2972 5455 quidquid
3021 5382 3094 5438 illi
3140 5398 3451 5439 sermonum
3481 5383 3772 5456 optabitur,
3817 5383 3985 5440 Deum
4015 5395 4076 5440 ut
4111 5396 4226 5454 est,

931 5464 1068 5519 Nnc.
1094 5463 1312 5536 vulgati,
1346 5480 1491 5534 quem
1516 5463 1752 5536 Gregorii
1776 5463 1959 5521 Baetici
2001 5482 2109 5520 esse
2128 5466 2338 5538 plurimi
2375 5466 2514 5521 arbi-
2622 5486 2964 5548 quantusque
2987 5484 3092 5545 est,
3119 5491 3226 5532 non
3261 5477 3532 5548 loquetur.
3578 5477 3824 5535 Perfecta
3853 5478 4080 5535 scientia
4105 5492 4226 5549 est,

927 5565 1145 5612 tutntur.
1174 5554 1257 5610 Ex
1285 5558 1458 5610 eodem
1489 5555 1836 5610 additamenta
1867 5556 2136 5628 conﬁcitur
2160 5573 2322 5612 sermo
2342 5558 2394 5612 in
2421 5573 2513 5624 ιη)-
2623 5571 2690 5626 εί(

2462 5575 2513 5624 υ·
2623 5571 2701 5626 sic
2730 5569 2898 5625 Deum
2921 5569 3082 5631 scire.
3117 5576 3174 5624 ut
3200 5567 3328 5625 licet
3350 5585 3456 5625 non
3487 5569 3867 5642 ignorabilem,
3891 5579 4070 5626 tamen
4101 5571 4225 5630 ine-

929 5649 1140 5720 pendite
1166 5647 1440 5717 Augustini
1472 5663 1604 5701 nunc
1634 5648 1760 5702 ll‘i.
2621 5676 2686 5718 na

2621 5658 2948 5718 narraliilem
2978 5657 3141 5715 scias.
3171 5659 3484 5716 Credendus
3518 5672 3626 5728 est,
3653 5661 4062 5736 intelligendus,
4082 5661 4223 5721 ado-

2621 5751 2828 5809 randus
2850 5761 2951 5818 est,
2982 5753 3124 5808 etiis
3147 5751 3345 5810 ol‘llciis
3367 5753 3718 5826 eloquendus.

2704 5849 2800 5904 last
2825 5856 3004 5904 autem
3035 5844 3203 5905 films
3227 5848 3512 5923 progenies
3552 5849 3768 5921 ingenui
3797 5845 3909 5925 (Es
3944 5864 4094 5907 nam.
4128 5847 4217 5922 3),

999 5741 1140 5795 Deus
1162 5740 1254 5810 qui
1289 5739 1484 5811 ubique
1514 5747 1599 5795 est
1625 5737 1734 5811 (Ea;
1773 5739 1860 5796 lib.
1903 5755 1940 5797 tt
1987 5739 2177 5798 Hilarii
2205 5744 2268 5797 de
2299 5741 2512 5816 Trinit.,

927 5849 1077 5889 nunt.
1111 5833 1192 5901 (ὅ),
1217 5840 1270 5888 et
1303 5835 1500 5903 ubique
1528 5841 1672 5889 tctus
1696 5840 1798 5901 est,
1830 5833 1899 5888 ita
1935 5834 2178 5905 regimen
2210 5836 2508 5906 intelligen-
