4464 6472
426 324 536 381 885

1405 317 1613 377 LIBER
1664 316 1754 375 DE
1787 313 2035 374 PATRIS
2075 312 2163 371 ET
2208 313 2363 372 FlLll
2406 315 2732 377 UNITATE-

3620 325 3726 382 886

428 452 566 494 unus
591 452 655 494 ex
680 450 810 505 uno,
841 450 1003 493 νιδΙἹΙς
1031 455 1061 491 a
1096 450 1245 497 vero.
1278 434 1428 491 vivus
1455 449 1484 489 a
1510 434 1656 498 vivo,
1696 429 1969 503 perlectus
1989 444 2021 487 a
2048 435 2105 495 Α
2126 445 2289 488 manu
2338 448 2434 490 sua
2480 436 2673 508 operit,
2718 450 2897 510 pugno
2938 449 3154 493 omnem
3201 437 3463 499 mundum
3499 442 3720 511 claudit,

423 531 690 604 perfecto,
720 531 935 586 virtutis
971 533 1166 593 virtus,
1205 526 1486 600 sapientia:
1530 528 1819 597 sapientia,
1846 525 2019 597 gloria

423 624 635 694 gloriae,
679 624 855 694 imago
880 620 1164 679 invisibilis
1206 620 1323 687 Dei,
1358 620 1530 676 forma
1557 621 1727 689 patris
1753 618 1970 690 iugeniti
2004 636 2020 673 :

377 792 381 796 _
424 720 591 777 habet
634 720 796 792 igitur
836 717 1134 776 nativitatis
1178 716 1338 788 hujus
1379 727 1565 788 utique
1614 725 1884 771 secretum
1914 712 2023 785 (Ea:

425 830 568 874 uniti.
600 814 678 887 9).
707 812 779 869 Et
803 814 849 870 si
872 814 994 887 quis
1019 812 1157 869 torte
1184 811 1557 883 intelligentiae
1581 825 1694 866 sua:
1723 809 2019 879 imputave-

423 906 517 974 rit,
548 905 919 979 generationis
948 904 1110 976 hujus
1135 912 1533 962 sacramentum
1558 918 1665 958 non
1694 916 1855 974 posse
1881 916 2018 957 con-

420 1000 600 1071 sequi,
627 1013 750 1055 cum
776 1007 955 1054 tamen
985 1006 1039 1053 et
1060 996 1223 1054 Pater
1243 996 1316 1053 sit
1340 995 1586 1053 absolute
1617 995 1943 1063 intellectus,
1965 1004 2021 1051 et

423 1092 599 1150 Filius
621 1107 721 1149 nec
762 1092 937 1164 major
966 1107 1056 1160 eo,
1090 1105 1192 1148 nec
1235 1091 1451 1157 minor;
1500 1091 1620 1145 sine
1642 1089 1833 1146 dolore
1869 1104 1899 1144 a
1931 1104 2018 1145 mo

423 1184 631 1251 audiet,
663 1184 881 1258 Ignoro,
906 1198 1008 1257 ego
1037 1184 1243 1251 nescio,
1277 1198 1385 1238 non
1412 1183 1654 1253 requiro.
1685 1183 2019 1240 Consolabor

422 1294 512 1335 tne
547 1286 724 1335 tamen
757 1277 1122 1351 :Archangeli
1148 1277 1419 1342 nesciunt,
1451 1276 1644 1348 Angeli
1675 1294 1781 1332 non
1827 1278 2015 1334 audie-

420 1380 568 1438 runt,
611 1369 877 1442 Propheta
927 1384 1034 1426 non
1077 1370 1268 1436 sensit,
1316 1368 1610 1442 Apostolus
1640 1370 2012 1441 interrogavit,

418 1464 592 1522 Filius
611 1463 727 1535 ipse
747 1479 857 1522 non
879 1461 1072 1522 edidit.
1100 1461 1293 1520 Cesset
1316 1465 1471 1521 dolor
1499 1463 1865 1536 querelarum.
1896 1463 2013 1523 Non

418 1566 496 1627 te,
515 1557 760 1632 quisquis
782 1572 844 1615 es
870 1557 959 1631 qui
987 1558 1106 1615 hac
1140 1556 1363 1629 quieris,
1404 1572 1602 1614 revoco
1633 1559 1685 1613 in
1711 1559 2010 1627 excelsum,

416 1668 528 1710 non
570 1651 627 1710 in
663 1650 1075 1725 amplitudinem
1113 1650 1300 1719 tendo,
1371 1665 1481 1707 non
1522 1648 1735 1708 deduco
1777 1650 1831 1707 in
1881 1667 2011 1724 pro-

413 1746 663 1804 fundum.

2126 540 2287 599 quem
2336 537 2512 585 totum
2554 546 2735 588 omnia
2777 534 3048 601 desumit,
3091 546 3147 589 et
3183 536 3474 597 metuendo
3519 540 3720 608 sciunt,

2129 620 2292 690 cujus
2327 622 2532 679 nomini
2580 634 2638 683 et
2674 627 2866 682 virtuti
2904 625 3250 695 famulantur,
3282 628 3427 686 hunc
3472 631 3623 688 orbis
3653 648 3722 690 ex

2124 713 2241 786 ipsa
2268 718 2659 779 elementon
2685 722 2787 781 sibi
2809 724 3216 783 succedentium
3241 738 3620 788 momentanea
3643 733 3725 798 vio

2120 810 2436 871 cissitudinc
2476 824 2725 874 testatur.

2192 906 2352 964 Ratio
2376 910 2622 981 quaedam
2642 920 2747 978 est,
2768 928 2889 982 quae
2910 912 3052 983 apud
3078 913 3299 973 Griecos
3320 918 3467 995 λογος
3481 920 3724 991 appella-

2121 1008 2229 1070 tur,
2262 1018 2382 1073 qua:
2412 1003 2551 1059 inter
2574 1003 2786 1060 Patrem
2834 1012 2893 1062 et
2920 1004 3114 1063 Filium
3150 1020 3410 1080 personas
3451 1012 3537 1067 vel
3564 1027 3721 1068 voca-

2121 1094 2244 1150 bula
2288 1095 2570 1168 distinguit
2600 1115 2612 1151 r
2642 1099 2767 1170 quia
2796 1098 2910 1169 ipse
2959 1099 3124 1156 Filius
3169 1101 3310 1157 ratio
3352 1102 3567 1167 dicitur,
3597 1123 3717 1177 quin

2123 1195 2302 1244 tamen
2324 1189 2466 1245 ratio
2495 1190 2681 1245 multis
2706 1192 3013 1247 nominibus
3036 1193 3355 1265 appellatur.
3388 1194 3546 1252 Modo
3568 1187 3717 1252 enini

2120 1281 2369 1350 verbum,
2399 1284 2561 1340 modo
2608 1285 2799 1352 virtus,
2844 1284 3005 1341 modo
3055 1287 3340 1357 sapientia,
3374 1287 3537 1343 modo
3579 1287 3715 1345 dex-

2120 1384 2257 1441 tera,
2290 1375 2452 1431 modo
2480 1374 2787 1441 brachium,
2834 1377 2997 1432 modo
3043 1380 3351 1450 margarita,
3394 1379 3557 1435 modo
3595 1380 3715 1437 tlte-

2118 1485 2333 1537 saurus,
2357 1470 2519 1526 tnodo
2548 1471 2705 1538 retia,
2732 1471 2894 1527 modo
2915 1482 3173 1542 aratrum,
3199 1474 3360 1530 modo
3389 1474 3532 1543 fons,
3553 1477 3714 1533 modo

2116 1575 2292 1637 petra,
2338 1563 2501 1620 utodo
2546 1566 2683 1637 lapis
2740 1564 3032 1638 angularis,
3082 1566 3243 1622 modo
3297 1582 3488 1640 agnus,
3545 1571 3709 1626 modo

2117 1661 2301 1728 homo,
2330 1660 2491 1716 modo
2518 1658 2739 1726 vitulus,
2784 1659 2945 1715 modo
2973 1660 3175 1732 aquila,
3207 1660 3370 1716 modo
3398 1660 3506 1730 leo,
3552 1664 3714 1718 modo

2114 1756 2222 1824 via,
2253 1754 2418 1812 modo
2441 1756 2663 1825 veritas,
2687 1754 2852 1811 modo
2877 1756 3006 1822 vita,
3034 1768 3157 1812 cum
3189 1755 3261 1811 sit
3285 1756 3427 1813 Deus
3456 1758 3637 1814 omnia
3658 1767 3713 1815 et

488 1839 616 1897 llzec
640 1838 712 1898 de
744 1850 937 1898 natura
977 1839 1281 1897 divinitatis
1320 1839 1595 1912 attigimus
1623 1838 1733 1915 (Ea:
1760 1857 1906 1897 nam.
1940 1841 2002 1897 Η
2040 1846 2086 1908 Β
2114 1851 2169 1906 in
2195 1852 2465 1907 omnibus,
2504 1849 2576 1907 Et
2603 1865 2699 1921 per
2726 1850 2843 1907 haec
2870 1851 3132 1909 vocabula
3162 1851 3463 1910 divinarum
3493 1853 3712 1927 dispen-

408 1946 458 1991 et
487 1933 598 2007 l2),
633 1949 742 1992 non
767 1950 1033 1993 summam
1057 1934 1425 2003 intelligentia:
1452 1936 2001 2005 comprehendentes,

408 2028 507 2085 sed
530 2028 891 2101 intelligentes
912 2026 1478 2100 incomprehensibilia
1517 2040 1641 2083 eSse
1674 2044 1797 2098 qua:
1826 2027 2001 2101 loqui-

407 2135 553 2178 mur.
579 2121 793 2178 Nullum
820 2136 973 2194 ergo,
999 2120 1158 2187 dicis,
1186 2120 1426 2178 ol‘ticium
1452 2118 1575 2175 iidei
1598 2128 1703 2190 est,
1732 2122 1779 2178 si
1808 2120 1883 2178 nil
1906 2136 2002 2194 po—

409 2215 538 2272 terit
556 2215 964 2288 comprehendi.
986 2214 1157 2273 Immo
1184 2215 1287 2272 hoc
1315 2214 1549 2271 ollicium
1580 2214 1711 2271 ﬁdos
1750 2215 2001 2287 proﬁtea-

407 2319 516 2378 tur,
568 2311 621 2365 id
668 2308 813 2368 unde
850 2311 1107 2384 qumritur
1146 2312 1691 2383 incomprehensibile
1731 2311 1834 2367 sibi
1872 2327 2001 2371 esse

404 2402 571 2460 scire.
591 2402 852 2475 Superest
866 2404 934 2461 de
950 2404 1300 2461 inenarrabili
1318 2405 1664 2476 generatione
1680 2403 1801 2460 Filii
1823 2405 1999 2461 adhuc

405 2496 826 2568 aliquidzimmo
850 2497 1050 2570 aliquid
1080 2496 1214 2553 illud
1243 2497 1423 2553 adhuc
1449 2507 1617 2552 totum
1648 2507 1751 2555 est.
1778 2495 1996 2566 IEsttio,

401 2590 641 2659 dill'eror,
687 2592 943 2659 hebesco,
973 2603 1031 2650 et
1068 2592 1209 2650 unde
1258 2593 1511 2666 incipiam
1551 2594 1755 2651 nescio.
1803 2594 1997 2652 Nescio

402 2686 548 2743 enim
571 2686 787 2759 quando
815 2698 975 2744 natus
1005 2688 1077 2743 sit
1100 2685 1270 2744 Filius
1296 2705 1310 2742 :
1337 2695 1394 2744 et.
1417 2688 1567 2743 nefas
1592 2695 1674 2743 est
1696 2686 1831 2742 mihi
1855 2687 1997 2745 scire

402 2778 618 2850 quando
648 2791 805 2836 natus
832 2780 904 2836 sit
941 2778 1131 2836 Filius.
1161 2778 1332 2850 Quem
1365 2778 1670 2852 imprecer?
1706 2794 1866 2851 quem
1895 2782 1995 2834 im.

402 2872 645 2943 plorem?
669 2888 738 2930 ea
773 2871 973 2947 quibus
1016 2873 1168 2928 libris
1207 2872 1274 2928 ad
1316 2880 1585 2927 tantarum
1617 2871 1993 2928 difﬁcultatum

400 2968 763 3025 narrationem
820 2967 979 3025 verba
1036 2967 1405 3039 praesumam?
1463 2965 1724 3024 EVolvam
1775 2982 1992 3022 omnem

397 3061 623 3119 Graeciae
649 3062 931 3120 scholam?
959 3061 1069 3119 Sed
1096 3062 1223 3135 legi,
1256 3062 1346 3117 ubi
1370 3061 1626 3133 Sapiens?
1659 3060 1747 3117 ubi
1778 3061 1993 3117 scriba?

400 3155 494 3212 ubi
520 3157 857 3229 conquisitor
880 3156 1065 3213 steculi
1087 3154 1111 3210 ἲ
1136 3155 1194 3212 In
1225 3155 1328 3212 hoc
1346 3170 1478 3226 ergo
1502 3155 1703 3212 mundo
1729 3157 1999 3225 sophista:

2108 1943 2379 1999 sationum
2406 1943 2661 2015 mysteria
2684 1954 3101 2015 cognoscuntur.

2178 2034 2311 2090 Nam
2338 2042 2394 2090 et
2419 2037 2490 2091 ob
2532 2035 2635 2091 hoc
2664 2034 2899 2092 Verbum
2932 2041 3270 2107 nuncupatur
3304 2056 3317 2090 τ
3342 2038 3466 2110 quia
3493 2046 3553 2095 et
3579 2054 3706 2110 pro-

2106 2132 2221 2202 prie
2245 2130 2427 2187 divino
2463 2144 2562 2187 ore
2591 2130 2874 2201 processit,
2902 2141 2959 2188 et
2987 2132 3122 2187 nihil
3150 2130 3314 2190 Pater
3356 2132 3477 2191 sine
3513 2148 3585 2191 eo
3611 2144 3706 2191 aut

2099 2227 2283 2297 jUSSit,
2309 2235 2401 2281 aut
2430 2226 2572 2282 fecit.
2604 2225 2782 2282 Virtus
2812 2226 3011 2282 dicitur
3040 2245 3053 2280 :
3085 2228 3210 2298 quia
3233 2242 3364 2283 vere
3392 2226 3463 2283 de
3488 2228 3622 2296 Deo,
3648 2238 3705 2282 et

2102 2335 2319 2392 semper
2356 2334 2480 2376 cum
2527 2320 2657 2387 Deo,
2691 2328 2747 2376 et
2790 2320 2968 2375 omnis
3010 2329 3249 2390 potestas
3273 2318 3451 2377 Patris
3500 2320 3554 2376 in
3584 2322 3705 2392 ipso

2100 2416 2369 2470 consistit.
2401 2412 2677 2483 Sapientia
2729 2412 3028 2483 appellatur
3061 2430 3076 2465 :
3104 2412 3229 2482 quia
3273 2410 3343 2468 de
3386 2412 3553 2469 corde
3596 2413 3700 2468 Pa-

2102 2509 2202 2565 tris
2249 2508 2542 2564 adveniens
2588 2521 2785 2563 arcana
2830 2507 2883 2562 in
2930 2505 3246 2563 etelestibus
3292 2506 3473 2577 (Apud
3516 2505 3698 2561 Ambr.

2098 2602 2343 2661 cmlestia
2366 2600 2737 2673 credentibus)
2762 2616 2943 2658 resera
2953 2600 3063 2657 vit-
3078 2600 3313 2657 Dextera
3334 2608 3697 2671 nuncupatur:

2098 2699 2240 2770 quod
2284 2711 2381 2769 per
2418 2709 2543 2752 eum
2585 2696 2764 2751 omnia
2816 2708 2983 2766 opera
3030 2694 3214 2750 divina
3265 2692 3505 2765 perfecta
3548 2705 3693 2750 sunt.

2096 2790 2384 2847 Bracbium
2411 2786 2610 2844 dicitur
2637 2805 2651 2843 :
2680 2790 2803 2860 quia
2843 2788 2914 2845 ab
2960 2789 3081 2859 ipso
3112 2789 3294 2844 omnia
3324 2788 3694 2844 continentur.

2096 2884 2379 2956 Margarita
2410 2883 2711 2955 appellatur
2736 2900 2750 2933 :
2773 2885 2898 2952 quia
2927 2881 3063 2938 nihil
3100 2881 3196 2937 illo
3227 2881 3517 2953 pretiosius
3546 2882 3695 2937 inve-

2094 2979 2260 3035 nitur.
2290 2976 2601 3033 Tliesaurus
2641 2973 2839 3031 dicitur
2871 2984 2967 3031 :ut
3011 2976 3064 3030 in
3098 2974 3217 3045 ipso
3263 2988 3454 3031 omnes
3481 2974 3694 3030 divitiae

2093 3088 2385 3144 regnorum
2436 3071 2739 3129 caelestium
2773 3110 2790 3137 ,
2839 3084 2963 3141 quae
3007 3068 3469 3139 reconditm,sutit,
3518 3082 3685 3141 agno-

2093 3176 2333 3223 scantur.
2358 3166 2557 3238 (Amor.
2587 3167 2819 3223 condita:
2848 3162 3095 3237 agnosc.)
3127 3162 3281 3218 Retia
3301 3161 3498 3218 dicitur
3526 3164 3689 3234 :quia

398 3251 550 3308 multi
568 3258 906 3325 etsapieutes
932 3262 1091 3311 sunt:
1123 3253 1438 3325 sapientiam
1466 3263 1645 3309 autem
1674 3252 1769 3309 Dei
1797 3268 1987 3326 repro-
2015 3244 2061 3308 C
2097 3279 2195 3337 per
2226 3264 2430 3337 ipsum,
2450 3271 2505 3318 et
2534 3262 2585 3317 in
2613 3262 2730 3332 ipso
2755 3261 2825 3316 de
2864 3257 3003 3315 mari
3029 3257 3234 3321 saeculi,
3262 3258 3504 3329 gentium
3534 3260 3690 3328 quasi

401 3346 685 3404 baverunt.
727 3348 973 3406 Scribam
1001 3348 1133 3421 legis
1165 3346 1484 3405 consulam?
1527 3348 1632 3405 Sed
1672 3349 1901 3420 ignorat,
1932 3361 1991 3409 et

397 3454 531 3497 crux
555 3438 754 3498 Christi
781 3443 1098 3499 scandalum
1125 3454 1227 3499 est.
1265 3442 1536 3501 Hortabor
1564 3443 1705 3502 forte
1730 3461 1824 3503 vos
1858 3462 1989 3504 con~

399 3535 586 3593 nivere
631 3546 686 3594 et
729 3548 912 3595 tacere
943 3556 960 3595 :
998 3539 1124 3611 quia
1154 3541 1222 3595 ad
1257 3541 1659 3598 venerationem
1699 3541 1817 3615 ejus
1861 3544 1990 3600 satis

396 3630 491 3701 sit,
521 3631 665 3704 quod
691 3631 745 3689 in
785 3632 1093 3705 Evangeliis
1128 3634 1451 3707 prardicatur
1478 3646 1623 3693 tanta
1647 3638 1788 3695 inter
1816 3637 1991 3696 homi—

399 3740 497 3782 nes
516 3724 713 3784 fecisse
735 3727 1002 3800 stupenda
1028 3729 1289 3802 prodigia.

470 3815 558 3875 Ea:
584 3836 725 3877 nam.
764 3823 854 3880 l5.
885 3824 1236 3880 --Consistit
1263 3826 1409 3882 enim
1453 3841 1633 3884 meum
1664 3828 1716 3884 in
1746 3830 1985 3900 patroci-

399 3914 546 3971 nium
568 3914 949 3973 meditatarum
969 3917 1348 3975 dimcultatum
1376 3922 1608 3991 piscator
1627 3938 1815 3995 egens,
1840 3924 1991 3996 igno-

400 4024 507 4082 tus,
540 4014 809 4083 indoctus,
843 4019 1091 4076 manibus
1118 4021 1229 4076 lino
1250 4023 1547 4091 occupatis,
1577 4033 1726 4079 veste
1746 4022 1987 4093 humida,

397 4109 625 4181 pedibus
654 4112 783 4169 limo
824 4113 1028 4181 oblitis,
1060 4125 1204 4172 totus
1231 4131 1263 4173 e
1303 4118 1447 4171 navi.
1473 4116 1709 4185 Quaerite
1755 4128 1811 4175 et
1840 4120 1992 4177 inve-

400 4203 534 4274 nite,
564 4214 742 4261 utrum
782 4207 1080 4265 mirabilius
1100 4207 1263 4266 fuerit
1300 4216 1544 4266 mortuos
1582 4212 1892 4279 suscitassc,
1921 4228 1990 4270 an

399 4299 654 4371 imperito
700 4302 983 4359 scientiam
1022 4303 1175 4359 istius
1227 4302 1488 4360 doctrina:
1531 4304 1848 4363 intimasse?
1902 4308 1993 4366 Ait

397 4396 565 4461 enim,
599 4396 656 4452 In
683 4398 949 4470 principio
984 4407 1100 4454 erat
1124 4398 1384 4455 Verbum.
1431 4398 1806 4456 Transeuntur
1850 4411 1989 4458 tem-

399 4504 553 4562 pora,
580 4492 1017 4549 transmittuntur
1037 4492 1255 4558 siccula,
1290 4492 1551 4548 tolluntur
1567 4502 1788 4549 aetates:
1812 4496 1991 4566 pisca-

392 4593 484 4640 tor
511 4599 665 4641 meus
692 4586 1000 4643 illitteratus
1025 4587 1163 4644 liber
1188 4602 1218 4641 ιι
1255 4596 1499 4659 tempore
1530 4596 1635 4653 est,
1668 4590 1797 4645 vicit
1820 4604 1985 4648 omne

397 4680 741 4752 principium.
1468 4752 1471 4755 ἤ

477 4771 799 4846 Principium
830 4775 918 4832 lib.
945 4791 1018 4832 ix.
1046 4806 1116 4817 -—-
1136 4776 1453 4834 Tractantes
1484 4785 1610 4833 ante
1637 4792 1837 4849 paucos
1874 4778 1989 4835 dies

400 4866 470 4924 de
510 4867 836 4926 indiderenti
883 4881 1074 4927 natura
1119 4871 1210 4927 Dei
1262 4872 1429 4942 patris
1472 4881 1527 4927 et
1555 4872 1649 4928 Dei
1694 4872 1811 4938 lilii,
1854 4885 1988 4941 etc.,

400 4975 562 5031 usque
603 4961 674 5015 ad
697 4962 806 5017 haec
831 4978 974 5016 num.
1004 4960 1096 5017 44.
1148 4965 1223 5018 Ac
1263 4965 1341 5019 sic
1372 4963 1665 5033 perfectam
1696 4964 1856 5021 {idem
1889 4964 1990 5020 do-

401 5054 536 5121 cuit,
559 5068 682 5110 cum
716 5054 768 5108 id
794 5055 937 5126 quod
966 5056 1128 5111 modo
1165 5066 1270 5123 est,
1299 5056 1541 5128 ejusdem
1573 5059 1832 5129 temporis
1857 5073 1994 5130 Opus

401 5146 507 5213 sit;
530 5155 585 5202 et
612 5145 664 5202 id
691 5146 835 5218 quod
856 5158 1114 5219 operatur
1139 5142 1298 5206 Pater
1322 5158 1578 5221 operatur
1614 5159 1671 5208 et
1702 5150 1868 5208 Filius
1895 5168 1989 5209 ex-

407 5250 488 5296 tra
510 5238 798 5311 singularis
827 5242 896 5296 sit
927 5243 1201 5300 unionem.

476 5330 560 5387 Es
575 5333 733 5404 capit.
761 5334 795 5389 6
820 5332 1089 5391 Tractatus
1105 5336 1170 5391 de
1190 5336 1294 5407 ﬁde
1315 5337 1629 5394 orthodoxa.
1667 5338 1991 5411 —Deuique

406 5439 502 5495 pro
548 5434 727 5496 captu,
762 5439 863 5498 pro
893 5429 1114 5495 viribus,
1164 5444 1262 5499 pro
1307 5428 1413 5485 ﬁde
1457 5440 1639 5487 nostra
1687 5432 1994 5489 intueamur

406 5519 548 5577 Deus
585 5522 716 5591 quid
759 5523 829 5578 sit
868 5540 881 5577 :
927 5534 979 5579 et
1021 5523 1302 5580 videamus
1340 5539 1409 5580 an
1460 5524 1534 5580 illi
1582 5526 1753 5597 possit
1791 5526 1991 5597 aliquid

405 5614 732 5688 comparari.
759 5613 921 5673 Certe
952 5618 1053 5673 hoc
1079 5628 1165 5673 est
1193 5618 1355 5684 Deus,
1378 5619 1522 5691 quod
1544 5630 1743 5675 etcum
1774 5618 1990 5688 dicitur,

406 5725 513 5767 non
545 5721 722 5781 potest
763 5712 906 5777 dici;
952 5728 1073 5770 cum
1117 5715 1438 5782 :estimatur,
1483 5729 1589 5770 non
1628 5725 1807 5786 potest
1845 5714 1995 5771 :esti-

408 5804 586 5869 mari;
618 5818 741 5860 cum
774 5818 1137 5879 c0inparatur,
1168 5821 1273 5863 non
1304 5818 1481 5879 potest
1504 5809 1844 5879 comparari:
1874 5823 1998 5865 cum

418 5897 692 5971 delinitur,
746 5901 860 5975 ipsa
905 5900 1220 5961 deﬁnitione
1260 5918 1356 5959 sua
1402 5904 1641 5960 crescit:
1675 5903 1768 5975 qui
1804 5903 2001 5961 caelum

2095 3356 2385 3414 multitudo
2417 3354 2640 3426 piscium
2669 3360 2722 3410 in
2746 3352 2989 3409 Ecclesia
3011 3359 3431 3422 congregantur,
3476 3354 3565 3407 ubi
3594 3352 3690 3409 lto-

2095 3463 2287 3506 norum
2328 3448 2701 3519 malorumque
2746 3445 3055 3501 discrimina
3098 3450 3515 3514 cognoscuntur.
3548 3445 3690 3501 Ara-

2094 3558 2235 3604 trunt
2281 3554 2624 3615 nuncupatur
2653 3561 2666 3598 :
2693 3542 2817 3616 quia
2866 3542 3022 3611 signo
3068 3539 3244 3596 crucis
3281 3552 3397 3597 suae
3442 3540 3682 3609 gentium

2090 3652 2311 3715 pectora
2338 3638 2675 3712 subiguntur,
2707 3644 2767 3692 ut
2794 3634 3104 3692 necessario
3143 3635 3337 3690 semini
3371 3647 3682 3706 praeparen-

2092 3747 2199 3793 tur.
2247 3734 2392 3793 Fons
2434 3747 2588 3805 aqua:
2627 3730 2929 3803 appellatur
2960 3747 2969 3783 τ
2998 3728 3123 3800 quia
3169 3742 3237 3784 ex
3276 3742 3343 3785 eo
3386 3728 3683 3785 sitientium

2091 3831 2256 3889 corda
2300 3828 2541 3889 celestis
2586 3842 2743 3899 aqua:
2782 3824 2955 3899 gratia
2999 3824 3309 3896 irrigantur.
3350 3821 3509 3881 Petra
3550 3824 3685 3882 dici-

2093 3938 2181 3985 tur
2210 3944 2228 3987 :
2259 3925 2386 4000 quia
2424 3923 2771 3984 credentibus
2797 3919 3187 3985 fortitudinem,
3219 3917 3513 3976 incredulis
3536 3917 3685 3975 duri-

2094 4022 2222 4079 tiem
2257 4026 2497 4091 praestat.
2527 4016 2689 4089 Lapis
2716 4015 2913 4073 dicitur
2936 4012 3244 4085 angularis:
3272 4012 3399 4085 quia
3430 4023 3686 4085 utrosmte

2092 4116 2328 4189 parietes
2347 4113 2548 4169 veteris
2574 4127 2638 4167 ac
2660 4110 2784 4167 novi
2815 4109 3150 4165 Tcstamenti
3174 4124 3313 4163 unus
3343 4108 3608 4165 mediator
3631 4108 3688 4166 in

2092 4208 2388 4277 semetipso
2414 4207 2698 4264 continens
2723 4203 3018 4275 copulavit.
3038 4202 3224 4274 Agnus
3249 4203 3558 4274 appellatur
3585 4220 3602 4264 ς
3628 4216 3686 4261 ιιι

2092 4302 2400 4361 innocentia
2430 4299 2632 4357 Christi
2664 4308 2720 4356 et
2758 4297 2937 4371 passio
2961 4298 3379 4354 demonstretur.
3408 4296 3582 4355 Homo
3603 4298 3688 4355 di-

2094 4405 2186 4453 tur
2221 4394 2386 4467 :quia
2438 4391 2735 4449 secundum
2786 4396 3012 4447 carnem
3033 4400 3253 4462 propter
3295 4403 3395 4445 nos
3436 4388 3685 4448 homines

2092 4491 2243 4550 nasci
2289 4489 2540 4561 dignatus
2599 4497 2705 4543 est.
2753 4484 2972 4540 Vitulus
3019 4482 3219 4539 dicitur
3252 4482 3415 4553 rquia
3465 4493 3684 4554 propter

2092 4595 2335 4643 nostrain
2363 4583 2593 4639 salutem
2634 4589 2746 4651 pati
2773 4579 3046 4635 sustinuit.
3083 4576 3272 4648 Aquila
3300 4577 3496 4635 dicitur
3522 4596 3536 4634 :
3561 4580 3685 4648 quia

2095 4687 2217 4750 post
2238 4674 2596 4733 venerabilem
2614 4670 3087 4737 resurrectionem,
3112 4669 3265 4739 quasi
3288 4673 3453 4727 remis
3472 4670 3683 4740 alitum,

2092 4770 2161 4826 ad
2183 4770 2397 4825 Patrem
2424 4766 2686 4823 revolavit
2714 4767 2833 4839 (rex
2862 4763 3049 4819 alitum
3071 4762 3138 4818 ad
3164 4762 3341 4819 Patris
3360 4763 3565 4820 revolat
3594 4781 3685 4820 se-

2094 4863 2262 4935 dem).
2290 4860 2437 4917 Idem
2466 4861 2551 4917 leo
2587 4861 2761 4917 dictus
2787 4869 2871 4915 est
2895 4877 2910 4915 :
2937 4858 3060 4929 quia
3089 4858 3205 4928 ipse
3230 4870 3313 4913 cst
3352 4872 3447 4915 rex
3477 4873 3684 4929 regum,

2093 4958 2183 5028 qui
2214 4966 2445 5012 mortem
2471 4969 2534 5010 ac
2559 4953 2831 5011 diabolum
2859 4953 3075 5009 virtutis
3101 4967 3213 5008 sua:
3242 4961 3506 5023 potestate
3534 4966 3687 5008 corr.—

2096 5052 2309 5108 uiinuit.
2345 5051 2440 5107 Via
2481 5061 2565 5106 est
2596 5067 2609 5103 :
2639 5050 2762 5121 quia
2797 5064 2893 5119 per
2924 5049 3098 5118 ipsum
3122 5061 3400 5103 accessum
3432 5045 3691 5103 habemus

2103 5146 2424 5219 (adscensus
2450 5144 2555 5216 est)
2610 5142 2679 5199 ad
2710 5143 2876 5203 Deum
2908 5153 3134 5213 patrem.
3170 5140 3379 5197 Veritas
3405 5155 3517 5197 esu
3563 5140 3692 5213 quia

2102 5239 2441 5296 tnendacium
2468 5238 2659 5295 nescit.
2684 5236 2803 5293 Vita
2826 5246 2910 5294 est
2936 5254 2949 5290 :
2979 5237 3101 5308 quia
3130 5238 3244 5307 ipso
3275 5236 3521 5291 universa
3557 5237 3694 5292 \ivi-

2105 5337 2250 5390 licet.
2285 5333 2452 5391 Vides
2478 5348 2629 5405 ergo,
2658 5331 2783 5405 quia
2806 5347 2900 5403 per
2923 5331 3039 5388 haec
3063 5328 3321 5387 vocabula
3346 5332 3693 5404 signiﬁcatio-

2102 5444 2200 5486 nes
2226 5427 2638 5500 dispositionum
2671 5435 2727 5483 et
2755 5440 2977 5497 operum
3010 5424 3319 5480 divinorum
3347 5437 3692 5496 prreostensa:

2100 5531 2227 5579 sunt
2258 5540 2270 5575 :
2303 5522 2412 5579 rion
2444 5528 2623 5577 tamen
2657 5521 2771 5592 ipse
2803 5518 2945 5575 Deus
2990 5532 3085 5590 per
3114 5519 3229 5574 lizec
3254 5520 3475 5590 pmpric
3503 5519 3694 5575 delini-

2101 5626 2187 5672 tus
2213 5623 2315 5670 εει.

2176 5710 2260 5767 Ea:
2288 5726 2401 5781 cap.
2446 5708 2482 5764 8
2534 5707 2767 5781 μναῖαι(ιὶ
2816 5705 3105 5761 Tractatus.
3139 5733 3209 5745 ——
3239 5703 3334 5759 Est
3379 5718 3507 5773 ergo
3538 5703 3698 5760 Pater

2110 5808 2252 5863 Deus
2286 5806 2606 5869 immensus,
2633 5812 2890 5864 attentus,
2922 5798 3503 5869 inemnprehensibilis,
3536 5799 3696 5854 inius-

2112 5897 2387 5956 titnabilis.
2422 5894 2518 5953 Est
2555 5902 2610 5952 et
2640 5894 2807 5953 Filius
2847 5893 2966 5965 ejus
2996 5890 3250 5949 Dominus
3278 5899 3463 5949 noster
3500 5898 3701 5961 tantus,
