4464 6470
574 312 682 373 sas

1716 312 1893 369 NlCtil
1908 349 1915 365 .
1930 311 1989 367 Al
2031 311 2065 365 l‘
2081 306 2233 364 “illi
2281 310 2359 366 νη
2373 310 2645 370 ΑἶῐδΑἹῚΟ

3760 320 3867 375 Silii

572 427 809 499 antiqua:
837 425 1053 497 pietatis
1095 441 1158 483 ac
1199 416 1518 483 constantia:
1565 425 1968 481 studiosissimo
1994 466 2011 490 ,
2054 438 2160 480 nou
2188 423 2243 484 Α
2268 441 2357 494 ne,
2384 436 2444 482 ut
2464 442 2590 485 eum
2641 428 2888 502 indigitat
2939 430 3311 487 Nazianaenus
3352 431 3469 491 (Ην.
3504 446 3620 501 ut,
3652 451 3703 486 η.
3748 432 3865 503 55),

572 528 749 589 potest
778 533 884 573 non
911 520 1271 591 gratissimum
1304 534 1427 577 esse
1454 519 1659 590 antiqui
1684 509 1967 589 scriptoris
1991 516 2158 583 Galli,

573 610 973 683 Theologoruut
1003 612 1090 677 qui
1126 613 1179 666 in
1209 612 1504 669 Occidente
1533 612 1835 668 ﬂoruerunt
1873 612 2165 668 celeberri-

574 708 643 761 mi
666 720 729 761 .ic
758 704 1123 773 disertissimi,
1154 707 1499 779 excelsaeque
1544 706 1776 771 arboris,
1828 714 1885 761 ut
1915 719 2038 761 eum
2072 721 2165 759 vo-

571 806 661 854 cat
705 797 765 854 Β.
799 798 1160 870 Hieronymus
1185 796 1406 871 (Comiti.
1438 800 1493 855 in
1537 797 1664 853 Esai
1693 814 1741 853 ο.
1770 798 1883 871 Lx).
1912 813 2014 869 qua
2038 796 2166 853 mdi-

574 889 726 947 iicata
757 903 838 947 est
866 890 1095 947 ecclesia
1130 890 1244 956 Dei,
1287 891 1353 947 ad
1383 890 1499 947 lucc
1523 892 1686 948 etiam
1717 890 1999 949 fortissimi
2030 907 2161 948 con.

573 980 797 1041 fessoris
826 982 1047 1046 librum,
1079 982 1148 1039 de
1168 983 1485 1057 gravissima
1511 985 1755 1040 omnium
1782 999 1901 1058 qum
1930 1000 2164 1055 unquam

572 1074 629 1133 in
671 1075 911 1136 Ecclesia
950 1075 1167 1135 fuerunt
1194 1078 1564 1135 controversia
1592 1083 1875 1150 scriptum,
1930 1088 2051 1151 post
2088 1088 2165 1136 tot

573 1182 745 1224 annos
773 1184 805 1226 e
845 1168 1086 1227 tenebris
1116 1179 1329 1226 erutum
1365 1170 1649 1227 clarissimi
1679 1172 1753 1227 tui
1781 1171 2016 1227 nominis
2042 1186 2163 1226 θυεμ

572 1259 728 1335 piciis
755 1261 928 1319 lucem
974 1263 1218 1335 aspicere
1270 1261 1398 1320 Haec
1422 1264 1522 1318 etsi
1548 1264 1680 1319 satis
1724 1263 1789 1318 ad
1820 1262 2165 1320 commenda-

574 1356 777 1414 tionem
818 1357 1057 1414 muneris
1089 1358 1323 1422 valeant,
1355 1357 1495 1430 apud
1524 1366 1580 1415 te
1634 1362 1903 1429 prie-cipue
1930 1358 2025 1428 qui
2068 1374 2165 1427 pro

575 1464 667 1509 tuo
709 1467 836 1523 erga
877 1451 1086 1508 litteras
1130 1451 1561 1523 religionemque
1610 1454 1822 1518 studio,
1876 1459 2166 1529 ercctoque

573 1556 733 1620 atque
762 1548 991 1603 infracto
1016 1546 1279 1603 adversus
1301 1545 1517 1602 divitias
1538 1547 1820 1618 fumosque
1845 1547 2072 1613 aulicos,
2096 1546 2163 1601 ad

573 1653 695 1713 qua
716 1640 829 1697 sola
857 1654 1002 1697 nunc
1048 1639 1412 1706 concurritur,
1445 1640 1629 1695 animo
1658 1653 1874 1709 semper
1903 1639 1955 1694 id
1994 1654 2167 1711 genus

573 1733 829 1805 reliquias
860 1731 1105 1790 Attalicis
1133 1730 1532 1789 conditionibus
1554 1731 1832 1804 praetulisti
1876 1750 1885 1785 :
1923 1730 2163 1787 Passieni

2268 523 2454 575 στύλον
2482 529 2575 584 τῆς
2601 524 2866 586 ἐκκλησίας
2913 525 3259 591 verebantur,
3300 524 3569 581 cuniculis
3610 525 3663 580 id
3706 538 3869 596 agere

2268 619 2604 678 statuerant,
2660 617 2943 687 ipsumque
2974 616 3328 673 Athanasium
3360 619 3410 672 in
3454 619 3641 689 primis
3672 618 3867 675 tollen-

2267 705 2394 760 dum
2422 708 2885 780 evcrtendumque
2905 719 3278 780 susceperunt.
3307 711 3443 767 Hinc
3477 704 3585 767 illa:
3611 712 3678 767 de
3704 711 3867 766 Arse-

2268 799 2360 854 nio
2388 800 2693 866 interfecto,
2748 812 2805 859 et
2849 801 3129 861 confracto
3155 805 3324 861 calice
3371 806 3540 861 sacris
3592 803 3866 876 mysteriis

2268 893 2537 951 destinato
2564 898 2851 953 calumnia:
2876 921 2887 951 :
2915 914 3141 970 quarum
3175 907 3441 971 prmtextu
3468 915 3591 956 cum
3618 916 3647 954 a
3678 899 3868 956 factio-

2268 984 2344 1041 sis
2388 986 2708 1059 depositus,
2763 988 3216 1060 lniperatnrisque
3267 991 3490 1048 decreto
3537 994 3591 1047 in
3642 993 3864 1048 exilium

2268 1079 2466 1136 missus
2492 1089 2661 1143 esset.
2686 1089 2831 1138 totus
2861 1082 3010 1139 orbis
3039 1085 3175 1140 tanti
3229 1086 3334 1140 viri
3381 1098 3511 1141 casu
3564 1100 3865 1141 concussus

2268 1182 2370 1230 est.
2406 1172 2546 1242 Quin
2592 1176 2753 1230 etiam
2784 1189 2906 1232 cum
2938 1176 3162 1248 synodis
3192 1177 3575 1233 Alexandriam
3598 1218 3612 1241 ,
3668 1178 3865 1231 Roma-

2269 1282 2374 1333 nze,
2404 1276 2459 1324 et
2487 1270 2835 1324 mcumcnica:
2879 1268 3187 1325 Sardicensi
3240 1271 3567 1325 Athanasius
3595 1285 3748 1324 suam
3781 1270 3863 1325 in-

2267 1360 2576 1416 nocentiam
2620 1359 2997 1430 approbasset,
3026 1361 3445 1416 calumniatores
3474 1377 3606 1418 vero
3635 1378 3740 1417 non
3771 1376 3862 1416 so-

2270 1450 2379 1506 lum
2410 1459 2487 1507 tot
2510 1452 2793 1508 sententiis
2812 1452 3047 1508 convicti
3089 1460 3250 1524 atque
3275 1452 3536 1519 damnati,
3564 1452 3659 1509 sed
3697 1454 3861 1509 etiam

2269 1542 2471 1599 libellis
2496 1542 2692 1599 oblatis
2748 1544 2923 1601 eidem
2975 1544 3052 1617 (η)
3082 1544 3388 1602 Sardicensi
3420 1547 3651 1617 synodo,
3692 1545 3864 1600 iulio.

2269 1651 2373 1708 que
2411 1636 2651 1692 Pontilici
2713 1637 2868 1694 ilom.
2920 1638 3164 1694 criminis
3217 1638 3439 1694 admissi
3483 1638 3863 1709 ltmreseosqnc

2270 1729 2481 1785 veniam
2530 1729 2849 1799 deprecati,
2906 1729 3167 1788 Ecclesia:
3210 1733 3579 1787 communioni
3634 1730 3864 1789 fuissent

574 1836 753 1885 tamen
778 1826 1061 1885 sententiae
1085 1826 1131 1881 si
1156 1826 1298 1883 bene
1329 1834 1381 1880 te
1408 1823 1554 1893 novi,
1586 1823 1836 1887 accedes,
1888 1825 2167 1896 plurisque
2194 1821 2245 1883 Β
2271 1820 2493 1887 redditi;
2526 1821 2719 1878 iterum
2746 1833 2926 1879 tamen
2978 1838 3138 1879 canes
3185 1822 3252 1878 ad
3302 1824 3561 1879 vomitum
3614 1822 3816 1879 reversi
3843 1867 3859 1891 ,

574 1920 629 1977 iu
663 1936 730 1976 eo
774 1919 938 1976 facies
980 1918 1238 1990 judicium
1286 1919 1637 1975 eruditissimi
1699 1916 2164 1987 co’rdatissimiquc

573 2012 691 2079 viri,
724 2012 816 2085 qui
846 2022 898 2069 te
919 2013 1046 2068 dum
1075 2012 1206 2068 vixit
1231 2054 1246 2077 ,
1275 2011 1343 2065 ob
1364 2013 1637 2084 egregiam
1678 2011 1977 2066 doctrinam
1999 2053 2013 2078 ,
2040 2026 2169 2081 pru-

570 2104 831 2169 dentiam.
876 2103 1224 2176 studiumque
1268 2119 1342 2171 ac,
1372 2107 1624 2175 pietatem
1657 2105 1709 2158 in
1742 2104 1893 2160 Rem.
1950 2106 2002 2159 in
2048 2107 2167 2176 qui-

574 2199 679 2257 bus
719 2208 897 2257 tecum
921 2200 1288 2271 conspirabat,
1318 2200 1477 2257 unice
1505 2199 1701 2254 amavit
1729 2206 1785 2254 et
1831 2198 2021 2264 coluit,
2048 2216 2164 2253 nio--

574 2294 828 2364 riensque
875 2309 985 2349 suze
1028 2308 1152 2363 erga
1193 2302 1244 2347 te
1295 2305 1575 2364 propensa:
1621 2292 1913 2347 voluntatis
1953 2291 2167 2362 publice

572 2388 675 2446 hoc
700 2389 1065 2445 testimonium
1093 2389 1394 2460 posteritati
1418 2400 1632 2444 exstare
1656 2388 1845 2443 voluit.

642 2525 695 2581 Ξ.
735 2526 886 2595 Quod
923 2524 1113 2581 Hilarii
1137 2527 1224 2582 sit.
1254 2556 1325 2567 —
1360 2526 1438 2582 De
1464 2534 1687 2583 auctore
1710 2540 1840 2583 vero
1862 2526 2019 2582 istius
2044 2526 2167 2583 libri

572 2634 733 2675 nemo
762 2619 936 2676 codici
982 2635 1142 2676 manu
1173 2622 1398 2692 scripto,
1431 2624 1523 2693 qui
1552 2621 1614 2677 Β.
1670 2622 1876 2678 llilario
1915 2638 2042 2681 eum
2071 2624 2168 2677 ad-

571 2713 780 2777 scribit,
806 2712 963 2771 fidem
988 2714 1262 2780 detrahet,
1288 2714 1497 2787 virique
1526 2717 1762 2786 potentis
1796 2717 2005 2772 titulum
2035 2717 2167 2771 alie-

571 2820 657 2861 nas
704 2810 1035 2875 possessioni
1083 2808 1305 2864 amxum
1327 2813 1753 2867 controversiam
1786 2812 2045 2878 movebit,
2077 2813 2169 2883 qui

573 2896 701 2969 styli
719 2898 800 2954 vel
820 2901 1016 2970 ingenii
1043 2902 1178 2956 tanti
1201 2903 1440 2957 doctoris
1464 2901 1697 2974 aliquem
1721 2915 1938 2975 gustum
1966 2904 2170 2960 habue-

574 2993 647 3048 rit
686 3009 703 3058 ;
747 2992 793 3048 si
821 2993 1040 3066 quidem
1073 2994 1262 3067 longas
1307 3006 1365 3050 et
1410 2996 1678 3054 involutas
1703 3008 1758 3054 et
1802 2997 1990 3054 Gallici
2019 2998 2166 3054 Rho-

572 3082 729 3147 dani,
766 3095 825 3140 ut
850 3085 1069 3142 violenti
1097 3101 1161 3142 ac
1192 3088 1501 3160 pratrapidi,
1532 3091 1611 3146 sic
1647 3092 1810 3146 etiam
1837 3092 2167 3161 aliquantum

576 3175 690 3230 limi
718 3191 904 3233 secum
957 3179 1246 3245 trahentis,
1293 3197 1400 3250 qtto
1429 3182 1746 3238 charactere
1772 3183 1921 3237 naris
1944 3199 2170 3239 emunc-

577 3270 798 3324 tissitna:
821 3272 1059 3339 scriptor
1086 3272 1202 3340 ipse
1232 3270 1596 3343 Hieronymus
1615 3273 1819 3343 scripta
1848 3275 2035 3331 llilarii
2062 3276 2161 3344 sig-

574 3361 743 3424 navit,
772 3362 1182 3434 deprehendere
1206 3364 1329 3419 iiret
1356 3364 1579 3433 (Hieron
1608 3368 1814 3436 purior.
1841 3370 1897 3421 in
1920 3369 2070 3437 epist.
2100 3368 2171 3421 ad

576 3452 696 3507 (iul.
730 3451 785 3509 9.
819 3458 969 3525 epist.
1008 3456 1076 3511 15
1104 3457 1172 3509 ad
1207 3454 1472 3527 Palmm).
1504 3458 1611 3513 Sed
1638 3458 1768 3527 quid
1796 3460 1978 3514 verbis
2009 3460 2061 3514 in
2111 3475 2172 3515 re

575 3555 763 3614 aperta
793 3560 931 3615 opus
959 3544 1084 3602 est?
1110 3546 1167 3601 Si
1198 3551 1282 3602 cui
1323 3562 1387 3604 ea
1418 3550 1471 3603 in
1498 3565 1557 3603 re
1601 3562 1737 3619 aqua
1772 3550 1993 3615 luerent,
2029 3552 2171 3606 hunc

578 3636 777 3693 librum
805 3653 930 3693 cum
964 3640 1031 3693 iis
1058 3656 1178 3710 qua-
1218 3641 1461 3697 omnium
1487 3643 1702 3699 calculo
1732 3658 1831 3714 pro
1883 3644 2172 3699 Hiiarianis

576 3740 790 3802 recepta
817 3740 943 3787 sunt
969 3733 1292 3797 contendat;
1342 3749 1439 3789 nec
1481 3751 1676 3805 aquam
1723 3751 1879 3803 aqua:
1903 3778 1919 3800 ,
1950 3751 2050 3793 nec
2078 3737 2169 3793 lac

576 3822 699 3876 lacti
748 3824 981 3879 sintilius
1016 3824 1271 3879 inveniet.
1318 3825 1428 3881 Nec
1472 3842 1605 3884 sane
1658 3827 1974 3884 historicum
2026 3829 2169 3885 istud

574 3914 721 3985 Opus
763 3916 997 3987 antiquis
1023 3916 1265 3987 ignotum
1303 3916 1441 3973 fuit:
1472 3918 1517 3973 si
1561 3922 1782 3991 quidem
1831 3922 1962 3977 illud
1993 3924 2168 3992 ipsum

575 4022 718 4074 esse,
747 4007 889 4079 quod
933 4008 1075 4065 idem
1116 4010 1230 4079 ipsc
1258 4009 1617 4083 Hieronymus
1666 4024 1855 4069 contra
1883 4014 2167 4071 Ursacium

574 4111 629 4156 et
672 4099 989 4168 Valentem,
1037 4113 1325 4158 continens
1390 4108 1756 4162 narrationem
1810 4098 2169 4164 Ariminensis

573 4189 821 4258 Coucilii,
844 4192 1106 4249 Hilarium
1132 4195 1417 4266 scripsisse
1444 4195 1681 4265 tradidit,
1708 4196 1836 4255 huic
1864 4198 2004 4256 libro
2032 4216 2170 4271 pric-

576 4283 679 4342 liaa
702 4286 986 4359 inscriptio
1017 4286 1179 4345 (idem
1202 4288 1350 4345 facit.

644 4424 699 4479 3.
744 4421 995 4479 Ursocias
1019 4434 1069 4480 et
1098 4423 1306 4491 Valens,
1332 4426 1438 4496 qui.
1479 4456 1550 4470 --
1578 4404 1682 4498 Ipsi
1719 4430 1864 4486 enim
1913 4429 2169 4488 Ursacius

578 4526 635 4571 et
665 4516 885 4583 Valens,
939 4518 1077 4589 alter
1101 4517 1383 4589 Siugidnni
1431 4520 1728 4588 superioris
1774 4520 1958 4593 Mysiae
1986 4566 2000 4590 ,
2028 4523 2169 4581 alter

2268 1912 2441 1970 fwdas
2466 1914 2587 1970 illas
2624 1924 2681 1971 et
2711 1914 3004 1971 Ecclesiam
3037 1915 3161 1983 Dei,
3188 1931 3309 1986 qua:
3337 1915 3531 1972 domus
3559 1916 3707 1988 pacis
3745 1924 3858 1982 est,

2268 2023 2455 2080 parum
2484 2007 2744 2064 decentes
2762 2006 3085 2073 discordias.
3109 2009 3483 2080 episcoporum
3510 2008 3861 2063 discursatio-

2271 2113 2366 2155 nes
2390 2099 2769 2168 Mediolanum,
2800 2101 3079 2169 Sirmium,
3109 2101 3413 2158 Seleuciam
3435 2117 3718 2172 asperam,
3744 2102 3861 2157 Ari-

2270 2195 2496 2258 minum,
2521 2193 3073 2267 Constantiimpolim,
3091 2193 3327 2250 Nic-team
3349 2194 3617 2260 Thracire,
3647 2194 3729 2263 (et
3756 2208 3864 2263 quo

2272 2306 2377 2346 non
2406 2300 2672 2345 terrarum
2688 2289 2735 2359 2)
2757 2298 3019 2360 ρηιετω
3044 2286 3486 2359 proscriptiones,
3512 2288 3673 2342 exilia
3694 2293 3869 2340 etcas-

2268 2384 2367 2439 des
2393 2383 2697 2438 excitarunt
2721 2425 2735 2449 ,
2770 2396 2890 2453 quae
2928 2380 3182 2451 quamdiu
3213 2382 3265 2435 in
3294 2380 3435 2435 vivis
3461 2378 3672 2434 exstitit
3718 2377 3856 2432 Con-

2270 2476 2523 2544 stantius,
2546 2475 2845 2533 catholicos
2875 2475 3161 2544 epiSCOpOS
3186 2479 3572 2531 exercuerunt.
3595 2470 3868 2527 Tandem-

2269 2585 2375 2644 qnc
2398 2572 2637 2627 detracta
2671 2584 2903 2641 persona
2949 2567 3219 2624 Nicmnam
3264 2567 3503 2638 regulam
3550 2580 3867 2638 Oppugnan-

2271 2675 2374 2729 tes.
2403 2666 2786 2736 Imperatorem
2814 2665 3011 2735 ipsum,
3038 2662 3195 2732 cujus
3225 2667 3493 2733 potestate
3522 2660 3857 2722 nitebantur,

2270 2759 2600 2830 impulerunt
2624 2765 2682 2813 ut
2706 2757 2993 2828 episcopos
3018 2754 3247 2811 Arimini
3274 2763 3629 2825 congregatos
3651 2752 3718 2808 ad
3740 2749 3870 2807 sub-

2272 2854 2620 2924 scriptionem
2650 2866 2802 2906 novae
2832 2848 3079 2905 formula:
3110 2847 3232 2903 lidci
3255 2847 3497 2903 subdolis
3522 2845 3704 2902 verbis
3732 2860 3865 2900 con-

2271 2954 2444 3017 cepta-
2470 2945 2733 3017 adigeret,
2757 2960 2877 3014 qua:
2914 2954 3103 2997 contra
3155 2950 3517 2996 trecentorum
3550 2947 3606 2993 et
3650 2938 3869 2994 octode-r

2272 3042 2377 3098 cim
2405 3049 2619 3113 patrum
2642 3038 2944 3105 decretum,
2974 3039 3151 3098 οὐσίας
3179 3040 3264 3090 καὶ
3287 3034 3563 3108 ὁμοουσίου
3594 3032 3872 3087 vocabulis

2278 3135 2484 3190 indicto
2528 3131 2781 3198 silentio,
2836 3130 3033 3186 Filium
3088 3128 3234 3183 Patri
3283 3128 3515 3182 similem
3573 3123 3870 3182 secundum

2197 3216 2244 3281 C
2272 3227 2588 3298 Scripturas
2612 3223 2993 3295 proﬁtebatur,
3033 3222 3445 3287 dicentibusque
3477 3218 3630 3274 illum
3657 3227 3871 3275 creatu-

2273 3336 2389 3377 ram
2419 3320 2561 3375 sicut
2598 3319 2717 3372 alia:
2752 3323 2879 3372 sunt
2915 3325 3179 3372 creatura:
3232 3314 3517 3369 anathema
3564 3313 3862 3384 iunigebat.

2273 3414 2386 3471 Nec
2412 3424 2591 3469 tamen
2621 3413 2695 3468 ibi
2747 3410 3155 3467 consistendum
3210 3424 3335 3464 esse
3392 3410 3683 3473 duxerunt,
3715 3406 3870 3476 (Nam

2271 3507 2399 3579 quis
2431 3504 2687 3575 peccandi
2720 3504 2884 3559 linem
2926 3511 3108 3575 postut
3144 3502 3329 3574 sibi?)
3371 3516 3559 3555 verum
3615 3499 3873 3554 felicitate

2273 3612 2557 3654 successus
2610 3595 2934 3650 audaciores
2955 3581 3108 3649 ’πεπειί
3139 3635 3155 3658 ,
3214 3608 3323 3648 non
3375 3594 3486 3662 jam
3533 3593 3601 3646 de
3652 3592 3873 3647 vocibus

2272 3694 2453 3752 οὐσίας
2477 3695 2561 3745 καὶ
2586 3691 2867 3762 ὁμοουσίου
2897 3698 3169 3757 tamquam
3197 3686 3487 3741 discordia-
3510 3701 3671 3754 pouio
3697 3700 3872 3753 quas-

2274 3787 2475 3839 tionem
2507 3782 2696 3838 haberi
2724 3780 3121 3852 sigiiilicarunt,
3152 3777 3247 3834 sed
3294 3780 3545 3848 iuopcrto
3571 3778 3749 3846 capite
3771 3792 3867 3847 pu~

2274 3894 2394 3935 rum
2422 3885 2717 3948 potumque
2745 3889 2843 3929 seu
2874 3874 3052 3940 potius
3078 3872 3347 3943 impurum
3381 3870 3732 3941 putiduinquc
3758 3872 3871 3925 Arii

2273 3972 2468 4043 dogma
2510 3968 2758 4025 (hacine
2812 3968 3117 4024 Antiochia:
3166 3966 3427 4037 professi,
3479 3962 3674 4020 Filium
3725 3964 3870 4020 Patri

2272 4063 2589 4121 dissimilem
2634 4062 2848 4131 penitus
2885 4068 2973 4115 καί
3012 4062 3065 4125 ἐξ
3108 4081 3199 4115 ουκ
3237 4056 3389 4113 ὄντων
3434 4065 3739 4113 creaturam
3790 4056 3872 4126 (ο)

2273 4162 2597 4214 statuerunt.
2623 4153 2788 4223 Cujus
2822 4153 3308 4222 iuipietatisipsum
3327 4149 3714 4219 Imperatorem
3746 4164 3870 4206 auc-

2273 4258 2446 4305 torem
2475 4263 2541 4304 ac
2570 4245 2837 4301 vindicem
2866 4245 3163 4307 exstitisse,
3201 4244 3523 4299 Athanasius
3551 4245 3766 4300 asserit.

2341 4342 2397 4396 4.
2424 4338 2591 4410 Igitur
2618 4337 2870 4395 Ursacius
2889 4345 2947 4392 et
2968 4335 3163 4391 Valens
3194 4337 3265 4390 illi
3290 4335 3391 4404 ipsi
3418 4346 3541 4390 sunt
3566 4353 3579 4389 :
3616 4353 3635 4387 ι
3673 4336 3868 4407 quibus

2273 4434 2597 4491 instantibus
2645 4432 2744 4487 sub
2796 4434 3123 4501 imperatore
3178 4428 3498 4485 Consmntio
3542 4429 3741 4485 factum
3786 4438 3870 4485 est

2274 4526 2615 4583 Ariminense
2642 4524 2933 4581 concilium
2964 4532 3152 4578 contra
3184 4522 3483 4577 {capellam
3522 4520 3724 4577 Νῆα.τηὶ
3753 4531 3865 4576 tra-

578 4610 775 4668 Marsa:
822 4610 1116 4668 Pannoniae
1163 4610 1433 4683 (quamvis
1480 4627 1586 4669 nou
1616 4628 1725 4667 uno
1768 4612 1887 4671 loco
1928 4616 2167 4672 Athana-
2191 4604 2248 4667 Ι)
2270 4628 2467 4683 ctatus,
2498 4633 2601 4689 qua
2630 4616 2900 4673 universae
2925 4615 3159 4670 haereses
3194 4614 3603 4682 comprehensa:
3628 4621 3818 4668 erant:
3843 4632 3862 4664 ι

576 4709 689 4765 sius
724 4710 1066 4766 Alexandriae
1096 4712 1385 4781 episcopus
1413 4720 1705 4779 utrumque
1732 4712 2045 4772 Patinoiicm
2073 4732 2165 4771 vo-

571 4805 680 4873 cet)
707 4804 943 4876 episcopi
972 4820 1096 4861 cum
1122 4802 1255 4862 Caio
1281 4820 1433 4876 :eque
1473 4804 1730 4863 Pannoue
1752 4849 1767 4873 .
1799 4816 1857 4864 et
1883 4806 2165 4866 Germinio

573 4894 754 4971 Cyzici
782 4897 1012 4967 primum
1040 4896 1236 4953 deinde
1258 4896 1438 4954 Sirmii
1466 4900 1762 4971 episeopo,
1810 4903 1977 4958 totius
2008 4906 2167 4959 Ario-

575 5002 858 5046 manorum
880 4987 1185 5060 Tragmdiae
1203 4987 1454 5061 cboragi,
1489 5000 1650 5063 atque
1701 4993 1840 5049 adeo
1869 4992 2168 5067 hypocrita:

574 5081 870 5138 extiterunt
931 5080 997 5138 ad
1048 5096 1186 5154 quos
1234 5097 1394 5149 curn,
1473 5092 1535 5139 ut
1576 5086 1651 5140 ait
1699 5096 1886 5143 noster
1935 5088 2169 5147 Hilarius

578 5172 751 5248 (Cant.
775 5175 1041 5242 Arrunti,
1078 5192 1133 5230 οι.
1186 5176 1265 5247 4.),
1305 5176 1493 5231 Ariani
1522 5178 1755 5234 nominis
1802 5180 2089 5239 hzcreditas
2114 5194 2166 5239 ct

576 5270 849 5326 successio
876 5266 1228 5333 dellusisset,
1273 5285 1380 5325 non
1430 5271 1544 5327 ausi
1591 5282 1783 5342 aperto
1818 5272 1987 5331 Marte
2043 5277 2169 5334 fidei

573 5358 805 5417 Nictenie
834 5359 1034 5417 bellum
1060 5360 1300 5417 indicere
1323 5370 1500 5417 stante
1525 5364 1643 5433 ipso
1663 5363 1979 5432 Athanasio,
2010 5384 2167 5439 quem

574 5463 854 5511 strenuum
878 5453 1271 5526 robustumque
1306 5454 1427 5525 ejus
1458 5467 1933 5529 propugnatorem,
1964 5476 2026 5520 ac
2056 5466 2170 5536 pla-

647 5616 728 5689 (rt)
753 5618 881 5743 gum.
902 5616 989 5685 hic
1011 5617 1239 5676 confuse
1262 5627 1568 5682 narrantur.
1592 5623 1807 5679 errandi
1828 5624 2003 5682 locitas
2034 5645 2163 5698 prm-

647 5694 721 5742 ut.
798 5692 965 5743 uinosi
997 5702 1119 5743 sunt
1152 5687 1358 5743 Ursaeii
1417 5700 1471 5743 es
1519 5690 1760 5743 Valentis
1793 5695 1957 5743 lilmili
1994 5741 2001 5743 μ
2030 5717 2163 5743 nunc;

573 5687 727 5773 tiens.
755 5687 965 5773 Parnasi
997 5702 1119 5773 sunt
1152 5687 1391 5773 Ursaeii_
1416 5700 1487 5773 et.
1519 5690 1760 5749 Valentis
1793 5695 1958 5752 libelli
1992 5687 2163 5773 ,quns

575 5757 1136 5839 Saniiccusi-synudo
1179 5775 1287 5839 non
1340 5762 1701 5839 obtulerunta
1741 5780 1845 5839 qua
1891 5757 2012 5826 cum
2043 5757 2165 5830 aliis

578 5832 875 5897 przefraclis
898 5834 1167 5889 lucreticis
1191 5832 1427 5889 damnati
1458 5843 1601 5891 sunt.

2269 4715 2322 4771 in
2345 4727 2480 4785 quos
2502 4712 2606 4767 hoc
2629 4726 2766 4782 opus
2795 4710 3054 4779 scriptum
3081 4717 3179 4762 est.
3236 4708 3570 4775 Quamquam
3597 4749 3613 4771 ,
3643 4717 3700 4761 ut
3723 4708 3865 4777 quod

2269 4808 2449 4865 sentio
2475 4807 2671 4867 dicam.
2693 4803 2809 4859 [nec
2830 4802 2950 4857 libri
2976 4801 3254 4870 inscriptio
3281 4802 3450 4855 multo
3477 4800 3596 4871 plus
3618 4803 3669 4854 itt
3690 4798 3870 4857 franle

2270 4901 2558 4974 spondeat,
2572 4914 2733 4970 quam
2750 4906 2964 4967 prestat
2979 4896 3029 4951 in
3045 4910 3263 4951 recessu
3285 4894 3383 4965 (c);
3407 4895 3507 4950 nisi
3529 4895 3671 4965 quod
3686 4896 3868 4965 operis

2271 4996 2530 5068 longioris
2585 4992 2831 5064 pluribus
2882 4994 3111 5047 fortasse
3158 4994 3537 5058 comprehensi
3588 4990 3761 5055 libris,
3813 5001 3868 5045 et

2272 5088 2594 5147 narrationis
2625 5096 2831 5142 exactae
2875 5099 3065 5142 eorum
3104 5097 3226 5155 qua:
3272 5080 3598 5139 Ariminensi
3638 5084 3869 5139 concilio

2271 5196 2420 5261 gesta
2451 5196 2597 5251 sunt,
2630 5183 2719 5241 vel
2743 5199 2865 5255 qua:
2895 5181 3073 5253 ipsum
3105 5189 3494 5251 praecesserunt
3520 5223 3534 5241 .
3566 5190 3657 5236 aut
3686 5192 3866 5252 postea

2273 5293 2456 5339 secuta
2505 5288 2631 5337 sunt
2660 5320 2675 5345 ,
2730 5277 2942 5331 initium
2992 5282 3196 5329 tantum
3249 5288 3312 5328 ac
3360 5274 3567 5329 divulsa
3622 5274 3869 5344 quaedam

2272 5375 2593 5446 fragmenta,
2626 5386 2732 5425 non
2758 5381 2938 5424 autem
2970 5367 3235 5437 integrum
3265 5380 3401 5437 opus
3424 5369 3505 5421 vel
3539 5368 3733 5421 librum
3782 5366 3869 5422 hic

2272 5466 2515 5523 erhiberi
2541 5478 2759 5522 censeo.
2790 5461 2857 5518 Et
2876 5475 3009 5516 sane
3038 5468 3223 5515 auctor
3265 5458 3425 5531 hujus
3455 5459 3575 5515 libri
3604 5460 3786 5516 statim
3817 5462 3870 5516 in

2343 5631 2419 5703 (ὁ)
2460 5632 2559 5687 Aul
2604 5630 2782 5703 potius
2824 5635 3065 5703 statuere
3100 5632 3373 5703 tentarunt
3407 5640 3418 5675 :
3449 5631 3519 5703 at.
3549 5622 3868 5703 objecta

2273 5694 2424 5759 luere
2446 5719 2549 5758 non
2579 5694 2835 5764 valentes,
2867 5697 3091 5751 formula
3112 5694 3710 5764 quiacflonstantiuopoii
3728 5694 3869 5748 edita

2271 5785 2408 5835 erat.
2440 5776 2681 5833 rccitali,
2709 5774 2977 5839 abierunt.
3019 5763 3195 5839 (Soet.
3229 5766 3267 5819 ι.
3306 5781 3363 5839 II,
3411 5782 3458 5816 ι’.

2338 5845 2411 5906 (τὶ
2436 5842 2641 5903 Titulus
2672 5839 2826 5911 hujus
2848 5836 2970 5898 libri
3000 5836 3159 5911 plura
3189 5836 3420 5903 spondet
3442 5848 3603 5903 quam
3624 5847 3859 5905 prastat.
