4464 6468
468 326 567 382 891

1352 313 1415 367 εκ
1458 306 1876 365 [νἰιιιωιιΜῖι
1919 301 2163 361 ΞΛΧΕΤΙ
2198 302 2449 360 ιιιιΑιιιι
2494 302 2795 362 Ειοιδιῖυιις

3654 301 3768 357 89"}.

462 443 632 515 ipsius
683 439 833 495 initio
887 435 1092 503 scribit,
1139 429 1497 489 narrationem
1535 428 1818 483 ducturum
1874 436 1933 479 se
1977 420 2047 477 ab
2073 422 2127 486 Α
2151 418 2479 477 snhdititiam
2501 436 2622 477 esse
2650 423 2821 493 stylus
2848 429 3025 493 negat,
3056 432 3109 477 et
3147 430 3410 494 pra-terea
3451 422 3539 478 cui
3574 420 3770 477 bono?

461 512 765 591 Arelatensi
800 526 1056 592 concilio,
1104 537 1211 598 quo
1235 521 1488 579 Paulinus
1541 516 1889 575 Trevirorum
1928 512 2045 585 rpi-

460 639 658 697 scopus
670 620 1091 693 Galliarumque,
1120 625 1176 673 ut
1202 631 1322 672 cum
1344 613 1518 671 Grieci
1546 619 1762 676 tocant,
1777 608 2048 678 Metropo-

462 720 659 775 litanus
703 730 845 770 anno
891 712 1091 768 Christi
1136 710 1263 777 3.33,
1312 706 1579 765 Saturnini
1621 712 2048 772 ceterorumque

461 812 780 868 Arianorum
808 808 1039 865 factione
1084 805 1383 879 depositus,
1418 810 1474 860 et
1530 802 1582 857 in
1629 798 1850 856 exilium
1895 805 2047 855 actus

462 914 544 961 est
572 923 586 960 :
619 904 688 961 de
731 914 840 975 quo
888 908 1063 956 tamen
1108 898 1365 967 deinceps
1414 895 1581 951 altum
1627 901 1710 949 est
1752 885 2043 947 silentium.

458 996 792 1081 Quicumque
808 997 951 1053 enim
971 994 1085 1050 hzec
1096 991 1384 1064 excerpsit,
1402 990 1628 1070 κορυφὰς
1648 988 1827 1081 ἑτέρας
1847 986 2047 1065 ἑτέραις

458 1078 774 1172 aptissimus
807 1092 994 1165 μύθων,
1031 1087 1154 1143 huic
1185 1082 1536 1157 propositioni
1580 1078 1837 1136 continuo
1877 1090 2046 1172 syno-

459 1171 608 1242 dales
637 1184 893 1256 epistolas
940 1181 1282 1239 Sardicensis
1322 1176 1537 1235 concilii
1582 1190 1677 1232 sex
1722 1182 1849 1230 ante
1893 1171 2049 1228 annis

462 1282 648 1348 habiti,
680 1282 904 1336 alteram
932 1276 1000 1334 ad
1038 1290 1227 1333 omnes
1266 1272 1557 1339 Ecclesias,
1599 1269 1827 1327 alteram
1852 1265 1919 1323 ad
1948 1265 2044 1323 ιιι.

461 1376 590 1430 lium
644 1373 701 1430 P.
754 1372 821 1430 Β.
871 1371 1231 1429 innocentiam
1282 1365 1561 1425 Athanasii
1609 1371 1938 1435 compertam
1983 1373 2049 1417 ac

458 1473 815 1524 contestatam
839 1464 1140 1521 indicantes
1166 1461 1397 1532 subjecit
1428 1478 1442 1516 :
1468 1458 1538 1517 de
1566 1457 1759 1531 quibus
1788 1455 1939 1530 plura
1967 1451 2044 1511 di-

458 1574 603 1625 cere,
634 1557 1091 1632 (quandoquidem
1144 1554 1283 1611 hanc
1308 1553 1503 1622 doctis,
1533 1551 1759 1624 Jupiter,
1804 1558 1858 1607 et
1901 1547 2049 1604 labo-

458 1654 619 1710 riosis
657 1653 769 1711 suis
803 1652 1083 1710 annalibus
1124 1650 1207 1707 vir
1249 1647 1593 1707 illustrissimi
1621 1644 1855 1701 nominis
1878 1658 1940 1697 ac
1968 1640 2050 1698 tli-

455 1746 675 1819 gnitatis
718 1746 1018 1806 Cardinalis
1062 1744 1327 1803 Baronius
1370 1742 1617 1810 inseruit,
1666 1730 1886 1797 omissis
1922 1737 2049 1794 sub-

2150 512 2300 573 Adeo
2325 530 2511 571 verum
2540 526 2625 572 est
2651 515 2779 571 illud
2810 515 3043 589 Tragici,

2398 610 2534 660 ἕπεσθ’
2553 621 2574 660 6
2592 626 2727 671 pupa;
2753 622 2816 660 uti
2836 621 3077 671 ἆ-ιιξοομιπς
3105 620 3233 673 "aug

2393 688 2480 724 Wst
2502 687 2537 723 τ’
2559 679 2701 733 ἄδηλα,
2720 700 2782 723 ιιι
2806 687 2961 735 cci-sm
2984 690 3177 731 “enim

2797 734 3027 799 (ευριπ.
3051 735 3102 785 tu
3125 735 3299 801 Aiace,
3328 736 3495 800 μεθ.)

2219 827 2272 885 6.
2314 827 2543 900 Sequens
2571 828 2791 900 epistola
2840 846 2976 884 nunc
3025 826 3189 901 Frag.
3220 844 3293 885 ιιι
3334 846 3427 885 an.
3475 828 3587 886 365
3612 829 3761 885 scri-

2150 931 2259 991 ptu.
2282 951 2356 964 —
2377 922 2663 994 Sequentis
2682 921 2927 993 ejusdem
2955 921 3231 978 Pontiﬁcis
3259 921 3523 993 epistola',
3554 937 3763 992 quam-

2149 1016 2231 1071 vis
2266 1015 2378 1088 ipsa
2406 1015 2796 1073 connexionem
2824 1030 2947 1071 cum
2995 1013 3424 1086 prmcedentibus
3475 1014 3760 1086 aptiorem

2148 1125 2255 1166 non
2304 1109 2515 1177 habeat,
2559 1110 2762 1166 certior
2809 1119 2989 1165 tamen
3036 1119 3121 1165 est
3172 1107 3418 1164 historia.
3472 1106 3759 1175 Quantum

2146 1204 2293 1259 enim
2314 1217 2379 1259 ex
2410 1202 2528 1275 ejus
2558 1202 2752 1274 ubique
2780 1200 3203 1272 corruptissima:
3225 1198 3458 1256 lectione
3478 1198 3643 1254 datur
3665 1213 3762 1255 as-

2147 1296 2331 1368 sequi,
2378 1309 2499 1368 post
2541 1296 2881 1366 imperatoris
2929 1294 3227 1351 Constantii
3280 1293 3507 1362 obitum,
3562 1309 3764 1350 rever-

2148 1405 2376 1462 sumque
2395 1389 2466 1445 ab
2490 1388 2682 1445 exsilio
2703 1386 2995 1445 Eusebium
3016 1385 3385 1443 Vercellarnm
3400 1386 3758 1459 epiSCOptIm,

2148 1497 2274 1539 cum
2301 1488 2487 1539 nostro
2516 1479 2721 1538 Hilario
2758 1488 2816 1537 et
2853 1478 3150 1536 Athanasio
3177 1478 3357 1535 divina
3381 1479 3757 1551 providentia,

2148 1590 2271 1648 qua
2316 1576 2428 1633 suis
2469 1574 2700 1648 tempori
2740 1589 3029 1646 numquam
3058 1590 3166 1631 non
3195 1572 3373 1641 adest,
3407 1571 3561 1645 Reip.
3590 1570 3761 1629 Chil-

2148 1673 2340 1726 stianze
2352 1668 2742 1726 constituenda:
2755 1665 3593 1739 restaurandcque'l‘riumvirum
3610 1681 3763 1737 pra:-

2151 1764 2423 1827 stitutnm,
2454 1771 2834 1818 conservatum
2862 1766 3025 1831 atque
3053 1758 3263 1827 alitum,
3306 1759 3411 1815 hoc
3455 1767 3562 1825 est,
3603 1759 3759 1815 circa

457 1841 807 1899 scribentium
853 1841 1228 1913 episcoporum
1273 1835 1601 1904 nominibus,
1645 1849 1767 1907 qua:
1818 1833 1887 1891 ab
1932 1831 2048 1904 ejus
2078 1832 2218 1910 Βεη

1999 1847 2048 1889 νις
2078 1832 2127 1896 Β
2151 1869 2350 1911 annum
2379 1852 2577 1911 Christi
2607 1852 2715 1910 563
2738 1852 2940 1925 scripta
2963 1860 3047 1909 est
3073 1870 3086 1906 :
3119 1866 3314 1923 nempe
3350 1865 3459 1923 quo
3502 1860 3762 1921 tempore

456 1936 643 1993 codice
670 1936 931 2003 aberant;
980 1936 1074 1991 illa
1122 1948 1251 1990 vero
1290 1948 1400 1989 non
1442 1946 1550 1988 uno
1585 1927 1706 1986 loco
1740 1926 1881 1999 apud
1909 1926 2048 1982 anti-

456 2047 591 2102 quos
618 2030 837 2104 exstat,)
869 2028 1202 2103 superﬂuum
1233 2025 1504 2084 existimo.
1554 2022 1700 2081 Idem
1730 2022 1891 2080 etiam
1925 2036 2047 2093 pcr-

455 2124 663 2193 spicere
711 2132 797 2181 est
850 2122 916 2180 ad
967 2122 1170 2178 calcem
1215 2118 1500 2191 fragment:
1543 2132 1606 2184 ιι.
1652 2116 1741 2174 ubi
1799 2130 1921 2170 cum
1981 2113 2041 2169 Β.

457 2216 687 2273 llilarius
718 2218 890 2273 lucem
922 2213 1215 2272 narrationi
1244 2228 1356 2269 sua:
1395 2211 1673 2269 allaturam
1718 2208 1943 2267 dixisset
1982 2207 2047 2264 il-

456 2312 560 2365 lam
605 2313 927 2378 orationem,
960 2324 1140 2381 quam
1187 2307 1376 2365 eadem
1429 2304 1764 2362 Sardicensis
1806 2302 2046 2375 synodus

455 2417 550 2473 per
572 2402 908 2460 Vincentium
958 2403 1154 2475 Capua:
1206 2410 1261 2457 et
1312 2400 1392 2474 (ο)
1447 2397 1743 2471 Euphatem
1806 2395 2077 2453 Colonize

453 2495 763 2568 Agrippina}
787 2496 1071 2568 episcOpos
1098 2493 1442 2552 Antiochiam
1474 2506 1642 2563 usque
1675 2488 1742 2546 ad
1772 2488 2041 2545 Constan-

454 2588 583 2644 tium
634 2588 828 2645 missOs
874 2586 1093 2655 habuit;
1126 2602 1321 2660 magno
1371 2596 1547 2642 tamen
1594 2582 1834 2639 historia:
1874 2578 2041 2638 detri-

455 2694 638 2741 mento
659 2683 805 2739 nulla
834 2682 920 2739 hic
952 2692 1151 2750 exstat,
1179 2680 1274 2738 sed
1302 2681 1417 2753 ejus
1447 2680 1567 2736 loco
1590 2677 1834 2751 quaedam
1880 2675 2040 2733 Libe-

454 2779 518 2833 rii
548 2779 608 2836 P.
634 2780 701 2835 it.
726 2778 807 2852 (ὁ)
849 2788 906 2834 et
929 2778 1156 2835 aliorum
1184 2776 1425 2849 epistola
1453 2775 1599 2831 nullo
1626 2773 1882 2846 temporis
1904 2816 1920 2841 ,
1953 2771 2037 2830 vel

455 2889 638 2930 rerum
683 2872 875 2931 ordine
903 2882 1119 2932 servato
1150 2871 1293 2929 velut
1321 2871 1375 2928 in
1418 2869 1729 2929 fasciculum
1773 2876 2041 2939 congestae

454 2968 727 3039 leguntur.

522 3061 571 3117 5.
618 3061 751 3119 Nam
781 3075 901 3132 qua:
936 3061 1109 3132 prima
1154 3058 1420 3125 occurrit,
1463 3073 1494 3115 a
1532 3056 1748 3115 Liberio
1775 3054 1917 3112 circa
1955 3052 2039 3109 sui

454 3155 794 3225 pontificatus
820 3155 1031 3211 initium
1058 3196 1074 3221 ,
1098 3150 1239 3225 quod
1266 3155 1320 3210 in
1349 3167 1548 3209 annum
1578 3150 1769 3208 salutis
1798 3145 1907 3207 353
1952 3150 2035 3204 in-

2147 1946 2200 2002 in
2228 1946 2520 2003 Occidente
2551 1948 2768 2017 pariter,
2793 1960 2856 2001 ac
2883 1953 3008 2001 ante
3035 1944 3243 2017 synodo
3271 1943 3641 2001 Alexandrina
3696 1947 3758 2001 in

2146 2042 2367 2098 Oriente
2397 2039 2416 2114 (
2443 2037 2769 2112 anni362).
2798 2038 3103 2095 concordia:
3150 2037 3405 2111 pacisque
3453 2037 3636 2094 studio
3683 2053 3758 2095 ac

2146 2134 2290 2191 bono
2318 2152 2346 2186 al
2379 2132 2552 2191 tribus
2579 2133 2705 2197 illis,
2756 2137 2826 2195 ὡς
3074 2132 3361 2211 ἀνθρώποις
3386 2137 3478 2187 τοῦ
3502 2139 3634 2190 Θεοῦ
3662 2137 3756 2188 καὶ

2145 2233 2408 2304 μιγίστοις
2434 2234 2536 2285 τῶν
2555 2225 2747 2301 ψυχῶν
2773 2226 3073 2301 οἰκονόμοις,
3113 2242 3180 2281 ex
3228 2240 3306 2280 xu
3368 2222 3649 2281 Settutibus
3686 2240 3759 2280 ac

2146 2322 2363 2391 {ortibus
2406 2321 2627 2393 siremps
2674 2319 2759 2377 te:
2803 2319 2945 2377 dicta
2976 2329 3082 2390 est,
3133 2319 3564 2391 Arianorumque
3595 2335 3760 2376 com-

2145 2414 2402 2471 munione
2456 2411 2722 2479 ftedatos,
2767 2411 3010 2483 exceptis
3063 2410 3337 2467 haereseos
3388 2411 3711 2467 auctoribus
3737 2455 3755 2479 ,

2146 2506 2386 2579 perﬁdia:
2429 2506 2846 2563 renuntiantes:
2878 2522 2898 2558 ι
2938 2503 3181 2561 Ecclesia
3206 2503 3467 2562 catholica
3507 2523 3527 2557 s
3570 2504 3758 2576 inquit

2145 2601 2500 2673 Augustinus,
2538 2617 2557 2652 ι
2593 2609 2841 2656 materno
2888 2597 3099 2669 recepit
3147 2600 3290 2666 sinu,
3340 2607 3613 2668 tamquam
3647 2597 3725 2655 Pe

2144 2704 2284 2750 trum
2316 2703 2438 2766 post
2466 2692 2651 2750 fletum
2680 2691 2982 2763 negationis
3008 2706 3106 2761 per
3142 2690 3273 2762 galli
3299 2702 3520 2747 cantum
3548 2689 3752 2747 admo-

2142 2790 2336 2855 nitum,
2359 2796 2452 2844 aut
2473 2794 2743 2857 tamquam
2768 2784 3019 2841 eumdem
3041 2793 3165 2856 post
3187 2798 3405 2855 pravam
3432 2782 3752 2840 simulatio—

2141 2896 2265 2937 nem
2306 2879 2457 2937 l'anli
2508 2894 2638 2934 voce
2661 2884 2966 2935 correctum
2997 2895 3018 2931 s
3063 2876 3429 2950 (Augustinus
3461 2874 3528 2931 de
3561 2878 3756 2949 Agaue

2141 2969 2337 3027 Christ.
2394 2988 2441 3024 c.
2502 2970 2616 3042 30).
2673 2967 2892 3026 Lucifer
2930 2968 3079 3024 solus
3114 2967 3432 3023 Calararum
3476 2968 3752 3025 Sardinia:

2142 3066 2446 3136 cpiscopus,
2477 3062 2781 3119 conSIantia
2823 3061 2969 3128 ﬁdei,
3002 3060 3437 3133 scriptorumque
3466 3060 3751 3128 libertate,

2142 3160 2187 3211 si
2216 3157 2389 3212 labent
2425 3158 2579 3211 istam
2616 3156 2875 3226 excipias,
2924 3156 3063 3211 inter
3102 3153 3363 3210 Ecclesia
3406 3154 3608 3209 lumina
3658 3170 3753 3211 re-

450 3248 601 3315 cidit,
631 3250 829 3322 scripta
880 3248 1112 3305 videtur.
1145 3248 1250 3304 Par
1286 3259 1372 3306 est
1415 3251 1558 3303 enim
1598 3247 1773 3317 ipsum
1816 3260 2038 3301 accusa-
2069 3230 2116 3293 (ἶ
2147 3249 2473 3317 censendus,
2530 3248 2791 3320 paucique
2812 3247 2906 3302 alii
2928 3245 3092 3303 nimia
3120 3244 3406 3302 sanctitate
3430 3245 3639 3311 dicam,
3673 3262 3749 3304 an

453 3341 651 3397 tionem
678 3358 862 3399 coram
886 3341 1031 3399 Julio
1054 3357 1381 3413 precessore
1420 3356 1521 3398 suo
1571 3338 1878 3397 inchoatam
1930 3353 2038 3394 non

451 3435 543 3491 ditt
575 3437 936 3507 protrasisse,
974 3435 1074 3493 sed
1120 3434 1303 3493 statim
1334 3445 1393 3491 ut
1421 3433 1659 3508 pontifex
1700 3432 2039 3491 renuntiatus

451 3540 553 3594 est,
586 3531 790 3603 legatos
813 3532 937 3589 illos
961 3546 1087 3588 suos
1110 3531 1177 3587 ad
1206 3530 1554 3592 Athanasium
1581 3529 1792 3587 misisse
1815 3528 2040 3585 Alexan-

452 3625 646 3692 driam,
688 3625 1185 3697 detractantemque
1217 3624 1478 3696 judicium
1528 3620 1937 3680 condemnasse.
1981 3619 2038 3677 ln

450 3734 559 3789 quo
598 3726 775 3774 tamen
820 3718 991 3775 nodus
1033 3717 1147 3775 Deo
1173 3716 1400 3783 vindice.
1449 3716 1502 3774 id
1542 3725 1648 3784 est,
1697 3715 2041 3772 ornatissimo

452 3810 547 3865 illo
590 3809 1008 3882 doctissimoque
1055 3811 1343 3867 Annalium
1378 3807 1866 3868 ecclesiasticorum
1906 3808 2043 3864 scri-

453 3914 605 3971 ptore
628 3902 823 3974 dignus
864 3905 1064 3960 subest.
1109 3902 1245 3959 Cmn
1284 3902 1429 3960 enim
1468 3909 1749 3959 auctorum
1798 3900 2039 3957 omnium

450 3995 665 4067 scriptis
690 4005 924 4062 constet,
954 3996 1302 4052 Athanasium
1323 3996 1435 4067 jam
1467 3996 1595 4052 olim
1618 4006 1743 4052 ante
1767 3994 2039 4051 Liberium

450 4089 881 4148 adversariorum
926 4099 1075 4149 artes
1119 4093 1487 4163 versutiasque
1525 4090 1816 4157 detexisse,
1862 4091 2039 4148 mani-

453 4183 697 4253 festoque
744 4182 1027 4241 mendacio
1053 4184 1383 4251 traduxisse;
1424 4184 1546 4256 quis
1574 4185 1748 4257 potuit
1793 4199 1917 4241 esse
1960 4191 2040 4241 tot

451 4274 672 4347 synodis
712 4276 1047 4333 conflxorum
1092 4278 1443 4345 accusationi,
1485 4286 1578 4334 aut
1628 4286 1709 4334 tot
1756 4277 2040 4335 sententiis

450 4367 681 4425 absoluti
731 4370 1168 4428 cundamuationi
1212 4370 1402 4428 locus?
1445 4381 1538 4428 aut
1576 4372 1848 4443 quomodo
1890 4386 2040 4430 eom-

453 4462 705 4520 monione
733 4479 827 4519 sua
866 4466 1041 4536 potuit
1065 4465 1363 4524 Athanasio
1402 4465 1647 4525 Liberius
1691 4466 2035 4537 interdicere,

452 4555 609 4625 cujus
636 4558 1139 4616 condemnationem
1173 4561 1243 4617 ab
1292 4560 1653 4619 Orientalibus
1679 4560 1885 4635 aliquot
1921 4563 2037 4635 epi-

2145 3344 2445 3415 perticacia
2482 3361 2495 3396 :
2541 3361 2561 3396 s
2593 3340 2742 3397 lianc
2769 3340 2954 3396 matris
2994 3338 3313 3396 cbaritatem
3343 3340 3574 3411 superbe
3598 3340 3750 3395 acci-

2143 3438 2349 3509 pientes
2374 3448 2427 3491 et
2455 3434 2615 3506 impie
2641 3432 3130 3505 reprehendentes,
3161 3432 3285 3504 quia
3317 3442 3436 3504 post
3460 3432 3583 3504 galli
3607 3448 3749 3488 can-

2142 3539 2251 3585 tum
2283 3530 2521 3600 surgenti
2553 3543 2659 3585 non
2683 3526 2974 3599 gratulati,
3002 3541 3126 3582 cum
3169 3524 3396 3582 lucifero
3438 3526 3529 3597 qui
3572 3542 3743 3584 mane

2139 3623 2416 3679 oriebatur
2443 3621 2640 3678 cadere
2666 3628 2981 3677 meruerunt
3000 3639 3019 3673 ι
3043 3620 3405 3694 (Augustinus,
3427 3622 3525 3689 5b.,
3545 3637 3597 3677 ο.
3616 3622 3740 3691 50).

2142 3715 2293 3771 Adeo
2313 3712 2368 3769 in
2382 3712 2633 3771 omnibus
2645 3712 2807 3770 rebus
2819 3721 2876 3769 ut
2890 3716 3179 3784 Optimum,
3194 3712 3266 3768 ita
3285 3721 3343 3770 et
3357 3711 3742 3771 difﬁcillimum

2140 3817 2227 3865 est
2249 3806 2469 3864 modum
2496 3820 2737 3865 servare.

2214 3904 2266 3959 7.
2312 3904 2647 3959 Ariminensis
2674 3904 2881 3959 concilii
2906 3921 3056 3959 casus
3084 3904 3343 3961 incautus.
3391 3934 3465 3946 —
3512 3904 3743 3964 Ursacio

2141 3997 2283 4053 enim
2307 4007 2362 4053 et
2386 3996 2629 4063 Valente,
2663 4006 2721 4054 ut
2745 3996 2952 4054 scelera
2996 3998 3087 4054 diu
3130 3999 3301 4055 latere
3338 4015 3448 4056 non
3488 4011 3739 4072 possunt,

2141 4091 2295 4146 ulcus
2346 4090 2703 4147 Ariminensis
2746 4089 2869 4148 ﬁdei
2908 4091 2978 4147 ab
3020 4091 3270 4148 omnibus
3309 4089 3421 4149 fere
3470 4094 3742 4166 episcopis

2141 4200 2241 4255 pro
2264 4183 2561 4241 orthodoxa
2592 4194 2828 4256 suceptte
2852 4200 2915 4241 ac
2935 4187 3304 4257 comprobata:
3328 4186 3736 4258 detegentibus,

2140 4276 2443 4350 Filiumqne
2486 4278 2720 4334 similem
2769 4278 2912 4335 Patri
2974 4276 3178 4335 dictum
3254 4277 3739 4350 interpmtantibus

2139 4373 2242 4445 οὐχ
2270 4370 2466 4439 ἁπλῶς,
2498 4384 2680 4426 rerum
2710 4372 2840 4429 κατὰ
2859 4393 2933 4435 τι.
2960 4369 3013 4427 id
3043 4380 3147 4436 est,
3179 4371 3462 4427 secundum
3484 4372 3736 4445 Scriptu-

2139 4481 2249 4531 tas,
2300 4473 2355 4519 et
2399 4473 2669 4536 quatenus
2719 4464 3015 4536 Scripturis
3090 4465 3262 4522 sacris
3313 4480 3378 4521 ea
3439 4464 3739 4522 similitudo

2140 4556 2434 4614 conformis
2457 4566 2561 4626 est,
2589 4570 2659 4613 ex
2689 4556 2861 4628 iisque
2889 4568 2988 4613 nec
3026 4556 3289 4627 aqualem
3322 4556 3464 4613 Patri
3492 4555 3691 4614 Filium
3716 4598 3735 4624 ,

450 4647 633 4719 scopis
654 4648 872 4715 factam.
901 4661 959 4708 et
980 4650 1121 4708 adse
1143 4654 1483 4724 pontificatus
1502 4655 1587 4710 sui
1614 4625 2039 4725 initio-jmissaiu,
2066 4625 2118 4689 D
2144 4669 2244 4710 nec
2273 4668 2438 4709 unum
2480 4666 2605 4709 cum
2629 4668 2696 4709 eo
2722 4655 2741 4724 (
2768 4625 2985 4723 semper
3012 4625 3155 4708 enim
3182 4666 3214 4707 a
3256 4665 3392 4709 vero
3434 4651 3739 4708 similitudo

449 4742 493 4796 si
545 4753 717 4799 ratam
764 4759 884 4800 eam
934 4744 1177 4812 haberet,
1230 4742 1685 4818 quemadmodum
1731 4746 1877 4805 idem
1921 4748 2039 4819 ipse

451 4834 697 4893 Liberius
721 4837 777 4893 in
800 4836 1028 4909 epistola
1074 4838 1142 4894 ad
1173 4839 1567 4909 Constantium,
1597 4855 1720 4913 qua:
1760 4840 1851 4899 hic
1890 4842 2037 4900 edita

452 4927 680 4986 habetur
707 4929 948 5005 (Fraqm.
974 4947 1026 4998 ν.
1055 4950 1111 4989 n.
1139 4932 1222 5005 2),
1249 4935 1403 4992 testis
1427 4945 1530 5001 est,
1577 4945 1796 5009 accepta
1842 4936 2033 4994 eodem

451 5030 693 5093 tempore
717 5025 1048 5097 septuaginta
1077 5028 1315 5100 quinque
1348 5030 1723 5101 episcoporum
1752 5028 2035 5104 A-Zgyptio-

450 5130 568 5169 rum
599 5114 875 5174 Athanasii
918 5118 1278 5177 innocentiam
1318 5130 1547 5178 testante
1588 5125 1853 5180 sententia
1882 5138 2033 5181 com-

451 5209 681 5277 probare
710 5210 913 5267 uoluitl
932 5211 1134 5269 Omitto
1162 5212 1303 5286 quod
1324 5212 1548 5286 hujusce
1571 5218 2035 5277 condemnationis

452 5316 553 5356 nec
571 5300 897 5360 Athanasius
923 5304 1059 5376 ipse,
1081 5306 1172 5377 qui
1203 5322 1289 5363 res
1316 5323 1443 5364 suas
1476 5308 1885 5382 diligentissime
1926 5329 2032 5370 non

453 5411 557 5452 uno
582 5396 717 5453 libro
745 5399 1058 5471 complexus
1104 5411 1218 5467 est,
1260 5417 1359 5459 nec
1383 5403 1665 5475 quisquam
1708 5405 1851 5462 alius
1891 5406 2034 5478 quod

449 5489 616 5546 sciam
647 5500 889 5548 veterum
912 5508 1135 5565 usquam
1168 5495 1430 5553 meminit.
1481 5496 1693 5555 Falsam
1738 5508 1915 5556 autem
1943 5508 2037 5557 aut

520 5650 597 5725 (a)
618 5650 952 5725 Euphratem
974 5667 1077 5725 seu
1105 5655 1432 5725 Euphratam
1459 5672 1525 5714 ex
1546 5656 1888 5716 Theodoreto
1912 5662 1950 5716 l.
1972 5678 2031 5725 ιι.

448 5740 498 5809 ς..
528 5708 690 5809 illis
714 5708 838 5809 'quo
862 5708 1077 5809 quidem
1107 5708 2034 5809 consulibus—iilosvepiscoposua

456 5796 768 5870 Sardicensi
809 5800 1039 5855 concilio
1066 5816 1334 5870 reversos,
1384 5820 1414 5857 a
1457 5796 1752 5861 Constante
1799 5796 2038 5863 delectos

454 5868 647 5939 luisse,
674 5884 784 5943 quo
802 5872 1057 5945 epistolas
1078 5889 1202 5933 suas
1225 5875 1295 5934 ad
1316 5868 1685 5937 Constantium
1706 5876 2035 5954 perferrent.

2140 4748 2356 4820 abest,)
2401 4746 2848 4811 conficientibus,
2902 4754 3209 4803 creaturam
3265 4744 3430 4803 etiam
3482 4756 3736 4818 negatum

2138 4845 2278 4901 sicut
2306 4853 2431 4901 sunt
2455 4842 2579 4900 alia:
2614 4848 2917 4909 creatum;
2956 4841 3386 4911 praestantiorem
3417 4841 3562 4898 enim
3587 4855 3735 4905 esse,

2138 4938 2234 4993 sed
2263 4945 2569 4994 creaturam
2624 4943 2804 4992 tamen
2850 4933 3193 4991 eludentibus
3241 4952 3255 4988 :
3310 4931 3569 5006 Ingemuit
3598 4944 3740 4991 totus

2139 5029 2295 5095 orbis,
2328 5030 2499 5100 inquit
2534 5025 2897 5101 Hieranytnus
2941 5026 3206 5095 (adversus
3250 5024 3654 5098 Luciferianos),
3684 5045 3716 5082 e

2137 5142 2193 5181 sc
2212 5124 2456 5181 Arionem
2487 5124 2697 5177 miratus
2720 5132 2813 5177 est.
2830 5120 2899 5178 Et
2922 5136 3049 5177 sane
3062 5118 3364 5194 τό,ὀμοιο
3383 5143 3403 5175 δ
3429 5123 3591 5178 κατὰ
3613 5126 3737 5185 τὰς

2139 5233 2175 5279 Γ
2187 5223 2410 5300 μαινὰς,
2431 5226 2539 5282 τοῖς
2568 5218 2959 5295 ἁπλουστέροις,
2974 5216 3144 5287 lnquit
3166 5231 3389 5285 magnus
3420 5216 3508 5271 ille
3527 5216 3738 5286 Grego-

2140 5318 2253 5372 rius
2292 5310 2591 5383 (Nasitmz.
2648 5311 2742 5367 Ur.
2791 5310 2881 5375 21,
2925 5327 2979 5365 n.
3020 5308 3091 5365 26
3114 5308 3158 5382 ).
3208 5308 3384 5383 δέλεαρ
3428 5306 3486 5369 ἦν
3529 5311 3588 5366 τὸ
3631 5318 3729 5371 τῆς

2138 5408 2380 5468 ἀσεϐείας
2402 5405 2581 5479 χαλκῷ
2632 5405 2996 5481 περικείμενον.
3044 5404 3076 5461 ἡ
3126 5402 3253 5478 πρὸς
3300 5404 3499 5462 πάντας
3554 5399 3736 5477 ὁρῶσα

2140 5502 2263 5562 τοὺς
2315 5498 2588 5577 stupidum;
2634 5496 2797 5562 ιὲκων,
2831 5496 2863 5555 ἡ
2902 5494 3034 5551 κατά
3065 5495 3236 5552 πάντα
3264 5490 3448 5566 ἄνεμον
3472 5494 3732 5565 λίκμησις.

2138 5661 2222 5716 An
2252 5672 2382 5714 vero
2422 5656 2570 5728 prius
2596 5654 2662 5711 ad
2710 5654 2851 5710 idem
2883 5666 3077 5728 munus
3094 5644 3405 5728 obeundum
3439 5666 3469 5707 a
3498 5650 3735 5728 concilio

2144 5731 2210 5786 ad
2248 5721 2498 5788 eumdém
2546 5728 2930 5801 imperatorem
2972 5724 3223 5782 destinati
3262 5721 3626 5790 fuerint,nou
3654 5722 3731 5779 ita

2144 5812 2528 5956 coiziaiiiberii
2555 5871 2781 5949 epistola
2811 5870 2983 5948 prima
3007 5867 3167 5930 ἀυδ⁶³
3196 5866 3364 5946 (⁸⁷⁸⁸9
3407 5866 3507 5944 ’θ’
3530 5918 3550 5944 ⁸
