4464 6464
516 315 623 371 895
1684 308 1956 368 NICULM
1998 306 2200 366 FABHI
2245 307 2634 368 [’REFATIU.
3706 316 3814 372 394.

520 433 666 485 'l'unc
705 446 834 500 ergo
872 440 1234 484 camuri-want
1267 427 1492 502 ipierpi
1515 467 1532 493 ,
1562 426 1651 498 qui
1679 427 1931 501 ejusmodi
1981 424 2114 480 dolis
2141 426 2194 487 Α
2223 425 2485 496 laiphum,
2536 444 2674 500 quos
2733 429 2970 501 gessisse
3026 433 3368 489 consulatum
3433 434 3623 495 salutis
3669 452 3813 489 anno

516 522 724 593 itu-liti,
772 525 966 604 δίανιιίᾳ
1010 525 1254 598 quidem.
1298 533 1499 582 utcnm
1541 523 1733 580 eodem
1779 522 2117 580 Nazianscno
2218 520 2324 577 366
2343 520 2800 592 chronologorum
2829 525 3225 598 diligentissimi
3253 529 3494 584 tradunt.
3527 528 3662 582 Male
3689 528 3813 583 illos

517 618 636 688 (0r.
661 620 776 683 εει..
800 635 856 673 tt.
883 618 978 690 30)
1029 619 1236 690 loquar,
1271 619 1329 673 οὐ
1363 617 1625 683 πεσόντες,
1648 618 1916 694 γράμματι
1941 612 1995 671 δὲ
2014 636 2120 670 πα-
2221 612 2280 668 ita

2048 636 2120 670 ἀ-
2221 612 2505 670 haereticos
2529 615 2760 673 habebat
2784 630 2941 674 vetus
2963 620 3091 675 illud
3115 623 3168 675 in
3197 636 3254 676 se
3283 619 3537 692 experiri,
3567 620 3688 675 Cito
3713 621 3811 674 im»

515 716 820 786 μιχθέντες,
873 714 960 768 καὶ
1006 719 1098 769 τοῦ
1149 719 1345 769 καπνοῦ
1385 733 1443 786 7s
1484 715 1527 767 si
1570 715 1653 767 καὶ
1702 717 1773 777 μή
1821 716 1914 765 τοῦ
1951 710 2115 784 πυρὸς

516 805 874 880 μετασχόντες
895 848 912 874 ,
967 805 1076 859 sine
1131 805 1440 859 conscientia
1505 804 1733 859 Itwretici
1797 801 2113 871 ferebantur,

515 910 853 956 contestatam
899 915 1087 971 corpus
1140 895 1350 954 Domini
1401 899 1543 967 (eam
1587 897 1734 953 enim
1791 894 2114 952 sacramenti

519 994 805 1050 formulam
861 995 1030 1048 multo
1078 1001 1204 1048 ante
1255 990 1372 1047 ba:c
1419 998 1664 1062 tempora
1711 997 2023 1059 usurpatam
2054 988 2107 1044 in

523 1086 760 1144 Ecclesia
819 1085 987 1142 fuisse
1045 1084 1242 1158 probat
1289 1085 1685 1157 jusjurandum,
1737 1082 1882 1158 quod
1946 1083 2108 1154 impie

517 1180 874 1238 Novatianum
899 1181 917 1251 (
942 1196 1057 1248 seu,
1088 1177 1392 1250 Novatum)
1422 1195 1452 1234 a
1482 1179 1596 1234 suis
1641 1178 1888 1249 exegisse
1925 1176 2111 1234 scribit

515 1273 658 1347 apud
683 1273 973 1330 Eusebium
996 1272 1279 1330 Cornelius
1293 1271 1534 1347 [Euseb.,
1560 1273 1648 1328 lib.
1676 1288 1728 1328 vt
1757 1271 1896 1330 Ilist.
1927 1291 1973 1327 τ.
2003 1270 2106 1338 43;

520 1366 738 1423 Hieron.
795 1377 976 1422 contra
1044 1365 1296 1442 Lucif.])
1349 1376 1397 1422 et
1435 1366 1686 1439 quidquid
1711 1376 1721 1412 ῖ
1751 1369 1806 1421 in
1877 1365 2110 1421 Ecclesia

515 1470 748 1516 sanctum
799 1471 897 1526 cst,
946 1476 1000 1515 se
1045 1460 1178 1516 nillil
1226 1460 1351 1514 ntali
1390 1459 1443 1514 iu
1489 1474 1583 1515 suo
1637 1459 1744 1530 ﬁde
1796 1460 2105 1530 auspicatos.

521 1557 830 1615 Putoeintus
852 1603 866 1626 ,
918 1560 1152 1627 aiebant,
1195 1577 1400 1615 sensum
1429 1574 1710 1632 congruere
1730 1573 1848 1612 cum
1894 1555 2059 1611 verbis
2087 1569 2110 1610 :

511 1669 606 1709 nec
631 1655 686 1710 in
717 1651 948 1710 Ecclesia
997 1653 1115 1722 Dei,
1169 1653 1255 1709 ubi
1305 1653 1630 1727 simplicitas,
1674 1650 1763 1706 ubi
1810 1666 1941 1724 pura
1985 1664 2110 1704 con-

511 1746 671 1817 fessio
696 1753 795 1813 est,
827 1746 976 1801 aliud
998 1748 1052 1800 in
1078 1747 1252 1812 corde,
1291 1746 1439 1801 aliud
1484 1747 1538 1800 in
1583 1744 1731 1800 labiis
1787 1743 2009 1815 proferri
2033 1742 2109 1798 ei-

2221 707 2510 777 prohorutn
2545 710 2682 766 iacta
2710 713 2760 765 in
2787 714 3082 783 perniciem
3103 715 3298 770 cadere
3328 731 3343 770 :
3375 729 3475 771 nec
3513 730 3578 769 ex
3611 715 3812 770 Arimi-

2217 803 2370 858 nensi
2399 802 2590 859 fraude
2610 805 2722 875 jam
2752 806 2853 860 sibi
2883 807 3203 878 quidquam,
3254 816 3451 880 praeter
3485 803 3667 862 odium
3709 823 3794 880 pu-

2217 895 2436 965 blicum,
2466 896 2729 954 invidiam
2759 913 2823 954 ac
2845 900 3119 956 infamiam
3147 916 3465 973 superesse;
3495 900 3653 958 iidem
3681 916 3809 958 vero

2213 989 2486 1047 Nicmnam
2544 993 2743 1065 ubique
2811 997 3052 1051 locorum
3105 996 3385 1066 pristinam
3436 994 3809 1051 auctoritatem

2214 1083 2646 1156 dignitatemque
2695 1102 3038 1160 recuperare.
3089 1088 3195 1146 Sed
3251 1089 3524 1160 prxucipue
3579 1091 3814 1160 angebat

2212 1176 2472 1233 Gcrlttittli
2496 1180 2692 1236 veteris
2715 1181 2801 1235 sui
2827 1181 3032 1235 sodalis
3060 1196 3124 1236 ac
3143 1183 3499 1254 congerronis
3519 1182 3805 1247 individui,

2211 1270 2328 1326 sine
2357 1286 2465 1343 quo
2493 1271 2706 1328 Theseo
2738 1273 2873 1328 nihil
2922 1273 3029 1330 huc
3078 1291 3246 1346 usque
3285 1283 3624 1331 tentavcrant
3647 1317 3662 1339 ,
3713 1274 3811 1330 de-

2213 1363 2392 1420 iectio.
2441 1364 2490 1420 ls
2527 1364 2672 1422 enim
2721 1364 3053 1424 confessioni
3099 1367 3448 1424 Semiariano:
3496 1369 3803 1436 :ulhmrens,

2212 1455 2357 1513 Patri
2388 1457 2584 1514 Filium
2618 1475 2714 1530 per
2743 1461 2924 1517 omnia
2952 1463 3187 1519 similem
3214 1463 3430 1520 dicebat
3457 1482 3469 1517 ε
3504 1480 3532 1517 a
3555 1480 3658 1536 qua
3685 1480 3812 1535 pro-

2211 1548 2445 1608 fessione
2473 1567 2574 1608 nec
2605 1553 2967 1611 Ariminensis
2996 1554 3130 1611 ﬁdes
3157 1567 3278 1628 post
3302 1557 3408 1614 vim
3451 1556 3652 1612 illatam
3680 1571 3806 1612 sus-

2208 1652 2365 1714 cepta
2410 1645 2729 1703 dissidebat.
2779 1647 3037 1716 Quamvis
3085 1650 3254 1718 enim,
3305 1661 3362 1705 ut
3403 1663 3566 1720 supra
3600 1650 3804 1706 dictum

2209 1749 2314 1804 est,
2348 1753 2443 1796 eas
2468 1755 2630 1798 voces
2656 1758 2748 1815 per
2793 1743 2966 1798 omnia
3011 1759 3122 1800 non
3149 1744 3416 1813 habuerit,
3468 1746 3600 1800 satis
3623 1753 3804 1801 tamen

508 1842 750 1896 minimus.
804 1839 873 1896 Et
911 1854 1064 1907 Sane,
1105 1842 1410 1918 ἀφύλακτον,
1460 1838 1632 1910 inquit
1661 1836 1803 1894 idem
1846 1836 1937 1891 ille
1977 1833 2109 1891 Gre-
2141 1842 2186 1905 3
2217 1832 2347 1904 ipsa:
2368 1833 2610 1890 clausula
2651 1836 2738 1890 illa
2785 1838 3067 1893 secundum
3099 1836 3422 1911 Srripturas,
3455 1837 3580 1909 quia
3612 1837 3803 1894 Filium

507 1936 713 2005 gorius,
756 1938 787 1995 ἠ
843 1935 1086 2001 ἁπλότης.
1146 1940 1230 1992 καὶ
1281 1938 1412 2007 μετά
1449 1940 1540 1991 τοῦ
1583 1936 1778 2008 σαθροῦ
1820 1937 1912 1992 τήν
1934 1930 2104 2003 φιλάν-

506 2033 726 2107 θρωπον,
773 2035 860 2087 καὶ
900 2034 1088 2091 ἥκιστα
1135 2039 1225 2091 τήν
1273 2033 1450 2088 maiae:
1500 2031 1755 2106 ὑφορᾶται
1806 2028 1868 2084 τὸ
1924 2029 2104 2088 naria;

509 2123 781 2201 ἐλεύθερον.
814 2143 834 2176 ι
869 2122 1144 2194 interrogo
1174 2124 1331 2189 istos,
1390 2141 1410 2176 ο
1463 2121 1739 2193 subjungit
1779 2120 1920 2175 idem
1974 2117 2103 2173 Ilie-

507 2232 764 2290 ronymus
788 2217 1058 2292 [adversus
1105 2214 1330 2291 Lucif.],
1361 2235 1382 2270 ι
1422 2216 1581 2274 nimis
1611 2215 1925 2287 religiosos,
1969 2211 2102 2284 quid

505 2311 906 2368 eonfessoribus
942 2330 964 2365 ι
1015 2311 1118 2384 (sic
1166 2312 1311 2369 enim
1365 2311 1516 2368 locus
1563 2309 1656 2366 ille
1691 2308 1857 2366 scribi
1917 2306 2100 2380 debet)

512 2425 530 2457 ι
566 2403 829 2476 agendum
858 2406 1224 2476 putaverunt?
1250 2404 1325 2460 ita
1351 2404 1451 2460 hac
1475 2401 1889 2460 mansuetudine
1911 2409 1969 2457 et
1991 2400 2103 2458 cle-

505 2497 707 2554 mentia
741 2495 876 2554 ﬁdes
904 2496 1121 2553 Nlcaena
1154 2505 1401 2570 reparata
1442 2505 1604 2567 atque
1650 2493 1887 2552 stabilita
1912 2501 2016 2557 est,
2049 2501 2105 2549 et

502 2605 534 2645 a
582 2591 756 2646 tribus
814 2589 1224 2646 confessorlbus
1288 2589 1505 2647 Satana:
1567 2587 1810 2642 faucibus
1869 2585 2100 2642 mundus

501 2693 740 2754 ereptus.
785 2697 806 2736 ι
837 2679 973 2740 Cum
998 2683 1194 2754 quibus
1212 2681 1376 2739 etiam
1406 2681 1682 2737 Liberium
1703 2681 1766 2738 P.
1796 2679 1860 2736 ιι.
1891 2693 2099 2736 inemo-

502 2792 619 2833 rem
659 2778 944 2833 verborum
984 2775 1198 2832 Domini
1227 2793 1240 2831 :
1275 2793 1295 2829 ι
1331 2775 1398 2832 Et
1425 2786 1479 2831 tu
1507 2789 1807 2832 conversus
1835 2772 2101 2830 conﬁrma

501 2867 695 2928 fratres
719 2881 841 2928 tuos
885 2891 906 2926 ι
959 2869 1129 2944 (an.
1161 2887 1304 2937 uti,
1341 2870 1463 2943 25),
1510 2886 1616 2927 non
1663 2871 1835 2928 solum
1885 2866 2099 2926 cadenti

502 2967 682 3033 Petro,
723 2965 821 3022 sed
849 2965 1012 3023 etiam
1055 2966 1156 3021 sibi
1189 2965 1457 3022 dictorum
1487 3008 1502 3034 ,
1534 2965 1624 3038 qui
1661 2963 1808 3022 sedis
1846 2963 1984 3021 Petri
2017 2967 2098 3020 in-

502 3057 876 3130 lirmitatisque
900 3073 1188 3117 successor
1213 3061 1534 3128 exstiterat,
1570 3059 1840 3131 egregiam
1884 3073 2097 3131 quoque

500 3168 728 3210 navasse
745 3168 965 3224 operam
999 3154 1236 3209 historia:
1262 3155 1517 3227 produnt.

2208 1926 2384 1983 Patris
2439 1929 2731 2001 imaginem
2780 1928 2968 1986 dicunt
3014 1931 3331 2003 Scriptum,
3381 1931 3604 2003 intelligi
3644 1941 3807 2002 atque

2205 2021 2436 2092 exprimi
2465 2022 2845 2078 censebantur.
2865 2026 2932 2080 At
2961 2024 3242 2091 Ursacius,
3260 2024 3480 2092 Valens,
3507 2026 3805 2097 exterique

2205 2113 2274 2170 de
2304 2130 2465 2186 grege
2492 2115 2584 2172 illo
2611 2127 2799 2173 contra
2826 2160 2840 2182 ,
2872 2117 3064 2174 Filium
3093 2118 3312 2190 quidem
3338 2119 3444 2174 dici
3479 2117 3624 2174 Patri
3652 2119 3804 2173 sinti-

2205 2205 2333 2274 lem,
2389 2208 2478 2263 sed
2526 2225 2629 2264 tton
2675 2210 2955 2265 secundum
3001 2211 3361 2280 substantiam,
3412 2209 3661 2281 inquiunt
3702 2208 3804 2265 hac

2203 2303 2457 2375 epistola,
2487 2313 2575 2359 aut
2599 2321 2690 2377 per
2716 2306 2888 2361 ontnia
2925 2321 3016 2362 seu
3053 2305 3329 2362 absolute:
3368 2305 3482 2376 (ita
3525 2305 3671 2360 enim
3717 2303 3806 2360 hic

2204 2399 2356 2456 locus
2375 2399 2748 2456 emendandus
2776 2407 2861 2456 est
2885 2400 2924 2473 :)
2952 2400 3038 2456 vel
3065 2401 3209 2457 enim
3238 2400 3590 2472 subjungunt,
3616 2398 3804 2455 Basilii

2203 2494 2544 2565 Anquiritani
2598 2495 2843 2566 episcopi
2895 2495 3036 2550 inter
3089 2493 3457 2552 Sentiat-ianos
3516 2493 3799 2564 pravcipui,

2203 2603 2360 2660 quem
2389 2587 2576 2644 Ariani
2606 2589 2835 2646 concilio
2860 2588 2882 2664 (
2906 2604 2997 2645 an.
3025 2585 3172 2662 360)
3197 2585 3801 2658 Constantinopolitano

2201 2683 2588 2755 deposuerant,
2631 2684 2895 2755 cujusque
2923 2684 3236 2754 opinionem
3269 2681 3348 2759 (δ)
3375 2682 3572 2739 deinde
3605 2681 3796 2738 Antio-

2201 2777 2378 2834 cheno
2395 2777 2616 2834 damnat
2628 2789 2804 2846 erant,
2833 2779 3032 2851 perﬁda
3061 2779 3279 2834 assertio
3307 2776 3653 2848 reparabitur.
3674 2774 3794 2831 Non

2200 2871 2338 2928 adeo
2366 2873 2631 2928 scelerate
2662 2872 2825 2943 igitur
2851 2881 3012 2944 atque
3040 2872 3203 2944 impie
3223 2870 3557 2936 Germinius,
3581 2870 3672 2942 qui
3698 2870 3800 2925 hac

2197 2964 2427 3034 epistola
2475 2975 2814 3036 provocatus
2853 2979 2974 3021 eam
3041 2979 3156 3020 sua:
3219 2962 3344 3020 ﬁdei
3407 2963 3799 3034 professionem

2197 3061 2539 3131 conscripsit,
2570 3075 2699 3132 qua:
2721 3059 2866 3116 inter
2905 3059 3023 3116 lucc
3051 3058 3351 3130 fragmenta
3391 3073 3535 3114 nunc
3564 3058 3797 3128 primum

2198 3153 2407 3224 vulgata
2441 3153 2617 3225 (modo
2658 3149 2822 3225 Frag.
2877 3163 2997 3224 snt)
3044 3153 3322 3209 Christum
3370 3153 3463 3206 Dei
3506 3151 3676 3207 lilium
3730 3165 3793 3206 ac

568 3248 622 3301 8.
657 3247 818 3304 Plane
845 3248 988 3319 quod
1019 3248 1107 3304 hic
1130 3247 1428 3304 obtestatur
1458 3247 1705 3304 Liberius
1733 3249 1750 3321 (
1774 3245 1934 3322 Frag.
1952 3249 2085 3320 Ἧι),
2118 3252 2162 3315 C
2197 3245 2366 3302 Deum
2413 3247 2679 3317 agnoscit,
2721 3245 3005 3314 dirinitnte,
3055 3246 3325 3313 cltaritate,
3366 3247 3651 3317 majestate,
3697 3245 3798 3300 vir-

500 3341 786 3414 Cpiscopos
812 3357 1002 3399 omnes
1027 3343 1193 3398 Italia:
1219 3342 1542 3401 Ariminensi
1563 3342 1788 3414 perﬁdia
1811 3342 2085 3415 deceptos,

499 3445 560 3489 ut
590 3433 904 3505 pestiferum
936 3435 1066 3492 illud
1096 3435 1290 3506 dogma
1315 3436 1696 3503 condemnem,
1719 3436 2092 3494 vehementius

497 3526 552 3581 in
581 3526 701 3598 ejus
730 3541 980 3584 aucmres
1023 3525 1331 3593 insaniant,
1364 3543 1499 3597 quos
1542 3529 1595 3584 in
1636 3541 1697 3586 se
1729 3528 1994 3585 violentos
2037 3537 2093 3585 et

495 3618 753 3675 subdolos
797 3620 1005 3692 experti
1052 3628 1200 3689 sunt,
1243 3629 1491 3693 totosque
1515 3635 1575 3677 se
1602 3622 1726 3677 ﬁdei
1758 3621 1988 3679 Nicatna:
2024 3622 2093 3678 de

497 3713 706 3784 integro
749 3715 1094 3787 mancipem;
1127 3723 1237 3772 tam
1279 3717 1354 3790 pii
1398 3717 1508 3771 voti
1559 3717 1733 3788 ipsum
1783 3726 2092 3790 compotem

497 3825 604 3865 non
630 3809 800 3864 tnulto
827 3820 952 3881 post
981 3809 1203 3880 factum,
1235 3824 1356 3866 cum
1404 3826 1472 3868 ex
1515 3811 1636 3882 ejus
1677 3812 1901 3884 epistola
1928 3828 2092 3886 quant

493 3900 718 3958 exhibet
743 3902 997 3960 Socrates
1023 3902 1162 3969 (Lib.
1191 3920 1262 3972 tv,
1291 3920 1339 3960 c.
1366 3904 1457 3978 12)
1485 3905 1552 3962 ad
1574 3905 1877 3963 Orientales
1905 3905 2091 3974 miSsa,

492 4010 598 4065 qua
624 4011 816 4051 omnes
835 3997 1124 4068 episcopos
1153 3997 1323 4053 Italia:
1339 3999 1667 4055 Ariminensi
1691 3998 1935 4056 formulae
1959 4016 2091 4059 ana.

493 4090 676 4144 thema
704 4089 927 4158 dixisse,
960 4090 1178 4147 Nicena
1207 4090 1332 4148 ﬁdei
1374 4091 1786 4164 subscripsisse,
1829 4096 2096 4152 maximo-

490 4195 597 4252 que
626 4193 763 4238 :estu
814 4183 866 4238 in
916 4183 1030 4239 Arii
1081 4183 1274 4258 dOgtna
1320 4185 1546 4260 ejusque
1590 4185 1886 4260 discipulos
1935 4202 2096 4247 exar-

491 4273 718 4332 descere
744 4274 1034 4348 signiﬁcat,
1059 4285 1170 4333 tum
1193 4277 1356 4334 etiam
1383 4293 1449 4336 ex
1478 4293 1568 4348 ea,
1595 4293 1717 4352 qua:
1741 4281 1829 4338 hic
1851 4282 2095 4352 proxime

496 4369 746 4442 sequitur
783 4367 860 4444 (in
892 4369 1086 4427 eodem
1118 4369 1492 4445 Fragmenta),
1524 4373 1904 4446 episcoporum
1928 4371 2098 4434 Italiat

491 4466 559 4520 ad
597 4465 888 4537 episcOpos
929 4466 1127 4540 lllyrici
1185 4467 1346 4524 missa
1398 4467 1679 4526 discimus.
1737 4467 1862 4528 Haec
1911 4481 2091 4529 autem

489 4557 756 4628 posterior
786 4559 1013 4630 epistola
1053 4569 1278 4632 apparet
1322 4562 1522 4632 scripta
1555 4559 1634 4633 (a)
1677 4573 1796 4633 post
1824 4563 2090 4635 synodum

2197 3349 2325 3405 tute,
2356 3339 2621 3406 claritate,
2648 3342 2774 3408 vita,
2814 3342 3090 3411 sapientia,
3136 3341 3368 3403 scientia,
3404 3338 3550 3394 Patri
3573 3355 3663 3411 per
3689 3355 3799 3392 om-

2195 3435 2284 3490 nia
2312 3434 2571 3498 similcm;
2626 3435 2780 3506 cujus
2821 3436 2986 3490 etiam
3032 3434 3330 3505 pleniorem
3379 3433 3794 3504 uberioremque

2195 3528 2695 3600 interpretationem
2722 3528 2951 3599 epistola
2992 3527 3060 3583 ad
3105 3526 3414 3592 llulianum,
3466 3525 3794 3592 Palladium,

2193 3623 2513 3681 Severinum
2540 3625 2706 3679 missa
2736 3622 2905 3680 edidit
2933 3619 3120 3696 (Frag.
3153 3622 3267 3694 xv).

2267 3717 2355 3774 10.
2399 3715 2652 3773 Famula
2696 3733 2728 3771 a
2782 3713 2960 3771 Marco
2993 3715 3169 3771 Arelli.
3198 3715 3413 3781 dictata,
3443 3729 3577 3786 qua.
3604 3743 3676 3755 --
3717 3713 3795 3770 Ex

2194 3827 2299 3884 qua
2327 3810 2544 3885 quidem
2576 3811 2802 3883 cpistola
2833 3819 3093 3882 przcterea
3120 3809 3414 3875 discimus,
3443 3823 3690 3879 qtucnam
3722 3810 3794 3864 sit

2195 3906 2286 3962 illa
2326 3904 2450 3964 lidei
2508 3902 2758 3973 lormula,
2801 3905 2890 3962 cui
2929 3903 3200 3960 dictanda:
3254 3902 3466 3958 Marcus
3512 3900 3796 3957 Arethusa:

2194 4000 2483 4072 episcopus
2505 3999 2699 4056 electus
2725 4009 2831 4064 est;
2857 3998 2962 4074 (sic
2985 4001 3130 4055 enim
3153 3997 3496 4052 scribendum
3523 4009 3667 4059 esse.
3689 4011 3796 4049 nntt

2194 4099 2418 4169 ejectum
2447 4111 2514 4151 cx
2539 4095 2763 4152 Socrate
2789 4094 2903 4170 [lib.
2937 4109 2996 4154 ιι.
3030 4111 3074 4149 c.
3106 4091 3198 4166 30]
3228 4091 3479 4165 constat)
3510 4102 3564 4148 et
3601 4090 3799 4163 quibus

2195 4188 2510 4247 auctoribus
2545 4197 2832 4259 concepta,
2874 4187 3304 4259 quibuscumque
3323 4185 3578 4255 auspiciis
3597 4185 3796 4240 emissa

2197 4281 2383 4339 fuerit.
2416 4280 2627 4361 Vereor
2653 4283 2797 4337 enim
2840 4297 2909 4338 ne
2955 4279 3152 4336 l'rnstra
3199 4277 3392 4350 (lbid.)
3415 4279 3484 4334 sit
3515 4277 3793 4344 Socrates,

2194 4391 2321 4432 cum
2347 4374 2470 4432 ﬁdei
2498 4373 2740 4446 regulam
2779 4390 2810 4430 a
2851 4373 3035 4430 Marco
3061 4373 3350 4429 Arcthusio
3376 4371 3634 4441 scriptam
3672 4385 3792 4426 eam

2196 4471 2413 4534 asserit.
2439 4485 2561 4542 quae
2587 4480 2775 4526 contra
2828 4468 3122 4526 Pbotinum
3154 4467 3206 4524 in
3233 4465 3468 4521 concilio
3508 4463 3794 4521 Sirmiensi

2196 4565 2512 4636 promulgata
2549 4573 2665 4628 est;
2705 4574 2760 4619 et
2807 4577 2914 4635 non
2967 4563 3149 4635 potius
3194 4559 3338 4616 illam
3367 4601 3382 4624 ,
3431 4573 3590 4629 quam
3650 4557 3793 4614 idem

491 4650 927 4723 lllyrieam'circa
953 4668 1153 4709 annum
1181 4653 1384 4710 Christi
1415 4655 1520 4712 365
1555 4655 1816 4724 habitam;
1847 4671 1968 4729 que
1998 4657 2091 4714 Ni-
2121 4665 2172 4730 ι)
2194 4668 2382 4717 auctor
2429 4661 2528 4728 ait,
2573 4669 2636 4717 ut
2683 4659 2918 4732 primum
2967 4659 3020 4714 in
3065 4657 3256 4714 eadem
3284 4654 3497 4728 synodo
3524 4652 3792 4724 publicata

486 4759 637 4800 caena
671 4746 807 4802 ﬁdes
840 4749 893 4803 in
936 4746 1173 4821 Illyrico,
1206 4748 1348 4805 unde
1377 4749 1427 4805 vl
1457 4750 1667 4821 dejecta
1717 4749 1910 4816 luerat,
1942 4753 2092 4810 velut

493 4855 561 4897 ex
604 4841 860 4897 Prmtoris
896 4842 1074 4899 edicto
1114 4844 1363 4899 restituta
1390 4853 1492 4900 est.
1535 4845 1700 4918 Cujus
1733 4846 2089 4904 restitutionis

485 4934 937 4991 nostcrllilarius
966 4937 1224 5009 primum,
1271 4935 1468 4994 deinde
1512 4937 1773 4995 Eusebius
1813 4939 2092 4997 Vercella-

484 5044 608 5084 rum
638 5030 927 5100 episcopus
954 5032 1021 5087 ab
1053 5031 1219 5087 exilio
1258 5031 1571 5098 redeuntes.
1601 5049 1708 5088 non
1737 5033 1876 5090 levia
1899 5035 2088 5091 funda-

487 5133 676 5177 menta
705 5122 970 5192 iecerant.

559 5217 612 5273 9.
657 5215 904 5272 Germinii
935 5235 966 5272 a
998 5217 1209 5274 Valente
1235 5230 1284 5274 et
1317 5217 1535 5276 Ursacio
1561 5221 1797 5293 defectio.
1850 5249 1922 5263 -—
1962 5222 2082 5292 Epi-

481 5310 623 5364 stola
653 5320 834 5364 autent
863 5310 1068 5367 Ursacii
1094 5311 1264 5383 (nunc
1293 5310 1509 5382 Fragtn.
1541 5313 1672 5385 ιη’),
1704 5313 1944 5370 Valentis
1971 5315 2086 5372 Caii

481 5411 539 5458 et
567 5404 800 5459 aliorum
841 5405 1122 5476 Singiduni
1152 5414 1465 5463 coactorum
1498 5408 1565 5463 ad
1595 5409 1930 5465 Germinium
1958 5425 2089 5467 cono

482 5497 632 5556 sules
661 5497 969 5570 adscriptas
998 5499 1196 5568 habet,
1225 5499 1546 5558 Gratianum
1593 5502 1661 5558 Ν.
1706 5501 1768 5558 Ρ.
1808 5513 1865 5561 et
1913 5502 2088 5577 Daga-

559 5683 637 5758 (a)
675 5681 815 5758 Ante
840 5682 1096 5758 scriptam
1122 5699 1243 5742 esse
1269 5685 1631 5758 probavimus.

677 5753 791 5828 Non
815 5756 1029 5825 quidem
1053 5771 1148 5828 per
1173 5772 1232 5828 se
1249 5753 1393 5824 {sed
1421 5755 1705 5828 adversam
1731 5755 2077 5828 suscipiendo

558 5757 633 5881 (ἢ
677 5757 791 5808 Νοιι
815 5757 1029 5825 quidem
1053 5771 1148 5828 per
1173 5772 1264 5824 se;
1296 5757 1393 5814 sed
1421 5757 1705 5813 adversam
1731 5757 2074 5841 suscipiendo

479 5823 911 5956 :(tpu‘shthanas.
942 5829 1010 5888 de
1046 5826 1250 5904 Synod.
1285 5847 1338 5904 p.
1370 5829 1497 5900 906,
1545 5837 1600 5888 ct
1634 5827 1845 5888 Socr-at.
1890 5828 1983 5886 ltb.
2017 5845 2074 5899 tt,

607 5920 658 5955 ἁ).

2190 4765 2297 4825 est,
2327 4755 2471 4814 velut
2500 4759 2640 4813 male
2669 4765 2854 4812 natum
2885 4755 3052 4812 letum
3091 4769 3158 4811 es
3187 4765 3259 4808 stt
3290 4749 3486 4806 tabulis
3528 4747 3606 4821 (c)
3653 4763 3782 4818 sup-

2190 4867 2461 4925 pressam,
2492 4864 2680 4925 postea
2705 4849 2982 4908 Ursaciutn
3012 4858 3068 4903 et
3091 4847 3370 4903 Valentem
3403 4843 3642 4916 patrihus
3670 4841 3790 4900 Ari-

2191 4947 2323 5002 mini
2349 4946 2692 5018 congregatis
2715 4941 3158 5001 subscribeodatn
3187 4937 3470 4994 obtulisse.
3494 4935 3621 4992 Sola
3643 4936 3788 4991 enim

2190 5038 2306 5095 bare
2356 5040 2469 5111 ipsa
2520 5023 2626 5095 non
2682 5047 2889 5094 tantum
2920 5051 2986 5093 ex
3020 5034 3192 5091 tribus
3237 5030 3507 5096 formulis,
3547 5045 3680 5101 quas
3725 5044 3788 5084 ea

2191 5133 2399 5205 synodo
2437 5133 2589 5187 aiunt
2617 5131 2864 5195 emissas,
2896 5140 3081 5185 verum
3114 5128 3277 5184 etiam
3315 5143 3382 5184 es
3428 5141 3625 5184 novem
3652 5137 3790 5192 PN:-

2188 5226 2386 5296 cipuis,
2436 5240 2575 5297 quas
2623 5225 2873 5280 Socrates
2928 5224 3106 5294 (nisus
3161 5223 3549 5296 labyrinthum,
3583 5215 3786 5287 utipse

2189 5329 2365 5385 vocat,
2403 5319 2759 5374 formularum
2790 5317 2912 5374 ﬁdei
2945 5316 3231 5378 estricarc.
3264 5331 3424 5386 quem
3463 5326 3643 5370 tamen
3673 5325 3790 5366 ma-

2185 5416 2268 5485 gis
2291 5411 2545 5484 involvit)
2576 5411 2642 5466 ab
2665 5410 2876 5466 Arianis
2897 5409 3191 5479 publicatus
3213 5410 3388 5478 spatio
3405 5404 3778 5461 novemdecim

2186 5523 2453 5565 annorum
2505 5516 2789 5563 enumerat
2829 5503 2942 5576 (till.
2977 5516 3035 5569 tt,
3067 5517 3114 5558 ο.
3144 5501 3237 5574 et)
3283 5499 3333 5558 id
3381 5508 3487 5566 est,
3535 5498 3602 5553 ab
3638 5511 3783 5553 anno

2249 5690 2322 5762 (e)
2362 5688 2696 5764 Probabilius
2708 5695 2791 5745 est
2818 5701 2936 5743 eam
2961 5700 3306 5764 suppressam
3330 5698 3482 5764 esse,
3494 5688 3778 5762 postquam

2189 5757 2417 5819 Arimini
2444 5765 2603 5830 lecta,
2632 5762 2704 5820 ob
2748 5768 3037 5818 annotatos
3065 5757 3320 5817 consules
3338 5757 3580 5814 omnium
3609 5758 3777 5813 risum

2187 5836 2516 5911 provocavit.
