4464 6472
466 329 574 390 89⁸1
630 391 632 393 ,

1627 329 1901 387 NICULM
1943 329 2148 386 FABRI
2193 328 2582 389 l'ltASFATIO.

3650 332 3758 394 898

470 448 556 499 ..Ιιι
589 446 889 503 Seleuciam
929 454 1287 518 cognomento
1320 452 1574 519 Asperam
1628 447 1907 517 aluissent,
1968 451 2058 504 alii
2090 453 2135 510 Λ
2167 450 2220 503 in
2246 449 2466 504 dubium
2497 448 2792 516 revocabit,
2826 449 2916 520 qui
2947 448 3108 521 hujus
3138 452 3462 526 narrationis
3484 459 3758 506 auctorem

474 541 769 596 Ariminum
798 557 859 597 se
891 541 1270 606 contulissent.
1300 543 1387 597 ubi
1417 544 1566 598 luere
1589 545 1975 615 quinquaginta
2009 556 2064 599 et

467 648 534 687 eo
564 633 746 700 plures
772 634 1035 707 episcopi,
1072 653 1093 688 ι
1149 636 1430 698 terrorest
1457 635 1513 690 in
1553 650 1800 704 numero,
1848 639 1942 692 sed
1994 637 2064 692 de

467 741 534 779 eo
562 741 706 782 nunc
742 742 850 782 non
881 727 1216 798 laboramus)
1258 745 1278 780 t
1315 727 1458 783 venit
1506 732 1668 785 etiatn
1696 729 1766 786 ad
1816 745 1943 785 eum
1983 729 2064 786 lo-

467 833 589 874 cum
633 817 966 888 Germinius,
1012 819 1338 884 Auxentius,
1379 819 1599 888 Valens,
1629 819 1906 887 Ursacins.
1957 821 2061 878 De-

470 910 764 981 mophilus,
792 911 976 968 Caius.
999 909 1079 970 lbi
1118 927 1241 969 cum
1281 922 1466 969 caeteri
1495 915 1737 986 episcopi
1780 931 1848 972 ex
1897 917 2066 974 sacris

470 1001 664 1059 litteris
676 992 840 1060 verba
852 1019 948 1059 sua
963 1003 1275 1071 turmarum,
1286 1004 1358 1061 illi
1371 1005 1668 1062 chartulam
1681 1007 2064 1079 exlribuerunt,

472 1098 822 1170 recitati-que
856 1098 1174 1156 consulibus
1197 1099 1395 1172 quibus
1428 1100 1625 1170 scripta
1659 1110 1801 1170 erat,
1828 1103 2068 1175 postula-

469 1189 622 1256 bant,
645 1199 704 1246 ut
727 1205 792 1248 ea
818 1190 1070 1271 omnibus
1112 1190 1341 1265 synodis
1367 1201 1810 1263 anteponeretur.
1854 1193 2068 1250 Omissa

471 1286 618 1342 enim
663 1284 735 1342 de
778 1284 1053 1343 btureticis
1079 1288 1405 1356 qumstione,
1433 1287 1690 1360 nullaque
1715 1288 1897 1347 habita
1946 1305 2069 1362 per-

472 1383 819 1436 cunctatione
857 1394 970 1449 quo
1021 1379 1205 1436 animo
1243 1393 1341 1436 aut
1387 1396 1490 1451 qua
1546 1384 1812 1438 sententia
1859 1393 2065 1453 essent,

472 1473 691 1542 scriptis
750 1471 1011 1529 chartula
1055 1473 1399 1530 solummodo
1440 1483 1727 1531 contentos
1783 1491 1907 1532 esse
1969 1475 2068 1532 de-

473 1565 627 1623 bere.
671 1566 881 1637 Scripta
927 1575 1110 1624 autem
1150 1583 1339 1624 eorum
1381 1567 1648 1638 ejusmodi
1691 1569 1858 1625 luere.
1914 1567 2068 1624 Edita

474 1669 556 1718 est
583 1659 847 1718 catholica
879 1660 1016 1716 ﬁdes
1045 1661 1100 1716 in
1145 1660 1433 1731 praesentia
1464 1661 1524 1715 Ι).
1567 1659 1630 1716 Ν.
1675 1659 2068 1732 religiosissimi

476 1751 832 1826 przrclarique
861 1754 1086 1810 victoris
1113 1753 1455 1824 imperatoris
1481 1753 1785 1812 Constantii
1817 1755 2066 1827 Augusti,

2166 539 2526 599 SOzomeuum
2557 544 2745 614 legerit
2777 543 2894 616 (lib.
2922 560 2996 610 tv,
3028 562 3074 598 ρ.
3111 544 3234 616 15)τ
3279 561 3387 617 quo
3433 559 3574 600 anno
3617 543 3756 599 Con~

2165 635 2422 690 stantium
2457 635 2770 693 hibernasse
2805 635 3009 701 Sirmii,
3057 635 3443 705 melioremque
3486 636 3606 705 ejus
3633 634 3763 691 anni

2167 737 2372 795 partem
2405 726 2477 782 ibi
2529 728 2876 799 transegisse,
2914 744 3038 783 cum
3090 727 3408 785 Ammianus
3449 727 3565 800 ipse
3609 726 3763 784 testis

2165 831 2270 884 est,
2319 831 2431 877 tum
2474 821 2637 877 etiam
2679 823 2925 892 plurimae
2967 823 3113 894 leges
3159 824 3224 878 iis
3271 821 3584 879 consulibus
3604 821 3762 879 edita:

2165 927 2262 967 sua
2295 911 2693 985 subscriptione
2717 913 2968 982 probam.
2997 913 3054 970 ln
3090 931 3154 970 eo
3185 929 3480 987 congressu
3508 914 3764 986 qua-stio-

2168 1019 2289 1059 nem
2323 1003 2479 1059 istan)
2509 1019 2693 1061 Coram
2725 1003 3056 1075 imperatore
3083 1007 3338 1078 agitatam
3369 1006 3437 1062 de
3469 1005 3575 1062 ﬁde
3599 1020 3762 1078 quam

2167 1099 2362 1153 recitat
2382 1097 2718 1168 baccpistula
2745 1097 3078 1168 Gcrrninius,
3101 1098 3367 1172 iidemque
3387 1100 3761 1171 compositam,

2167 1189 2252 1244 cui
2279 1189 2545 1246 dictanda:
2571 1188 2783 1247 Marcus
2809 1192 3020 1247 electus
3045 1202 3152 1261 est,
3195 1203 3252 1248 ut
3280 1191 3564 1261 conjiciam
3596 1191 3764 1248 multa

2168 1281 2394 1340 faciunt.
2438 1282 2698 1347 Primum.
2728 1283 3023 1352 Personat;
3079 1283 3240 1343 iidem
3266 1300 3460 1357 nempe
3502 1286 3766 1356 episcopi,

2169 1375 2312 1431 inter
2351 1390 2490 1448 quos
2536 1375 2606 1433 de
2649 1376 2757 1433 ﬁde
2802 1377 3110 1450 qtmsitum,
3169 1379 3222 1435 in
3271 1379 3372 1434 hac
3414 1387 3769 1436 recensentur

2167 1469 2419 1540 epistola,
2450 1471 2540 1540 qui
2566 1486 2600 1527 a
2625 1473 2932 1530 Sozomeno
2963 1469 3214 1545 (Ibidem)
3242 1471 3296 1527 in
3313 1472 3571 1529 comitatu
3601 1470 3769 1529 fuisse

2171 1572 2560 1632 memorantur,
2588 1563 2791 1622 deinde
2811 1566 3027 1622 inunita
3059 1566 3345 1640 utrobique
3374 1567 3623 1631 occasio;
3655 1582 3764 1623 non

2169 1658 2313 1713 enim
2360 1658 2448 1714 hic
2487 1658 2566 1733 ait
2610 1657 2923 1716 Germinius
2968 1661 3102 1716 istos
3128 1661 3416 1732 episcopos
3443 1668 3770 1717 convocatos

2172 1759 2227 1804 ut
2258 1749 2461 1807 deiide
2485 1749 2860 1823 disputarem;
2898 1751 2993 1808 sed
3021 1761 3137 1809 orta
3179 1752 3544 1825 disputatione
3582 1767 3766 1808 coram

474 1845 686 1914 :eterni,
714 1843 874 1902 Coss.
905 1844 1022 1900 γυ.
1051 1845 1158 1902 CC.
1202 1828 1443 1902 Eusebio
1485 1856 1541 1902 et
1565 1845 1797 1919 Hypatio
1824 1847 2004 1905 Sirmii
2039 1866 2058 1901 ι
2095 1841 2144 1901 Β
2174 1843 2524 1912 imperatore,
2557 1845 2800 1914 atquein
2832 1846 3055 1900 multant
3098 1853 3312 1902 noctem
3360 1852 3651 1914 protracta.
3702 1841 3770 1898 ad

477 1939 575 2006 (ita
600 1939 746 1994 enim
774 1938 1062 2010 legendum
1087 1952 1155 1996 ex
1178 1938 1402 1996 Socrate
1429 1950 1486 1995 et
1509 1939 1853 2014 Thr-odorem
1881 1939 2070 2013 (Seso-

478 2034 651 2100 uretto)
694 2043 821 2089 ante
867 2046 969 2088 nos
992 2031 1083 2088 alii
1107 2031 1434 2102 docuerunt)
1489 2047 1547 2088 tu
1576 2033 1677 2088 cat.
1703 2034 1905 2106 μυίας.
1934 2032 2063 2088 Cre-

479 2125 649 2182 dim
689 2127 747 2182 in
786 2142 968 2190 unum,
997 2111 1105 2182 etc.
1152 2125 1209 2182 Si
1252 2141 1378 2183 cum
1407 2125 1760 2184 Sirtnii'edita
1805 2135 1890 2184 est
1931 2143 2043 2200 ντω

479 2229 634 2278 sentt:
658 2219 979 2276 Constantio
1011 2235 1064 2274 ιι
1119 2219 1226 2276 cal.
1257 2221 1378 2292 juu.
1426 2221 1681 2278 consules
1728 2220 1919 2278 habuit
1968 2222 2069 2278 Eu-

477 2315 689 2372 sebium
713 2323 769 2370 et
791 2313 1080 2388 Hypatium
1096 2313 1371 2386 praeﬁxos,
1388 2315 1480 2386 qui
1501 2314 2068 2385 potuitediSirmiens?

477 2407 733 2473 concilio,
763 2408 906 2479 quod
933 2409 1028 2480 qui
1053 2408 1252 2474 minus,
1278 2405 1515 2463 triennio
1551 2417 1679 2464 ante
1721 2409 1856 2475 istos
1877 2423 2063 2466 cotisu-

481 2502 560 2559 les
587 2501 755 2558 luisse
793 2510 1044 2558 eoactum
1090 2502 1442 2558 asseverant?
1493 2500 1596 2558 Cui
1638 2517 1746 2559 non
1794 2505 1953 2572 igitur
1997 2511 2076 2558 tot.

483 2593 808 2650 testimoniis
837 2602 1075 2662 constet,
1127 2593 1231 2649 nisi
1261 2594 1353 2664 qui
1393 2592 1624 2651 meridie
1672 2594 1853 2650 lucere
1891 2603 2070 2664 neget.

482 2685 628 2740 illam
673 2682 854 2752 iidem,
905 2699 1031 2754 qua
1062 2684 1208 2741 l’atri
1239 2682 1434 2740 Filium
1481 2699 1580 2756 per
1613 2687 1795 2739 omnia
1841 2668 2072 2739 similem

447 2832 455 2836 _
481 2776 860 2848 proﬁtebatur,
892 2775 1132 2832 Eusebio
1156 2776 1374 2832 demum
1418 2783 1475 2830 et
1504 2773 1739 2847 llypatio
1765 2776 2078 2831 consueibus

481 2871 664 2927 Sirmii
691 2869 933 2942 quidem,
959 2869 1060 2925 sed
1088 2869 1246 2942 longe
1280 2879 1399 2939 post
1443 2867 1741 2925 Sirmieuse
1785 2868 2076 2924 concilium

480 2965 838 3033 compositam
883 2961 1093 3029 fuisse,
1144 2975 1246 3017 nec
1293 2959 1464 3016 multo
1517 2968 1799 3032 postquam

481 3065 595 3121 est,
626 3053 1062 3112 Ariminensibus
1088 3053 1332 3125 patribus
1367 3052 1638 3108 oblatam?

556 3151 643 3208 15.
694 3148 981 3207 Consentia
1032 3148 1331 3206 Sinniamis
1380 3150 1602 3205 occasio.
1646 3177 1718 3189 —
1763 3146 1834 3204 Ut
1892 3159 2072 3204 autem

1876 2960 2075 3029 scripta

2171 1950 2293 1993 eam
2325 1936 2610 1994 formulam
2642 1938 2856 1995 tandem
2878 1953 3001 1995 e~sc
3029 1938 3293 1996 deductos
3319 1955 3332 1992 :
3362 1938 3600 2010 denique
3620 1938 3773 1995 locus

2169 2037 2227 2085 et
2267 2039 2508 2099 tempus;
2544 2029 2727 2088 Sirmii
2755 2035 2900 2086 enim
2940 2031 3112 2103 ipsam
3139 2032 3323 2097 tidem,
3354 2047 3474 2103 quae
3503 2031 3648 2086 Patri
3678 2029 3772 2088 Fi-

2176 2125 2308 2180 lium
2349 2139 2448 2196 per
2491 2125 2674 2182 omnia
2719 2126 2953 2182 similem
3002 2127 3154 2192 dicit,
3187 2126 3423 2182 Eusebio
3461 2135 3518 2182 et
3542 2124 3773 2197 llypatio

2173 2219 2308 2276 Coss
2361 2221 2616 2292 scriptam
2646 2220 2951 2278 docuimus.
3001 2221 3108 2277 Nec
3145 2221 3212 2277 ad
3243 2221 3407 2276 aliam
3437 2220 3621 2283 ﬁdem.
3652 2235 3775 2291 qua:

2174 2313 2314 2385 apud
2347 2314 2704 2385 Epiphanium
2737 2315 2989 2386 leguntur
3016 2313 3208 2370 hmresi
3253 2328 3422 2369 eum
3447 2314 3613 2386 (mon.
3645 2312 3768 2382 2‘2),

2175 2407 2245 2465 de
2273 2411 2380 2466 lide
2407 2413 2528 2484 περὶ
2569 2417 2662 2466 τοῦ
2709 2408 2882 2482 ὅμοιον
2927 2430 3049 2464 sum
3092 2431 3178 2464 τον
3221 2411 3322 2464 υἱον
3357 2417 3428 2463 τὼ
3456 2410 3618 2482 πατρὶ
3645 2428 3776 2463 κατα

2178 2525 2364 2560 παντα.
2395 2499 2586 2557 referri
2632 2516 2795 2573 posse
2833 2500 3069 2556 arbitror
3117 2542 3126 2552 .
3158 2502 3241 2556 cui
3281 2499 3630 2555 subscribens
3660 2500 3778 2569 ipso

2180 2592 2380 2650 Valens
2407 2608 2530 2650 cum
2578 2595 2632 2648 in
2663 2593 3079 2664 subscriptione
3121 2591 3316 2647 Filium
3346 2591 3494 2647 Patri
3541 2591 3774 2646 similem

2177 2685 2517 2758 repetiisset,
2573 2685 2814 2756 duasque
2853 2685 2972 2739 illas
3009 2684 3224 2740 voculas
3267 2701 3360 2754 per
3387 2686 3562 2738 omnia
3606 2682 3778 2739 subti-

2178 2777 2413 2844 cuisset;
2443 2793 2538 2833 eas
2562 2777 2630 2832 ab
2659 2779 2987 2849 imperatore
3011 2776 3347 2843 Constantio,
3376 2792 3483 2847 quo
3509 2784 3779 2845 praesente

2179 2885 2268 2925 res
2297 2869 2582 2939 agebatur,
2612 2883 2834 2926 coactus
2875 2878 2961 2925 est
3009 2869 3227 2926 addere.
3277 2856 3438 2926 Idem.
3473 2870 3619 2925 enim
3661 2872 3780 2938 ipse

2182 2963 2380 3018 Valens
2419 2964 2808 3036 subscripsisse
2849 2979 2911 3019 se
2938 2965 2987 3020 ei
3018 2972 3274 3020 testatum
3297 2964 3472 3019 voluit
3498 2965 3662 3035 (apud
3706 2963 3777 3018 E-

2180 3058 2392 3130 piphan.
2427 3059 2554 3114 liter.
2606 3074 2792 3127 tutu,
2839 3075 2895 3113 rt.
2928 3059 3043 3122 2‘2),
3093 3068 3157 3132 τῇ
3205 3062 3346 3114 νυκτὶ
3390 3058 3778 3131 tmpus-amicos

2179 3159 2270 3210 τῆς
2312 3151 2648 3212 «incassm;
2697 3168 2710 3205 :
2757 3148 3048 3218 subditque
3091 3148 3444 3218 Epiphanius,
3496 3150 3775 3207 Valentem

482 3241 614 3316 quid
639 3241 713 3300 de
735 3258 801 3300 ea
848 3258 906 3299 re
938 3241 1071 3298 mihi
1101 3241 1309 3297 venerit
1339 3242 1393 3297 in
1441 3249 1698 3310 mentem,
1744 3241 1800 3301 in
1839 3243 2074 3298 medium
2099 3239 2146 3302 C
2179 3240 2359 3298 statim
2407 3250 2568 3310 attpte
2610 3255 2641 3297 a
2696 3255 2758 3298 se
2805 3239 3110 3312 subscripta
3159 3250 3262 3307 est,
3306 3249 3613 3313 correptam
3655 3255 3777 3296 eam

487 3338 792 3409 proteram,
853 3345 1063 3392 certum
1121 3344 1206 3391 est
1266 3335 1646 3405 imperatorem
1705 3335 2076 3391 Constantium

484 3443 702 3484 omnem
741 3427 978 3483 movisse
1026 3426 1286 3497 lapidem,
1335 3441 1444 3498 quo
1481 3424 1809 3482 dissidentes
1855 3432 1908 3482 in
1955 3427 2080 3482 reli-

488 3522 646 3592 ginne
676 3519 960 3591 opiniones
987 3527 1360 3588 componeret.
1408 3519 1606 3576 Votum
1634 3519 1864 3592 dum_se
1907 3520 2077 3575 facilis,

488 3589 650 3668 nimis
677 3589 947 3669 bierettcis
975 3612 1243 3683 praebens,
1275 3627 1398 3683 qua:
1442 3612 1536 3668 Dei
1577 3622 1704 3669 sunt
1741 3589 1927 3668 Caesar
1967 3613 2079 3681 ipse

417 3690 423 3694 ’
489 3715 724 3762 tractare
750 3704 933 3762 audet.
971 3724 990 3758 ι
1020 3705 1072 3760 in
1098 3704 1330 3776 simplici
1357 3712 1414 3760 et
1451 3705 1696 3760 absoluta
1736 3704 2019 3777 religione,
2057 3726 2074 3758 ι

487 3799 664 3872 inquit
683 3801 997 3856 Ammianus
1027 3797 1168 3873 (Lib.
1202 3798 1323 3872 ut)
1354 3815 1376 3851 ς
1425 3798 1714 3855 scrutanda
1751 3799 2080 3870 perplexiol‘,

486 3909 650 3967 quam
689 3893 1061 3968 componenda
1106 3893 1380 3965 gravior,
1425 3893 1541 3964 ipsa
1588 3893 1723 3948 aluit
1761 3880 2084 3964 adauxitque

485 3986 732 4044 dissidia.
769 4003 790 4040 ι
823 3986 1034 4056 Quibus
1063 3997 1126 4044 ut
1157 3986 1458 4044 remedium
1477 3987 1702 4043 tandem
1743 3986 1959 4056 aliquod
1989 3985 2085 4042 ad-

488 4079 731 4147 hiberet,
757 4081 1152 4140 tecumenicam
1175 4081 1442 4153 synodum
1479 4095 1675 4152 cogere.
1700 4079 1940 4136 decretit
1960 4081 2088 4152 (So-

489 4182 622 4226 zam.
655 4172 694 4226 ι.
727 4188 803 4238 tv,
831 4190 880 4226 c.
909 4172 1023 4243 16).
1054 4172 1278 4229 Litteris
1305 4173 1468 4244 igitur
1488 4171 1557 4227 ad
1577 4173 1838 4228 Basilium
1880 4171 2082 4244 Anqui-

488 4264 727 4318 ritanuut
783 4264 1101 4336 episcopum
1165 4264 1369 4328 missis,
1429 4262 1738 4320 Orientales
1802 4266 2088 4336 episcopos

484 4359 666 4425 jubet,
695 4367 754 4410 ut
784 4355 964 4412 locum
993 4357 1338 4414 celebranda:
1377 4357 1587 4426 synodo
1633 4368 1816 4429 aptum
1841 4369 1898 4415 et
1938 4374 2088 4416 com-

489 4449 712 4505 modum
741 4452 1130 4523 perspicerent.
1166 4451 1364 4509 Verum
1413 4467 1538 4508 cum
1570 4454 1712 4510 inter
1753 4468 1849 4510 eos
1890 4469 2088 4511 convc-

2184 3329 2342 3387 ﬁdem
2370 3332 2676 3390 Ariminum
2705 3346 2890 3389 secum
2922 3331 2988 3387 ad
3024 3333 3289 3405 synodum
3317 3331 3598 3388 detulisse.
3627 3331 3777 3389 Scri-

2183 3432 2273 3494 pta
2295 3434 2377 3480 est
2401 3441 2531 3497 ergo
2553 3441 2614 3482 ea
2649 3426 2804 3490 ﬁdes,
2835 3442 2958 3497 qua:
2986 3442 3084 3498 per
3108 3428 3286 3484 omnia
3319 3425 3514 3482 Filium
3544 3425 3776 3484 similem

2184 3517 2327 3572 Patri
2355 3520 2570 3586 asserit,
2599 3535 2667 3575 eo
2709 3529 2952 3590 tempore
2998 3535 3109 3592 quo
3149 3520 3389 3592 synodus
3417 3511 3779 3577 Ariminensis

2181 3621 2301 3666 aeta
2344 3619 2448 3679 est,
2496 3609 2549 3666 id
2577 3623 2680 3676 est,
2718 3613 2953 3668 Eusebio
2980 3620 3036 3668 et
3064 3612 3296 3686 Hypatio
3323 3614 3478 3669 Coss.
3507 3613 3560 3670 iu
3591 3615 3773 3685 vigilia

2187 3711 2544 3773 pentecostes,
2595 3704 2646 3760 id
2672 3714 2758 3760 est
2794 3720 2846 3760 λι
2899 3707 3000 3762 cal.
3032 3707 3151 3776 juu.
3202 3704 3482 3778 Siquidem
3537 3705 3602 3762 iis
3630 3720 3754 3762 coss

2185 3794 2276 3866 qui
2301 3792 2504 3850 Christi
2533 3794 2641 3851 3.59
2669 3811 2842 3852 annus
2870 3805 2978 3863 cst,
3034 3796 3159 3852 luna
3191 3811 3302 3864 λιν,
3333 3798 3388 3853 in
3436 3811 3492 3854 tv
3526 3795 3634 3853 cal.
3657 3811 3758 3867 apr

2188 3885 2480 3952 incidente,
2511 3887 2817 3943 Veneranda
2849 3886 3292 3945 Resurrcctiouis
3333 3889 3620 3946 dominica:
3662 3889 3782 3947 dies

2191 3977 2329 4048 prid.
2380 3992 2509 4034 non.
2538 3978 2779 4049 ejusdem
2812 3980 3036 4042 mensis,
3080 3981 3353 4038 missionis
3395 3984 3571 4040 sancti
3613 3981 3774 4054 Spiri~

2189 4077 2275 4124 tus
2335 4084 2369 4124 χ
2409 4069 2511 4125 cal.
2537 4070 2656 4141 juu.
2707 4070 2884 4128 littera
2916 4087 2992 4140 c.,
3040 4071 3151 4130 diei
3201 4071 3496 4132 Dominicis:
3540 4083 3690 4141 nota,
3737 4075 3785 4130 si

2191 4170 2318 4218 tunc
2341 4176 2441 4216 usu
2463 4171 2678 4236 recepta
2702 4165 3022 4232 exstitisset,
3051 4163 3338 4222 celebrata:
3359 4175 3504 4222 sunt.

2271 4370 2360 4426 14.
2394 4368 2743 4443 Epitogus.—
2770 4371 2995 4428 Videtur
3021 4386 3173 4440 ergo,
3209 4381 3270 4428 ut
3288 4379 3398 4428 tota
3424 4371 3540 4430 haec
3565 4373 3786 4432 conclu-

2191 4462 2350 4518 datur
2375 4460 2696 4532 disputatio,
2747 4462 2881 4521 ﬁdes
2922 4479 3044 4537 quae
3071 4463 3265 4520 Filium
3307 4464 3450 4522 Patri
3481 4481 3576 4537 per
3603 4468 3787 4524 omnia

493 4541 616 4634 nire
653 4557 762 4598 non
793 4550 1000 4610 posset,
1027 4542 1151 4599 aliis
1177 4543 1342 4600 alium
1389 4545 1824 4616 prtcl'erentibus,
1858 4546 2089 4605 Basilius
2193 4555 2424 4610 similem
2471 4554 2775 4625 proﬁtetur,
2823 4558 3026 4628 scripta
3069 4556 3276 4623 Sirmii,
3312 4573 3421 4615 non
3453 4557 3631 4634 habua
3675 4557 3791 4616 dis-

498 4632 567 4688 ad
593 4635 999 4706 imperatorem,
1028 4652 1120 4706 qut
1149 4645 1262 4692 tum
1292 4637 1476 4694 Sirmii
1509 4637 1650 4696 forte
1673 4637 1926 4705 dexebat,
1962 4655 2089 4710 pro-
2120 4637 2167 4697 Ι)
2193 4648 2486 4719 quisitione
2516 4650 2569 4704 in
2618 4647 2822 4706 celebrt
2863 4651 3246 4720 episcoporum
3291 4632 3542 4714 concilio,
3589 4649 3687 4706 sed
3734 4650 3789 4707 in

496 4727 668 4785 fectus
692 4737 798 4794 est,
827 4729 1011 4801 ibique
1033 4743 1162 4802 eum
1191 4731 1330 4786 alios
1350 4732 1615 4802 quosdam
1656 4734 1881 4805 privatis
1927 4749 2093 4806 nego-

499 4821 591 4879 tiis
618 4824 669 4878 in
699 4824 958 4880 comitatu
1004 4823 1277 4890 detentus,
1309 4835 1424 4881 tutu
1455 4825 1692 4883 Marcum
1719 4826 2089 4896 Arethusium,

497 4914 791 4986 Georgium
829 4915 1174 4972 Alexandrirc
1203 4917 1518 4990 episcopum
1561 4929 1620 4976 et
1662 4918 1940 4977 Valentem
1969 4936 2091 4977 eum

500 5009 613 5064 suis
655 5005 900 5064 oﬂertdit.
946 5007 1100 5065 Tunc
1149 5009 1310 5081 igitur
1352 5011 1425 5067 illi
1471 5011 1794 5066 Arianorum
1820 5015 2096 5086 eoryphmi

501 5109 646 5156 inter
694 5117 757 5157 se
785 5115 892 5170 quo
918 5109 1076 5171 pacto
1106 5101 1266 5157 iidem
1298 5101 1569 5159 Nicetium
1598 5105 1976 5161 subverterent
1999 5121 2092 5161 ca-

503 5191 611 5264 pita
636 5192 1003 5260 conferentes,
1031 5197 1099 5249 ab
1121 5195 1447 5265 imperatore
1468 5199 1758 5268 impetrant
1777 5212 1832 5254 ιιι
1856 5200 2095 5272 synodus

505 5287 826 5342 universalis
852 5285 1044 5342 Nicmae
1075 5287 1341 5358 Bithyniae
1370 5290 1594 5360 indicta,
1628 5306 1952 5364 propterque
1979 5311 2098 5364 ejus

507 5377 656 5433 urbis
683 5377 889 5434 cladem
935 5392 1093 5436 terris
1127 5389 1276 5435 motu
1307 5392 1588 5453 acceptam
1632 5385 1794 5440 dilata
1821 5386 2093 5443 dividere-

507 5482 648 5527 tur.
696 5469 1108 5543 Orientalestjue
1163 5477 1449 5548 epismpos
1506 5479 1804 5536 Sch-uuam
1857 5481 2095 5546 lsaurnn,

504 5561 882 5622 Occidentales
929 5582 1061 5623 vero
1106 5569 1406 5626 Ariminum
1456 5575 1738 5628 convocari
1786 5586 2088 5646 procurant.

507 5655 663 5714 Hunc
706 5660 1078 5731 episcoporum
1111 5664 1429 5720 Arianorum
1454 5672 1506 5721 in
1547 5671 1805 5723 comitatu
1837 5685 2094 5738 congres-

508 5768 629 5809 sum
683 5752 916 5812 Eusehio
955 5768 1008 5813 ct
1053 5757 1282 5831 Hypatio
1325 5761 1636 5819 consulibus
1682 5767 1991 5836 contigisse,
2044 5765 2094 5820 id

507 5857 616 5908 cst.
648 5861 712 5903 eo
741 5848 856 5919 ipso
875 5865 1019 5905 anno
1048 5868 1155 5921 quo
1188 5853 1291 5908 illa;
1320 5853 1511 5926 synodi
1561 5864 1696 5912 atta:
1738 5867 1881 5912 sunt.
1934 5874 2095 5914 neruo

2196 4740 2421 4798 fortuito
2445 4757 2745 4812 paucorum
2776 4758 3077 4816 congressu
3105 4760 3288 4801 coram
3320 4744 3649 4814 imperatore
3679 4743 3792 4802 dis-

2198 4835 2472 4905 putatione
2493 4845 2611 4892 orta
2632 4853 2648 4900 ;
2673 4853 2780 4892 non
2807 4838 2858 4892 in
2884 4838 3060 4907 aliqua
3085 4839 3306 4895 basilica
3328 4847 3422 4893 aut
3438 4839 3792 4900 ωιὺιιιςοιθεο

2197 4928 2250 4984 in
2279 4945 2387 5000 quo
2413 4929 2656 4986 solerent
2681 4930 2872 5003 synodi
2915 4929 3126 4999 haberi,
3156 4932 3249 4986 Sed
3284 4932 3336 4988 in
3369 4934 3582 5002 privato
3621 4934 3795 5005 impe-

2198 5025 2394 5079 ratoris
2419 5022 2700 5093 cubiculo;
2735 5041 2841 5081 non
2874 5028 3067 5095 Sergio
3095 5037 3150 5083 et
3186 5025 3463 5095 Nigriano,
3516 5027 3601 5083 vel
3647 5025 3793 5085 Con-

2199 5119 2401 5173 stantio
2445 5133 2498 5174 ts
2563 5125 2620 5174 et
2659 5117 2879 5176 Juliano
2915 5135 2972 5175 ιι
3029 5119 3368 5187 consulibus,
3409 5135 3516 5191 quo
3545 5130 3795 5193 tempore

2198 5210 2514 5267 Sirmiensis
2569 5212 2810 5284 synodus
2849 5211 3029 5270 habita
3068 5212 3290 5272 dicitur.
3341 5214 3439 5269 sed
3484 5229 3538 5270 ιι
3579 5214 3792 5270 calend.

2196 5319 2314 5375 juu.
2345 5301 2583 5362 Eusebio
2607 5316 2663 5362 et
2699 5304 2934 5377 Hypatio
2973 5321 3119 5370 coss.
3151 5321 3262 5379 quo
3307 5308 3469 5363 etiam
3517 5308 3606 5363 die
3650 5307 3796 5365 idem

2205 5401 2322 5466 ipse
2354 5397 2649 5466 imperator
2679 5399 2882 5454 Strmto
2926 5397 3072 5468 leges
3113 5414 3206 5454 xrv
3258 5410 3315 5454 et
3337 5415 3405 5454 sv
3453 5400 3523 5455 de
3551 5401 3710 5456 Prast.
3741 5410 3800 5456 et

2203 5487 2410 5555 Qua'st.
2437 5487 2572 5543 L'od.
2605 5488 2706 5544 Th.
2742 5488 2808 5544 ad
2838 5491 3098 5546 Senatum
3149 5493 3312 5546 misit.
3345 5492 3524 5558 Quare
3556 5509 3661 5547 non
3695 5494 3800 5549 nti-

2204 5597 2322 5638 rum
2371 5589 2456 5637 est
2499 5584 2546 5637 st
2597 5582 2917 5637 Athanasius
2963 5581 3081 5650 (lib.
3116 5587 3179 5640 de
3211 5584 3416 5657 Synod.
3449 5604 3502 5654 p.
3532 5587 3661 5654 875)
3706 5602 3801 5642 eo-

2207 5691 2348 5738 rum.
2394 5692 2482 5747 qtu
2528 5677 2792 5747 ejusmodi
2841 5679 3000 5733 iidem
3051 5682 3402 5749 scripserunt,
3437 5682 3798 5740 temeritatem

2205 5776 2440 5839 csagttct
2484 5785 2497 5823 :
2557 5786 2575 5820 t
2612 5785 2704 5840 qut
2753 5786 2878 5824 cum
2934 5787 3040 5826 non
3090 5772 3192 5827 nisi
3223 5782 3332 5829 tres
3358 5782 3452 5830 aut
3481 5783 3730 5845 quatuor,
3775 5795 3795 5830 ι

2210 5864 2398 5931 inquit,
2445 5873 2693 5921 cessi-nt.
2743 5885 2755 5913 ι
2807 5869 2884 5916 lin
2933 5880 3039 5934 quo
3085 5863 3301 5937 quidem
3351 5882 3465 5925 rem
3507 5877 3798 5936 extenuat;
