4464 6522
911 347 1016 403 899

1797 353 1859 409 IN
1901 353 2327 412 FRAGMENTA
2367 351 2614 411 διλιλτι
2652 353 2910 413 ιιιιΑιιιι
2941 358 3246 417 EI’ISCOPI

4116 360 4231 415 non

906 484 1114 538 Septem
1145 472 1290 528 enim
1319 471 1398 529 vel
1428 482 1553 530 octo
1579 473 1656 546 (α)
1685 474 1929 548 aderant)
1971 495 1988 527 ι
2027 477 2140 531 ausi
2165 487 2282 530 sunt
2319 484 2495 529 tamen
2529 477 2577 536 Α
2679 475 2764 532 l7.
2795 478 2969 534 Altera
2997 479 3309 534 collationis
3340 496 3480 550 pars.
3522 510 3594 520 —
3615 477 3853 540 Caetera.
3901 493 4030 549 qua:
4080 478 4224 532 alte-

911 566 1113 636 regula:
1141 565 1262 624 lidei
1294 567 1546 624 consules
1588 569 1810 639 addere,
1844 568 1984 640 quod
2016 571 2240 626 trecenti
2268 580 2320 624 et
2349 575 2496 624 octo-

907 658 1083 716 decim
1114 674 1292 730 patres
1321 659 1521 718 Nicaani
1571 675 1678 719 non
1726 661 1984 720 fecerant.
2019 683 2038 717 ι
2092 660 2197 722 δρᾶ
2245 661 2359 718 lure
2387 661 2498 718 for-

909 761 1054 810 tasse
1101 753 1270 810 iusius
1317 771 1478 828 quant
1527 757 1776 829 epistola:
1819 757 1905 814 vel
1939 753 2272 831 prmfationis
2309 755 2502 812 modus

913 848 1149 918 patiatur
1181 866 1194 904 :
1245 849 1450 922 reliqua
1481 851 1637 907 nobis
1682 852 1919 908 breviter
1960 850 2321 925 percurrenda
2351 859 2498 907 sunt.

986 941 1071 999 15.
1107 944 1362 1016 Epistula:
1393 945 1530 1017 (qua:
1583 966 1716 1003 nunc
1751 948 2030 1019 conﬁciunt
2055 951 2396 1022 fragmentum
2426 945 2501 1017 vt)

912 1034 1111 1095 Liberii
1159 1039 1219 1094 Ρ.
1263 1037 1474 1110 R.qu;e
1517 1038 1644 1096 huic
1691 1039 1954 1097 Germinii
2006 1039 2306 1112 subjunctze
2353 1047 2499 1104 sunt,

911 1145 1035 1186 cum
1083 1131 1513 1202 praecedentibus
1560 1150 1660 1191 nec
1704 1142 2046 1205 argumento.
2113 1151 2213 1189 nec
2259 1141 2502 1204 tempore

912 1233 1328 1284 connectuntur.
1360 1227 1440 1283 Ad
1470 1243 1629 1300 quam
1674 1236 1853 1283 tamen
1905 1226 2226 1284 Arianorum
2264 1226 2503 1282 historiae

908 1330 1116 1390 partem
1139 1328 1405 1389 spectent,
1434 1321 1558 1391 quia
1588 1321 1953 1378 exaetissimis
1983 1319 2089 1375 illis
2115 1317 2505 1376 ecclesiasticis

914 1410 1214 1470 Annalibus
1241 1414 1466 1471 intexta:
1507 1424 1654 1480 sunt,
1685 1415 1732 1470 si
1761 1413 1944 1471 dicere
1972 1413 2323 1486 supersedeo.
2368 1421 2505 1469 tent-

913 1510 1066 1581 poris
1091 1519 1147 1565 et
1170 1509 1378 1566 chartae
1419 1509 1802 1583 compendium
1831 1509 2029 1566 fecero.
2074 1507 2186 1565 lloc
2211 1524 2375 1564 unum
2405 1506 2505 1562 ad-

915 1602 1045 1660 dere
1069 1603 1298 1660 sut‘llciet
1334 1619 1401 1660 ex
1431 1605 1612 1661 verbis
1657 1603 1842 1660 Hilarii
1873 1619 1995 1676 qtue
2037 1601 2234 1660 Liberii
2263 1601 2505 1674 cpistola:

915 1698 982 1752 ad
1005 1698 1312 1755 Orientales
1337 1699 1628 1770 episc0pos
1653 1699 1870 1756 adtexta
1902 1708 2029 1756 sunt
2057 1697 2298 1771 (Fragnt.
2346 1713 2420 1762 vt,
2449 1714 2503 1752 ιι.

915 1794 972 1858 li,
1001 1794 1084 1847 cui
1113 1791 1354 1865 formula:
1377 1793 1732 1866 subscripserit
1758 1791 2039 1863 Liberius),
2073 1791 2244 1850 videri
2267 1793 2504 1865 regulam

2606 587 2720 626 ram
2767 574 2931 629 veluti
2975 574 3352 630 collectionem
3407 573 3582 631 facere
3630 574 3903 638 videntur,
3954 570 4228 644 quamvis

2606 661 2660 718 in
2708 663 2900 721 codice
2942 681 3106 722 manu
3148 668 3392 738 scripto,
3438 683 3505 723 ex
3563 684 3674 738 quo
3718 667 3818 722 ista
3875 662 4222 735 transcripta

2601 767 2747 825 sunt,
2797 758 2904 814 illis
2951 774 3074 829 qua:
3117 759 3474 830 explicuimus
3507 759 3793 830 praeposita
3826 759 4102 830 legantur,
4145 770 4221 811 ex

2603 849 2793 907 eodem
2838 859 3015 907 tatnen
3063 852 3122 908 Β.
3173 851 3358 908 llilarii
3402 867 3566 922 opere
3610 857 3866 922 excerpta
3914 865 4069 914 esse,
4127 847 4220 904 vel

2605 943 2730 1000 binc
2757 943 3031 1017 conjicere
3059 945 3210 1011 licet,
3236 944 3379 1017 quod
3409 945 3569 1002 verba
3600 945 3840 1002 auctoris
3865 943 4009 1001 unde
4049 959 4218 999 sum-

2605 1047 2692 1110 pta
2725 1049 2874 1102 sunt,
2901 1040 3110 1112 aliquot
3152 1041 3286 1096 locis
3316 1041 3447 1112 ipsis
3480 1041 3614 1096 actis
3661 1039 3924 1108 immixta,
3953 1036 4216 1106 ejusdem

2601 1132 2929 1188 sanctissimi
2956 1132 3288 1190 confessoris
3319 1133 3536 1204 phrasin
3567 1133 3882 1198 exhibeant,
3927 1142 3985 1188 et
4014 1133 4212 1188 ontuia

2605 1221 2718 1280 fere
2747 1225 2814 1280 ad
2845 1223 3108 1298 synodum
3139 1225 3561 1292 Ariminensem,
3591 1225 3662 1282 de
3695 1243 3800 1298 qua
3828 1222 4110 1298 prmcipue
4155 1227 4214 1281 in

2604 1331 2672 1373 eo
2699 1318 2814 1388 ipso
2846 1317 3177 1376 tractabatur
3195 1334 3384 1390 opere,
3413 1329 3682 1392 spectent.
3711 1322 3764 1376 in
3791 1322 3992 1391 quibus
4019 1332 4211 1376 tamen

2605 1407 2914 1481 digerendis
2959 1425 3070 1467 non
3112 1413 3352 1468 exactior
3396 1411 3530 1469 ordo
3573 1428 3753 1468 rerum
3798 1413 3878 1468 vel
3913 1414 4210 1483 temporis,

2606 1516 2767 1573 quam
2795 1502 2848 1558 in
2877 1505 3272 1572 superioribus,
3301 1504 3621 1562 observatos
3649 1515 3754 1563 est.

2683 1599 2766 1656 l8.
2801 1597 3070 1656 Parisiaca
3089 1601 3318 1672 synodus
3347 1619 3482 1657 nunc
3514 1604 3648 1674 frag.
3682 1601 4008 1659 xL—Porro
4039 1601 4210 1658 tidem

2610 1691 2756 1748 illaut
2787 1708 2907 1764 quze
2937 1695 3081 1764 apud
3113 1693 3380 1752 Fariseam
3422 1699 3675 1753 civitatem
3703 1700 3946 1772 exposita
3979 1699 4212 1768 dicitur,

2611 1783 2838 1842 Luteti-.c
2864 1785 3196 1846 Parisiorum
3225 1789 3483 1860 scriptam
3532 1791 3698 1848 fuisse
3740 1792 3995 1860 arbitror,
4042 1804 4215 1865 atque

915 1885 1065 1953 ﬁdei,
1095 1902 1255 1957 quam
1303 1886 1504 1944 Sirmio
1543 1904 1571 1941 a
1619 1888 1829 1961 synodo
1870 1888 1937 1944 ad
1981 1889 2241 1946 ecclesias
2285 1887 2505 1943 missam
2539 1880 2586 1943 B
2612 1877 2665 1933 in
2692 1879 2810 1949 eius
2835 1880 3152 1954 epiaraphe.
3195 1881 3338 1954 apud
3367 1881 3628 1938 Parisios»
3662 1885 3914 1940 civitatem
3957 1886 4063 1958 legi
4111 1885 4218 1942 dc-

913 1994 1072 2051 supra
1103 1979 1358 2049 diximus,
1388 1981 1457 2037 ab
1482 1982 1674 2037 eodem
1719 1980 1936 2037 Liberio
1980 1981 2142 2037 ttedio
2186 1980 2330 2037 exilii
2359 1980 2502 2036 desi-

912 2074 1174 2148 deiioque
1209 2076 1358 2133 sedis
1379 2092 1492 2133 suae
1519 2077 1829 2147 prarfracto,
1859 2075 2312 2149 quemadmodum
2343 2091 2372 2128 a
2402 2089 2506 2131 cae-

912 2170 1044 2225 teris
1071 2169 1164 2243 qui
1188 2169 1529 2239 imperatoris
1551 2168 1852 2226 Constantii
1883 2167 2154 2225 violentizc
2197 2174 2503 2234 cesserant,

909 2262 1305 2335 subscriptione
1352 2263 1632 2335 probatam
1684 2262 1889 2318 fuisse:
1924 2271 1982 2317 ut
2014 2276 2120 2316 non
2158 2259 2380 2315 omnino
2409 2275 2503 2310 va-

911 2371 1012 2410 nus
1055 2355 1323 2412 exstiterit
1368 2370 1578 2423 rumor,
1639 2371 1797 2426 quem
1841 2355 2074 2411 Arianos
2121 2351 2505 2410 dissentinasse

913 2451 1248 2504 Sozomenns
1291 2447 1355 2519 (ι.
1402 2463 1475 2515 tv,
1528 2465 1572 2502 c.
1626 2448 1717 2518 Η)
1766 2447 2025 2519 scriptum
2068 2445 2304 2518 reliquit,
2345 2444 2501 2500 Pont.

912 2539 978 2595 Β.
1014 2541 1067 2596 in
1114 2541 1422 2611 opinionem
1452 2540 1911 2598 Anommanoruut
1953 2538 2236 2596 defecisse.
2267 2536 2386 2606 Quo
2410 2555 2506 2592 uo-

907 2635 1054 2689 mine
1075 2643 1258 2689 noster
1287 2633 1523 2690 Hilarius
1551 2645 1689 2689 aestu
1720 2633 1842 2689 lidei
1871 2634 2128 2705 abreptus
2157 2634 2255 2704 ipsi
2282 2631 2505 2688 Liberio

910 2730 1057 2783 velut
1085 2732 1347 2801 apostatze
1386 2743 1450 2784 ac
1482 2729 1882 2799 praevaricatori
1911 2727 2206 2784 Anatltema
2236 2727 2504 2794 impingit.

913 2822 979 2876 Et
1005 2838 1134 2877 sane
1166 2837 1274 2878 non
1302 2823 1404 2877 alia
1432 2823 1606 2892 potuit
1630 2836 1753 2878 esse
1795 2821 1886 2877 illa
1914 2821 2068 2890 ﬁdes,
2103 2836 2261 2891 quam
2292 2821 2507 2876 Narcis-

907 2931 1025 2982 Sus,
1065 2914 1409 2977 Theodorus.
1459 2916 1758 2985 Eudoxius,
1813 2915 2182 2988 Demophilus,
2228 2923 2281 2970 et
2322 2915 2504 2970 cmteri

909 3011 985 3067 illi
1021 3010 1326 3069 temeritate
1350 3025 1511 3085 atque
1537 3011 1756 3082 perlidia
1790 3012 1930 3068 inter
1950 3010 2180 3073 Arianos
2205 3009 2502 3081 conspicui.

909 3114 962 3162 ul
1011 3103 1148 3163 infra
1192 3105 1519 3173 videbimus,
1564 3106 1907 3161 dictaverint.
1959 3103 2098 3162 lliuc
2134 3104 2295 3160 etiam
2344 3102 2506 3159 disci-

910 3218 1055 3268 utut,
1084 3200 1238 3273 cujus
1265 3200 1376 3256 sint
1405 3200 1665 3265 auctoris,
1710 3208 1765 3256 et
1794 3209 1901 3270 quo
1931 3199 2237 3270 pertineant
2284 3197 2503 3253 nomina

2609 1972 2740 2032 bere
2767 1975 3019 2046 conjicio.
3046 1974 3165 2032 1am
3194 1977 3340 2034 enim
3379 1987 3508 2035 tunc
3535 1978 3778 2036 obsoleta
3823 1979 3934 2037 fere
3974 1978 4217 2036 Lutetia:

2609 2069 2974 2140 appellatione
3006 2067 3111 2126 ltoc
3155 2086 3351 2128 nomen
3390 2072 3478 2128 illa
3507 2072 3699 2131 civitas
3725 2073 3998 2132 audiebat.
4045 2071 4215 2130 Zosi-

2614 2177 2736 2218 mtts
2763 2161 2835 2236 (c)
2860 2181 2925 2220 ea
2962 2172 3123 2222 atate
3153 2181 3262 2222 non
3303 2166 3478 2222 multo
3517 2166 3741 2224 inferior
3768 2167 3836 2224 de
3873 2165 4094 2224 Juliauo
4126 2168 4216 2224 lo-

2615 2268 2786 2328 quens
2811 2256 3038 2315 Lutetia:
3063 2257 3337 2317 hiemante
3356 2261 3438 2317 sic
3462 2261 3948 2327 scribit,‘toulm3
3973 2262 4032 2320 δέ
4056 2265 4116 2320 ἓν
4137 2273 4217 2337 τῷ

2611 2356 2836 2429 Ιιαρισίῳ
2861 2394 2877 2419 ,
2928 2358 3210 2433 Γερμανίας
3244 2352 3297 2412 δι
3349 2351 3486 2416 αὕτη
3523 2356 3744 2430 πολίχνη
3769 2399 3785 2424 ,
3830 2355 4214 2435 διατρίϐοντος.

2608 2445 2866 2511 Quamvis
2895 2446 3040 2503 enim
3073 2445 3192 2517 ejus
3221 2445 3368 2504 urbis
3398 2457 3524 2505 tunc
3561 2463 3669 2506 non
3703 2463 3766 2506 ea
3813 2446 3974 2507 fuerit
4013 2451 4218 2522 ampli-

2609 2538 2736 2594 tudo
2780 2539 2863 2593 vel
2893 2541 3125 2596 notttinis
3168 2541 3408 2607 claritas,
3459 2543 3510 2597 in
3561 2559 3722 2612 quam
3771 2551 3954 2613 postea
4007 2559 4210 2616 regum

2609 2631 3196 2688 Cltristianissimorunt
3226 2635 3657 2706 frequentatione
3681 2636 4098 2707 studiorumque
4117 2655 4216 2696 ce-

2612 2723 2858 2780 lebritate
2877 2733 3062 2781 evecta
3092 2735 3197 2793 est,
3241 2726 3407 2782 intmo
3436 2741 3566 2784 vero
3589 2729 3860 2804 πολίχνην,
3891 2737 3949 2786 et
3973 2730 4047 2787 ab
4074 2731 4216 2788 Ant-

2609 2816 2792 2871 miano
2821 2817 2936 2890 (tib.
2964 2833 3057 2886 xv,
3089 2835 3138 2874 c.
3180 2815 3270 2892 ll)
3299 2818 3586 2877 castellum
3612 2817 3817 2878 ambitu
3847 2817 4073 2878 insulari
4100 2823 4217 2880 cir-

2607 2909 2946 2966 cnmclusum
2997 2917 3202 2967 tantum
3249 2909 3358 2968 dici
3401 2911 3712 2973 rideamus:
3745 2923 3804 2970 ut
3845 2927 3964 2986 quia
4013 2912 4216 2972 insula:

2607 2998 2756 3057 ﬂuvii
2802 3002 3063 3074 Sequana
3109 3001 3310 3058 ambitu
3356 3003 3774 3075 comprehensa,
3824 3014 3880 3060 et
3925 3007 4214 3077 utrimque

2606 3093 2847 3150 subliciis
2896 3093 3149 3164 pontibus
3195 3096 3492 3153 continenti
3545 3097 3730 3168 juncta
3763 3137 3780 3164 ,
3832 3099 3922 3154 vix
3965 3099 4214 3155 mediam

2607 3194 2816 3254 partem
2845 3186 2964 3256 ejus
2990 3186 3228 3258 regionis
3269 3186 3746 3260 complecteretur,
3793 3205 3915 3262 quae
3960 3192 4215 3249 civitatis

905 3293 998 3350 illa
1044 3281 1444 3359 hereticorum,
1493 3307 1615 3364 qum
1663 3291 1788 3347 ltuic
1832 3291 2034 3348 Liberii
2081 3291 2147 3347 ad
2196 3288 2501 3346 Orientales
2527 3277 2575 3344 C
2605 3294 2800 3335 nomen
2831 3280 2934 3337 sibi
2981 3281 3251 3351 peculiare
3305 3283 3466 3340 fecit:
3515 3287 3641 3343 ctuti
3691 3294 3868 3343 tamen
3915 3288 4212 3357 temperie,

902 3385 1151 3459 epistola:
1193 3385 1434 3443 subnexa
1477 3401 1602 3443 esse
1650 3385 1704 3440 in
1755 3399 1856 3441 stto
1901 3383 2090 3440 codice
2134 3379 2504 3439 nobilissimus

903 3479 1178 3535 annalium
1207 3479 1439 3549 scriptor
1466 3477 1675 3532 notavit
1703 3476 1794 3547 (ad
1819 3493 1908 3530 an.
1938 3476 2067 3543 557,
2092 3492 2147 3529 rt.
2175 3470 2268 3544 '54)
2299 3490 2313 3528 :
2344 3480 2404 3529 tit
2447 3482 2504 3529 et

901 3573 994 3628 illa
1025 3571 1186 3626 verba
1219 3572 1273 3627 in
1322 3569 1473 3626 calce
1501 3569 1778 3642 sequentis
1803 3567 2046 3638 ejusdem
2076 3567 2345 3638 pontiﬁcis
2376 3567 2497 3635 epi-

907 3669 1064 3723 stolae
1093 3665 1160 3722 ad
1191 3664 1497 3732 Ursaciutn,
1530 3663 1809 3719 Valentem
1837 3672 1894 3718 et
1919 3661 2258 3718 Germittium
2285 3677 2299 3714 :
2332 3657 2502 3716 «Prat-

901 3763 1184 3818 varieatori
1211 3757 1496 3816 anathema
1528 3773 1648 3814 cum
1678 3758 1714 3811 .-\
1726 3757 1888 3812 rianis
1915 3772 1944 3809 a
1974 3771 2060 3811 me
2087 3755 2310 3810 dictum.

970 3857 1060 3912 l6.
1097 3854 1360 3924 Superest
1387 3850 1570 3906 ultima
1601 3849 1759 3921 ltujtts
1785 3847 2122 3903 collectionis
2150 3847 2229 3916 (ὁ)
2270 3845 2498 3916 epistola

896 3949 964 4005 ad
999 3950 1206 4018 legatos
1237 3945 1599 4001 Aritninettsis
1624 3943 1860 3998 concilii.
1893 3940 2008 4009 Ipsa
2053 3951 2235 3994 autem
2267 3947 2352 3994 cst
2396 3937 2497 3994 Se-

898 4046 1288 4100 miarianorutn
1336 4039 1738 4110 episcoporum,
1773 4044 1827 4090 et
1858 4033 2064 4104 majore
2106 4049 2170 4089 ex
2214 4042 2364 4102 parte
2391 4029 2496 4085 Pa—

897 4136 1232 4192 lmstiuorum
1257 4140 1444 4188 contra
1475 4129 1672 4184 .Etinm
1696 4136 2058 4198 cognomento
2086 4124 2313 4194 impium
2335 4131 2497 4192 atque

894 4210 1149 4285 Atlteum.
1197 4226 1383 4284 Ariani
1424 4221 1568 4280 enim
1598 4222 1700 4278 etsi
1732 4233 2020 4290 numquam
2070 4218 2199 4288 ipsis
2248 4216 2390 4271 inter
2436 4229 2497 4270 se

892 4321 1031 4378 bene
1059 4318 1372 4376 convenerit
1408 4316 1520 4388 (qui
1574 4328 1692 4370 mos
1712 4313 1952 4367 omnium
1977 4309 2356 4366 haereticorum
2386 4316 2492 4367 est.

890 4413 996 4469 nisi
1027 4417 1078 4468 in
1106 4427 1172 4470 eo
1199 4421 1258 4467 ιιι
1317 4408 1611 4466 Ecclesium
1656 4404 1858 4460 Chrisn
1903 4401 2263 4474 oppugnent),
2308 4415 2494 4454 succe-

889 4510 1051 4566 dente
1081 4518 1258 4564 tamen
1285 4520 1352 4564 ex
1377 4501 1544 4558 animi
1575 4499 1843 4558 sententia
1871 4497 2224 4552 Ariminensis
2255 4493 2493 4565 perﬁdia:

891 4603 1039 4668 dolo,
1070 4599 1372 4657 conlectum
1416 4595 1516 4651 sibi
1546 4609 1670 4651 cum
1699 4590 1978 4648 catholicis
2024 4590 2300 4660 negotium
2345 4586 2492 4642 arbi-

2607 3372 2748 3445 quod
2777 3374 2939 3431 etiam
2970 3373 3106 3432 licus
3133 3375 3323 3442 aleret,
3372 3376 3625 3448 ﬂuviique
3675 3380 4030 3449 placidissimi
4074 3382 4214 3438 niti-

2606 3464 2921 3538 dissimique
2968 3468 3277 3526 amoenitate
3315 3469 3454 3526 adeo
3493 3481 3645 3539 grata
3688 3483 3743 3528 et
3790 3473 4078 3530 commoda
4107 3473 4214 3532 Ju-

2604 3560 2749 3616 liano
2778 3561 2832 3616 itt
2860 3561 3050 3620 Galliis
3079 3563 3256 3634 agenti
3307 3562 3418 3619 visa
3466 3575 3570 3632 est,
3621 3575 3679 3622 ut
3721 3565 3793 3624 ibi
3841 3568 4212 3628 libentissime

2605 3653 2829 3712 hiberna
2855 3651 3076 3713 duxerit
3102 3657 3382 3730 (Ammian.
3417 3657 3508 3715 tib.
3536 3673 3670 3726 xvtt,
3714 3677 3762 3716 c.
3791 3661 3848 3728 7,
3879 3662 3974 3734 8);
4014 3671 4071 3719 et
4099 3663 4208 3720 int-

2605 3759 2822 3817 perator
2851 3748 2920 3803 ab
2948 3749 3187 3804 exercitu
3219 3750 3272 3805 in
3303 3765 3364 3806 ea
3405 3751 3686 3818 salutatus,
3723 3764 3909 3822 postea
3961 3755 4206 3811 festivis-

2603 3841 2744 3896 simo
2769 3839 2835 3895 ad
2863 3841 3257 3900 Antiocltettses
3283 3845 3487 3915 scripto
3513 3845 3591 3914 (in
3625 3845 3906 3920 Misopog.)
3953 3850 4205 3921 φιλτάτην

2601 3934 2856 4007 πολίχνην
2887 3935 3157 4002 vctzitarit,
3187 3936 3623 4010 elegantiamque
3648 3939 3730 3996 sui
3768 3941 3966 4013 ingenii
3996 3943 4052 3997 in
4085 3947 4208 4015 ipsa

2599 4025 2952 4082 describenda
2983 4035 3260 4086 estcutare
3300 4028 3553 4086 voluerit.
3600 4030 3670 4087 Et
3697 4046 3829 4090 sane
3859 4033 4016 4105 longe
4046 4045 4205 4103 ante,

2598 4117 2742 4174 Jutio
2770 4117 2992 4187 Caesari,
3024 4123 3263 4181 concilio
3291 4123 3590 4182 Galliarum
3635 4125 3861 4197 indicto,
3912 4127 4066 4186 locus
4107 4130 4206 4188 ille

2599 4213 2724 4271 huic
2771 4216 3022 4274 habendo
3063 4219 3209 4275 visus
3278 4217 3454 4276 fuerat
3500 4221 3747 4292 idoneus,
3816 4224 4206 4297 Lntetiamquc

2599 4309 2926 4366 Parisiorum
2994 4311 3285 4368 concilium
3345 4314 3713 4370 transtulerat.
3767 4315 3868 4372 Ubi
3927 4317 4018 4373 ubi
4085 4321 4209 4375 ba~c

2595 4404 2774 4458 habita
2807 4404 2966 4461 fuerit
2987 4405 3246 4478 synodus,
3297 4423 3404 4462 non
3431 4407 3651 4464 dubittm
3696 4417 3781 4463 est
3828 4427 3986 4464 unam
4012 4409 4098 4482 (ά)
4128 4426 4197 4467 ex

2596 4494 2703 4550 illis
2729 4511 2871 4563 esse,
2904 4511 3041 4568 quas
3068 4499 3185 4570 ipse
3215 4498 3450 4555 Hilarius
3489 4500 3789 4556 Constantii
3820 4500 4196 4574 Imperatoris,

2597 4588 2756 4658 paulo
2809 4599 3096 4663 antequam
3125 4605 3192 4646 ex
3223 4591 3357 4648 vivis
3389 4592 3696 4660 decederet,
3737 4593 3915 4650 edicto
3956 4593 4021 4652 ad
4081 4597 4202 4668 epi-

892 4698 1038 4763 trati,
1087 4695 1259 4750 multo
1305 4691 1546 4764 apertius
1587 4684 1952 4760 opinionibus,
1985 4682 2200 4749 animis,
2251 4680 2485 4737 nomini-
2510 4672 2566 4734 D
2588 4691 2870 4750 scopulum
2893 4680 3072 4738 redir’e
3099 4685 3413 4754 permissus.
3445 4685 3532 4739 ubi
3567 4702 3866 4756 pernicitatis
3886 4695 3985 4754 est,
4019 4688 4200 4759 inquit

891 4793 1100 4862 basque
1143 4785 1303 4844 divisi
1351 4784 1532 4841 aerius
1563 4784 1705 4837 inter
1750 4794 1810 4836 se
1854 4777 2133 4850 digladiari
2181 4784 2482 4846 coeperunt.

892 4887 1030 4942 Hinc
1049 4884 1337 4938 factionum
1353 4888 1732 4947 sectarumque
1765 4878 1978 4929 nomina
2010 4873 2180 4937 mille,
2211 4871 2358 4925 mille
2390 4885 2485 4925 tto-

893 4977 1050 5035 ceudi
1098 4975 1350 5031 artilices.
1409 4989 1426 5024 ‹
1467 4971 1626 5026 l’lnra
1671 4969 1886 5024 nomina
1925 4966 2121 5040 (inquit
2169 4964 2484 5021 Ambrosius

889 5074 985 5130 lib.
1037 5089 1051 5127 ι
1108 5071 1171 5125 dc
1210 5068 1312 5138 ﬁde
1349 5087 1402 5122 ιι.
1436 5065 1530 5136 44)
1574 5065 1668 5120 sed
1715 5079 1818 5119 una
1865 5061 2123 5132 perlidia:
2173 5059 2484 5116 inﬁrmitate

888 5182 997 5224 non
1027 5164 1331 5227 dissonans,
1362 5159 1742 5214 communione
1773 5153 2122 5218 discordans;
2169 5167 2276 5208 non
2320 5151 2482 5207 dissi-

887 5258 1033 5313 ntilis
1062 5253 1268 5315 trande.
1301 5251 1396 5309 sed
1425 5250 1751 5321 cogitatione
1779 5245 2034 5302 discreta.
2073 5261 2093 5298 ›
2129 5245 2196 5300 Et
2227 5244 2340 5300 haec
2362 5245 2478 5315 qui-

887 5351 1012 5406 dem
1055 5348 1124 5405 de
1171 5348 1237 5403 iis
1284 5361 1404 5418 qua
1435 5343 1523 5399 bic
1567 5342 1669 5398 sub
1699 5342 1919 5397 nomine
1953 5340 2072 5396 libri
2103 5339 2162 5395 Β.
2197 5338 2384 5396 Hilarii
2410 5338 2480 5395 de

886 5439 1212 5501 Ariminensi
1239 5436 1470 5493 concilio
1500 5435 1642 5491 edita
1666 5431 2030 5490 continentur.

959 5615 1037 5685 (α)
1069 5613 1138 5670 At
1169 5627 1274 5665 non
1306 5610 1371 5685 in
1403 5606 1522 5663 illos
1550 5604 1788 5685 respicit,
1820 5601 1915 5659 sed
1938 5604 1997 5685 in
2032 5601 2335 5685 llrspcium,
2365 5599 2470 5685 ὶξει-

885 5673 1103 5746 lentéttt,
1135 5683 1492 5746 Gel-minium,
1540 5673 1790 5734 Acacium
1837 5685 1889 5730 et
1938 5674 2259 5742 Eudoxinm,
2297 5685 2355 5729 ut
2399 5673 2468 5726 li-

885 5768 1012 5831 quet
1043 5773 1118 5831 ex
1139 5772 1270 5831 pag.‘
1289 5751 1415 5809 8‘59.
1742 5820 1781 5831 ν
1798 5821 1823 5831 Α,
2027 5789 2050 5831 ._
2151 5821 2182 5831 Α

959 5831 1036 5891 (b)
1075 5820 1232 5884 Nunc
1249 5825 1379 5898 frag.
1415 5841 1470 5891 Χ,
1501 5832 1687 5881 contra
1721 5820 1944 5886 KEtium,
1970 5821 2052 5876 vel
2077 5821 2252 5891 potius
2276 5826 2465 5875 contra

893 5916 1026 5970 parti
1047 5919 1071 5954 δ
1106 5899 1304 5954 Acat'li.

2586 4775 2824 4832 Severus
2872 4773 2984 4844 (lib.
3013 4790 3052 4830 tt
3085 4774 3224 4830 Hist.
3279 4776 3482 4847 Satn),
3535 4777 3706 4832 orbem
3760 4795 3886 4848 pene
3935 4790 4197 4838 terrarum

2583 4871 2722 4923 malo
2764 4867 3000 4939 perﬁdia:
3047 4871 3316 4942 infectum,
3350 4872 3427 4926 vir
3459 4883 3645 4926 munra
3677 4873 3806 4928 lenis
3848 4886 3894 4926 et
3925 4873 4192 4943 placidus,

2586 4961 2738 5015 simul
2760 4960 2828 5015 ad
2861 4961 3273 5030 persuadendum
3301 4973 3473 5034 aptus,
3508 4979 3615 5035 quo
3661 4963 3840 5034 elogio
3872 4966 4050 5035 ipsum
4100 4984 4191 5022 or-

2588 5054 2974 5110 ttavitl‘tnﬂnus
2989 5054 3104 5128 (lib.
3134 5072 3150 5110 ι
3184 5055 3322 5112 "ist.
3342 5055 3509 5124 Καί,
3540 5073 3588 5112 c.
3619 5057 3735 5127 5i),
3768 5059 4015 5130 optimum
4044 5061 4191 5130 {actu

2582 5147 2858 5202 arbitratus
2885 5162 3120 5202 revocare
3138 5158 3349 5204 cunctos
3375 5147 3444 5202 ad
3475 5150 3845 5220 pmnitentiam,
3871 5150 4191 5223 frequentes

2586 5241 2638 5296 in
2663 5243 2836 5298 Gallia
2864 5242 3041 5312 coegit
3068 5241 3298 5314 (Sulpic.
3328 5260 3380 5315 ρ.
3405 5242 3554 5313 269.).
3583 5245 3788 5311 Quibus
3817 5246 4071 5301 eﬂectutn
4099 5255 4187 5302 est

2583 5347 2641 5393 ttt
2687 5338 2937 5392 omnibus
2985 5337 3253 5409 episcopis
3299 5336 3369 5394 de
3400 5352 3593 5394 errore
3631 5339 4011 5408 profitentibus
4041 5341 4184 5409 apud

2583 5432 2886 5488 Ariminum
2915 5441 3064 5504 gesta
3103 5432 3443 5502 damnarent,
3488 5435 3882 5507 pristinamqne
3923 5434 4186 5491 Ecclesiis

2646 5599 2719 5672 (c)
2761 5597 2936 5654 Cirsur
2975 5599 3189 5655 hiemem
3239 5598 3379 5668 apud
3441 5595 3670 5654 Parisios
3710 5615 3866 5670 agens
3919 5613 4180 5653 memora-

2579 5683 2684 5728 tur.

2649 5742 2726 5812 ((1)
2774 5742 2905 5799 Ante
2936 5742 3120 5798 llilarii
3169 5743 3222 5799 in
3251 5741 3453 5800 Gallias
3492 5741 3722 5801 reditum
3768 5749 4013 5799 coactam
4053 5756 4179 5798 esse

2573 5816 2936 5874 ostendimus.
