  <div class='ocr_page' id='page_1' title='image "/cluster/home/n/w/nwhite01/storage/ocr_20150623/10/umn.319510024773048/458.png"; bbox 0 0 4464 6482; ppageno 0'>
   <div class='ocr_carea' id='block_1_1' title="bbox 517 375 614 436">
    <p class='ocr_par' dir='ltr' id='par_1_1' title="bbox 517 375 614 436">
     <span class='ocr_line' id='line_1_1' title="bbox 517 375 614 436; baseline -0.041 -1"><span class='ocrx_word' id='word_1_1' title='bbox 517 375 614 436; x_wconf 82' lang='grc'><strong>901</strong></span> 
     </span>
    </p>
   </div>
   <div class='ocr_carea' id='block_1_2' title="bbox 1665 369 2617 436">
    <p class='ocr_par' dir='ltr' id='par_1_2' title="bbox 1665 369 2617 436">
     <span class='ocr_line' id='line_1_2' title="bbox 1665 369 2617 436; baseline -0.002 -2"><span class='ocrx_word' id='word_1_2' title='bbox 1665 369 1940 436; x_wconf 67' lang='grc' dir='ltr'><strong>Νισοωι</strong></span> <span class='ocrx_word' id='word_1_3' title='bbox 1978 373 2188 434; x_wconf 75' lang='lat' dir='ltr'><strong>FABRI</strong></span> <span class='ocrx_word' id='word_1_4' title='bbox 2220 373 2617 435; x_wconf 63' lang='grc' dir='ltr'><strong>ΡΒΑΒΡᾹΊῚΟ.</strong></span> 
     </span>
    </p>
   </div>
   <div class='ocr_carea' id='block_1_3' title="bbox 3708 377 3817 436">
    <p class='ocr_par' dir='ltr' id='par_1_3' title="bbox 3708 377 3817 436">
     <span class='ocr_line' id='line_1_3' title="bbox 3708 377 3817 436; baseline -0.009 0"><span class='ocrx_word' id='word_1_5' title='bbox 3708 377 3817 436; x_wconf 76' lang='lat'><strong>902</strong></span> 
     </span>
    </p>
   </div>
   <div class='ocr_carea' id='block_1_4' title="bbox 519 490 3817 557">
    <p class='ocr_par' dir='ltr' id='par_1_4' title="bbox 519 490 3817 557">
     <span class='ocr_line' id='line_1_4' title="bbox 519 490 3817 557; baseline -0.001 -7"><span class='ocrx_word' id='word_1_6' title='bbox 519 493 679 550; x_wconf 82' lang='lat' dir='ltr'><strong>tidem</strong></span> <span class='ocrx_word' id='word_1_7' title='bbox 721 496 1089 554; x_wconf 70' lang='lat' dir='ltr'><strong>restituerem.</strong></span> <span class='ocrx_word' id='word_1_8' title='bbox 1138 495 1233 553; x_wconf 85' lang='lat' dir='ltr'><strong>llis</strong></span> <span class='ocrx_word' id='word_1_9' title='bbox 1280 496 1441 553; x_wconf 84' lang='lat' dir='ltr'><strong>etiam</strong></span> <span class='ocrx_word' id='word_1_10' title='bbox 1486 504 1544 552; x_wconf 89' lang='lat' dir='ltr'><strong>et</strong></span> <span class='ocrx_word' id='word_1_11' title='bbox 1590 495 1926 552; x_wconf 71' lang='lat' dir='ltr'><strong>Virturinum</strong></span> <span class='ocrx_word' id='word_1_12' title='bbox 1960 492 2110 550; x_wconf 79' lang='lat' dir='ltr'><strong>Pari-</strong></span> <span class='ocrx_word' id='word_1_13' title='bbox 2134 492 2417 557; x_wconf 70' lang='lat' dir='ltr'><strong>Aelarum</strong></span> <span class='ocrx_word' id='word_1_14' title='bbox 2459 502 2560 550; x_wconf 91' lang='lat' dir='ltr'><strong>est.</strong></span> <span class='ocrx_word' id='word_1_15' title='bbox 2603 491 2772 549; x_wconf 85' lang='lat' dir='ltr'><strong>Plane</strong></span> <span class='ocrx_word' id='word_1_16' title='bbox 2801 492 2916 550; x_wconf 59' lang='lat' dir='ltr'><strong>haec</strong></span> <span class='ocrx_word' id='word_1_17' title='bbox 2940 490 3204 551; x_wconf 86' lang='lat' dir='ltr'><strong>Cerminii</strong></span> <span class='ocrx_word' id='word_1_18' title='bbox 3251 490 3476 549; x_wconf 83' lang='lat' dir='ltr'><strong>fornmla</strong></span> <span class='ocrx_word' id='word_1_19' title='bbox 3521 491 3817 550; x_wconf 80' lang='lat' dir='ltr'><strong>conformis</strong></span> 
     </span>
    </p>
   </div>
   <div class='ocr_carea' id='block_1_5' title="bbox 514 587 2111 667">
    <p class='ocr_par' dir='ltr' id='par_1_5' title="bbox 514 587 2111 667">
     <span class='ocr_line' id='line_1_5' title="bbox 514 587 2111 667; baseline -0.001 -25"><span class='ocrx_word' id='word_1_20' title='bbox 514 587 751 644; x_wconf 74' lang='lat' dir='ltr'><strong>sicusctu</strong></span> <span class='ocrx_word' id='word_1_21' title='bbox 794 591 1107 662; x_wconf 82' lang='lat' dir='ltr'><strong>cpiscuputu</strong></span> <span class='ocrx_word' id='word_1_22' title='bbox 1135 632 1150 658; x_wconf 93' lang='lat'><strong>,</strong></span> <span class='ocrx_word' id='word_1_23' title='bbox 1202 605 1363 662; x_wconf 84' lang='lat' dir='ltr'><strong>quem</strong></span> <span class='ocrx_word' id='word_1_24' title='bbox 1411 587 1620 662; x_wconf 74' lang='lat' dir='ltr'><strong>synodo</strong></span> <span class='ocrx_word' id='word_1_25' title='bbox 1665 587 1976 667; x_wconf 68' lang='lat' dir='ltr'><strong>Sardiceusi</strong></span> <span class='ocrx_word' id='word_1_26' title='bbox 2025 587 2111 643; x_wconf 80' lang='lat' dir='ltr'><strong>iu-</strong></span> 
     </span>
    </p>
   </div>
   <div class='ocr_carea' id='block_1_6' title="bbox 516 679 2104 756">
    <p class='ocr_par' dir='ltr' id='par_1_6' title="bbox 516 679 2104 756">
     <span class='ocr_line' id='line_1_6' title="bbox 516 679 2104 756; baseline 0 -21"><span class='ocrx_word' id='word_1_27' title='bbox 516 679 765 740; x_wconf 75' lang='lat' dir='ltr'><strong>terfuisse</strong></span> <span class='ocrx_word' id='word_1_28' title='bbox 791 685 944 740; x_wconf 82' lang='lat' dir='ltr'><strong>testis</strong></span> <span class='ocrx_word' id='word_1_29' title='bbox 972 693 1055 741; x_wconf 77' lang='lat' dir='ltr'><strong>est</strong></span> <span class='ocrx_word' id='word_1_30' title='bbox 1086 682 1411 741; x_wconf 60' lang='lat' dir='ltr'><strong>Athanasius</strong></span> <span class='ocrx_word' id='word_1_31' title='bbox 1438 681 1666 756; x_wconf 76' lang='lat' dir='ltr'><strong>(Apolog</strong></span> <span class='ocrx_word' id='word_1_32' title='bbox 1718 681 1789 737; x_wconf 84' lang='lat' dir='ltr'><strong>ad</strong></span> <span class='ocrx_word' id='word_1_33' title='bbox 1814 679 2104 747; x_wconf 84' lang='lat' dir='ltr'><strong>Constant.,</strong></span> 
     </span>
    </p>
   </div>
   <div class='ocr_carea' id='block_1_7' title="bbox 517 773 2111 849">
    <p class='ocr_par' dir='ltr' id='par_1_7' title="bbox 517 773 2111 849">
     <span class='ocr_line' id='line_1_7' title="bbox 517 773 2111 849; baseline -0.001 -20"><span class='ocrx_word' id='word_1_34' title='bbox 517 791 567 845; x_wconf 72' lang='grc' dir='ltr'><strong>ν.</strong></span> <span class='ocrx_word' id='word_1_35' title='bbox 599 774 749 848; x_wconf 84' lang='lat'><strong>767),</strong></span> <span class='ocrx_word' id='word_1_36' title='bbox 775 783 833 832; x_wconf 90' lang='lat' dir='ltr'><strong>et</strong></span> <span class='ocrx_word' id='word_1_37' title='bbox 859 774 928 832; x_wconf 89' lang='lat' dir='ltr'><strong>ad</strong></span> <span class='ocrx_word' id='word_1_38' title='bbox 956 774 1406 849; x_wconf 79' lang='lat' dir='ltr'><strong>Agrippinensem</strong></span> <span class='ocrx_word' id='word_1_39' title='bbox 1431 782 1624 833; x_wconf 86' lang='lat' dir='ltr'><strong>contra</strong></span> <span class='ocrx_word' id='word_1_40' title='bbox 1649 773 1983 848; x_wconf 82' lang='lat' dir='ltr'><strong>Euphratem</strong></span> <span class='ocrx_word' id='word_1_41' title='bbox 2014 774 2111 830; x_wconf 83' lang='lat' dir='ltr'><strong>de-</strong></span> 
     </span>
    </p>
   </div>
   <div class='ocr_carea' id='block_1_8' title="bbox 513 867 2106 944">
    <p class='ocr_par' dir='ltr' id='par_1_8' title="bbox 513 867 2106 944">
     <span class='ocr_line' id='line_1_8' title="bbox 513 867 2106 944; baseline 0.001 -22"><span class='ocrx_word' id='word_1_42' title='bbox 513 867 746 941; x_wconf 75' lang='lat' dir='ltr'><strong>legasse,</strong></span> <span class='ocrx_word' id='word_1_43' title='bbox 777 869 947 942; x_wconf 84' lang='lat' dir='ltr'><strong>ipsius</strong></span> <span class='ocrx_word' id='word_1_44' title='bbox 991 868 1404 944; x_wconf 75' lang='lat' dir='ltr'><strong>Agrippinensis</strong></span> <span class='ocrx_word' id='word_1_45' title='bbox 1449 869 1663 927; x_wconf 90' lang='lat' dir='ltr'><strong>concilii</strong></span> <span class='ocrx_word' id='word_1_46' title='bbox 1704 879 1825 926; x_wconf 81' lang='lat' dir='ltr'><strong>acta</strong></span> <span class='ocrx_word' id='word_1_47' title='bbox 1855 868 2106 942; x_wconf 86' lang='lat' dir='ltr'><strong>probant,</strong></span> 
     </span>
    </p>
   </div>
   <div class='ocr_carea' id='block_1_9' title="bbox 511 959 2107 1037">
    <p class='ocr_par' dir='ltr' id='par_1_9' title="bbox 511 959 2107 1037">
     <span class='ocr_line' id='line_1_9' title="bbox 511 959 2107 1037; baseline 0 -19"><span class='ocrx_word' id='word_1_48' title='bbox 511 959 557 1018; x_wconf 78' lang='lat' dir='ltr'><strong>si</strong></span> <span class='ocrx_word' id='word_1_49' title='bbox 585 961 653 1018; x_wconf 74' lang='lat' dir='ltr'><strong>ad</strong></span> <span class='ocrx_word' id='word_1_50' title='bbox 685 960 800 1019; x_wconf 76' lang='lat' dir='ltr'><strong>inec</strong></span> <span class='ocrx_word' id='word_1_51' title='bbox 847 971 1090 1037; x_wconf 75' lang='lat' dir='ltr'><strong>tempora</strong></span> <span class='ocrx_word' id='word_1_52' title='bbox 1132 965 1400 1036; x_wconf 86' lang='lat' dir='ltr'><strong>pervenit,</strong></span> <span class='ocrx_word' id='word_1_53' title='bbox 1443 963 1743 1036; x_wconf 82' lang='lat' dir='ltr'><strong>symbolam</strong></span> <span class='ocrx_word' id='word_1_54' title='bbox 1785 977 1938 1020; x_wconf 91' lang='lat' dir='ltr'><strong>suam</strong></span> <span class='ocrx_word' id='word_1_55' title='bbox 1972 976 2107 1020; x_wconf 84' lang='lat' dir='ltr'><strong>con-</strong></span> 
     </span>
    </p>
   </div>
   <div class='ocr_carea' id='block_1_10' title="bbox 510 1053 2109 1133">
    <p class='ocr_par' dir='ltr' id='par_1_10' title="bbox 510 1053 2109 1133">
     <span class='ocr_line' id='line_1_10' title="bbox 510 1053 2109 1133; baseline 0.001 -23"><span class='ocrx_word' id='word_1_56' title='bbox 510 1055 700 1114; x_wconf 80' lang='lat' dir='ltr'><strong>tulisse</strong></span> <span class='ocrx_word' id='word_1_57' title='bbox 745 1056 1040 1114; x_wconf 76' lang='lat' dir='ltr'><strong>verisimile</strong></span> <span class='ocrx_word' id='word_1_58' title='bbox 1082 1064 1190 1114; x_wconf 87' lang='lat' dir='ltr'><strong>est.</strong></span> <span class='ocrx_word' id='word_1_59' title='bbox 1234 1055 1316 1115; x_wconf 81' lang='lat' dir='ltr'><strong>Ad</strong></span> <span class='ocrx_word' id='word_1_60' title='bbox 1357 1054 1719 1133; x_wconf 84' lang='lat' dir='ltr'><strong>eas-synodos</strong></span> <span class='ocrx_word' id='word_1_61' title='bbox 1747 1053 2109 1128; x_wconf 78' lang='lat' dir='ltr'><strong>Hieronymus</strong></span> 
     </span>
    </p>
   </div>
   <div class='ocr_carea' id='block_1_11' title="bbox 510 1147 2107 1224">
    <p class='ocr_par' dir='ltr' id='par_1_11' title="bbox 510 1147 2107 1224">
     <span class='ocr_line' id='line_1_11' title="bbox 510 1147 2107 1224; baseline 0.001 -21"><span class='ocrx_word' id='word_1_62' title='bbox 510 1147 564 1204; x_wconf 92' lang='lat' dir='ltr'><strong>in</strong></span> <span class='ocrx_word' id='word_1_63' title='bbox 595 1147 902 1206; x_wconf 79' lang='lat' dir='ltr'><strong>Eusebiano</strong></span> <span class='ocrx_word' id='word_1_64' title='bbox 925 1148 1192 1208; x_wconf 82' lang='lat' dir='ltr'><strong>chronica</strong></span> <span class='ocrx_word' id='word_1_65' title='bbox 1213 1151 1457 1224; x_wconf 84' lang='lat' dir='ltr'><strong>respicit,</strong></span> <span class='ocrx_word' id='word_1_66' title='bbox 1487 1166 1609 1208; x_wconf 83' lang='lat' dir='ltr'><strong>cum</strong></span> <span class='ocrx_word' id='word_1_67' title='bbox 1650 1148 1718 1206; x_wconf 92' lang='lat' dir='ltr'><strong>ad</strong></span> <span class='ocrx_word' id='word_1_68' title='bbox 1743 1165 1944 1205; x_wconf 89' lang='lat' dir='ltr'><strong>annum</strong></span> <span class='ocrx_word' id='word_1_69' title='bbox 1985 1149 2107 1204; x_wconf 72' lang='lat' dir='ltr'><strong>vita!</strong></span> 
     </span>
    </p>
   </div>
   <div class='ocr_carea' id='block_1_12' title="bbox 515 1241 2108 1320">
    <p class='ocr_par' dir='ltr' id='par_1_12' title="bbox 515 1241 2108 1320">
     <span class='ocr_line' id='line_1_12' title="bbox 515 1241 2108 1320; baseline -0.001 -22"><span class='ocrx_word' id='word_1_70' title='bbox 515 1241 819 1300; x_wconf 77' lang='lat' dir='ltr'><strong>Constantii</strong></span> <span class='ocrx_word' id='word_1_71' title='bbox 842 1255 1146 1302; x_wconf 80' lang='lat' dir='ltr'><strong>extremum</strong></span> <span class='ocrx_word' id='word_1_72' title='bbox 1178 1247 1327 1320; x_wconf 74' lang='lat' dir='ltr'><strong>(nam</strong></span> <span class='ocrx_word' id='word_1_73' title='bbox 1356 1245 1446 1317; x_wconf 91' lang='lat' dir='ltr'><strong>qui</strong></span> <span class='ocrx_word' id='word_1_74' title='bbox 1473 1244 1527 1300; x_wconf 89' lang='lat' dir='ltr'><strong>in</strong></span> <span class='ocrx_word' id='word_1_75' title='bbox 1560 1259 1630 1302; x_wconf 90' lang='lat' dir='ltr'><strong>eo</strong></span> <span class='ocrx_word' id='word_1_76' title='bbox 1650 1242 1910 1300; x_wconf 88' lang='lat' dir='ltr'><strong>chronica</strong></span> <span class='ocrx_word' id='word_1_77' title='bbox 1939 1241 2108 1300; x_wconf 80' lang='lat' dir='ltr'><strong>trutati</strong></span> 
     </span>
    </p>
   </div>
   <div class='ocr_carea' id='block_1_13' title="bbox 510 1336 2107 1412">
    <p class='ocr_par' dir='ltr' id='par_1_13' title="bbox 510 1336 2107 1412">
     <span class='ocr_line' id='line_1_13' title="bbox 510 1336 2107 1412; baseline -0.001 -18"><span class='ocrx_word' id='word_1_78' title='bbox 510 1337 781 1396; x_wconf 78' lang='lat' dir='ltr'><strong>habentur</strong></span> <span class='ocrx_word' id='word_1_79' title='bbox 809 1339 1012 1397; x_wconf 84' lang='lat' dir='ltr'><strong>Christi</strong></span> <span class='ocrx_word' id='word_1_80' title='bbox 1038 1338 1191 1406; x_wconf 88' lang='lat' dir='ltr'><strong>anni,</strong></span> <span class='ocrx_word' id='word_1_81' title='bbox 1239 1355 1341 1403; x_wconf 80' lang='lat' dir='ltr'><strong>nec</strong></span> <span class='ocrx_word' id='word_1_82' title='bbox 1387 1339 1606 1397; x_wconf 83' lang='lat' dir='ltr'><strong>Eusebii</strong></span> <span class='ocrx_word' id='word_1_83' title='bbox 1654 1352 1754 1396; x_wconf 86' lang='lat' dir='ltr'><strong>nec</strong></span> <span class='ocrx_word' id='word_1_84' title='bbox 1792 1336 2107 1412; x_wconf 74' lang='lat' dir='ltr'><strong>Hieronymi</strong></span> 
     </span>
    </p>
   </div>
   <div class='ocr_carea' id='block_1_14' title="bbox 506 1429 2110 1508">
    <p class='ocr_par' dir='ltr' id='par_1_14' title="bbox 506 1429 2110 1508">
     <span class='ocr_line' id='line_1_14' title="bbox 506 1429 2110 1508; baseline -0.003 -17"><span class='ocrx_word' id='word_1_85' title='bbox 506 1433 682 1508; x_wconf 87' lang='lat' dir='ltr'><strong>sunt),</strong></span> <span class='ocrx_word' id='word_1_86' title='bbox 711 1431 938 1492; x_wconf 85' lang='lat' dir='ltr'><strong>Galliam</strong></span> <span class='ocrx_word' id='word_1_87' title='bbox 964 1451 1058 1507; x_wconf 78' lang='lat' dir='ltr'><strong>per</strong></span> <span class='ocrx_word' id='word_1_88' title='bbox 1089 1432 1349 1492; x_wconf 79' lang='lat' dir='ltr'><strong>Hilarium</strong></span> <span class='ocrx_word' id='word_1_89' title='bbox 1374 1433 1712 1491; x_wconf 76' lang='lat' dir='ltr'><strong>Ariminensis</strong></span> <span class='ocrx_word' id='word_1_90' title='bbox 1751 1429 1985 1504; x_wconf 67' lang='lat' dir='ltr'><strong>perﬁdia</strong></span> <span class='ocrx_word' id='word_1_91' title='bbox 2012 1430 2110 1486; x_wconf 75' lang='lat' dir='ltr'><strong>rio-</strong></span> 
     </span>
    </p>
   </div>
   <div class='ocr_carea' id='block_1_15' title="bbox 505 1523 2104 1602">
    <p class='ocr_par' dir='ltr' id='par_1_15' title="bbox 505 1523 2104 1602">
     <span class='ocr_line' id='line_1_15' title="bbox 505 1523 2104 1602; baseline -0.004 -19"><span class='ocrx_word' id='word_1_92' title='bbox 505 1527 615 1583; x_wconf 82' lang='lat' dir='ltr'><strong>ltnn</strong></span> <span class='ocrx_word' id='word_1_93' title='bbox 637 1526 742 1600; x_wconf 88' lang='lat' dir='ltr'><strong>(sic</strong></span> <span class='ocrx_word' id='word_1_94' title='bbox 782 1528 928 1585; x_wconf 86' lang='lat' dir='ltr'><strong>enim</strong></span> <span class='ocrx_word' id='word_1_95' title='bbox 958 1529 1146 1602; x_wconf 73' lang='lat' dir='ltr'><strong>legunt</strong></span> <span class='ocrx_word' id='word_1_96' title='bbox 1181 1538 1396 1586; x_wconf 81' lang='lat' dir='ltr'><strong>veteres</strong></span> <span class='ocrx_word' id='word_1_97' title='bbox 1423 1523 1571 1600; x_wconf 89' lang='lat' dir='ltr'><strong>libri)</strong></span> <span class='ocrx_word' id='word_1_98' title='bbox 1615 1526 1906 1583; x_wconf 80' lang='lat' dir='ltr'><strong>damnasse</strong></span> <span class='ocrx_word' id='word_1_99' title='bbox 1933 1531 2104 1591; x_wconf 88' lang='lat' dir='ltr'><strong>natat,</strong></span> 
     </span>
    </p>
   </div>
   <div class='ocr_carea' id='block_1_16' title="bbox 503 1620 2106 1696">
    <p class='ocr_par' dir='ltr' id='par_1_16' title="bbox 503 1620 2106 1696">
     <span class='ocr_line' id='line_1_16' title="bbox 503 1620 2106 1696; baseline -0.014 -2"><span class='ocrx_word' id='word_1_100' title='bbox 503 1621 650 1694; x_wconf 74' lang='grc' dir='ltr'><strong>«ιιιυά</strong></span> <span class='ocrx_word' id='word_1_101' title='bbox 675 1634 732 1680; x_wconf 78' lang='lat' dir='ltr'><strong>et</strong></span> <span class='ocrx_word' id='word_1_102' title='bbox 759 1625 861 1681; x_wconf 77' lang='lat' dir='ltr'><strong>hac</strong></span> <span class='ocrx_word' id='word_1_103' title='bbox 887 1622 1014 1680; x_wconf 88' lang='lat' dir='ltr'><strong>fidei</strong></span> <span class='ocrx_word' id='word_1_104' title='bbox 1038 1621 1268 1680; x_wconf 81' lang='lat' dir='ltr'><strong>formula</strong></span> <span class='ocrx_word' id='word_1_105' title='bbox 1291 1624 1591 1696; x_wconf 56' lang='lat' dir='ltr'><strong>praestitum</strong></span> <span class='ocrx_word' id='word_1_106' title='bbox 1613 1620 2106 1687; x_wconf 76' lang='lat' dir='ltr'><strong>videmus..Quaui-</strong></span> 
     </span>
    </p>
   </div>
   <div class='ocr_carea' id='block_1_17' title="bbox 505 1709 2106 1786">
    <p class='ocr_par' dir='ltr' id='par_1_17' title="bbox 505 1709 2106 1786">
     <span class='ocr_line' id='line_1_17' title="bbox 505 1709 2106 1786; baseline -0.001 -16"><span class='ocrx_word' id='word_1_107' title='bbox 505 1718 588 1772; x_wconf 95' lang='lat' dir='ltr'><strong>vis</strong></span> <span class='ocrx_word' id='word_1_108' title='bbox 615 1731 723 1772; x_wconf 90' lang='lat' dir='ltr'><strong>non</strong></span> <span class='ocrx_word' id='word_1_109' title='bbox 755 1716 859 1774; x_wconf 85' lang='lat' dir='ltr'><strong>nisi</strong></span> <span class='ocrx_word' id='word_1_110' title='bbox 885 1714 1143 1774; x_wconf 87' lang='lat' dir='ltr'><strong>defuncto</strong></span> <span class='ocrx_word' id='word_1_111' title='bbox 1165 1713 1506 1783; x_wconf 84' lang='lat' dir='ltr'><strong>Constantio,</strong></span> <span class='ocrx_word' id='word_1_112' title='bbox 1544 1729 1835 1786; x_wconf 87' lang='lat' dir='ltr'><strong>rerumque</strong></span> <span class='ocrx_word' id='word_1_113' title='bbox 1863 1709 2106 1786; x_wconf 88' lang='lat' dir='ltr'><strong>potiente</strong></span> 
     </span>
    </p>
   </div>
   <div class='ocr_carea' id='block_1_18' title="bbox 502 1805 2101 1885">
    <p class='ocr_par' dir='ltr' id='par_1_18' title="bbox 502 1805 2101 1885">
     <span class='ocr_line' id='line_1_18' title="bbox 502 1805 2101 1885; baseline -0.004 -17"><span class='ocrx_word' id='word_1_114' title='bbox 502 1811 748 1879; x_wconf 75' lang='lat' dir='ltr'><strong>Juliano,</strong></span> <span class='ocrx_word' id='word_1_115' title='bbox 775 1812 881 1868; x_wconf 70' lang='lat' dir='ltr'><strong>illa:</strong></span> <span class='ocrx_word' id='word_1_116' title='bbox 914 1811 1108 1885; x_wconf 83' lang='lat' dir='ltr'><strong>synodi</strong></span> <span class='ocrx_word' id='word_1_117' title='bbox 1143 1809 1434 1869; x_wconf 66' lang='lat' dir='ltr'><strong>celebrata:</strong></span> <span class='ocrx_word' id='word_1_118' title='bbox 1465 1809 1687 1877; x_wconf 80' lang='lat' dir='ltr'><strong>fuerint,</strong></span> <span class='ocrx_word' id='word_1_119' title='bbox 1735 1806 1789 1864; x_wconf 90' lang='lat' dir='ltr'><strong>id</strong></span> <span class='ocrx_word' id='word_1_120' title='bbox 1817 1815 1922 1876; x_wconf 89' lang='lat' dir='ltr'><strong>est,</strong></span> <span class='ocrx_word' id='word_1_121' title='bbox 1957 1805 2101 1863; x_wconf 85' lang='lat' dir='ltr'><strong>circa</strong></span> 
     </span>
    </p>
   </div>
   <div class='ocr_carea' id='block_1_19' title="bbox 500 1904 1200 1965">
    <p class='ocr_par' dir='ltr' id='par_1_19' title="bbox 500 1904 1200 1965">
     <span class='ocr_line' id='line_1_19' title="bbox 500 1904 1200 1965; baseline 0.001 -4"><span class='ocrx_word' id='word_1_122' title='bbox 500 1921 703 1963; x_wconf 88' lang='lat' dir='ltr'><strong>annum</strong></span> <span class='ocrx_word' id='word_1_123' title='bbox 733 1904 936 1965; x_wconf 84' lang='lat' dir='ltr'><strong>Christi</strong></span> <span class='ocrx_word' id='word_1_124' title='bbox 963 1921 1200 1964; x_wconf 78' lang='lat' dir='ltr'><strong>cccuu.</strong></span> 
     </span>
    </p>
   </div>
   <div class='ocr_carea' id='block_1_20' title="bbox 573 1992 2102 2074">
    <p class='ocr_par' dir='ltr' id='par_1_20' title="bbox 573 1992 2102 2074">
     <span class='ocr_line' id='line_1_20' title="bbox 573 1992 2102 2074; baseline -0.007 -16"><span class='ocrx_word' id='word_1_125' title='bbox 573 2000 665 2058; x_wconf 73' lang='lat' dir='ltr'><strong>t9.</strong></span> <span class='ocrx_word' id='word_1_126' title='bbox 707 2000 864 2058; x_wconf 81' lang='lat' dir='ltr'><strong>Osius</strong></span> <span class='ocrx_word' id='word_1_127' title='bbox 906 2005 1112 2074; x_wconf 74' lang='lat' dir='ltr'><strong>quando</strong></span> <span class='ocrx_word' id='word_1_128' title='bbox 1153 2002 1320 2056; x_wconf 71' lang='lat' dir='ltr'><strong>virere</strong></span> <span class='ocrx_word' id='word_1_129' title='bbox 1356 1999 1580 2056; x_wconf 73' lang='lat' dir='ltr'><strong>desierit.</strong></span> <span class='ocrx_word' id='word_1_130' title='bbox 1617 2025 1689 2040; x_wconf 67' lang='grc' dir='ltr'><strong><em>-η</em></strong></span> <span class='ocrx_word' id='word_1_131' title='bbox 1731 1995 1972 2069; x_wconf 79' lang='lat' dir='ltr'><strong>Epistula</strong></span> <span class='ocrx_word' id='word_1_132' title='bbox 2021 1992 2102 2066; x_wconf 76' lang='grc' dir='ltr'><strong>(α)</strong></span> 
     </span>
    </p>
   </div>
   <div class='ocr_carea' id='block_1_21' title="bbox 499 2087 2101 2164">
    <p class='ocr_par' dir='ltr' id='par_1_21' title="bbox 499 2087 2101 2164">
     <span class='ocr_line' id='line_1_21' title="bbox 499 2087 2101 2164; baseline -0.005 -15"><span class='ocrx_word' id='word_1_133' title='bbox 499 2104 683 2151; x_wconf 87' lang='lat' dir='ltr'><strong>autem</strong></span> <span class='ocrx_word' id='word_1_134' title='bbox 728 2092 948 2151; x_wconf 75' lang='lat' dir='ltr'><strong>Eusebii</strong></span> <span class='ocrx_word' id='word_1_135' title='bbox 981 2091 1350 2150; x_wconf 79' lang='lat' dir='ltr'><strong>Vercellarum</strong></span> <span class='ocrx_word' id='word_1_136' title='bbox 1394 2091 1634 2164; x_wconf 84' lang='lat' dir='ltr'><strong>episcopi</strong></span> <span class='ocrx_word' id='word_1_137' title='bbox 1680 2090 1747 2148; x_wconf 91' lang='lat' dir='ltr'><strong>ad</strong></span> <span class='ocrx_word' id='word_1_138' title='bbox 1777 2087 2101 2160; x_wconf 73' lang='lat' dir='ltr'><strong>Gregorium</strong></span> 
     </span>
    </p>
   </div>
   <div class='ocr_carea' id='block_1_22' title="bbox 502 2178 2103 2258">
    <p class='ocr_par' dir='ltr' id='par_1_22' title="bbox 502 2178 2103 2258">
     <span class='ocr_line' id='line_1_22' title="bbox 502 2178 2103 2258; baseline -0.006 -14"><span class='ocrx_word' id='word_1_139' title='bbox 502 2185 707 2244; x_wconf 78' lang='lat' dir='ltr'><strong>Eiiberi</strong></span> <span class='ocrx_word' id='word_1_140' title='bbox 729 2185 973 2244; x_wconf 75' lang='lat' dir='ltr'><strong>civitatis</strong></span> <span class='ocrx_word' id='word_1_141' title='bbox 997 2184 1267 2258; x_wconf 73' lang='lat' dir='ltr'><strong>lfispauite</strong></span> <span class='ocrx_word' id='word_1_142' title='bbox 1288 2184 1609 2252; x_wconf 85' lang='lat' dir='ltr'><strong>antistitem,</strong></span> <span class='ocrx_word' id='word_1_143' title='bbox 1637 2183 1766 2240; x_wconf 91' lang='lat' dir='ltr'><strong>licet</strong></span> <span class='ocrx_word' id='word_1_144' title='bbox 1783 2178 2103 2238; x_wconf 89' lang='lat' dir='ltr'><strong>Constantio</strong></span> 
     </span>
    </p>
   </div>
   <div class='ocr_carea' id='block_1_23' title="bbox 501 2273 2104 2355">
    <p class='ocr_par' dir='ltr' id='par_1_23' title="bbox 501 2273 2104 2355">
     <span class='ocr_line' id='line_1_23' title="bbox 501 2273 2104 2355; baseline -0.005 -17"><span class='ocrx_word' id='word_1_145' title='bbox 501 2282 832 2355; x_wconf 85' lang='lat' dir='ltr'><strong>imperatore</strong></span> <span class='ocrx_word' id='word_1_146' title='bbox 857 2279 1035 2338; x_wconf 86' lang='lat' dir='ltr'><strong>adhuc</strong></span> <span class='ocrx_word' id='word_1_147' title='bbox 1066 2283 1121 2337; x_wconf 91' lang='lat' dir='ltr'><strong>in</strong></span> <span class='ocrx_word' id='word_1_148' title='bbox 1147 2280 1285 2337; x_wconf 87' lang='lat' dir='ltr'><strong>vivis</strong></span> <span class='ocrx_word' id='word_1_149' title='bbox 1307 2290 1506 2352; x_wconf 74' lang='lat' dir='ltr'><strong>agente</strong></span> <span class='ocrx_word' id='word_1_150' title='bbox 1537 2279 1742 2353; x_wconf 86' lang='lat' dir='ltr'><strong>(ipsum</strong></span> <span class='ocrx_word' id='word_1_151' title='bbox 1771 2277 1914 2333; x_wconf 91' lang='lat' dir='ltr'><strong>enim</strong></span> <span class='ocrx_word' id='word_1_152' title='bbox 1945 2273 2104 2332; x_wconf 85' lang='lat' dir='ltr'><strong>intel-</strong></span> 
     </span>
    </p>
   </div>
   <div class='ocr_carea' id='block_1_24' title="bbox 500 2370 2106 2448">
    <p class='ocr_par' dir='ltr' id='par_1_24' title="bbox 500 2370 2106 2448">
     <span class='ocr_line' id='line_1_24' title="bbox 500 2370 2106 2448; baseline -0.005 -16"><span class='ocrx_word' id='word_1_153' title='bbox 500 2377 651 2448; x_wconf 69' lang='lat' dir='ltr'><strong>figit,</strong></span> <span class='ocrx_word' id='word_1_154' title='bbox 689 2391 814 2434; x_wconf 81' lang='lat' dir='ltr'><strong>cum</strong></span> <span class='ocrx_word' id='word_1_155' title='bbox 858 2390 1011 2448; x_wconf 83' lang='lat' dir='ltr'><strong>spem</strong></span> <span class='ocrx_word' id='word_1_156' title='bbox 1053 2373 1542 2439; x_wconf 82' lang='lat' dir='ltr'><strong>Ariomauitarnm,</strong></span> <span class='ocrx_word' id='word_1_157' title='bbox 1575 2375 1766 2428; x_wconf 82' lang='lat' dir='ltr'><strong>nonin</strong></span> <span class='ocrx_word' id='word_1_158' title='bbox 1808 2386 1903 2428; x_wconf 76' lang='lat' dir='ltr'><strong>sua</strong></span> <span class='ocrx_word' id='word_1_159' title='bbox 1940 2370 1989 2424; x_wconf 83' lang='lat' dir='ltr'><strong>oi</strong></span> <span class='ocrx_word' id='word_1_160' title='bbox 2014 2380 2106 2424; x_wconf 85' lang='lat' dir='ltr'><strong>aut</strong></span> 
     </span>
    </p>
   </div>
   <div class='ocr_carea' id='block_1_25' title="bbox 500 2462 2105 2540">
    <p class='ocr_par' dir='ltr' id='par_1_25' title="bbox 500 2462 2105 2540">
     <span class='ocr_line' id='line_1_25' title="bbox 500 2462 2105 2540; baseline -0.004 -15"><span class='ocrx_word' id='word_1_161' title='bbox 500 2469 644 2526; x_wconf 80' lang='lat' dir='ltr'><strong>unita</strong></span> <span class='ocrx_word' id='word_1_162' title='bbox 672 2485 964 2540; x_wconf 79' lang='lat' dir='ltr'><strong>consensu;</strong></span> <span class='ocrx_word' id='word_1_163' title='bbox 990 2468 1068 2526; x_wconf 87' lang='lat' dir='ltr'><strong>sic</strong></span> <span class='ocrx_word' id='word_1_164' title='bbox 1089 2468 1236 2525; x_wconf 90' lang='lat' dir='ltr'><strong>enim</strong></span> <span class='ocrx_word' id='word_1_165' title='bbox 1264 2465 1352 2525; x_wconf 89' lang='lat' dir='ltr'><strong>hic</strong></span> <span class='ocrx_word' id='word_1_166' title='bbox 1379 2469 1528 2525; x_wconf 88' lang='lat' dir='ltr'><strong>locus</strong></span> <span class='ocrx_word' id='word_1_167' title='bbox 1555 2463 1925 2524; x_wconf 86' lang='lat' dir='ltr'><strong>emendandus</strong></span> <span class='ocrx_word' id='word_1_168' title='bbox 1955 2462 2105 2519; x_wconf 84' lang='lat' dir='ltr'><strong>vide-</strong></span> 
     </span>
    </p>
   </div>
   <div class='ocr_carea' id='block_1_26' title="bbox 499 2555 2102 2635">
    <p class='ocr_par' dir='ltr' id='par_1_26' title="bbox 499 2555 2102 2635">
     <span class='ocr_line' id='line_1_26' title="bbox 499 2555 2102 2635; baseline -0.005 -17"><span class='ocrx_word' id='word_1_169' title='bbox 499 2573 587 2619; x_wconf 92' lang='lat' dir='ltr'><strong>tur</strong></span> <span class='ocrx_word' id='word_1_170' title='bbox 615 2581 629 2617; x_wconf 88' lang='lat'><strong>:</strong></span> <span class='ocrx_word' id='word_1_171' title='bbox 655 2561 748 2619; x_wconf 78' lang='lat' dir='ltr'><strong>sed</strong></span> <span class='ocrx_word' id='word_1_172' title='bbox 789 2563 845 2619; x_wconf 82' lang='lat' dir='ltr'><strong>in</strong></span> <span class='ocrx_word' id='word_1_173' title='bbox 883 2562 1194 2635; x_wconf 80' lang='lat' dir='ltr'><strong>protectione</strong></span> <span class='ocrx_word' id='word_1_174' title='bbox 1226 2562 1359 2632; x_wconf 82' lang='lat' dir='ltr'><strong>regis</strong></span> <span class='ocrx_word' id='word_1_175' title='bbox 1384 2559 1648 2615; x_wconf 64' lang='lat' dir='ltr'><strong>eueniat-is</strong></span> <span class='ocrx_word' id='word_1_176' title='bbox 1675 2558 1896 2630; x_wconf 78' lang='lat' dir='ltr'><strong>pendere</strong></span> <span class='ocrx_word' id='word_1_177' title='bbox 1937 2555 2102 2622; x_wconf 84' lang='lat' dir='ltr'><strong>dicit,</strong></span> 
     </span>
    </p>
   </div>
   <div class='ocr_carea' id='block_1_27' title="bbox 498 2653 2103 2730">
    <p class='ocr_par' dir='ltr' id='par_1_27' title="bbox 498 2653 2103 2730">
     <span class='ocr_line' id='line_1_27' title="bbox 498 2653 2103 2730; baseline -0.004 -19"><span class='ocrx_word' id='word_1_178' title='bbox 498 2657 700 2730; x_wconf 86' lang='lat' dir='ltr'><strong>quippe</strong></span> <span class='ocrx_word' id='word_1_179' title='bbox 744 2656 836 2728; x_wconf 88' lang='lat' dir='ltr'><strong>qui</strong></span> <span class='ocrx_word' id='word_1_180' title='bbox 861 2697 879 2724; x_wconf 92' lang='lat'><strong>,</strong></span> <span class='ocrx_word' id='word_1_181' title='bbox 923 2664 985 2712; x_wconf 89' lang='lat' dir='ltr'><strong>ut</strong></span> <span class='ocrx_word' id='word_1_182' title='bbox 1025 2654 1304 2711; x_wconf 78' lang='lat' dir='ltr'><strong>Athanasu</strong></span> <span class='ocrx_word' id='word_1_183' title='bbox 1345 2653 1527 2710; x_wconf 87' lang='lat' dir='ltr'><strong>verbis</strong></span> <span class='ocrx_word' id='word_1_184' title='bbox 1557 2661 1700 2720; x_wconf 87' lang='lat' dir='ltr'><strong>utar,</strong></span> <span class='ocrx_word' id='word_1_185' title='bbox 1736 2669 1756 2704; x_wconf 77' lang='grc' dir='ltr'>ι</span> <span class='ocrx_word' id='word_1_186' title='bbox 1809 2666 1938 2708; x_wconf 87' lang='lat' dir='ltr'><strong>suas</strong></span> <span class='ocrx_word' id='word_1_187' title='bbox 1978 2664 2103 2721; x_wconf 84' lang='lat' dir='ltr'><strong>spes</strong></span> 
     </span>
    </p>
   </div>
   <div class='ocr_carea' id='block_1_28' title="bbox 500 2743 2102 2812">
    <p class='ocr_par' dir='ltr' id='par_1_28' title="bbox 500 2743 2102 2812">
     <span class='ocr_line' id='line_1_28' title="bbox 500 2743 2102 2812; baseline -0.004 -8"><span class='ocrx_word' id='word_1_188' title='bbox 500 2748 647 2805; x_wconf 88' lang='lat' dir='ltr'><strong>humi</strong></span> <span class='ocrx_word' id='word_1_189' title='bbox 675 2749 966 2806; x_wconf 87' lang='lat' dir='ltr'><strong>etinferue</strong></span> <span class='ocrx_word' id='word_1_190' title='bbox 989 2746 1291 2812; x_wconf 87' lang='lat' dir='ltr'><strong>haberent,</strong></span> <span class='ocrx_word' id='word_1_191' title='bbox 1335 2746 1390 2802; x_wconf 90' lang='lat' dir='ltr'><strong>in</strong></span> <span class='ocrx_word' id='word_1_192' title='bbox 1418 2747 1635 2802; x_wconf 65' lang='lat' dir='ltr'><strong>Caesare</strong></span> <span class='ocrx_word' id='word_1_193' title='bbox 1662 2745 1916 2801; x_wconf 82' lang='lat' dir='ltr'><strong>nimirum</strong></span> <span class='ocrx_word' id='word_1_194' title='bbox 1963 2753 2017 2799; x_wconf 91' lang='lat' dir='ltr'><strong>et</strong></span> <span class='ocrx_word' id='word_1_195' title='bbox 2049 2743 2102 2798; x_wconf 92' lang='lat' dir='ltr'><strong>iu</strong></span> 
     </span>
    </p>
   </div>
   <div class='ocr_carea' id='block_1_29' title="bbox 497 2837 2102 2913">
    <p class='ocr_par' dir='ltr' id='par_1_29' title="bbox 497 2837 2102 2913">
     <span class='ocr_line' id='line_1_29' title="bbox 497 2837 2102 2913; baseline -0.004 -15"><span class='ocrx_word' id='word_1_196' title='bbox 497 2848 617 2911; x_wconf 80' lang='lat' dir='ltr'><strong>ejus</strong></span> <span class='ocrx_word' id='word_1_197' title='bbox 655 2841 946 2909; x_wconf 89' lang='lat' dir='ltr'><strong>eunuchis,</strong></span> <span class='ocrx_word' id='word_1_198' title='bbox 985 2858 1006 2894; x_wconf 77' lang='grc' dir='ltr'><strong><em>ι</em></strong></span> <span class='ocrx_word' id='word_1_199' title='bbox 1058 2850 1179 2913; x_wconf 84' lang='lat' dir='ltr'><strong>post</strong></span> <span class='ocrx_word' id='word_1_200' title='bbox 1209 2840 1324 2898; x_wconf 74' lang='grc' dir='ltr'><strong>οεἰί</strong></span> <span class='ocrx_word' id='word_1_201' title='bbox 1367 2849 1546 2898; x_wconf 87' lang='lat' dir='ltr'><strong>tamen</strong></span> <span class='ocrx_word' id='word_1_202' title='bbox 1593 2837 2102 2912; x_wconf 63' lang='lat' dir='ltr'><strong>praevaricationem</strong></span> 
     </span>
    </p>
   </div>
   <div class='ocr_carea' id='block_1_30' title="bbox 500 2930 2103 3006">
    <p class='ocr_par' dir='ltr' id='par_1_30' title="bbox 500 2930 2103 3006">
     <span class='ocr_line' id='line_1_30' title="bbox 500 2930 2103 3006; baseline -0.002 -16"><span class='ocrx_word' id='word_1_203' title='bbox 500 2945 664 3006; x_wconf 85' lang='lat' dir='ltr'><strong>atque</strong></span> <span class='ocrx_word' id='word_1_204' title='bbox 691 2933 858 2992; x_wconf 88' lang='lat' dir='ltr'><strong>etiam</strong></span> <span class='ocrx_word' id='word_1_205' title='bbox 905 2933 1254 2992; x_wconf 87' lang='lat' dir='ltr'><strong>Ariminense</strong></span> <span class='ocrx_word' id='word_1_206' title='bbox 1298 2935 1588 2992; x_wconf 92' lang='lat' dir='ltr'><strong>concilium</strong></span> <span class='ocrx_word' id='word_1_207' title='bbox 1637 2932 1840 3004; x_wconf 86' lang='lat' dir='ltr'><strong>scripta</strong></span> <span class='ocrx_word' id='word_1_208' title='bbox 1887 2941 1991 2988; x_wconf 80' lang='lat' dir='ltr'><strong>est.</strong></span> <span class='ocrx_word' id='word_1_209' title='bbox 2046 2930 2103 2986; x_wconf 88' lang='lat' dir='ltr'><strong>lu</strong></span> 
     </span>
    </p>
   </div>
   <div class='ocr_carea' id='block_1_31' title="bbox 499 3024 2098 3101">
    <p class='ocr_par' dir='ltr' id='par_1_31' title="bbox 499 3024 2098 3101">
     <span class='ocr_line' id='line_1_31' title="bbox 499 3024 2098 3101; baseline -0.004 -18"><span class='ocrx_word' id='word_1_210' title='bbox 499 3045 606 3101; x_wconf 86' lang='lat' dir='ltr'><strong>qua</strong></span> <span class='ocrx_word' id='word_1_211' title='bbox 647 3038 829 3086; x_wconf 89' lang='lat' dir='ltr'><strong>tamen</strong></span> <span class='ocrx_word' id='word_1_212' title='bbox 865 3027 1245 3086; x_wconf 84' lang='lat' dir='ltr'><strong>observatione</strong></span> <span class='ocrx_word' id='word_1_213' title='bbox 1277 3027 1498 3100; x_wconf 72' lang='lat' dir='ltr'><strong>dignum</strong></span> <span class='ocrx_word' id='word_1_214' title='bbox 1528 3034 1613 3084; x_wconf 89' lang='lat' dir='ltr'><strong>est</strong></span> <span class='ocrx_word' id='word_1_215' title='bbox 1649 3039 1957 3083; x_wconf 87' lang='lat' dir='ltr'><strong>sermonem</strong></span> <span class='ocrx_word' id='word_1_216' title='bbox 2005 3024 2098 3078; x_wconf 83' lang='lat' dir='ltr'><strong>ha-</strong></span> 
     </span>
    </p>
   </div>
   <div class='ocr_carea' id='block_1_32' title="bbox 501 3118 2106 3185">
    <p class='ocr_par' dir='ltr' id='par_1_32' title="bbox 501 3118 2106 3185">
     <span class='ocr_line' id='line_1_32' title="bbox 501 3118 2106 3185; baseline -0.002 -7"><span class='ocrx_word' id='word_1_217' title='bbox 501 3124 616 3181; x_wconf 85' lang='lat' dir='ltr'><strong>beri</strong></span> <span class='ocrx_word' id='word_1_218' title='bbox 659 3124 728 3181; x_wconf 90' lang='lat' dir='ltr'><strong>de</strong></span> <span class='ocrx_word' id='word_1_219' title='bbox 754 3124 888 3181; x_wconf 83' lang='lat' dir='ltr'><strong>Osia</strong></span> <span class='ocrx_word' id='word_1_220' title='bbox 927 3123 1071 3180; x_wconf 89' lang='lat' dir='ltr'><strong>velut</strong></span> <span class='ocrx_word' id='word_1_221' title='bbox 1100 3122 1277 3180; x_wconf 83' lang='lat' dir='ltr'><strong>adhuc</strong></span> <span class='ocrx_word' id='word_1_222' title='bbox 1300 3126 1633 3185; x_wconf 79' lang='lat' dir='ltr'><strong>vivente,&#39;et</strong></span> <span class='ocrx_word' id='word_1_223' title='bbox 1656 3122 1743 3178; x_wconf 91' lang='lat' dir='ltr'><strong>cui</strong></span> <span class='ocrx_word' id='word_1_224' title='bbox 1784 3136 1890 3178; x_wconf 82' lang='lat' dir='ltr'><strong>non</strong></span> <span class='ocrx_word' id='word_1_225' title='bbox 1934 3118 2106 3175; x_wconf 89' lang='lat' dir='ltr'><strong>multo</strong></span> 
     </span>
    </p>
   </div>
   <div class='ocr_carea' id='block_1_33' title="bbox 503 3213 2106 3288">
    <p class='ocr_par' dir='ltr' id='par_1_33' title="bbox 503 3213 2106 3288">
     <span class='ocr_line' id='line_1_33' title="bbox 503 3213 2106 3288; baseline -0.003 -16"><span class='ocrx_word' id='word_1_226' title='bbox 503 3229 632 3274; x_wconf 87' lang='lat' dir='ltr'><strong>ante</strong></span> <span class='ocrx_word' id='word_1_227' title='bbox 659 3232 756 3288; x_wconf 91' lang='lat' dir='ltr'><strong>pro</strong></span> <span class='ocrx_word' id='word_1_228' title='bbox 784 3216 998 3273; x_wconf 75' lang='lat' dir='ltr'><strong>Arionis</strong></span> <span class='ocrx_word' id='word_1_229' title='bbox 1025 3214 1224 3288; x_wconf 87' lang='lat' dir='ltr'><strong>aliquid</strong></span> <span class='ocrx_word' id='word_1_230' title='bbox 1267 3215 1510 3273; x_wconf 80' lang='lat' dir='ltr'><strong>molienti</strong></span> <span class='ocrx_word' id='word_1_231' title='bbox 1541 3213 1837 3287; x_wconf 74' lang='lat' dir='ltr'><strong>Gregorius</strong></span> <span class='ocrx_word' id='word_1_232' title='bbox 1862 3213 2106 3268; x_wconf 82' lang='lat' dir='ltr'><strong>animose</strong></span> 
     </span>
    </p>
   </div>
   <div class='ocr_carea' id='block_1_34' title="bbox 2207 583 3820 660">
    <p class='ocr_par' dir='ltr' id='par_1_34' title="bbox 2207 583 3820 660">
     <span class='ocr_line' id='line_1_34' title="bbox 2207 583 3820 660; baseline -0.002 -16"><span class='ocrx_word' id='word_1_233' title='bbox 2207 598 2295 644; x_wconf 88' lang='lat' dir='ltr'><strong>est</strong></span> <span class='ocrx_word' id='word_1_234' title='bbox 2336 585 2533 660; x_wconf 78' lang='lat' dir='ltr'><strong>regula:</strong></span> <span class='ocrx_word' id='word_1_235' title='bbox 2579 586 2703 644; x_wconf 85' lang='lat' dir='ltr'><strong>fidei</strong></span> <span class='ocrx_word' id='word_1_236' title='bbox 2747 603 2872 642; x_wconf 89' lang='lat' dir='ltr'><strong>cum</strong></span> <span class='ocrx_word' id='word_1_237' title='bbox 2913 586 3236 643; x_wconf 82' lang='lat' dir='ltr'><strong>Consulibus</strong></span> <span class='ocrx_word' id='word_1_238' title='bbox 3266 585 3463 655; x_wconf 64' lang='lat' dir='ltr'><strong>editae,</strong></span> <span class='ocrx_word' id='word_1_239' title='bbox 3509 603 3630 658; x_wconf 74' lang='lat' dir='ltr'><strong>quae</strong></span> <span class='ocrx_word' id='word_1_240' title='bbox 3669 583 3820 641; x_wconf 80' lang='lat' dir='ltr'><strong>Patri</strong></span> 
     </span>
    </p>
   </div>
   <div class='ocr_carea' id='block_1_35' title="bbox 2207 681 3819 754">
    <p class='ocr_par' dir='ltr' id='par_1_35' title="bbox 2207 681 3819 754">
     <span class='ocr_line' id='line_1_35' title="bbox 2207 681 3819 754; baseline 0 -17"><span class='ocrx_word' id='word_1_241' title='bbox 2207 681 2426 738; x_wconf 74' lang='lat' dir='ltr'><strong>similent</strong></span> <span class='ocrx_word' id='word_1_242' title='bbox 2475 698 2566 754; x_wconf 79' lang='lat' dir='ltr'><strong>per</strong></span> <span class='ocrx_word' id='word_1_243' title='bbox 2591 683 2765 738; x_wconf 82' lang='lat' dir='ltr'><strong>omnia</strong></span> <span class='ocrx_word' id='word_1_244' title='bbox 2807 681 3003 738; x_wconf 77' lang='lat' dir='ltr'><strong>Filium</strong></span> <span class='ocrx_word' id='word_1_245' title='bbox 3041 682 3279 745; x_wconf 83' lang='lat' dir='ltr'><strong>dicebat,</strong></span> <span class='ocrx_word' id='word_1_246' title='bbox 3315 691 3372 739; x_wconf 91' lang='lat' dir='ltr'><strong>et</strong></span> <span class='ocrx_word' id='word_1_247' title='bbox 3407 681 3557 738; x_wconf 84' lang='lat' dir='ltr'><strong>velut</strong></span> <span class='ocrx_word' id='word_1_248' title='bbox 3593 696 3658 738; x_wconf 77' lang='lat' dir='ltr'><strong>ex</strong></span> <span class='ocrx_word' id='word_1_249' title='bbox 3698 681 3819 738; x_wconf 87' lang='lat' dir='ltr'><strong>dia-</strong></span> 
     </span>
    </p>
   </div>
   <div class='ocr_carea' id='block_1_36' title="bbox 2209 774 3822 848">
    <p class='ocr_par' dir='ltr' id='par_1_36' title="bbox 2209 774 3822 848">
     <span class='ocr_line' id='line_1_36' title="bbox 2209 774 3822 848; baseline -0.001 -17"><span class='ocrx_word' id='word_1_250' title='bbox 2209 786 2388 831; x_wconf 88' lang='lat' dir='ltr'><strong>metro</strong></span> <span class='ocrx_word' id='word_1_251' title='bbox 2409 774 2658 848; x_wconf 81' lang='lat' dir='ltr'><strong>opposita</strong></span> <span class='ocrx_word' id='word_1_252' title='bbox 2701 776 3019 833; x_wconf 87' lang='lat' dir='ltr'><strong>Sirmieusis</strong></span> <span class='ocrx_word' id='word_1_253' title='bbox 3059 777 3276 833; x_wconf 82' lang='lat' dir='ltr'><strong>concilii</strong></span> <span class='ocrx_word' id='word_1_254' title='bbox 3309 774 3546 832; x_wconf 87' lang='lat' dir='ltr'><strong>infidelis</strong></span> <span class='ocrx_word' id='word_1_255' title='bbox 3573 774 3727 843; x_wconf 83' lang='lat' dir='ltr'><strong>fidei,</strong></span> <span class='ocrx_word' id='word_1_256' title='bbox 3759 782 3822 831; x_wconf 87' lang='lat' dir='ltr'><strong>ut</strong></span> 
     </span>
    </p>
   </div>
   <div class='ocr_carea' id='block_1_37' title="bbox 2209 868 3818 944">
    <p class='ocr_par' dir='ltr' id='par_1_37' title="bbox 2209 868 3818 944">
     <span class='ocr_line' id='line_1_37' title="bbox 2209 868 3818 944; baseline 0 -20"><span class='ocrx_word' id='word_1_257' title='bbox 2209 883 2329 924; x_wconf 87' lang='lat' dir='ltr'><strong>eam</strong></span> <span class='ocrx_word' id='word_1_258' title='bbox 2377 876 2534 925; x_wconf 85' lang='lat' dir='ltr'><strong>vocat</strong></span> <span class='ocrx_word' id='word_1_259' title='bbox 2582 877 2769 926; x_wconf 89' lang='lat' dir='ltr'><strong>noster</strong></span> <span class='ocrx_word' id='word_1_260' title='bbox 2817 869 3054 926; x_wconf 77' lang='lat' dir='ltr'><strong>Hilarius</strong></span> <span class='ocrx_word' id='word_1_261' title='bbox 3101 870 3216 944; x_wconf 78' lang='lat' dir='ltr'><strong>(lib.</strong></span> <span class='ocrx_word' id='word_1_262' title='bbox 3265 870 3329 926; x_wconf 79' lang='lat' dir='ltr'><strong>de</strong></span> <span class='ocrx_word' id='word_1_263' title='bbox 3377 868 3606 943; x_wconf 76' lang='lat' dir='ltr'><strong>Synod.,</strong></span> <span class='ocrx_word' id='word_1_264' title='bbox 3637 885 3691 926; x_wconf 85' lang='lat' dir='ltr'><strong>n.</strong></span> <span class='ocrx_word' id='word_1_265' title='bbox 3733 869 3818 940; x_wconf 76' lang='lat'><strong>2),</strong></span> 
     </span>
    </p>
   </div>
   <div class='ocr_carea' id='block_1_38' title="bbox 2208 959 3818 1038">
    <p class='ocr_par' dir='ltr' id='par_1_38' title="bbox 2208 959 3818 1038">
     <span class='ocr_line' id='line_1_38' title="bbox 2208 959 3818 1038; baseline 0.002 -22"><span class='ocrx_word' id='word_1_266' title='bbox 2208 959 2472 1030; x_wconf 84' lang='lat' dir='ltr'><strong>impietati</strong></span> <span class='ocrx_word' id='word_1_267' title='bbox 2518 977 2640 1034; x_wconf 79' lang='lat' dir='ltr'><strong>qua:</strong></span> <span class='ocrx_word' id='word_1_268' title='bbox 2687 962 2901 1021; x_wconf 82' lang='lat' dir='ltr'><strong>Patrem</strong></span> <span class='ocrx_word' id='word_1_269' title='bbox 2950 965 3144 1021; x_wconf 81' lang='lat' dir='ltr'><strong>honore</strong></span> <span class='ocrx_word' id='word_1_270' title='bbox 3167 1005 3181 1029; x_wconf 92' lang='lat'><strong>,</strong></span> <span class='ocrx_word' id='word_1_271' title='bbox 3213 964 3504 1038; x_wconf 80' lang='lat' dir='ltr'><strong>dignitate,</strong></span> <span class='ocrx_word' id='word_1_272' title='bbox 3559 964 3818 1028; x_wconf 80' lang='lat' dir='ltr'><strong>claritate,</strong></span> 
     </span>
    </p>
   </div>
   <div class='ocr_carea' id='block_1_39' title="bbox 2209 1054 3281 1130">
    <p class='ocr_par' dir='ltr' id='par_1_39' title="bbox 2209 1054 3281 1130">
     <span class='ocr_line' id='line_1_39' title="bbox 2209 1054 3281 1130; baseline 0.007 -22"><span class='ocrx_word' id='word_1_273' title='bbox 2209 1057 2480 1130; x_wconf 81' lang='lat' dir='ltr'><strong>majestate</strong></span> <span class='ocrx_word' id='word_1_274' title='bbox 2503 1054 2646 1113; x_wconf 80' lang='lat' dir='ltr'><strong>Filio</strong></span> <span class='ocrx_word' id='word_1_275' title='bbox 2672 1058 2937 1130; x_wconf 80' lang='lat' dir='ltr'><strong>majorem</strong></span> <span class='ocrx_word' id='word_1_276' title='bbox 2964 1056 3281 1116; x_wconf 70' lang='lat' dir='ltr'><strong>definiebat.</strong></span> 
     </span>
    </p>
   </div>
   <div class='ocr_carea' id='block_1_40' title="bbox 2279 1142 3817 1220">
    <p class='ocr_par' dir='ltr' id='par_1_40' title="bbox 2279 1142 3817 1220">
     <span class='ocr_line' id='line_1_40' title="bbox 2279 1142 3817 1220; baseline 0.003 -19"><span class='ocrx_word' id='word_1_277' title='bbox 2279 1142 2372 1202; x_wconf 77' lang='lat' dir='ltr'><strong>2t.</strong></span> <span class='ocrx_word' id='word_1_278' title='bbox 2413 1146 2545 1216; x_wconf 67' lang='lat' dir='ltr'><strong>Qua:</strong></span> <span class='ocrx_word' id='word_1_279' title='bbox 2585 1151 2833 1220; x_wconf 84' lang='lat' dir='ltr'><strong>sequitur</strong></span> <span class='ocrx_word' id='word_1_280' title='bbox 2873 1148 3218 1207; x_wconf 88' lang='lat' dir='ltr'><strong>Sardicensis</strong></span> <span class='ocrx_word' id='word_1_281' title='bbox 3243 1149 3464 1207; x_wconf 82' lang='lat' dir='ltr'><strong>concilii</strong></span> <span class='ocrx_word' id='word_1_282' title='bbox 3504 1149 3573 1207; x_wconf 87' lang='lat' dir='ltr'><strong>ad</strong></span> <span class='ocrx_word' id='word_1_283' title='bbox 3603 1150 3817 1219; x_wconf 79' lang='lat' dir='ltr'><strong>Grego-</strong></span> 
     </span>
    </p>
   </div>
   <div class='ocr_carea' id='block_1_41' title="bbox 2209 1240 3810 1314">
    <p class='ocr_par' dir='ltr' id='par_1_41' title="bbox 2209 1240 3810 1314">
     <span class='ocr_line' id='line_1_41' title="bbox 2209 1240 3810 1314; baseline 0 -18"><span class='ocrx_word' id='word_1_284' title='bbox 2209 1240 2349 1297; x_wconf 90' lang='lat' dir='ltr'><strong>rium</strong></span> <span class='ocrx_word' id='word_1_285' title='bbox 2376 1243 2692 1314; x_wconf 75' lang='lat' dir='ltr'><strong>episcopum</strong></span> <span class='ocrx_word' id='word_1_286' title='bbox 2718 1243 3068 1301; x_wconf 72' lang='lat' dir='ltr'><strong>Alexaudrizc</strong></span> <span class='ocrx_word' id='word_1_287' title='bbox 3095 1253 3430 1314; x_wconf 75' lang='lat' dir='ltr'><strong>caeterosque</strong></span> <span class='ocrx_word' id='word_1_288' title='bbox 3450 1243 3677 1314; x_wconf 82' lang='lat' dir='ltr'><strong>epistola</strong></span> <span class='ocrx_word' id='word_1_289' title='bbox 3709 1240 3810 1314; x_wconf 72' lang='grc' dir='ltr'><strong>(ὁ),</strong></span> 
     </span>
    </p>
   </div>
   <div class='ocr_carea' id='block_1_42' title="bbox 2218 1334 3820 1411">
    <p class='ocr_par' dir='ltr' id='par_1_42' title="bbox 2218 1334 3820 1411">
     <span class='ocr_line' id='line_1_42' title="bbox 2218 1334 3820 1411; baseline 0.001 -23"><span class='ocrx_word' id='word_1_290' title='bbox 2218 1334 2648 1405; x_wconf 68' lang='lat' dir='ltr'><strong>prmeedenlibus</strong></span> <span class='ocrx_word' id='word_1_291' title='bbox 2671 1337 2842 1393; x_wconf 88' lang='lat' dir='ltr'><strong>tuulto</strong></span> <span class='ocrx_word' id='word_1_292' title='bbox 2872 1337 3021 1410; x_wconf 88' lang='lat' dir='ltr'><strong>prior</strong></span> <span class='ocrx_word' id='word_1_293' title='bbox 3048 1346 3154 1406; x_wconf 90' lang='lat' dir='ltr'><strong>est,</strong></span> <span class='ocrx_word' id='word_1_294' title='bbox 3180 1348 3234 1394; x_wconf 89' lang='lat' dir='ltr'><strong>et</strong></span> <span class='ocrx_word' id='word_1_295' title='bbox 3259 1348 3580 1411; x_wconf 81' lang='lat' dir='ltr'><strong>argumento</strong></span> <span class='ocrx_word' id='word_1_296' title='bbox 3604 1337 3820 1408; x_wconf 82' lang='lat' dir='ltr'><strong>penitus</strong></span> 
     </span>
    </p>
   </div>
   <div class='ocr_carea' id='block_1_43' title="bbox 2207 1429 3817 1490">
    <p class='ocr_par' dir='ltr' id='par_1_43' title="bbox 2207 1429 3817 1490">
     <span class='ocr_line' id='line_1_43' title="bbox 2207 1429 3817 1490; baseline 0 -4"><span class='ocrx_word' id='word_1_297' title='bbox 2207 1429 2444 1487; x_wconf 85' lang='lat' dir='ltr'><strong>diversa.</strong></span> <span class='ocrx_word' id='word_1_298' title='bbox 2467 1429 2723 1489; x_wconf 85' lang='lat' dir='ltr'><strong>Continet</strong></span> <span class='ocrx_word' id='word_1_299' title='bbox 2740 1430 2883 1489; x_wconf 91' lang='lat' dir='ltr'><strong>enim</strong></span> <span class='ocrx_word' id='word_1_300' title='bbox 2906 1431 3190 1490; x_wconf 89' lang='lat' dir='ltr'><strong>decretum</strong></span> <span class='ocrx_word' id='word_1_301' title='bbox 3221 1430 3562 1490; x_wconf 82' lang='lat' dir='ltr'><strong>Sardieeusis</strong></span> <span class='ocrx_word' id='word_1_302' title='bbox 3598 1431 3817 1488; x_wconf 87' lang='lat' dir='ltr'><strong>concilii</strong></span> 
     </span>
    </p>
   </div>
   <div class='ocr_carea' id='block_1_44' title="bbox 2209 1523 3816 1598">
    <p class='ocr_par' dir='ltr' id='par_1_44' title="bbox 2209 1523 3816 1598">
     <span class='ocr_line' id='line_1_44' title="bbox 2209 1523 3816 1598; baseline -0.001 -18"><span class='ocrx_word' id='word_1_303' title='bbox 2209 1523 2431 1580; x_wconf 87' lang='lat' dir='ltr'><strong>nomine</strong></span> <span class='ocrx_word' id='word_1_304' title='bbox 2456 1523 2526 1578; x_wconf 91' lang='lat' dir='ltr'><strong>ab</strong></span> <span class='ocrx_word' id='word_1_305' title='bbox 2552 1524 2768 1582; x_wconf 77' lang='lat' dir='ltr'><strong>Arianis</strong></span> <span class='ocrx_word' id='word_1_306' title='bbox 2795 1525 3085 1582; x_wconf 71' lang='lat' dir='ltr'><strong>conﬁclum‘</strong></span> <span class='ocrx_word' id='word_1_307' title='bbox 3106 1568 3120 1595; x_wconf 90' lang='lat'><strong>,</strong></span> <span class='ocrx_word' id='word_1_308' title='bbox 3154 1527 3310 1598; x_wconf 86' lang='lat' dir='ltr'><strong>cujus</strong></span> <span class='ocrx_word' id='word_1_309' title='bbox 3336 1524 3592 1582; x_wconf 83' lang='lat' dir='ltr'><strong>Socrates</strong></span> <span class='ocrx_word' id='word_1_310' title='bbox 3620 1525 3816 1580; x_wconf 54' lang='lat' dir='ltr'><strong>metui-</strong></span> 
     </span>
    </p>
   </div>
   <div class='ocr_carea' id='block_1_45' title="bbox 2209 1616 3820 1682">
    <p class='ocr_par' dir='ltr' id='par_1_45' title="bbox 2209 1616 3820 1682">
     <span class='ocr_line' id='line_1_45' title="bbox 2209 1616 3820 1682; baseline 0.001 -8"><span class='ocrx_word' id='word_1_311' title='bbox 2209 1618 2308 1682; x_wconf 90' lang='lat' dir='ltr'><strong>uit,</strong></span> <span class='ocrx_word' id='word_1_312' title='bbox 2331 1616 2670 1676; x_wconf 82' lang='lat' dir='ltr'><strong>Sozomenus</strong></span> <span class='ocrx_word' id='word_1_313' title='bbox 2693 1618 2854 1676; x_wconf 72' lang='lat' dir='ltr'><strong>etiam</strong></span> <span class='ocrx_word' id='word_1_314' title='bbox 2876 1635 2991 1676; x_wconf 73' lang='lat' dir='ltr'><strong>sua:</strong></span> <span class='ocrx_word' id='word_1_315' title='bbox 3020 1618 3271 1677; x_wconf 72' lang='lat' dir='ltr'><strong>Historia:</strong></span> <span class='ocrx_word' id='word_1_316' title='bbox 3293 1636 3560 1677; x_wconf 87' lang='lat' dir='ltr'><strong>summam</strong></span> <span class='ocrx_word' id='word_1_317' title='bbox 3589 1619 3820 1676; x_wconf 81' lang='lat' dir='ltr'><strong>intexuit</strong></span> 
     </span>
    </p>
   </div>
   <div class='ocr_carea' id='block_1_46' title="bbox 2207 1709 3818 1786">
    <p class='ocr_par' dir='ltr' id='par_1_46' title="bbox 2207 1709 3818 1786">
     <span class='ocr_line' id='line_1_46' title="bbox 2207 1709 3818 1786; baseline 0 -20"><span class='ocrx_word' id='word_1_318' title='bbox 2207 1709 2387 1786; x_wconf 77' lang='lat' dir='ltr'><strong>(Sorr.</strong></span> <span class='ocrx_word' id='word_1_319' title='bbox 2431 1711 2522 1767; x_wconf 80' lang='lat' dir='ltr'><strong>lib.</strong></span> <span class='ocrx_word' id='word_1_320' title='bbox 2567 1727 2628 1780; x_wconf 84' lang='grc' dir='ltr'><strong>ιι,</strong></span> <span class='ocrx_word' id='word_1_321' title='bbox 2676 1712 2785 1778; x_wconf 71' lang='lat'><strong>20;</strong></span> <span class='ocrx_word' id='word_1_322' title='bbox 2821 1714 2946 1768; x_wconf 76' lang='lat' dir='ltr'><strong>Soz.</strong></span> <span class='ocrx_word' id='word_1_323' title='bbox 2997 1713 3089 1770; x_wconf 82' lang='lat' dir='ltr'><strong>lib.</strong></span> <span class='ocrx_word' id='word_1_324' title='bbox 3121 1730 3201 1781; x_wconf 91' lang='lat' dir='ltr'><strong>tu,</strong></span> <span class='ocrx_word' id='word_1_325' title='bbox 3238 1715 3352 1782; x_wconf 89' lang='lat' dir='ltr'><strong>ll),</strong></span> <span class='ocrx_word' id='word_1_326' title='bbox 3393 1713 3643 1769; x_wconf 88' lang='lat' dir='ltr'><strong>ultimum</strong></span> <span class='ocrx_word' id='word_1_327' title='bbox 3684 1727 3818 1767; x_wconf 80' lang='lat' dir='ltr'><strong>sane</strong></span> 
     </span>
    </p>
   </div>
   <div class='ocr_carea' id='block_1_47' title="bbox 2207 1798 3816 1876">
    <p class='ocr_par' dir='ltr' id='par_1_47' title="bbox 2207 1798 3816 1876">
     <span class='ocr_line' id='line_1_47' title="bbox 2207 1798 3816 1876; baseline -0.001 -14"><span class='ocrx_word' id='word_1_328' title='bbox 2207 1807 2479 1866; x_wconf 66' lang='lat' dir='ltr'><strong>hazretica:</strong></span> <span class='ocrx_word' id='word_1_329' title='bbox 2501 1807 2826 1864; x_wconf 84' lang='lat' dir='ltr'><strong>temeritatis</strong></span> <span class='ocrx_word' id='word_1_330' title='bbox 2847 1824 2910 1864; x_wconf 87' lang='lat' dir='ltr'><strong>ac</strong></span> <span class='ocrx_word' id='word_1_331' title='bbox 2932 1798 3174 1865; x_wconf 61' lang='lat' dir='ltr'><strong>audaciie</strong></span> <span class='ocrx_word' id='word_1_332' title='bbox 3195 1807 3528 1876; x_wconf 63' lang='lat' dir='ltr'><strong>exemplum.</strong></span> <span class='ocrx_word' id='word_1_333' title='bbox 3555 1806 3634 1863; x_wconf 84' lang='lat' dir='ltr'><strong>illi</strong></span> <span class='ocrx_word' id='word_1_334' title='bbox 3660 1821 3816 1862; x_wconf 90' lang='lat' dir='ltr'><strong>nam-</strong></span> 
     </span>
    </p>
   </div>
   <div class='ocr_carea' id='block_1_48' title="bbox 2133 1891 3817 1980">
    <p class='ocr_par' dir='ltr' id='par_1_48' title="bbox 2133 1891 3817 1980">
     <span class='ocr_line' id='line_1_48' title="bbox 2133 1891 3817 1980; baseline -0.001 -22"><span class='ocrx_word' id='word_1_335' title='bbox 2133 1891 2182 1954; x_wconf 83' lang='lat' dir='ltr'><strong>B</strong></span> <span class='ocrx_word' id='word_1_336' title='bbox 2207 1918 2316 1975; x_wconf 91' lang='lat' dir='ltr'><strong>que</strong></span> <span class='ocrx_word' id='word_1_337' title='bbox 2342 1917 2403 1959; x_wconf 87' lang='lat' dir='ltr'><strong>se</strong></span> <span class='ocrx_word' id='word_1_338' title='bbox 2439 1901 2686 1980; x_wconf 88' lang='lat' dir='ltr'><strong>patrihus</strong></span> <span class='ocrx_word' id='word_1_339' title='bbox 2725 1917 2870 1958; x_wconf 92' lang='lat' dir='ltr'><strong>anno</strong></span> <span class='ocrx_word' id='word_1_340' title='bbox 2920 1900 3119 1959; x_wconf 81' lang='lat' dir='ltr'><strong>Christi</strong></span> <span class='ocrx_word' id='word_1_341' title='bbox 3163 1900 3272 1960; x_wconf 60' lang='lat'><strong>3&amp;8</strong></span> <span class='ocrx_word' id='word_1_342' title='bbox 3312 1899 3552 1958; x_wconf 61' lang='lat' dir='ltr'><strong>Sardica‘.</strong></span> <span class='ocrx_word' id='word_1_343' title='bbox 3579 1914 3817 1972; x_wconf 80' lang='lat' dir='ltr'><strong>congre-</strong></span> 
     </span>
    </p>
   </div>
   <div class='ocr_carea' id='block_1_49' title="bbox 2207 1993 3817 2069">
    <p class='ocr_par' dir='ltr' id='par_1_49' title="bbox 2207 1993 3817 2069">
     <span class='ocr_line' id='line_1_49' title="bbox 2207 1993 3817 2069; baseline -0.003 -16"><span class='ocrx_word' id='word_1_344' title='bbox 2207 1996 2344 2069; x_wconf 74' lang='lat' dir='ltr'><strong>gatis</strong></span> <span class='ocrx_word' id='word_1_345' title='bbox 2383 2005 2440 2053; x_wconf 91' lang='lat' dir='ltr'><strong>ut</strong></span> <span class='ocrx_word' id='word_1_346' title='bbox 2477 1997 2735 2053; x_wconf 80' lang='lat' dir='ltr'><strong>sisterent</strong></span> <span class='ocrx_word' id='word_1_347' title='bbox 2777 2006 3045 2069; x_wconf 58' lang='lat' dir='ltr'><strong>prasente</strong></span> <span class='ocrx_word' id='word_1_348' title='bbox 3078 1994 3407 2063; x_wconf 67' lang='lat' dir='ltr'><strong>Athanasio,</strong></span> <span class='ocrx_word' id='word_1_349' title='bbox 3435 2009 3596 2066; x_wconf 86' lang='lat' dir='ltr'><strong>quem</strong></span> <span class='ocrx_word' id='word_1_350' title='bbox 3642 1993 3817 2066; x_wconf 83' lang='lat' dir='ltr'><strong>impu-</strong></span> 
     </span>
    </p>
   </div>
   <div class='ocr_carea' id='block_1_50' title="bbox 2207 2086 3816 2156">
    <p class='ocr_par' dir='ltr' id='par_1_50' title="bbox 2207 2086 3816 2156">
     <span class='ocr_line' id='line_1_50' title="bbox 2207 2086 3816 2156; baseline -0.002 -10"><span class='ocrx_word' id='word_1_351' title='bbox 2207 2089 2402 2146; x_wconf 86' lang='lat' dir='ltr'><strong>denter</strong></span> <span class='ocrx_word' id='word_1_352' title='bbox 2443 2089 2583 2146; x_wconf 89' lang='lat' dir='ltr'><strong>adeo</strong></span> <span class='ocrx_word' id='word_1_353' title='bbox 2627 2086 2900 2145; x_wconf 86' lang='lat' dir='ltr'><strong>criminati</strong></span> <span class='ocrx_word' id='word_1_354' title='bbox 2943 2088 3367 2156; x_wconf 79' lang='lat' dir='ltr'><strong>calumniatique</strong></span> <span class='ocrx_word' id='word_1_355' title='bbox 3411 2088 3643 2153; x_wconf 87' lang='lat' dir='ltr'><strong>fuerant,</strong></span> <span class='ocrx_word' id='word_1_356' title='bbox 3683 2087 3816 2142; x_wconf 84' lang='lat' dir='ltr'><strong>satis</strong></span> 
     </span>
    </p>
   </div>
   <div class='ocr_carea' id='block_1_51' title="bbox 2209 2179 3816 2254">
    <p class='ocr_par' dir='ltr' id='par_1_51' title="bbox 2209 2179 3816 2254">
     <span class='ocr_line' id='line_1_51' title="bbox 2209 2179 3816 2254; baseline -0.002 -15"><span class='ocrx_word' id='word_1_357' title='bbox 2209 2184 2418 2252; x_wconf 81' lang='lat' dir='ltr'><strong>firmam</strong></span> <span class='ocrx_word' id='word_1_358' title='bbox 2469 2182 2702 2240; x_wconf 86' lang='lat' dir='ltr'><strong>frontem</strong></span> <span class='ocrx_word' id='word_1_359' title='bbox 2748 2198 2856 2241; x_wconf 91' lang='lat' dir='ltr'><strong>non</strong></span> <span class='ocrx_word' id='word_1_360' title='bbox 2902 2181 3194 2250; x_wconf 85' lang='lat' dir='ltr'><strong>habentes,</strong></span> <span class='ocrx_word' id='word_1_361' title='bbox 3248 2179 3648 2254; x_wconf 83' lang='lat' dir='ltr'><strong>Philippopoli,</strong></span> <span class='ocrx_word' id='word_1_362' title='bbox 3692 2195 3816 2254; x_wconf 81' lang='lat' dir='ltr'><strong>qua:</strong></span> 
     </span>
    </p>
   </div>
   <div class='ocr_carea' id='block_1_52' title="bbox 2207 2275 3818 2354">
    <p class='ocr_par' dir='ltr' id='par_1_52' title="bbox 2207 2275 3818 2354">
     <span class='ocr_line' id='line_1_52' title="bbox 2207 2275 3818 2354; baseline -0.004 -21"><span class='ocrx_word' id='word_1_363' title='bbox 2207 2275 2455 2354; x_wconf 72' lang='lat' dir='ltr'><strong>Thraeite</strong></span> <span class='ocrx_word' id='word_1_364' title='bbox 2493 2288 2579 2335; x_wconf 87' lang='lat' dir='ltr'><strong>est</strong></span> <span class='ocrx_word' id='word_1_365' title='bbox 2626 2277 2786 2344; x_wconf 88' lang='lat' dir='ltr'><strong>urbs,</strong></span> <span class='ocrx_word' id='word_1_366' title='bbox 2815 2275 3022 2345; x_wconf 86' lang='lat' dir='ltr'><strong>coacti,</strong></span> <span class='ocrx_word' id='word_1_367' title='bbox 3075 2277 3179 2332; x_wconf 89' lang='lat' dir='ltr'><strong>hoc</strong></span> <span class='ocrx_word' id='word_1_368' title='bbox 3221 2275 3366 2347; x_wconf 84' lang='lat' dir='ltr'><strong>quod</strong></span> <span class='ocrx_word' id='word_1_369' title='bbox 3411 2275 3465 2332; x_wconf 90' lang='lat' dir='ltr'><strong>in</strong></span> <span class='ocrx_word' id='word_1_370' title='bbox 3514 2287 3675 2332; x_wconf 86' lang='lat' dir='ltr'><strong>manu</strong></span> <span class='ocrx_word' id='word_1_371' title='bbox 3728 2281 3818 2328; x_wconf 82' lang='lat' dir='ltr'><strong>est</strong></span> 
     </span>
    </p>
   </div>
   <div class='ocr_carea' id='block_1_53' title="bbox 2204 2370 3806 2443">
    <p class='ocr_par' dir='ltr' id='par_1_53' title="bbox 2204 2370 3806 2443">
     <span class='ocr_line' id='line_1_53' title="bbox 2204 2370 3806 2443; baseline -0.001 -16"><span class='ocrx_word' id='word_1_372' title='bbox 2204 2371 2509 2442; x_wconf 88' lang='lat' dir='ltr'><strong>decretum,</strong></span> <span class='ocrx_word' id='word_1_373' title='bbox 2539 2372 2644 2428; x_wconf 88' lang='lat' dir='ltr'><strong>sub</strong></span> <span class='ocrx_word' id='word_1_374' title='bbox 2672 2372 2892 2429; x_wconf 90' lang='lat' dir='ltr'><strong>nomine</strong></span> <span class='ocrx_word' id='word_1_375' title='bbox 2913 2381 3129 2443; x_wconf 84' lang='lat' dir='ltr'><strong>patrum</strong></span> <span class='ocrx_word' id='word_1_376' title='bbox 3156 2370 3395 2429; x_wconf 68' lang='lat' dir='ltr'><strong>Sardica)</strong></span> <span class='ocrx_word' id='word_1_377' title='bbox 3424 2371 3806 2440; x_wconf 83' lang='lat' dir='ltr'><strong>collectorum,</strong></span> 
     </span>
    </p>
   </div>
   <div class='ocr_carea' id='block_1_54' title="bbox 2223 2466 3813 2540">
    <p class='ocr_par' dir='ltr' id='par_1_54' title="bbox 2223 2466 3813 2540">
     <span class='ocr_line' id='line_1_54' title="bbox 2223 2466 3813 2540; baseline 0.001 -18"><span class='ocrx_word' id='word_1_378' title='bbox 2223 2483 2454 2538; x_wconf 88' lang='lat' dir='ltr'><strong>quorum</strong></span> <span class='ocrx_word' id='word_1_379' title='bbox 2500 2467 2640 2524; x_wconf 89' lang='lat' dir='ltr'><strong>fama</strong></span> <span class='ocrx_word' id='word_1_380' title='bbox 2681 2466 2793 2539; x_wconf 90' lang='lat' dir='ltr'><strong>jam</strong></span> <span class='ocrx_word' id='word_1_381' title='bbox 2840 2483 2941 2539; x_wconf 88' lang='lat' dir='ltr'><strong>per</strong></span> <span class='ocrx_word' id='word_1_382' title='bbox 2983 2466 3217 2540; x_wconf 88' lang='lat' dir='ltr'><strong>populos</strong></span> <span class='ocrx_word' id='word_1_383' title='bbox 3263 2477 3550 2540; x_wconf 80' lang='lat' dir='ltr'><strong>pervagata</strong></span> <span class='ocrx_word' id='word_1_384' title='bbox 3605 2468 3813 2538; x_wconf 87' lang='lat' dir='ltr'><strong>fuerat,</strong></span> 
     </span>
    </p>
   </div>
   <div class='ocr_carea' id='block_1_55' title="bbox 2206 2561 3818 2634">
    <p class='ocr_par' dir='ltr' id='par_1_55' title="bbox 2206 2561 3818 2634">
     <span class='ocr_line' id='line_1_55' title="bbox 2206 2561 3818 2634; baseline 0.004 -20"><span class='ocrx_word' id='word_1_385' title='bbox 2206 2561 2498 2617; x_wconf 87' lang='lat' dir='ltr'><strong>commenti</strong></span> <span class='ocrx_word' id='word_1_386' title='bbox 2542 2570 2672 2616; x_wconf 85' lang='lat' dir='ltr'><strong>sunt</strong></span> <span class='ocrx_word' id='word_1_387' title='bbox 2711 2580 2724 2616; x_wconf 92' lang='lat'><strong>:</strong></span> <span class='ocrx_word' id='word_1_388' title='bbox 2767 2577 2874 2634; x_wconf 89' lang='lat' dir='ltr'><strong>quo</strong></span> <span class='ocrx_word' id='word_1_389' title='bbox 2905 2579 3010 2618; x_wconf 90' lang='lat' dir='ltr'><strong>non</strong></span> <span class='ocrx_word' id='word_1_390' title='bbox 3053 2561 3228 2618; x_wconf 84' lang='lat' dir='ltr'><strong>solum</strong></span> <span class='ocrx_word' id='word_1_391' title='bbox 3271 2561 3624 2628; x_wconf 80' lang='lat' dir='ltr'><strong>Athanasium</strong></span> <span class='ocrx_word' id='word_1_392' title='bbox 3665 2564 3818 2621; x_wconf 84' lang='lat' dir='ltr'><strong>velut</strong></span> 
     </span>
    </p>
   </div>
   <div class='ocr_carea' id='block_1_56' title="bbox 2217 2654 3814 2728">
    <p class='ocr_par' dir='ltr' id='par_1_56' title="bbox 2217 2654 3814 2728">
     <span class='ocr_line' id='line_1_56' title="bbox 2217 2654 3814 2728; baseline 0.002 -19"><span class='ocrx_word' id='word_1_393' title='bbox 2217 2655 2461 2725; x_wconf 74' lang='lat' dir='ltr'><strong>gravium</strong></span> <span class='ocrx_word' id='word_1_394' title='bbox 2503 2655 2772 2712; x_wconf 90' lang='lat' dir='ltr'><strong>scelerum</strong></span> <span class='ocrx_word' id='word_1_395' title='bbox 2818 2657 3128 2714; x_wconf 88' lang='lat' dir='ltr'><strong>convictum</strong></span> <span class='ocrx_word' id='word_1_396' title='bbox 3173 2654 3576 2728; x_wconf 75' lang='lat' dir='ltr'><strong>deposuerunt,</strong></span> <span class='ocrx_word' id='word_1_397' title='bbox 3627 2672 3814 2713; x_wconf 90' lang='lat' dir='ltr'><strong>verum</strong></span> 
     </span>
    </p>
   </div>
   <div class='ocr_carea' id='block_1_57' title="bbox 2207 2745 3816 2819">
    <p class='ocr_par' dir='ltr' id='par_1_57' title="bbox 2207 2745 3816 2819">
     <span class='ocr_line' id='line_1_57' title="bbox 2207 2745 3816 2819; baseline 0.002 -18"><span class='ocrx_word' id='word_1_398' title='bbox 2207 2749 2370 2804; x_wconf 87' lang='lat' dir='ltr'><strong>etiam</strong></span> <span class='ocrx_word' id='word_1_399' title='bbox 2415 2745 2615 2805; x_wconf 78' lang='lat' dir='ltr'><strong>Julinm</strong></span> <span class='ocrx_word' id='word_1_400' title='bbox 2655 2749 2717 2805; x_wconf 78' lang='grc' dir='ltr'><strong>Ρ.</strong></span> <span class='ocrx_word' id='word_1_401' title='bbox 2761 2747 2826 2805; x_wconf 82' lang='lat' dir='ltr'><strong>R.</strong></span> <span class='ocrx_word' id='word_1_402' title='bbox 2861 2748 3082 2814; x_wconf 80' lang='lat' dir='ltr'><strong>Osium,</strong></span> <span class='ocrx_word' id='word_1_403' title='bbox 3119 2748 3513 2819; x_wconf 81' lang='lat' dir='ltr'><strong>Protogenem,</strong></span> <span class='ocrx_word' id='word_1_404' title='bbox 3558 2749 3816 2808; x_wconf 77' lang='lat' dir='ltr'><strong>Gauden-</strong></span> 
     </span>
    </p>
   </div>
   <div class='ocr_carea' id='block_1_58' title="bbox 2210 2842 3817 2912">
    <p class='ocr_par' dir='ltr' id='par_1_58' title="bbox 2210 2842 3817 2912">
     <span class='ocr_line' id='line_1_58' title="bbox 2210 2842 3817 2912; baseline 0.003 -16"><span class='ocrx_word' id='word_1_405' title='bbox 2210 2843 2378 2910; x_wconf 86' lang='lat' dir='ltr'><strong>tium,</strong></span> <span class='ocrx_word' id='word_1_406' title='bbox 2422 2853 2476 2898; x_wconf 85' lang='lat' dir='ltr'><strong>ct</strong></span> <span class='ocrx_word' id='word_1_407' title='bbox 2526 2843 2910 2912; x_wconf 80' lang='lat' dir='ltr'><strong>Maximinum,</strong></span> <span class='ocrx_word' id='word_1_408' title='bbox 2957 2843 3080 2900; x_wconf 88' lang='lat' dir='ltr'><strong>fidei</strong></span> <span class='ocrx_word' id='word_1_409' title='bbox 3124 2843 3357 2899; x_wconf 47' lang='lat' dir='ltr'><strong>Nicaeum</strong></span> <span class='ocrx_word' id='word_1_410' title='bbox 3400 2843 3695 2912; x_wconf 88' lang='lat' dir='ltr'><strong>columina,</strong></span> <span class='ocrx_word' id='word_1_411' title='bbox 3745 2842 3817 2901; x_wconf 91' lang='lat' dir='ltr'><strong>dc</strong></span> 
     </span>
    </p>
   </div>
   <div class='ocr_carea' id='block_1_59' title="bbox 2208 2935 3815 3011">
    <p class='ocr_par' dir='ltr' id='par_1_59' title="bbox 2208 2935 3815 3011">
     <span class='ocr_line' id='line_1_59' title="bbox 2208 2935 3815 3011; baseline 0.001 -20"><span class='ocrx_word' id='word_1_412' title='bbox 2208 2937 2375 3009; x_wconf 74' lang='lat' dir='ltr'><strong>gradu</strong></span> <span class='ocrx_word' id='word_1_413' title='bbox 2402 2939 2898 3011; x_wconf 88' lang='lat' dir='ltr'><strong>connuunioneque</strong></span> <span class='ocrx_word' id='word_1_414' title='bbox 2922 2937 3292 2995; x_wconf 87' lang='lat' dir='ltr'><strong>ecclesiastica</strong></span> <span class='ocrx_word' id='word_1_415' title='bbox 3340 2937 3579 2994; x_wconf 89' lang='lat' dir='ltr'><strong>dimotos</strong></span> <span class='ocrx_word' id='word_1_416' title='bbox 3597 2935 3815 3008; x_wconf 82' lang='lat' dir='ltr'><strong>judica-</strong></span> 
     </span>
    </p>
   </div>
   <div class='ocr_carea' id='block_1_60' title="bbox 2209 3029 3814 3104">
    <p class='ocr_par' dir='ltr' id='par_1_60' title="bbox 2209 3029 3814 3104">
     <span class='ocr_line' id='line_1_60' title="bbox 2209 3029 3814 3104; baseline -0.001 -16"><span class='ocrx_word' id='word_1_417' title='bbox 2209 3041 2356 3088; x_wconf 89' lang='lat' dir='ltr'><strong>runt.</strong></span> <span class='ocrx_word' id='word_1_418' title='bbox 2389 3031 2498 3089; x_wconf 78' lang='lat' dir='ltr'><strong>Nec</strong></span> <span class='ocrx_word' id='word_1_419' title='bbox 2535 3034 2775 3090; x_wconf 88' lang='lat' dir='ltr'><strong>contenti</strong></span> <span class='ocrx_word' id='word_1_420' title='bbox 2807 3033 2860 3089; x_wconf 90' lang='lat' dir='ltr'><strong>in</strong></span> <span class='ocrx_word' id='word_1_421' title='bbox 2900 3041 3080 3089; x_wconf 87' lang='lat' dir='ltr'><strong>tantos</strong></span> <span class='ocrx_word' id='word_1_422' title='bbox 3109 3031 3255 3088; x_wconf 86' lang='lat' dir='ltr'><strong>viros</strong></span> <span class='ocrx_word' id='word_1_423' title='bbox 3296 3030 3479 3104; x_wconf 90' lang='lat' dir='ltr'><strong>injurii</strong></span> <span class='ocrx_word' id='word_1_424' title='bbox 3509 3029 3814 3094; x_wconf 80' lang='lat' dir='ltr'><strong>exstitisse,</strong></span> 
     </span>
    </p>
   </div>
   <div class='ocr_carea' id='block_1_61' title="bbox 2209 3114 3814 3198">
    <p class='ocr_par' dir='ltr' id='par_1_61' title="bbox 2209 3114 3814 3198">
     <span class='ocr_line' id='line_1_61' title="bbox 2209 3114 3814 3198; baseline 0.001 -17"><span class='ocrx_word' id='word_1_425' title='bbox 2209 3125 2313 3182; x_wconf 90' lang='lat' dir='ltr'><strong>nisi</strong></span> <span class='ocrx_word' id='word_1_426' title='bbox 2353 3124 2552 3192; x_wconf 85' lang='lat' dir='ltr'><strong>etiam,</strong></span> <span class='ocrx_word' id='word_1_427' title='bbox 2585 3135 2644 3182; x_wconf 93' lang='lat' dir='ltr'><strong>ut</strong></span> <span class='ocrx_word' id='word_1_428' title='bbox 2669 3142 2792 3183; x_wconf 89' lang='lat' dir='ltr'><strong>cum</strong></span> <span class='ocrx_word' id='word_1_429' title='bbox 2824 3125 3096 3198; x_wconf 85' lang='lat' dir='ltr'><strong>Propheta</strong></span> <span class='ocrx_word' id='word_1_430' title='bbox 3141 3123 3334 3197; x_wconf 88' lang='lat' dir='ltr'><strong>loquar</strong></span> <span class='ocrx_word' id='word_1_431' title='bbox 3371 3123 3526 3198; x_wconf 81' lang='lat' dir='ltr'><strong>(Esai</strong></span> <span class='ocrx_word' id='word_1_432' title='bbox 3566 3114 3662 3191; x_wconf 77' lang='lat' dir='ltr'><strong>vti,</strong></span> <span class='ocrx_word' id='word_1_433' title='bbox 3697 3124 3814 3194; x_wconf 72' lang='lat' dir='ltr'><strong>i5),</strong></span> 
     </span>
    </p>
   </div>
   <div class='ocr_carea' id='block_1_62' title="bbox 2210 3217 3822 3300">
    <p class='ocr_par' dir='ltr' id='par_1_62' title="bbox 2210 3217 3822 3300">
     <span class='ocr_line' id='line_1_62' title="bbox 2210 3217 3822 3300; baseline 0 -25"><span class='ocrx_word' id='word_1_434' title='bbox 2210 3219 2424 3278; x_wconf 87' lang='lat' dir='ltr'><strong>molesti</strong></span> <span class='ocrx_word' id='word_1_435' title='bbox 2467 3229 2654 3277; x_wconf 87' lang='lat' dir='ltr'><strong>essent</strong></span> <span class='ocrx_word' id='word_1_436' title='bbox 2694 3229 2751 3276; x_wconf 89' lang='lat' dir='ltr'><strong>et</strong></span> <span class='ocrx_word' id='word_1_437' title='bbox 2789 3220 2902 3278; x_wconf 89' lang='lat' dir='ltr'><strong>Deo</strong></span> <span class='ocrx_word' id='word_1_438' title='bbox 2945 3229 3157 3283; x_wconf 83' lang='lat' dir='ltr'><strong>nostro,</strong></span> <span class='ocrx_word' id='word_1_439' title='bbox 3205 3219 3381 3290; x_wconf 86' lang='lat' dir='ltr'><strong>ipsum</strong></span> <span class='ocrx_word' id='word_1_440' title='bbox 3419 3217 3699 3274; x_wconf 83' lang='lat' dir='ltr'><strong>Christum</strong></span> <span class='ocrx_word' id='word_1_441' title='bbox 3745 3217 3822 3300; x_wconf 73' lang='lat' dir='ltr'><strong>de</strong></span> 
     </span>
    </p>
   </div>
   <div class='ocr_carea' id='block_1_63' title="bbox 498 3296 3819 3385">
    <p class='ocr_par' dir='ltr' id='par_1_63' title="bbox 498 3296 3819 3385">
     <span class='ocr_line' id='line_1_63' title="bbox 498 3296 3819 3385; baseline -0.001 -17"><span class='ocrx_word' id='word_1_442' title='bbox 498 3321 557 3368; x_wconf 90' lang='lat' dir='ltr'><strong>ct.</strong></span> <span class='ocrx_word' id='word_1_443' title='bbox 582 3310 848 3382; x_wconf 86' lang='lat' dir='ltr'><strong>intrepide</strong></span> <span class='ocrx_word' id='word_1_444' title='bbox 879 3310 1158 3367; x_wconf 84' lang='lat' dir='ltr'><strong>restiterit.</strong></span> <span class='ocrx_word' id='word_1_445' title='bbox 1196 3308 1352 3378; x_wconf 83' lang='lat' dir='ltr'><strong>Quod</strong></span> <span class='ocrx_word' id='word_1_446' title='bbox 1383 3311 1428 3366; x_wconf 86' lang='lat' dir='ltr'><strong>si</strong></span> <span class='ocrx_word' id='word_1_447' title='bbox 1464 3317 1586 3374; x_wconf 89' lang='lat' dir='ltr'><strong>est,</strong></span> <span class='ocrx_word' id='word_1_448' title='bbox 1626 3308 1693 3363; x_wconf 90' lang='lat' dir='ltr'><strong>ad</strong></span> <span class='ocrx_word' id='word_1_449' title='bbox 1729 3321 1930 3363; x_wconf 82' lang='lat' dir='ltr'><strong>animm</strong></span> <span class='ocrx_word' id='word_1_450' title='bbox 1958 3304 2105 3362; x_wconf 67' lang='lat' dir='ltr'><strong>(lon-</strong></span> <span class='ocrx_word' id='word_1_451' title='bbox 2134 3296 2181 3363; x_wconf 87' lang='lat' dir='ltr'><strong>C</strong></span> <span class='ocrx_word' id='word_1_452' title='bbox 2211 3311 2390 3369; x_wconf 84' lang='lat' dir='ltr'><strong>Patris</strong></span> <span class='ocrx_word' id='word_1_453' title='bbox 2434 3311 2647 3378; x_wconf 84' lang='lat' dir='ltr'><strong>dextra,</strong></span> <span class='ocrx_word' id='word_1_454' title='bbox 2699 3311 2751 3369; x_wconf 92' lang='lat' dir='ltr'><strong>id</strong></span> <span class='ocrx_word' id='word_1_455' title='bbox 2797 3321 2914 3379; x_wconf 87' lang='lat' dir='ltr'><strong>est,</strong></span> <span class='ocrx_word' id='word_1_456' title='bbox 2957 3321 3048 3375; x_wconf 77' lang='grc' dir='ltr'><strong>τῆς</strong></span> <span class='ocrx_word' id='word_1_457' title='bbox 3091 3309 3374 3385; x_wconf 77' lang='grc' dir='ltr'><strong>ὃμοουσίας</strong></span> <span class='ocrx_word' id='word_1_458' title='bbox 3415 3311 3500 3368; x_wconf 77' lang='grc' dir='ltr'><strong>καὶ</strong></span> <span class='ocrx_word' id='word_1_459' title='bbox 3543 3296 3819 3384; x_wconf 61' lang='lat' dir='ltr'><strong>oportuisse</strong></span> 
     </span>
    </p>
   </div>
   <div class='ocr_carea' id='block_1_64' title="bbox 500 3399 2102 3474">
    <p class='ocr_par' dir='ltr' id='par_1_64' title="bbox 500 3399 2102 3474">
     <span class='ocr_line' id='line_1_64' title="bbox 500 3399 2102 3474; baseline -0.004 -14"><span class='ocrx_word' id='word_1_460' title='bbox 500 3403 686 3460; x_wconf 87' lang='lat' dir='ltr'><strong>stantii</strong></span> <span class='ocrx_word' id='word_1_461' title='bbox 715 3418 867 3472; x_wconf 78' lang='lat' dir='ltr'><strong>xxiv,</strong></span> <span class='ocrx_word' id='word_1_462' title='bbox 917 3404 1007 3474; x_wconf 91' lang='lat' dir='ltr'><strong>qui</strong></span> <span class='ocrx_word' id='word_1_463' title='bbox 1037 3401 1238 3459; x_wconf 77' lang='lat' dir='ltr'><strong>Christi</strong></span> <span class='ocrx_word' id='word_1_464' title='bbox 1269 3402 1320 3458; x_wconf 82' lang='lat' dir='ltr'><strong>lx</strong></span> <span class='ocrx_word' id='word_1_465' title='bbox 1349 3414 1432 3459; x_wconf 72' lang='grc' dir='ltr'><strong>εει</strong></span> <span class='ocrx_word' id='word_1_466' title='bbox 1475 3411 1596 3473; x_wconf 77' lang='lat' dir='ltr'><strong>post</strong></span> <span class='ocrx_word' id='word_1_467' title='bbox 1625 3399 2102 3462; x_wconf 74' lang='lat' dir='ltr'><strong>trecentesimum,</strong></span> 
     </span>
    </p>
   </div>
   <div class='ocr_carea' id='block_1_65' title="bbox 504 3493 2108 3567">
    <p class='ocr_par' dir='ltr' id='par_1_65' title="bbox 504 3493 2108 3567">
     <span class='ocr_line' id='line_1_65' title="bbox 504 3493 2108 3567; baseline -0.005 -13"><span class='ocrx_word' id='word_1_468' title='bbox 504 3498 690 3554; x_wconf 82' lang='lat' dir='ltr'><strong>Osium</strong></span> <span class='ocrx_word' id='word_1_469' title='bbox 739 3496 1055 3567; x_wconf 86' lang='lat' dir='ltr'><strong>pervenisse</strong></span> <span class='ocrx_word' id='word_1_470' title='bbox 1109 3508 1333 3551; x_wconf 86' lang='lat' dir='ltr'><strong>necesse</strong></span> <span class='ocrx_word' id='word_1_471' title='bbox 1376 3501 1496 3562; x_wconf 89' lang='lat' dir='ltr'><strong>cst,</strong></span> <span class='ocrx_word' id='word_1_472' title='bbox 1547 3508 1654 3566; x_wconf 87' lang='lat' dir='ltr'><strong>quo</strong></span> <span class='ocrx_word' id='word_1_473' title='bbox 1697 3507 1842 3550; x_wconf 87' lang='lat' dir='ltr'><strong>anno</strong></span> <span class='ocrx_word' id='word_1_474' title='bbox 1889 3493 2108 3549; x_wconf 85' lang='lat' dir='ltr'><strong>missam</strong></span> 
     </span>
    </p>
   </div>
   <div class='ocr_carea' id='block_1_66' title="bbox 505 3584 2110 3661">
    <p class='ocr_par' dir='ltr' id='par_1_66' title="bbox 505 3584 2110 3661">
     <span class='ocr_line' id='line_1_66' title="bbox 505 3584 2110 3661; baseline -0.002 -16"><span class='ocrx_word' id='word_1_475' title='bbox 505 3589 644 3649; x_wconf 86' lang='lat' dir='ltr'><strong>hanc</strong></span> <span class='ocrx_word' id='word_1_476' title='bbox 681 3587 966 3661; x_wconf 88' lang='lat' dir='ltr'><strong>epistolam</strong></span> <span class='ocrx_word' id='word_1_477' title='bbox 1007 3588 1293 3660; x_wconf 77' lang='lat' dir='ltr'><strong>ipsumque</strong></span> <span class='ocrx_word' id='word_1_478' title='bbox 1333 3585 1519 3644; x_wconf 86' lang='lat' dir='ltr'><strong>Osium</strong></span> <span class='ocrx_word' id='word_1_479' title='bbox 1560 3586 1722 3656; x_wconf 82' lang='lat' dir='ltr'><strong>paulo</strong></span> <span class='ocrx_word' id='word_1_480' title='bbox 1749 3595 1871 3658; x_wconf 90' lang='lat' dir='ltr'><strong>post</strong></span> <span class='ocrx_word' id='word_1_481' title='bbox 1913 3601 1946 3643; x_wconf 90' lang='lat' dir='ltr'><strong>e</strong></span> <span class='ocrx_word' id='word_1_482' title='bbox 1972 3584 2110 3642; x_wconf 85' lang='lat' dir='ltr'><strong>vivis</strong></span> 
     </span>
    </p>
   </div>
   <div class='ocr_carea' id='block_1_67' title="bbox 505 3680 2108 3753">
    <p class='ocr_par' dir='ltr' id='par_1_67' title="bbox 505 3680 2108 3753">
     <span class='ocr_line' id='line_1_67' title="bbox 505 3680 2108 3753; baseline -0.002 -14"><span class='ocrx_word' id='word_1_483' title='bbox 505 3682 780 3740; x_wconf 86' lang='lat' dir='ltr'><strong>sublatum</strong></span> <span class='ocrx_word' id='word_1_484' title='bbox 815 3683 1057 3753; x_wconf 82' lang='lat' dir='ltr'><strong>oportuit</strong></span> <span class='ocrx_word' id='word_1_485' title='bbox 1089 3701 1104 3737; x_wconf 91' lang='lat'><strong>:</strong></span> <span class='ocrx_word' id='word_1_486' title='bbox 1130 3680 1348 3752; x_wconf 84' lang='lat' dir='ltr'><strong>quando</strong></span> <span class='ocrx_word' id='word_1_487' title='bbox 1381 3680 1600 3753; x_wconf 88' lang='lat' dir='ltr'><strong>quidem</strong></span> <span class='ocrx_word' id='word_1_488' title='bbox 1624 3680 1952 3737; x_wconf 81' lang='lat' dir='ltr'><strong>Athanasius</strong></span> <span class='ocrx_word' id='word_1_489' title='bbox 1980 3694 2108 3735; x_wconf 84' lang='lat' dir='ltr'><strong>ora-</strong></span> 
     </span>
    </p>
   </div>
   <div class='ocr_carea' id='block_1_68' title="bbox 506 3773 2109 3848">
    <p class='ocr_par' dir='ltr' id='par_1_68' title="bbox 506 3773 2109 3848">
     <span class='ocr_line' id='line_1_68' title="bbox 506 3773 2109 3848; baseline -0.002 -16"><span class='ocrx_word' id='word_1_490' title='bbox 506 3777 658 3832; x_wconf 89' lang='lat' dir='ltr'><strong>tione</strong></span> <span class='ocrx_word' id='word_1_491' title='bbox 683 3775 852 3848; x_wconf 87' lang='lat' dir='ltr'><strong>prima</strong></span> <span class='ocrx_word' id='word_1_492' title='bbox 876 3784 1066 3832; x_wconf 90' lang='lat' dir='ltr'><strong>contra</strong></span> <span class='ocrx_word' id='word_1_493' title='bbox 1089 3774 1322 3830; x_wconf 81' lang='lat' dir='ltr'><strong>Arianos</strong></span> <span class='ocrx_word' id='word_1_494' title='bbox 1342 3789 1483 3829; x_wconf 86' lang='lat' dir='ltr'><strong>anno</strong></span> <span class='ocrx_word' id='word_1_495' title='bbox 1510 3784 1626 3845; x_wconf 88' lang='lat' dir='ltr'><strong>post</strong></span> <span class='ocrx_word' id='word_1_496' title='bbox 1650 3773 1922 3830; x_wconf 79' lang='lat' dir='ltr'><strong>Nicaeuam</strong></span> <span class='ocrx_word' id='word_1_497' title='bbox 1945 3788 2109 3847; x_wconf 80' lang='lat' dir='ltr'><strong>syna-</strong></span> 
     </span>
    </p>
   </div>
   <div class='ocr_carea' id='block_1_69' title="bbox 506 3865 2108 3943">
    <p class='ocr_par' dir='ltr' id='par_1_69' title="bbox 506 3865 2108 3943">
     <span class='ocr_line' id='line_1_69' title="bbox 506 3865 2108 3943; baseline -0.001 -20"><span class='ocrx_word' id='word_1_498' title='bbox 506 3869 636 3926; x_wconf 88' lang='lat' dir='ltr'><strong>dum</strong></span> <span class='ocrx_word' id='word_1_499' title='bbox 664 3869 942 3943; x_wconf 73' lang='lat' dir='ltr'><strong>trigesimo</strong></span> <span class='ocrx_word' id='word_1_500' title='bbox 967 3877 1141 3936; x_wconf 77' lang='lat' dir='ltr'><strong>sexto,</strong></span> <span class='ocrx_word' id='word_1_501' title='bbox 1169 3865 1222 3924; x_wconf 91' lang='lat' dir='ltr'><strong>id</strong></span> <span class='ocrx_word' id='word_1_502' title='bbox 1248 3876 1332 3924; x_wconf 87' lang='lat' dir='ltr'><strong>est</strong></span> <span class='ocrx_word' id='word_1_503' title='bbox 1358 3882 1502 3924; x_wconf 85' lang='lat' dir='ltr'><strong>anuo</strong></span> <span class='ocrx_word' id='word_1_504' title='bbox 1525 3866 1727 3924; x_wconf 87' lang='lat' dir='ltr'><strong>Christi</strong></span> <span class='ocrx_word' id='word_1_505' title='bbox 1759 3868 1861 3925; x_wconf 79' lang='lat' dir='ltr'><strong>56t</strong></span> <span class='ocrx_word' id='word_1_506' title='bbox 1900 3867 2108 3935; x_wconf 84' lang='lat' dir='ltr'><strong>habita,</strong></span> 
     </span>
    </p>
   </div>
   <div class='ocr_carea' id='block_1_70' title="bbox 509 3959 2112 4018">
    <p class='ocr_par' dir='ltr' id='par_1_70' title="bbox 509 3959 2112 4018">
     <span class='ocr_line' id='line_1_70' title="bbox 509 3959 2112 4018; baseline -0.001 -1"><span class='ocrx_word' id='word_1_507' title='bbox 509 3960 622 4017; x_wconf 79' lang='lat' dir='ltr'><strong>Usii</strong></span> <span class='ocrx_word' id='word_1_508' title='bbox 652 3973 710 4018; x_wconf 92' lang='lat' dir='ltr'><strong>ut</strong></span> <span class='ocrx_word' id='word_1_509' title='bbox 735 3961 842 4017; x_wconf 79' lang='lat' dir='ltr'><strong>vita</strong></span> <span class='ocrx_word' id='word_1_510' title='bbox 885 3961 1051 4017; x_wconf 88' lang='lat' dir='ltr'><strong>functi</strong></span> <span class='ocrx_word' id='word_1_511' title='bbox 1079 3961 1347 4016; x_wconf 90' lang='lat' dir='ltr'><strong>meminit.</strong></span> <span class='ocrx_word' id='word_1_512' title='bbox 1377 3959 1512 4016; x_wconf 88' lang='lat' dir='ltr'><strong>lline</strong></span> <span class='ocrx_word' id='word_1_513' title='bbox 1539 3959 1770 4018; x_wconf 82' lang='lat' dir='ltr'><strong>fortasse</strong></span> <span class='ocrx_word' id='word_1_514' title='bbox 1799 3961 2112 4017; x_wconf 78' lang='lat' dir='ltr'><strong>Marcellino</strong></span> 
     </span>
    </p>
   </div>
   <div class='ocr_carea' id='block_1_71' title="bbox 507 4051 2112 4128">
    <p class='ocr_par' dir='ltr' id='par_1_71' title="bbox 507 4051 2112 4128">
     <span class='ocr_line' id='line_1_71' title="bbox 507 4051 2112 4128; baseline -0.001 -19"><span class='ocrx_word' id='word_1_515' title='bbox 507 4054 828 4128; x_wconf 62' lang='lat' dir='ltr'><strong>ceterisque</strong></span> <span class='ocrx_word' id='word_1_516' title='bbox 855 4052 1211 4110; x_wconf 86' lang='lat' dir='ltr'><strong>Lueiferiauis</strong></span> <span class='ocrx_word' id='word_1_517' title='bbox 1250 4053 1427 4112; x_wconf 86' lang='lat' dir='ltr'><strong>oblata</strong></span> <span class='ocrx_word' id='word_1_518' title='bbox 1455 4052 1671 4109; x_wconf 74' lang='lat' dir='ltr'><strong>occasio</strong></span> <span class='ocrx_word' id='word_1_519' title='bbox 1696 4051 2017 4128; x_wconf 79' lang='lat' dir='ltr'><strong>(.ilnrceilin.</strong></span> <span class='ocrx_word' id='word_1_520' title='bbox 2063 4063 2112 4108; x_wconf 82' lang='lat' dir='ltr'><strong>et</strong></span> 
     </span>
    </p>
   </div>
   <div class='ocr_carea' id='block_1_72' title="bbox 511 4147 2111 4222">
    <p class='ocr_par' dir='ltr' id='par_1_72' title="bbox 511 4147 2111 4222">
     <span class='ocr_line' id='line_1_72' title="bbox 511 4147 2111 4222; baseline -0.001 -18"><span class='ocrx_word' id='word_1_521' title='bbox 511 4148 754 4206; x_wconf 76' lang='lat' dir='ltr'><strong>Funstin.</strong></span> <span class='ocrx_word' id='word_1_522' title='bbox 787 4148 877 4204; x_wconf 79' lang='lat' dir='ltr'><strong>lib.</strong></span> <span class='ocrx_word' id='word_1_523' title='bbox 902 4149 972 4204; x_wconf 80' lang='lat' dir='ltr'><strong>ad</strong></span> <span class='ocrx_word' id='word_1_524' title='bbox 999 4147 1268 4222; x_wconf 81' lang='lat' dir='ltr'><strong>imperat.)</strong></span> <span class='ocrx_word' id='word_1_525' title='bbox 1295 4150 1379 4219; x_wconf 92' lang='lat' dir='ltr'><strong>(ut</strong></span> <span class='ocrx_word' id='word_1_526' title='bbox 1407 4163 1525 4204; x_wconf 87' lang='lat' dir='ltr'><strong>mos</strong></span> <span class='ocrx_word' id='word_1_527' title='bbox 1553 4156 1638 4205; x_wconf 90' lang='lat' dir='ltr'><strong>est</strong></span> <span class='ocrx_word' id='word_1_528' title='bbox 1665 4147 1962 4214; x_wconf 67' lang='lat' dir='ltr'><strong>haereticis,</strong></span> <span class='ocrx_word' id='word_1_529' title='bbox 1989 4162 2111 4219; x_wconf 66' lang='lat' dir='ltr'><strong>quae</strong></span> 
     </span>
    </p>
   </div>
   <div class='ocr_carea' id='block_1_73' title="bbox 508 4241 2112 4314">
    <p class='ocr_par' dir='ltr' id='par_1_73' title="bbox 508 4241 2112 4314">
     <span class='ocr_line' id='line_1_73' title="bbox 508 4241 2112 4314; baseline -0.002 -12"><span class='ocrx_word' id='word_1_530' title='bbox 508 4259 611 4302; x_wconf 89' lang='lat' dir='ltr'><strong>suo</strong></span> <span class='ocrx_word' id='word_1_531' title='bbox 640 4242 753 4301; x_wconf 85' lang='lat' dir='ltr'><strong>fato</strong></span> <span class='ocrx_word' id='word_1_532' title='bbox 796 4241 1052 4300; x_wconf 91' lang='lat' dir='ltr'><strong>accidunt</strong></span> <span class='ocrx_word' id='word_1_533' title='bbox 1081 4241 1496 4314; x_wconf 87' lang='lat' dir='ltr'><strong>iuterpolando,</strong></span> <span class='ocrx_word' id='word_1_534' title='bbox 1527 4241 1816 4314; x_wconf 86' lang='lat' dir='ltr'><strong>verbisque</strong></span> <span class='ocrx_word' id='word_1_535' title='bbox 1855 4241 1907 4298; x_wconf 92' lang='lat' dir='ltr'><strong>in</strong></span> <span class='ocrx_word' id='word_1_536' title='bbox 1939 4241 2112 4313; x_wconf 85' lang='lat' dir='ltr'><strong>majus</strong></span> 
     </span>
    </p>
   </div>
   <div class='ocr_carea' id='block_1_74' title="bbox 513 4335 2112 4412">
    <p class='ocr_par' dir='ltr' id='par_1_74' title="bbox 513 4335 2112 4412">
     <span class='ocr_line' id='line_1_74' title="bbox 513 4335 2112 4412; baseline 0.001 -19"><span class='ocrx_word' id='word_1_537' title='bbox 513 4337 786 4408; x_wconf 87' lang='lat' dir='ltr'><strong>tollendo,</strong></span> <span class='ocrx_word' id='word_1_538' title='bbox 819 4339 946 4412; x_wconf 87' lang='lat' dir='ltr'><strong>quia</strong></span> <span class='ocrx_word' id='word_1_539' title='bbox 971 4338 1115 4395; x_wconf 87' lang='lat' dir='ltr'><strong>veris</strong></span> <span class='ocrx_word' id='word_1_540' title='bbox 1159 4335 1547 4407; x_wconf 86' lang='lat' dir='ltr'><strong>destituuntur,</strong></span> <span class='ocrx_word' id='word_1_541' title='bbox 1590 4336 1644 4392; x_wconf 93' lang='lat' dir='ltr'><strong>iu</strong></span> <span class='ocrx_word' id='word_1_542' title='bbox 1688 4336 1808 4394; x_wconf 75' lang='lat' dir='ltr'><strong>ficia</strong></span> <span class='ocrx_word' id='word_1_543' title='bbox 1853 4337 2112 4395; x_wconf 77' lang='lat' dir='ltr'><strong>miracula</strong></span> 
     </span>
    </p>
   </div>
   <div class='ocr_carea' id='block_1_75' title="bbox 511 4429 2115 4506">
    <p class='ocr_par' dir='ltr' id='par_1_75' title="bbox 511 4429 2115 4506">
     <span class='ocr_line' id='line_1_75' title="bbox 511 4429 2115 4506; baseline 0.002 -18"><span class='ocrx_word' id='word_1_544' title='bbox 511 4429 774 4506; x_wconf 83' lang='lat' dir='ltr'><strong>trahere),</strong></span> <span class='ocrx_word' id='word_1_545' title='bbox 820 4429 1108 4490; x_wconf 69' lang='lat' dir='ltr'><strong>horrendae</strong></span> <span class='ocrx_word' id='word_1_546' title='bbox 1155 4431 1302 4489; x_wconf 86' lang='lat' dir='ltr'><strong>illius</strong></span> <span class='ocrx_word' id='word_1_547' title='bbox 1348 4431 1623 4504; x_wconf 67' lang='lat' dir='ltr'><strong>tragtedize</strong></span> <span class='ocrx_word' id='word_1_548' title='bbox 1660 4433 1729 4489; x_wconf 87' lang='lat' dir='ltr'><strong>de</strong></span> <span class='ocrx_word' id='word_1_549' title='bbox 1773 4432 1892 4502; x_wconf 86' lang='lat' dir='ltr'><strong>ejus</strong></span> <span class='ocrx_word' id='word_1_550' title='bbox 1937 4442 2115 4491; x_wconf 89' lang='lat' dir='ltr'><strong>morte</strong></span> 
     </span>
    </p>
   </div>
   <div class='ocr_carea' id='block_1_76' title="bbox 2210 3403 3816 3481">
    <p class='ocr_par' dir='ltr' id='par_1_76' title="bbox 2210 3403 3816 3481">
     <span class='ocr_line' id='line_1_76' title="bbox 2210 3403 3816 3481; baseline -0.001 -19"><span class='ocrx_word' id='word_1_551' title='bbox 2210 3405 2404 3481; x_wconf 76' lang='lat' dir='ltr'><strong>gradu,</strong></span> <span class='ocrx_word' id='word_1_552' title='bbox 2432 3422 2569 3463; x_wconf 86' lang='lat' dir='ltr'><strong>nova</strong></span> <span class='ocrx_word' id='word_1_553' title='bbox 2617 3405 2742 3463; x_wconf 89' lang='lat' dir='ltr'><strong>fidei</strong></span> <span class='ocrx_word' id='word_1_554' title='bbox 2788 3406 3018 3464; x_wconf 87' lang='lat' dir='ltr'><strong>formula</strong></span> <span class='ocrx_word' id='word_1_555' title='bbox 3043 3408 3350 3478; x_wconf 88' lang='lat' dir='ltr'><strong>conscripta</strong></span> <span class='ocrx_word' id='word_1_556' title='bbox 3372 3447 3387 3474; x_wconf 93' lang='lat'><strong>,</strong></span> <span class='ocrx_word' id='word_1_557' title='bbox 3421 3403 3474 3461; x_wconf 91' lang='lat' dir='ltr'><strong>in</strong></span> <span class='ocrx_word' id='word_1_558' title='bbox 3499 3419 3604 3477; x_wconf 84' lang='lat' dir='ltr'><strong>qua</strong></span> <span class='ocrx_word' id='word_1_559' title='bbox 3634 3407 3816 3467; x_wconf 75' lang='grc' dir='ltr'><strong>οὐσίας</strong></span> 
     </span>
    </p>
   </div>
   <div class='ocr_carea' id='block_1_77' title="bbox 2212 3497 3816 3576">
    <p class='ocr_par' dir='ltr' id='par_1_77' title="bbox 2212 3497 3816 3576">
     <span class='ocr_line' id='line_1_77' title="bbox 2212 3497 3816 3576; baseline -0.004 -17"><span class='ocrx_word' id='word_1_560' title='bbox 2212 3506 2293 3559; x_wconf 76' lang='grc' dir='ltr'><strong>καὶ</strong></span> <span class='ocrx_word' id='word_1_561' title='bbox 2329 3503 2608 3576; x_wconf 76' lang='grc' dir='ltr'><strong>ὁμοονσίου</strong></span> <span class='ocrx_word' id='word_1_562' title='bbox 2638 3516 2800 3560; x_wconf 86' lang='lat' dir='ltr'><strong>voces</strong></span> <span class='ocrx_word' id='word_1_563' title='bbox 2838 3501 3344 3574; x_wconf 66' lang='lat' dir='ltr'><strong>praetermiserunt,</strong></span> <span class='ocrx_word' id='word_1_564' title='bbox 3375 3497 3668 3557; x_wconf 87' lang='lat' dir='ltr'><strong>deturbare</strong></span> <span class='ocrx_word' id='word_1_565' title='bbox 3709 3497 3816 3554; x_wconf 84' lang='lat' dir='ltr'><strong>nisi</strong></span> 
     </span>
    </p>
   </div>
   <div class='ocr_carea' id='block_1_78' title="bbox 2211 3604 2361 3652">
    <p class='ocr_par' dir='ltr' id='par_1_78' title="bbox 2211 3604 2361 3652">
     <span class='ocr_line' id='line_1_78' title="bbox 2211 3604 2361 3652; baseline -0.007 0"><span class='ocrx_word' id='word_1_566' title='bbox 2211 3604 2361 3652; x_wconf 85' lang='lat' dir='ltr'><strong>sunt.</strong></span> 
     </span>
    </p>
   </div>
   <div class='ocr_carea' id='block_1_79' title="bbox 2283 3685 3816 3758">
    <p class='ocr_par' dir='ltr' id='par_1_79' title="bbox 2283 3685 3816 3758">
     <span class='ocr_line' id='line_1_79' title="bbox 2283 3685 3816 3758; baseline -0.003 -15"><span class='ocrx_word' id='word_1_567' title='bbox 2283 3689 2378 3744; x_wconf 71' lang='grc'><strong>22.</strong></span> <span class='ocrx_word' id='word_1_568' title='bbox 2419 3688 2614 3745; x_wconf 77' lang='lat' dir='ltr'><strong>Mirum</strong></span> <span class='ocrx_word' id='word_1_569' title='bbox 2648 3698 2826 3747; x_wconf 88' lang='lat' dir='ltr'><strong>tamen</strong></span> <span class='ocrx_word' id='word_1_570' title='bbox 2856 3698 2973 3758; x_wconf 87' lang='lat' dir='ltr'><strong>est,</strong></span> <span class='ocrx_word' id='word_1_571' title='bbox 3003 3687 3088 3744; x_wconf 93' lang='lat' dir='ltr'><strong>vel</strong></span> <span class='ocrx_word' id='word_1_572' title='bbox 3123 3696 3370 3744; x_wconf 84' lang='lat' dir='ltr'><strong>nostrum</strong></span> <span class='ocrx_word' id='word_1_573' title='bbox 3401 3685 3665 3743; x_wconf 88' lang='lat' dir='ltr'><strong>iiilarium</strong></span> <span class='ocrx_word' id='word_1_574' title='bbox 3694 3698 3816 3741; x_wconf 88' lang='lat' dir='ltr'><strong>eam</strong></span> 
     </span>
    </p>
   </div>
   <div class='ocr_carea' id='block_1_80' title="bbox 2215 3779 3818 3856">
    <p class='ocr_par' dir='ltr' id='par_1_80' title="bbox 2215 3779 3818 3856">
     <span class='ocr_line' id='line_1_80' title="bbox 2215 3779 3818 3856; baseline -0.002 -18"><span class='ocrx_word' id='word_1_575' title='bbox 2215 3782 2386 3855; x_wconf 83' lang='lat' dir='ltr'><strong>ipsam</strong></span> <span class='ocrx_word' id='word_1_576' title='bbox 2430 3781 2554 3839; x_wconf 78' lang='lat' dir='ltr'><strong>fidei</strong></span> <span class='ocrx_word' id='word_1_577' title='bbox 2593 3783 2834 3854; x_wconf 75' lang='lat' dir='ltr'><strong>regulam</strong></span> <span class='ocrx_word' id='word_1_578' title='bbox 2877 3799 2977 3856; x_wconf 89' lang='lat' dir='ltr'><strong>pro</strong></span> <span class='ocrx_word' id='word_1_579' title='bbox 3019 3781 3362 3855; x_wconf 61' lang='lat' dir='ltr'><strong>lcgitimafc)</strong></span> <span class='ocrx_word' id='word_1_580' title='bbox 3391 3780 3588 3854; x_wconf 79' lang='lat' dir='ltr'><strong>synodi</strong></span> <span class='ocrx_word' id='word_1_581' title='bbox 3629 3779 3818 3836; x_wconf 81' lang='lat' dir='ltr'><strong>Sardi—</strong></span> 
     </span>
    </p>
   </div>
   <div class='ocr_carea' id='block_1_81' title="bbox 2215 3875 3818 3950">
    <p class='ocr_par' dir='ltr' id='par_1_81' title="bbox 2215 3875 3818 3950">
     <span class='ocr_line' id='line_1_81' title="bbox 2215 3875 3818 3950; baseline 0 -18"><span class='ocrx_word' id='word_1_582' title='bbox 2215 3876 2393 3933; x_wconf 86' lang='lat' dir='ltr'><strong>censis</strong></span> <span class='ocrx_word' id='word_1_583' title='bbox 2422 3892 2523 3933; x_wconf 87' lang='lat' dir='ltr'><strong>suo</strong></span> <span class='ocrx_word' id='word_1_584' title='bbox 2560 3878 2713 3948; x_wconf 90' lang='lat' dir='ltr'><strong>operi</strong></span> <span class='ocrx_word' id='word_1_585' title='bbox 2739 3877 2809 3935; x_wconf 87' lang='lat' dir='ltr'><strong>de</strong></span> <span class='ocrx_word' id='word_1_586' title='bbox 2835 3876 3072 3950; x_wconf 74' lang='lat' dir='ltr'><strong>Synodis</strong></span> <span class='ocrx_word' id='word_1_587' title='bbox 3100 3877 3397 3934; x_wconf 84' lang='lat' dir='ltr'><strong>inseruisse</strong></span> <span class='ocrx_word' id='word_1_588' title='bbox 3415 3918 3431 3945; x_wconf 88' lang='lat'><strong>,</strong></span> <span class='ocrx_word' id='word_1_589' title='bbox 3460 3893 3523 3934; x_wconf 87' lang='lat' dir='ltr'><strong>ac</strong></span> <span class='ocrx_word' id='word_1_590' title='bbox 3553 3875 3700 3933; x_wconf 88' lang='lat' dir='ltr'><strong>velut</strong></span> <span class='ocrx_word' id='word_1_591' title='bbox 3725 3892 3818 3932; x_wconf 79' lang='lat' dir='ltr'><strong>ca—</strong></span> 
     </span>
    </p>
   </div>
   <div class='ocr_carea' id='block_1_82' title="bbox 2215 3967 3818 4042">
    <p class='ocr_par' dir='ltr' id='par_1_82' title="bbox 2215 3967 3818 4042">
     <span class='ocr_line' id='line_1_82' title="bbox 2215 3967 3818 4042; baseline 0 -17"><span class='ocrx_word' id='word_1_592' title='bbox 2215 3967 2472 4025; x_wconf 84' lang='lat' dir='ltr'><strong>tholicam</strong></span> <span class='ocrx_word' id='word_1_593' title='bbox 2498 3970 2840 4040; x_wconf 74' lang='lat' dir='ltr'><strong>exposuisse,</strong></span> <span class='ocrx_word' id='word_1_594' title='bbox 2897 3970 2981 4026; x_wconf 88' lang='lat' dir='ltr'><strong>vel</strong></span> <span class='ocrx_word' id='word_1_595' title='bbox 3015 3973 3190 4041; x_wconf 87' lang='lat' dir='ltr'><strong>ipsum</strong></span> <span class='ocrx_word' id='word_1_596' title='bbox 3225 3969 3582 4042; x_wconf 67' lang='lat' dir='ltr'><strong>Athanasium</strong></span> <span class='ocrx_word' id='word_1_597' title='bbox 3614 3970 3672 4025; x_wconf 87' lang='lat' dir='ltr'><strong>in</strong></span> <span class='ocrx_word' id='word_1_598' title='bbox 3702 3970 3818 4042; x_wconf 84' lang='lat' dir='ltr'><strong>cpi-</strong></span> 
     </span>
    </p>
   </div>
   <div class='ocr_carea' id='block_1_83' title="bbox 2216 4059 3816 4134">
    <p class='ocr_par' dir='ltr' id='par_1_83' title="bbox 2216 4059 3816 4134">
     <span class='ocr_line' id='line_1_83' title="bbox 2216 4059 3816 4134; baseline 0.001 -19"><span class='ocrx_word' id='word_1_599' title='bbox 2216 4059 2352 4115; x_wconf 80' lang='lat' dir='ltr'><strong>stola</strong></span> <span class='ocrx_word' id='word_1_600' title='bbox 2383 4061 2452 4117; x_wconf 86' lang='lat' dir='ltr'><strong>de</strong></span> <span class='ocrx_word' id='word_1_601' title='bbox 2482 4062 2811 4118; x_wconf 82' lang='lat' dir='ltr'><strong>Ariminensi</strong></span> <span class='ocrx_word' id='word_1_602' title='bbox 2829 4070 2886 4118; x_wconf 89' lang='lat' dir='ltr'><strong>et</strong></span> <span class='ocrx_word' id='word_1_603' title='bbox 2915 4061 3179 4119; x_wconf 60' lang='lat' dir='ltr'><strong>Seleuciae</strong></span> <span class='ocrx_word' id='word_1_604' title='bbox 3200 4063 3448 4134; x_wconf 72' lang='lat' dir='ltr'><strong>synodis,</strong></span> <span class='ocrx_word' id='word_1_605' title='bbox 3477 4071 3671 4134; x_wconf 79' lang='lat' dir='ltr'><strong>etpost</strong></span> <span class='ocrx_word' id='word_1_606' title='bbox 3693 4079 3816 4120; x_wconf 89' lang='lat' dir='ltr'><strong>eum</strong></span> 
     </span>
    </p>
   </div>
   <div class='ocr_carea' id='block_1_84' title="bbox 2215 4155 3820 4214">
    <p class='ocr_par' dir='ltr' id='par_1_84' title="bbox 2215 4155 3820 4214">
     <span class='ocr_line' id='line_1_84' title="bbox 2215 4155 3820 4214; baseline 0 -2"><span class='ocrx_word' id='word_1_607' title='bbox 2215 4155 2496 4212; x_wconf 82' lang='lat' dir='ltr'><strong>Socratem</strong></span> <span class='ocrx_word' id='word_1_608' title='bbox 2535 4170 2729 4212; x_wconf 80' lang='lat' dir='ltr'><strong>novem</strong></span> <span class='ocrx_word' id='word_1_609' title='bbox 2757 4166 2811 4211; x_wconf 89' lang='lat' dir='ltr'><strong>et</strong></span> <span class='ocrx_word' id='word_1_610' title='bbox 2833 4155 3016 4213; x_wconf 84' lang='lat' dir='ltr'><strong>verbis</strong></span> <span class='ocrx_word' id='word_1_611' title='bbox 3034 4164 3092 4212; x_wconf 90' lang='lat' dir='ltr'><strong>et</strong></span> <span class='ocrx_word' id='word_1_612' title='bbox 3127 4172 3290 4213; x_wconf 88' lang='lat' dir='ltr'><strong>sensu</strong></span> <span class='ocrx_word' id='word_1_613' title='bbox 3326 4155 3561 4214; x_wconf 84' lang='lat' dir='ltr'><strong>diversis</strong></span> <span class='ocrx_word' id='word_1_614' title='bbox 3589 4157 3820 4214; x_wconf 74' lang='lat' dir='ltr'><strong>Ariano-</strong></span> 
     </span>
    </p>
   </div>
   <div class='ocr_carea' id='block_1_85' title="bbox 2215 4249 3814 4317">
    <p class='ocr_par' dir='ltr' id='par_1_85' title="bbox 2215 4249 3814 4317">
     <span class='ocr_line' id='line_1_85' title="bbox 2215 4249 3814 4317; baseline 0.001 -12"><span class='ocrx_word' id='word_1_615' title='bbox 2215 4265 2337 4306; x_wconf 88' lang='lat' dir='ltr'><strong>rum</strong></span> <span class='ocrx_word' id='word_1_616' title='bbox 2363 4249 2646 4307; x_wconf 88' lang='lat' dir='ltr'><strong>recensitis</strong></span> <span class='ocrx_word' id='word_1_617' title='bbox 2663 4249 2934 4317; x_wconf 88' lang='lat' dir='ltr'><strong>formulis,</strong></span> <span class='ocrx_word' id='word_1_618' title='bbox 2951 4249 3091 4306; x_wconf 83' lang='lat' dir='ltr'><strong>hanc</strong></span> <span class='ocrx_word' id='word_1_619' title='bbox 3110 4251 3374 4308; x_wconf 87' lang='lat' dir='ltr'><strong>decimam</strong></span> <span class='ocrx_word' id='word_1_620' title='bbox 3393 4266 3500 4306; x_wconf 91' lang='lat' dir='ltr'><strong>non</strong></span> <span class='ocrx_word' id='word_1_621' title='bbox 3521 4250 3814 4310; x_wconf 84' lang='lat' dir='ltr'><strong>addidisse.</strong></span> 
     </span>
    </p>
   </div>
   <div class='ocr_carea' id='block_1_86' title="bbox 2216 4342 3815 4422">
    <p class='ocr_par' dir='ltr' id='par_1_86' title="bbox 2216 4342 3815 4422">
     <span class='ocr_line' id='line_1_86' title="bbox 2216 4342 3815 4422; baseline 0.001 -22"><span class='ocrx_word' id='word_1_622' title='bbox 2216 4342 2365 4400; x_wconf 83' lang='lat' dir='ltr'><strong>idem</strong></span> <span class='ocrx_word' id='word_1_623' title='bbox 2379 4343 2523 4400; x_wconf 89' lang='lat' dir='ltr'><strong>enim</strong></span> <span class='ocrx_word' id='word_1_624' title='bbox 2543 4344 2658 4416; x_wconf 87' lang='lat' dir='ltr'><strong>ipse</strong></span> <span class='ocrx_word' id='word_1_625' title='bbox 2673 4343 3003 4400; x_wconf 81' lang='lat' dir='ltr'><strong>Athanasius</strong></span> <span class='ocrx_word' id='word_1_626' title='bbox 3018 4343 3189 4413; x_wconf 80' lang='lat' dir='ltr'><strong>(epist.</strong></span> <span class='ocrx_word' id='word_1_627' title='bbox 3212 4344 3284 4397; x_wconf 84' lang='lat' dir='ltr'><strong>ad</strong></span> <span class='ocrx_word' id='word_1_628' title='bbox 3304 4342 3640 4417; x_wconf 68' lang='lat' dir='ltr'><strong>Autioclt.,jp.</strong></span> <span class='ocrx_word' id='word_1_629' title='bbox 3661 4343 3815 4422; x_wconf 81' lang='lat'><strong>576),</strong></span> 
     </span>
    </p>
   </div>
   <div class='ocr_carea' id='block_1_87' title="bbox 2218 4436 3819 4509">
    <p class='ocr_par' dir='ltr' id='par_1_87' title="bbox 2218 4436 3819 4509">
     <span class='ocr_line' id='line_1_87' title="bbox 2218 4436 3819 4509; baseline 0.001 -16"><span class='ocrx_word' id='word_1_630' title='bbox 2218 4451 2326 4494; x_wconf 91' lang='lat' dir='ltr'><strong>non</strong></span> <span class='ocrx_word' id='word_1_631' title='bbox 2367 4453 2474 4494; x_wconf 89' lang='lat' dir='ltr'><strong>uno</strong></span> <span class='ocrx_word' id='word_1_632' title='bbox 2498 4437 2618 4494; x_wconf 91' lang='lat' dir='ltr'><strong>loco</strong></span> <span class='ocrx_word' id='word_1_633' title='bbox 2645 4439 2798 4496; x_wconf 87' lang='lat' dir='ltr'><strong>testis</strong></span> <span class='ocrx_word' id='word_1_634' title='bbox 2824 4447 2908 4494; x_wconf 89' lang='lat' dir='ltr'><strong>est</strong></span> <span class='ocrx_word' id='word_1_635' title='bbox 2934 4437 3424 4509; x_wconf 79' lang='lat' dir='ltr'><strong>locupletissimus,</strong></span> <span class='ocrx_word' id='word_1_636' title='bbox 3453 4439 3615 4494; x_wconf 77' lang='lat' dir='ltr'><strong>certis</strong></span> <span class='ocrx_word' id='word_1_637' title='bbox 3646 4436 3819 4494; x_wconf 87' lang='lat' dir='ltr'><strong>homi-</strong></span> 
     </span>
    </p>
   </div>
   <div class='ocr_carea' id='block_1_88' title="bbox 511 4526 3820 4605">
    <p class='ocr_par' dir='ltr' id='par_1_88' title="bbox 511 4526 3820 4605">
     <span class='ocr_line' id='line_1_88' title="bbox 511 4526 3820 4605; baseline 0.001 -21"><span class='ocrx_word' id='word_1_638' title='bbox 511 4527 645 4586; x_wconf 86' lang='lat' dir='ltr'><strong>diris</strong></span> <span class='ocrx_word' id='word_1_639' title='bbox 670 4527 913 4600; x_wconf 84' lang='lat' dir='ltr'><strong>ejusdem</strong></span> <span class='ocrx_word' id='word_1_640' title='bbox 941 4526 1190 4602; x_wconf 70' lang='lat' dir='ltr'><strong>Gregorii</strong></span> <span class='ocrx_word' id='word_1_641' title='bbox 1219 4529 1482 4584; x_wconf 86' lang='lat' dir='ltr'><strong>accersita</strong></span> <span class='ocrx_word' id='word_1_642' title='bbox 1517 4527 1919 4600; x_wconf 64' lang='lat' dir='ltr'><strong>caufingeudae;</strong></span> <span class='ocrx_word' id='word_1_643' title='bbox 1957 4527 2114 4600; x_wconf 84' lang='lat' dir='ltr'><strong>cujus</strong></span> <span class='ocrx_word' id='word_1_644' title='bbox 2218 4532 2379 4589; x_wconf 88' lang='lat' dir='ltr'><strong>nibus</strong></span> <span class='ocrx_word' id='word_1_645' title='bbox 2405 4533 2663 4589; x_wconf 84' lang='lat' dir='ltr'><strong>nonnulla</strong></span> <span class='ocrx_word' id='word_1_646' title='bbox 2694 4531 2849 4605; x_wconf 87' lang='lat' dir='ltr'><strong>quasi</strong></span> <span class='ocrx_word' id='word_1_647' title='bbox 2876 4548 2996 4604; x_wconf 78' lang='lat' dir='ltr'><strong>qua:</strong></span> <span class='ocrx_word' id='word_1_648' title='bbox 3023 4532 3280 4590; x_wconf 81' lang='lat' dir='ltr'><strong>deessent</strong></span> <span class='ocrx_word' id='word_1_649' title='bbox 3306 4531 3541 4589; x_wconf 69' lang='lat' dir='ltr'><strong>Nic-enin</strong></span> <span class='ocrx_word' id='word_1_650' title='bbox 3571 4533 3820 4591; x_wconf 70' lang='lat' dir='ltr'><strong>formulae</strong></span> 
     </span>
    </p>
   </div>
   <div class='ocr_carea' id='block_1_89' title="bbox 507 4621 3816 4697">
    <p class='ocr_par' dir='ltr' id='par_1_89' title="bbox 507 4621 3816 4697">
     <span class='ocr_line' id='line_1_89' title="bbox 507 4621 3816 4697; baseline 0.001 -17"><span class='ocrx_word' id='word_1_651' title='bbox 507 4623 800 4686; x_wconf 85' lang='lat' dir='ltr'><strong>falsitatem</strong></span> <span class='ocrx_word' id='word_1_652' title='bbox 833 4623 916 4679; x_wconf 86' lang='lat' dir='ltr'><strong>vel</strong></span> <span class='ocrx_word' id='word_1_653' title='bbox 949 4623 1036 4678; x_wconf 91' lang='lat' dir='ltr'><strong>hic</strong></span> <span class='ocrx_word' id='word_1_654' title='bbox 1080 4639 1217 4684; x_wconf 84' lang='lat' dir='ltr'><strong>unus</strong></span> <span class='ocrx_word' id='word_1_655' title='bbox 1261 4622 1411 4678; x_wconf 89' lang='lat' dir='ltr'><strong>locus</strong></span> <span class='ocrx_word' id='word_1_656' title='bbox 1448 4621 1670 4694; x_wconf 77' lang='lat' dir='ltr'><strong>detegit.</strong></span> <span class='ocrx_word' id='word_1_657' title='bbox 1702 4621 1833 4676; x_wconf 74' lang='lat' dir='ltr'><strong>Nam</strong></span> <span class='ocrx_word' id='word_1_658' title='bbox 1879 4623 2008 4678; x_wconf 88' lang='lat' dir='ltr'><strong>siin</strong></span> <span class='ocrx_word' id='word_1_659' title='bbox 2043 4636 2109 4680; x_wconf 85' lang='lat' dir='ltr'><strong>ea</strong></span> <span class='ocrx_word' id='word_1_660' title='bbox 2149 4696 2156 4697; x_wconf 16' lang='grc' dir='ltr'><em>γ</em></span> <span class='ocrx_word' id='word_1_661' title='bbox 2215 4623 2529 4683; x_wconf 86' lang='lat' dir='ltr'><strong>adscribere</strong></span> <span class='ocrx_word' id='word_1_662' title='bbox 2570 4623 2901 4692; x_wconf 89' lang='lat' dir='ltr'><strong>volentibus,</strong></span> <span class='ocrx_word' id='word_1_663' title='bbox 2949 4624 3302 4682; x_wconf 87' lang='lat' dir='ltr'><strong>Sardicenses</strong></span> <span class='ocrx_word' id='word_1_664' title='bbox 3351 4640 3531 4697; x_wconf 89' lang='lat' dir='ltr'><strong>patres</strong></span> <span class='ocrx_word' id='word_1_665' title='bbox 3573 4640 3634 4683; x_wconf 84' lang='lat' dir='ltr'><strong>se</strong></span> <span class='ocrx_word' id='word_1_666' title='bbox 3682 4640 3816 4684; x_wconf 89' lang='lat' dir='ltr'><strong>con-</strong></span> 
     </span>
    </p>
   </div>
   <div class='ocr_carea' id='block_1_90' title="bbox 511 4696 3816 4790">
    <p class='ocr_par' dir='ltr' id='par_1_90' title="bbox 511 4696 3816 4790">
     <span class='ocr_line' id='line_1_90' title="bbox 511 4696 3816 4790; baseline 0.001 -18"><span class='ocrx_word' id='word_1_667' title='bbox 511 4717 859 4773; x_wconf 86' lang='lat' dir='ltr'><strong>eontentione</strong></span> <span class='ocrx_word' id='word_1_668' title='bbox 885 4714 1049 4773; x_wconf 86' lang='lat' dir='ltr'><strong>Osius</strong></span> <span class='ocrx_word' id='word_1_669' title='bbox 1074 4717 1213 4772; x_wconf 85' lang='lat' dir='ltr'><strong>adeo</strong></span> <span class='ocrx_word' id='word_1_670' title='bbox 1255 4718 1453 4773; x_wconf 91' lang='lat' dir='ltr'><strong>misere</strong></span> <span class='ocrx_word' id='word_1_671' title='bbox 1481 4718 1716 4772; x_wconf 87' lang='lat' dir='ltr'><strong>animam</strong></span> <span class='ocrx_word' id='word_1_672' title='bbox 1749 4715 2072 4786; x_wconf 83' lang='lat' dir='ltr'><strong>projecisset</strong></span> <span class='ocrx_word' id='word_1_673' title='bbox 2093 4756 2110 4781; x_wconf 90' lang='lat'><strong>,</strong></span> <span class='ocrx_word' id='word_1_674' title='bbox 2136 4696 2195 4760; x_wconf 82' lang='grc' dir='ltr'><strong>Ῑ)</strong></span> <span class='ocrx_word' id='word_1_675' title='bbox 2219 4726 2400 4773; x_wconf 84' lang='lat' dir='ltr'><strong>tentes</strong></span> <span class='ocrx_word' id='word_1_676' title='bbox 2428 4715 2642 4774; x_wconf 64' lang='lat' dir='ltr'><strong>Nicaeus</strong></span> <span class='ocrx_word' id='word_1_677' title='bbox 2668 4717 2772 4774; x_wconf 87' lang='lat' dir='ltr'><strong>fide</strong></span> <span class='ocrx_word' id='word_1_678' title='bbox 2799 4718 3167 4790; x_wconf 85' lang='lat' dir='ltr'><strong>respondisse,</strong></span> <span class='ocrx_word' id='word_1_679' title='bbox 3191 4696 3520 4788; x_wconf 86' lang='lat' dir='ltr'><strong>decretoque</strong></span> <span class='ocrx_word' id='word_1_680' title='bbox 3547 4718 3816 4786; x_wconf 77' lang='lat' dir='ltr'><strong>sanxisse,</strong></span> 
     </span>
    </p>
   </div>
   <div class='ocr_carea' id='block_1_91' title="bbox 514 4808 2114 4882">
    <p class='ocr_par' dir='ltr' id='par_1_91' title="bbox 514 4808 2114 4882">
     <span class='ocr_line' id='line_1_91' title="bbox 514 4808 2114 4882; baseline -0.003 -16"><span class='ocrx_word' id='word_1_681' title='bbox 514 4819 624 4866; x_wconf 88' lang='lat' dir='ltr'><strong>tam</strong></span> <span class='ocrx_word' id='word_1_682' title='bbox 665 4809 969 4865; x_wconf 89' lang='lat' dir='ltr'><strong>tnirandum</strong></span> <span class='ocrx_word' id='word_1_683' title='bbox 1010 4809 1484 4882; x_wconf 87' lang='lat' dir='ltr'><strong>miserandumque</strong></span> <span class='ocrx_word' id='word_1_684' title='bbox 1529 4808 1746 4864; x_wconf 82' lang='lat' dir='ltr'><strong>maximi</strong></span> <span class='ocrx_word' id='word_1_685' title='bbox 1781 4809 1881 4863; x_wconf 89' lang='lat' dir='ltr'><strong>viri</strong></span> <span class='ocrx_word' id='word_1_686' title='bbox 1927 4808 2114 4865; x_wconf 65' lang='lat' dir='ltr'><strong>interi.</strong></span> 
     </span>
    </p>
   </div>
   <div class='ocr_carea' id='block_1_92' title="bbox 515 4899 2112 4973">
    <p class='ocr_par' dir='ltr' id='par_1_92' title="bbox 515 4899 2112 4973">
     <span class='ocr_line' id='line_1_92' title="bbox 515 4899 2112 4973; baseline -0.001 -15"><span class='ocrx_word' id='word_1_687' title='bbox 515 4911 628 4958; x_wconf 90' lang='lat' dir='ltr'><strong>tum</strong></span> <span class='ocrx_word' id='word_1_688' title='bbox 651 4944 666 4970; x_wconf 92' lang='lat'><strong>,</strong></span> <span class='ocrx_word' id='word_1_689' title='bbox 697 4909 917 4973; x_wconf 83' lang='lat' dir='ltr'><strong>tamque</strong></span> <span class='ocrx_word' id='word_1_690' title='bbox 966 4911 1290 4972; x_wconf 68' lang='lat' dir='ltr'><strong>praesentem</strong></span> <span class='ocrx_word' id='word_1_691' title='bbox 1339 4900 1508 4957; x_wconf 91' lang='lat' dir='ltr'><strong>divini</strong></span> <span class='ocrx_word' id='word_1_692' title='bbox 1555 4901 1790 4956; x_wconf 86' lang='lat' dir='ltr'><strong>numinis</strong></span> <span class='ocrx_word' id='word_1_693' title='bbox 1822 4899 2112 4956; x_wconf 85' lang='lat' dir='ltr'><strong>vindictam</strong></span> 
     </span>
    </p>
   </div>
   <div class='ocr_carea' id='block_1_93' title="bbox 513 4991 2116 5069">
    <p class='ocr_par' dir='ltr' id='par_1_93' title="bbox 513 4991 2116 5069">
     <span class='ocr_line' id='line_1_93' title="bbox 513 4991 2116 5069; baseline 0.001 -19"><span class='ocrx_word' id='word_1_694' title='bbox 513 4993 656 5050; x_wconf 88' lang='lat' dir='ltr'><strong>haud</strong></span> <span class='ocrx_word' id='word_1_695' title='bbox 688 4995 761 5052; x_wconf 89' lang='lat' dir='ltr'><strong>ita</strong></span> <span class='ocrx_word' id='word_1_696' title='bbox 790 4993 900 5052; x_wconf 86' lang='lat' dir='ltr'><strong>levi</strong></span> <span class='ocrx_word' id='word_1_697' title='bbox 938 4993 1076 5069; x_wconf 87' lang='lat' dir='ltr'><strong>pede</strong></span> <span class='ocrx_word' id='word_1_698' title='bbox 1104 4993 1370 5051; x_wconf 83' lang='lat' dir='ltr'><strong>Eusebius</strong></span> <span class='ocrx_word' id='word_1_699' title='bbox 1410 4993 1464 5050; x_wconf 91' lang='lat' dir='ltr'><strong>in</strong></span> <span class='ocrx_word' id='word_1_700' title='bbox 1495 4992 1597 5050; x_wconf 89' lang='lat' dir='ltr'><strong>hac</strong></span> <span class='ocrx_word' id='word_1_701' title='bbox 1633 4991 1873 5065; x_wconf 85' lang='lat' dir='ltr'><strong>Epistula</strong></span> <span class='ocrx_word' id='word_1_702' title='bbox 1905 5001 2116 5051; x_wconf 76' lang='lat' dir='ltr'><strong>transe-</strong></span> 
     </span>
    </p>
   </div>
   <div class='ocr_carea' id='block_1_94' title="bbox 517 5087 703 5160">
    <p class='ocr_par' dir='ltr' id='par_1_94' title="bbox 517 5087 703 5160">
     <span class='ocr_line' id='line_1_94' title="bbox 517 5087 703 5160; baseline 0 -16"><span class='ocrx_word' id='word_1_703' title='bbox 517 5087 703 5160; x_wconf 69' lang='lat' dir='ltr'><strong>sisset.</strong></span> 
     </span>
    </p>
   </div>
   <div class='ocr_carea' id='block_1_95' title="bbox 586 5176 2109 5254">
    <p class='ocr_par' dir='ltr' id='par_1_95' title="bbox 586 5176 2109 5254">
     <span class='ocr_line' id='line_1_95' title="bbox 586 5176 2109 5254; baseline 0.002 -17"><span class='ocrx_word' id='word_1_704' title='bbox 586 5181 679 5237; x_wconf 78' lang='lat'><strong>20.</strong></span> <span class='ocrx_word' id='word_1_705' title='bbox 719 5178 1030 5237; x_wconf 78' lang='lat' dir='ltr'><strong>Forntuiam</strong></span> <span class='ocrx_word' id='word_1_706' title='bbox 1073 5180 1251 5254; x_wconf 81' lang='lat' dir='ltr'><strong>(nunc</strong></span> <span class='ocrx_word' id='word_1_707' title='bbox 1293 5178 1458 5253; x_wconf 69' lang='lat' dir='ltr'><strong>Frag.</strong></span> <span class='ocrx_word' id='word_1_708' title='bbox 1501 5176 1638 5251; x_wconf 76' lang='lat' dir='ltr'><strong>stu)</strong></span> <span class='ocrx_word' id='word_1_709' title='bbox 1683 5192 1861 5239; x_wconf 87' lang='lat' dir='ltr'><strong>autem</strong></span> <span class='ocrx_word' id='word_1_710' title='bbox 1903 5181 2028 5239; x_wconf 88' lang='lat' dir='ltr'><strong>fidei</strong></span> <span class='ocrx_word' id='word_1_711' title='bbox 2076 5197 2109 5240; x_wconf 86' lang='lat' dir='ltr'><strong>a</strong></span> 
     </span>
    </p>
   </div>
   <div class='ocr_carea' id='block_1_96' title="bbox 511 5272 2111 5347">
    <p class='ocr_par' dir='ltr' id='par_1_96' title="bbox 511 5272 2111 5347">
     <span class='ocr_line' id='line_1_96' title="bbox 511 5272 2111 5347; baseline 0 -15"><span class='ocrx_word' id='word_1_712' title='bbox 511 5273 793 5332; x_wconf 83' lang='lat' dir='ltr'><strong>Ccrminio</strong></span> <span class='ocrx_word' id='word_1_713' title='bbox 828 5283 1170 5347; x_wconf 83' lang='lat' dir='ltr'><strong>conceptam,</strong></span> <span class='ocrx_word' id='word_1_714' title='bbox 1201 5289 1322 5345; x_wconf 74' lang='lat' dir='ltr'><strong>qua:</strong></span> <span class='ocrx_word' id='word_1_715' title='bbox 1366 5276 1616 5345; x_wconf 79' lang='lat' dir='ltr'><strong>proxime</strong></span> <span class='ocrx_word' id='word_1_716' title='bbox 1647 5272 1788 5332; x_wconf 89' lang='lat' dir='ltr'><strong>hanc</strong></span> <span class='ocrx_word' id='word_1_717' title='bbox 1825 5274 2111 5347; x_wconf 87' lang='lat' dir='ltr'><strong>epistolam</strong></span> 
     </span>
    </p>
   </div>
   <div class='ocr_carea' id='block_1_97' title="bbox 512 5367 2112 5440">
    <p class='ocr_par' dir='ltr' id='par_1_97' title="bbox 512 5367 2112 5440">
     <span class='ocr_line' id='line_1_97' title="bbox 512 5367 2112 5440; baseline 0.002 -17"><span class='ocrx_word' id='word_1_718' title='bbox 512 5369 780 5440; x_wconf 80' lang='lat' dir='ltr'><strong>sequitur,</strong></span> <span class='ocrx_word' id='word_1_719' title='bbox 812 5367 984 5423; x_wconf 80' lang='lat' dir='ltr'><strong>uiuite</strong></span> <span class='ocrx_word' id='word_1_720' title='bbox 1025 5368 1380 5440; x_wconf 83' lang='lat' dir='ltr'><strong>posteriorem</strong></span> <span class='ocrx_word' id='word_1_721' title='bbox 1422 5382 1546 5424; x_wconf 86' lang='lat' dir='ltr'><strong>esse</strong></span> <span class='ocrx_word' id='word_1_722' title='bbox 1588 5382 1656 5425; x_wconf 87' lang='lat' dir='ltr'><strong>ea</strong></span> <span class='ocrx_word' id='word_1_723' title='bbox 1681 5367 1908 5438; x_wconf 85' lang='lat' dir='ltr'><strong>epistola</strong></span> <span class='ocrx_word' id='word_1_724' title='bbox 1939 5383 2008 5424; x_wconf 78' lang='lat' dir='ltr'><strong>ex</strong></span> <span class='ocrx_word' id='word_1_725' title='bbox 2044 5367 2112 5426; x_wconf 88' lang='lat' dir='ltr'><strong>iis</strong></span> 
     </span>
    </p>
   </div>
   <div class='ocr_carea' id='block_1_98' title="bbox 513 5459 2113 5535">
    <p class='ocr_par' dir='ltr' id='par_1_98' title="bbox 513 5459 2113 5535">
     <span class='ocr_line' id='line_1_98' title="bbox 513 5459 2113 5535; baseline 0.001 -19"><span class='ocrx_word' id='word_1_726' title='bbox 513 5477 636 5534; x_wconf 79' lang='lat' dir='ltr'><strong>qua:</strong></span> <span class='ocrx_word' id='word_1_727' title='bbox 663 5476 826 5535; x_wconf 84' lang='lat' dir='ltr'><strong>supra</strong></span> <span class='ocrx_word' id='word_1_728' title='bbox 843 5461 1102 5530; x_wconf 75' lang='lat' dir='ltr'><strong>diximus,</strong></span> <span class='ocrx_word' id='word_1_729' title='bbox 1126 5477 1247 5518; x_wconf 89' lang='lat' dir='ltr'><strong>cum</strong></span> <span class='ocrx_word' id='word_1_730' title='bbox 1269 5460 1338 5518; x_wconf 90' lang='lat' dir='ltr'><strong>de</strong></span> <span class='ocrx_word' id='word_1_731' title='bbox 1362 5461 1588 5533; x_wconf 86' lang='lat' dir='ltr'><strong>cpistola</strong></span> <span class='ocrx_word' id='word_1_732' title='bbox 1613 5460 1876 5529; x_wconf 77' lang='lat' dir='ltr'><strong>Valentis,</strong></span> <span class='ocrx_word' id='word_1_733' title='bbox 1902 5459 2113 5519; x_wconf 81' lang='lat' dir='ltr'><strong>Ursacii</strong></span> 
     </span>
    </p>
   </div>
   <div class='ocr_carea' id='block_1_99' title="bbox 513 5555 2115 5629">
    <p class='ocr_par' dir='ltr' id='par_1_99' title="bbox 513 5555 2115 5629">
     <span class='ocr_line' id='line_1_99' title="bbox 513 5555 2115 5629; baseline 0.002 -17"><span class='ocrx_word' id='word_1_734' title='bbox 513 5557 852 5629; x_wconf 85' lang='lat' dir='ltr'><strong>aliorumque</strong></span> <span class='ocrx_word' id='word_1_735' title='bbox 896 5556 963 5613; x_wconf 88' lang='lat' dir='ltr'><strong>ad</strong></span> <span class='ocrx_word' id='word_1_736' title='bbox 1003 5556 1337 5614; x_wconf 83' lang='lat' dir='ltr'><strong>Germinium</strong></span> <span class='ocrx_word' id='word_1_737' title='bbox 1383 5555 1783 5626; x_wconf 83' lang='lat' dir='ltr'><strong>disseruimus,</strong></span> <span class='ocrx_word' id='word_1_738' title='bbox 1829 5571 1953 5629; x_wconf 66' lang='lat' dir='ltr'><strong>qua</strong></span> <span class='ocrx_word' id='word_1_739' title='bbox 1983 5555 2115 5615; x_wconf 86' lang='lat' dir='ltr'><strong>huic</strong></span> 
     </span>
    </p>
   </div>
   <div class='ocr_carea' id='block_1_100' title="bbox 511 5647 2114 5725">
    <p class='ocr_par' dir='ltr' id='par_1_100' title="bbox 511 5647 2114 5725">
     <span class='ocr_line' id='line_1_100' title="bbox 511 5647 2114 5725; baseline 0 -19"><span class='ocrx_word' id='word_1_740' title='bbox 511 5662 732 5706; x_wconf 85' lang='lat' dir='ltr'><strong>causam</strong></span> <span class='ocrx_word' id='word_1_741' title='bbox 782 5647 933 5705; x_wconf 83' lang='lat' dir='ltr'><strong>dedit</strong></span> <span class='ocrx_word' id='word_1_742' title='bbox 977 5649 1086 5720; x_wconf 79' lang='lat' dir='ltr'><strong>(aut</strong></span> <span class='ocrx_word' id='word_1_743' title='bbox 1131 5651 1304 5722; x_wconf 81' lang='lat' dir='ltr'><strong>potius</strong></span> <span class='ocrx_word' id='word_1_744' title='bbox 1347 5665 1557 5706; x_wconf 83' lang='lat' dir='ltr'><strong>causam</strong></span> <span class='ocrx_word' id='word_1_745' title='bbox 1599 5648 1665 5704; x_wconf 84' lang='lat' dir='ltr'><strong>ab</strong></span> <span class='ocrx_word' id='word_1_746' title='bbox 1713 5649 1812 5706; x_wconf 80' lang='lat' dir='ltr'><strong>hac</strong></span> <span class='ocrx_word' id='word_1_747' title='bbox 1861 5649 2114 5725; x_wconf 68' lang='lat' dir='ltr'><strong>accepit),</strong></span> 
     </span>
    </p>
   </div>
   <div class='ocr_carea' id='block_1_101' title="bbox 591 5790 2030 5938">
    <p class='ocr_par' dir='ltr' id='par_1_101' title="bbox 591 5790 2030 5938">
     <span class='ocr_line' id='line_1_101' title="bbox 591 5790 2030 5938; baseline 0.001 -92"><span class='ocrx_word' id='word_1_748' title='bbox 591 5793 671 5938; x_wconf 47' lang='lat' dir='ltr'><strong>in)</strong></span> <span class='ocrx_word' id='word_1_749' title='bbox 710 5791 1018 5863; x_wconf 78' lang='lat' dir='ltr'><strong>Fragmenti</strong></span> <span class='ocrx_word' id='word_1_750' title='bbox 1045 5809 1098 5850; x_wconf 72' lang='grc' dir='ltr'>χι</span> <span class='ocrx_word' id='word_1_751' title='bbox 1123 5806 1250 5866; x_wconf 88' lang='lat' dir='ltr'><strong>pars</strong></span> <span class='ocrx_word' id='word_1_752' title='bbox 1275 5791 1534 5863; x_wconf 84' lang='lat' dir='ltr'><strong>secunda,</strong></span> <span class='ocrx_word' id='word_1_753' title='bbox 1561 5790 1779 5864; x_wconf 85' lang='lat' dir='ltr'><strong>quando</strong></span> <span class='ocrx_word' id='word_1_754' title='bbox 1807 5792 2030 5864; x_wconf 87' lang='lat' dir='ltr'><strong>scripta.</strong></span> 
     </span>
     <span class='ocr_line' id='line_1_102' title="bbox 618 5863 2030 5938; baseline 0.004 -23"><span class='ocrx_word' id='word_1_755' title='bbox 618 5863 668 5938; x_wconf 67' lang='grc' dir='ltr'><strong>ἡ)</strong></span> <span class='ocrx_word' id='word_1_756' title='bbox 688 5865 1511 5938; x_wconf 19' lang='lat' dir='ltr'><strong>Pseudo-Sardicensis‘epistola</strong></span> <span class='ocrx_word' id='word_1_757' title='bbox 1523 5907 1537 5928; x_wconf 93' lang='lat'><strong>,</strong></span> <span class='ocrx_word' id='word_1_758' title='bbox 1554 5881 1676 5938; x_wconf 72' lang='lat' dir='ltr'><strong>qua:</strong></span> <span class='ocrx_word' id='word_1_759' title='bbox 1692 5879 1833 5920; x_wconf 88' lang='lat' dir='ltr'><strong>nunc</strong></span> <span class='ocrx_word' id='word_1_760' title='bbox 1849 5863 2030 5938; x_wconf 76' lang='lat' dir='ltr'><strong>Frag._1</strong></span> 
     </span>
    </p>
   </div>
   <div class='ocr_carea' id='block_1_102' title="bbox 618 5863 2108 5937">
    <p class='ocr_par' dir='ltr' id='par_1_102' title="bbox 618 5863 2108 5937">
     <span class='ocr_line' id='line_1_103' title="bbox 618 5863 2108 5937; baseline 0.004 -22"><span class='ocrx_word' id='word_1_761' title='bbox 618 5863 668 5937; x_wconf 84' lang='lat' dir='ltr'><strong>b)</strong></span> <span class='ocrx_word' id='word_1_762' title='bbox 688 5863 1511 5937; x_wconf 71' lang='lat' dir='ltr'><strong>Pseudo-S&#39;trdieensisepistola</strong></span> <span class='ocrx_word' id='word_1_763' title='bbox 1523 5907 1537 5928; x_wconf 93' lang='lat'><strong>,</strong></span> <span class='ocrx_word' id='word_1_764' title='bbox 1554 5863 1676 5937; x_wconf 69' lang='lat' dir='ltr'><strong>qua:</strong></span> <span class='ocrx_word' id='word_1_765' title='bbox 1692 5879 1833 5920; x_wconf 89' lang='lat' dir='ltr'><strong>nunc</strong></span> <span class='ocrx_word' id='word_1_766' title='bbox 1849 5863 2008 5937; x_wconf 77' lang='lat' dir='ltr'><strong>Frag.</strong></span> <span class='ocrx_word' id='word_1_767' title='bbox 2024 5879 2108 5923; x_wconf 85' lang='lat' dir='ltr'><strong>ut.</strong></span> 
     </span>
    </p>
   </div>
   <div class='ocr_carea' id='block_1_103' title="bbox 591 5935 2110 6010">
    <p class='ocr_par' dir='ltr' id='par_1_103' title="bbox 591 5935 2110 6010">
     <span class='ocr_line' id='line_1_104' title="bbox 591 5935 2110 6010; baseline 0.002 -21"><span class='ocrx_word' id='word_1_768' title='bbox 591 5935 666 6004; x_wconf 44' lang='lat' dir='ltr'><strong>re)</strong></span> <span class='ocrx_word' id='word_1_769' title='bbox 705 5937 761 5994; x_wconf 90' lang='lat' dir='ltr'><strong>Si</strong></span> <span class='ocrx_word' id='word_1_770' title='bbox 787 5953 883 6010; x_wconf 84' lang='lat' dir='ltr'><strong>pro</strong></span> <span class='ocrx_word' id='word_1_771' title='bbox 905 5939 1140 6010; x_wconf 74' lang='lat' dir='ltr'><strong>legitima</strong></span> <span class='ocrx_word' id='word_1_772' title='bbox 1162 5936 1345 5994; x_wconf 86' lang='lat' dir='ltr'><strong>habita</strong></span> <span class='ocrx_word' id='word_1_773' title='bbox 1365 5935 1435 5993; x_wconf 80' lang='lat' dir='ltr'><strong>ab</strong></span> <span class='ocrx_word' id='word_1_774' title='bbox 1453 5952 1522 5996; x_wconf 87' lang='lat' dir='ltr'><strong>ea</strong></span> <span class='ocrx_word' id='word_1_775' title='bbox 1545 5936 1738 5994; x_wconf 83' lang='lat' dir='ltr'><strong>fuisset</strong></span> <span class='ocrx_word' id='word_1_776' title='bbox 1756 5953 1825 5993; x_wconf 88' lang='lat' dir='ltr'><strong>an</strong></span> <span class='ocrx_word' id='word_1_777' title='bbox 1853 5935 2110 6010; x_wconf 79' lang='lat' dir='ltr'><strong>inscripta</strong></span> 
     </span>
    </p>
   </div>
   <div class='ocr_carea' id='block_1_104' title="bbox 2220 4809 3821 4884">
    <p class='ocr_par' dir='ltr' id='par_1_104' title="bbox 2220 4809 3821 4884">
     <span class='ocr_line' id='line_1_105' title="bbox 2220 4809 3821 4884; baseline 0.002 -18"><span class='ocrx_word' id='word_1_778' title='bbox 2220 4826 2291 4866; x_wconf 89' lang='lat' dir='ltr'><strong>ne</strong></span> <span class='ocrx_word' id='word_1_779' title='bbox 2320 4811 2448 4881; x_wconf 87' lang='lat' dir='ltr'><strong>quid</strong></span> <span class='ocrx_word' id='word_1_780' title='bbox 2472 4811 2697 4868; x_wconf 89' lang='lat' dir='ltr'><strong>ulterius</strong></span> <span class='ocrx_word' id='word_1_781' title='bbox 2715 4812 3086 4868; x_wconf 87' lang='lat' dir='ltr'><strong>scriberetur:</strong></span> <span class='ocrx_word' id='word_1_782' title='bbox 3117 4829 3136 4864; x_wconf 72' lang='grc' dir='ltr'><strong><em>ο</em></strong></span> <span class='ocrx_word' id='word_1_783' title='bbox 3171 4809 3251 4868; x_wconf 88' lang='lat' dir='ltr'><strong>Ne</strong></span> <span class='ocrx_word' id='word_1_784' title='bbox 3278 4811 3406 4878; x_wconf 86' lang='lat' dir='ltr'><strong>illis,</strong></span> <span class='ocrx_word' id='word_1_785' title='bbox 3431 4812 3628 4884; x_wconf 67' lang='lat' dir='ltr'><strong>quibus</strong></span> <span class='ocrx_word' id='word_1_786' title='bbox 3651 4812 3821 4870; x_wconf 89' lang='lat' dir='ltr'><strong>libido</strong></span> 
     </span>
    </p>
   </div>
   <div class='ocr_carea' id='block_1_105' title="bbox 2220 4905 3821 4978">
    <p class='ocr_par' dir='ltr' id='par_1_105' title="bbox 2220 4905 3821 4978">
     <span class='ocr_line' id='line_1_106' title="bbox 2220 4905 3821 4978; baseline 0.002 -17"><span class='ocrx_word' id='word_1_787' title='bbox 2220 4914 2338 4961; x_wconf 89' lang='lat' dir='ltr'><strong>erat</strong></span> <span class='ocrx_word' id='word_1_788' title='bbox 2365 4918 2580 4976; x_wconf 81' lang='lat' dir='ltr'><strong>semper</strong></span> <span class='ocrx_word' id='word_1_789' title='bbox 2609 4921 2744 4961; x_wconf 87' lang='lat' dir='ltr'><strong>nova</strong></span> <span class='ocrx_word' id='word_1_790' title='bbox 2771 4913 3012 4964; x_wconf 78' lang='lat' dir='ltr'><strong>statuere</strong></span> <span class='ocrx_word' id='word_1_791' title='bbox 3031 4947 3044 4972; x_wconf 85' lang='lat'><strong>.</strong></span> <span class='ocrx_word' id='word_1_792' title='bbox 3079 4906 3298 4962; x_wconf 78' lang='lat' dir='ltr'><strong>occasio</strong></span> <span class='ocrx_word' id='word_1_793' title='bbox 3327 4905 3594 4976; x_wconf 83' lang='lat' dir='ltr'><strong>ejusmodi</strong></span> <span class='ocrx_word' id='word_1_794' title='bbox 3622 4920 3821 4978; x_wconf 82' lang='lat' dir='ltr'><strong>suppe-</strong></span> 
     </span>
    </p>
   </div>
   <div class='ocr_carea' id='block_1_106' title="bbox 2221 5000 3813 5072">
    <p class='ocr_par' dir='ltr' id='par_1_106' title="bbox 2221 5000 3813 5072">
     <span class='ocr_line' id='line_1_107' title="bbox 2221 5000 3813 5072; baseline 0.001 -16"><span class='ocrx_word' id='word_1_795' title='bbox 2221 5008 2382 5066; x_wconf 89' lang='lat' dir='ltr'><strong>teret,</strong></span> <span class='ocrx_word' id='word_1_796' title='bbox 2409 5008 2468 5056; x_wconf 77' lang='grc' dir='ltr'><strong>ιιι</strong></span> <span class='ocrx_word' id='word_1_797' title='bbox 2488 5002 2680 5057; x_wconf 86' lang='lat' dir='ltr'><strong>iterum</strong></span> <span class='ocrx_word' id='word_1_798' title='bbox 2703 5011 2864 5072; x_wconf 84' lang='lat' dir='ltr'><strong>atque</strong></span> <span class='ocrx_word' id='word_1_799' title='bbox 2879 5000 3075 5058; x_wconf 87' lang='lat' dir='ltr'><strong>iterum</strong></span> <span class='ocrx_word' id='word_1_800' title='bbox 3098 5017 3233 5057; x_wconf 89' lang='lat' dir='ltr'><strong>nova</strong></span> <span class='ocrx_word' id='word_1_801' title='bbox 3256 5001 3324 5058; x_wconf 89' lang='lat' dir='ltr'><strong>de</strong></span> <span class='ocrx_word' id='word_1_802' title='bbox 3345 5001 3452 5058; x_wconf 87' lang='lat' dir='ltr'><strong>fide</strong></span> <span class='ocrx_word' id='word_1_803' title='bbox 3471 5000 3813 5060; x_wconf 60' lang='lat' dir='ltr'><strong>definireata</strong></span> 
     </span>
    </p>
   </div>
   <div class='ocr_carea' id='block_1_107' title="bbox 2222 5095 3816 5170">
    <p class='ocr_par' dir='ltr' id='par_1_107' title="bbox 2222 5095 3816 5170">
     <span class='ocr_line' id='line_1_108' title="bbox 2222 5095 3816 5170; baseline 0.004 -21"><span class='ocrx_word' id='word_1_804' title='bbox 2222 5095 2343 5162; x_wconf 85' lang='lat' dir='ltr'><strong>Quo</strong></span> <span class='ocrx_word' id='word_1_805' title='bbox 2383 5104 2531 5152; x_wconf 85' lang='lat' dir='ltr'><strong>certe</strong></span> <span class='ocrx_word' id='word_1_806' title='bbox 2558 5095 2826 5152; x_wconf 85' lang='lat' dir='ltr'><strong>manifesti</strong></span> <span class='ocrx_word' id='word_1_807' title='bbox 2849 5096 3052 5153; x_wconf 86' lang='lat' dir='ltr'><strong>erroris</strong></span> <span class='ocrx_word' id='word_1_808' title='bbox 3089 5097 3425 5154; x_wconf 89' lang='lat' dir='ltr'><strong>convincitur</strong></span> <span class='ocrx_word' id='word_1_809' title='bbox 3461 5098 3816 5170; x_wconf 82' lang='lat' dir='ltr'><strong>Sozamenus,</strong></span> 
     </span>
    </p>
   </div>
   <div class='ocr_carea' id='block_1_108' title="bbox 2219 5185 3822 5263">
    <p class='ocr_par' dir='ltr' id='par_1_108' title="bbox 2219 5185 3822 5263">
     <span class='ocr_line' id='line_1_109' title="bbox 2219 5185 3822 5263; baseline 0.004 -20"><span class='ocrx_word' id='word_1_810' title='bbox 2219 5201 2345 5243; x_wconf 85' lang='lat' dir='ltr'><strong>cum</strong></span> <span class='ocrx_word' id='word_1_811' title='bbox 2376 5187 2565 5246; x_wconf 87' lang='lat' dir='ltr'><strong>scribit</strong></span> <span class='ocrx_word' id='word_1_812' title='bbox 2593 5185 2732 5262; x_wconf 76' lang='lat' dir='ltr'><strong>(Lib.</strong></span> <span class='ocrx_word' id='word_1_813' title='bbox 2761 5202 2842 5253; x_wconf 85' lang='lat' dir='ltr'><strong>ut,</strong></span> <span class='ocrx_word' id='word_1_814' title='bbox 2864 5205 2983 5260; x_wconf 79' lang='lat' dir='ltr'><strong>cap.</strong></span> <span class='ocrx_word' id='word_1_815' title='bbox 3015 5187 3130 5259; x_wconf 78' lang='lat' dir='ltr'><strong>i2),</strong></span> <span class='ocrx_word' id='word_1_816' title='bbox 3157 5188 3452 5247; x_wconf 86' lang='lat' dir='ltr'><strong>calholicus</strong></span> <span class='ocrx_word' id='word_1_817' title='bbox 3484 5201 3664 5263; x_wconf 85' lang='lat' dir='ltr'><strong>patres</strong></span> <span class='ocrx_word' id='word_1_818' title='bbox 3689 5191 3822 5250; x_wconf 82' lang='lat' dir='ltr'><strong>Sar-</strong></span> 
     </span>
    </p>
   </div>
   <div class='ocr_carea' id='block_1_109' title="bbox 2218 5279 3816 5358">
    <p class='ocr_par' dir='ltr' id='par_1_109' title="bbox 2218 5279 3816 5358">
     <span class='ocr_line' id='line_1_110' title="bbox 2218 5279 3816 5358; baseline 0.006 -22"><span class='ocrx_word' id='word_1_819' title='bbox 2218 5279 2360 5337; x_wconf 72' lang='lat' dir='ltr'><strong>dica:</strong></span> <span class='ocrx_word' id='word_1_820' title='bbox 2405 5280 2530 5338; x_wconf 85' lang='lat' dir='ltr'><strong>fidei</strong></span> <span class='ocrx_word' id='word_1_821' title='bbox 2579 5281 2865 5340; x_wconf 89' lang='lat' dir='ltr'><strong>formulam</strong></span> <span class='ocrx_word' id='word_1_822' title='bbox 2910 5281 3186 5350; x_wconf 86' lang='lat' dir='ltr'><strong>edidisse,</strong></span> <span class='ocrx_word' id='word_1_823' title='bbox 3238 5300 3400 5342; x_wconf 84' lang='lat' dir='ltr'><strong>sensu</strong></span> <span class='ocrx_word' id='word_1_824' title='bbox 3422 5285 3641 5358; x_wconf 80' lang='lat' dir='ltr'><strong>quidem</strong></span> <span class='ocrx_word' id='word_1_825' title='bbox 3691 5302 3816 5346; x_wconf 90' lang='lat' dir='ltr'><strong>cum</strong></span> 
     </span>
    </p>
   </div>
   <div class='ocr_carea' id='block_1_110' title="bbox 2222 5373 3816 5456">
    <p class='ocr_par' dir='ltr' id='par_1_110' title="bbox 2222 5373 3816 5456">
     <span class='ocr_line' id='line_1_111' title="bbox 2222 5373 3816 5456; baseline 0.007 -27"><span class='ocrx_word' id='word_1_826' title='bbox 2222 5373 2439 5431; x_wconf 78' lang='lat' dir='ltr'><strong>Nic.ena</strong></span> <span class='ocrx_word' id='word_1_827' title='bbox 2467 5375 2736 5442; x_wconf 85' lang='lat' dir='ltr'><strong>eamdem,</strong></span> <span class='ocrx_word' id='word_1_828' title='bbox 2766 5376 3010 5447; x_wconf 87' lang='lat' dir='ltr'><strong>pluribus</strong></span> <span class='ocrx_word' id='word_1_829' title='bbox 3041 5389 3217 5434; x_wconf 90' lang='lat' dir='ltr'><strong>tamen</strong></span> <span class='ocrx_word' id='word_1_830' title='bbox 3243 5379 3427 5437; x_wconf 84' lang='lat' dir='ltr'><strong>verbis</strong></span> <span class='ocrx_word' id='word_1_831' title='bbox 3452 5394 3768 5456; x_wconf 81' lang='lat' dir='ltr'><strong>conceptam</strong></span> <span class='ocrx_word' id='word_1_832' title='bbox 3801 5401 3816 5440; x_wconf 89' lang='lat'><strong>:</strong></span> 
     </span>
    </p>
   </div>
   <div class='ocr_carea' id='block_1_111' title="bbox 2222 5465 3818 5543">
    <p class='ocr_par' dir='ltr' id='par_1_111' title="bbox 2222 5465 3818 5543">
     <span class='ocr_line' id='line_1_112' title="bbox 2222 5465 3818 5543; baseline 0.006 -21"><span class='ocrx_word' id='word_1_833' title='bbox 2222 5465 2377 5537; x_wconf 89' lang='lat' dir='ltr'><strong>cujus</strong></span> <span class='ocrx_word' id='word_1_834' title='bbox 2400 5469 2616 5525; x_wconf 88' lang='lat' dir='ltr'><strong>nomine</strong></span> <span class='ocrx_word' id='word_1_835' title='bbox 2639 5468 2798 5526; x_wconf 88' lang='lat' dir='ltr'><strong>Osius</strong></span> <span class='ocrx_word' id='word_1_836' title='bbox 2820 5478 2873 5525; x_wconf 90' lang='lat' dir='ltr'><strong>et</strong></span> <span class='ocrx_word' id='word_1_837' title='bbox 2901 5469 3236 5541; x_wconf 73' lang='lat' dir='ltr'><strong>Protogenes</strong></span> <span class='ocrx_word' id='word_1_838' title='bbox 3254 5473 3397 5543; x_wconf 88' lang='lat' dir='ltr'><strong>apud</strong></span> <span class='ocrx_word' id='word_1_839' title='bbox 3418 5471 3636 5531; x_wconf 67' lang='lat' dir='ltr'><strong>iulium.</strong></span> <span class='ocrx_word' id='word_1_840' title='bbox 3667 5473 3727 5534; x_wconf 86' lang='lat' dir='ltr'><strong>P.</strong></span> <span class='ocrx_word' id='word_1_841' title='bbox 3749 5476 3818 5532; x_wconf 71' lang='lat' dir='ltr'><strong>it.</strong></span> 
     </span>
    </p>
   </div>
   <div class='ocr_carea' id='block_1_112' title="bbox 2224 5561 3820 5628">
    <p class='ocr_par' dir='ltr' id='par_1_112' title="bbox 2224 5561 3820 5628">
     <span class='ocr_line' id='line_1_113' title="bbox 2224 5561 3820 5628; baseline 0.007 -14"><span class='ocrx_word' id='word_1_842' title='bbox 2224 5573 2346 5616; x_wconf 85' lang='lat' dir='ltr'><strong>sese</strong></span> <span class='ocrx_word' id='word_1_843' title='bbox 2372 5562 2701 5618; x_wconf 78' lang='lat' dir='ltr'><strong>excusarint.</strong></span> <span class='ocrx_word' id='word_1_844' title='bbox 2744 5561 2910 5620; x_wconf 89' lang='lat' dir='ltr'><strong>Plane</strong></span> <span class='ocrx_word' id='word_1_845' title='bbox 2947 5563 3157 5619; x_wconf 89' lang='lat' dir='ltr'><strong>videtur</strong></span> <span class='ocrx_word' id='word_1_846' title='bbox 3187 5575 3371 5623; x_wconf 89' lang='lat' dir='ltr'><strong>uoster</strong></span> <span class='ocrx_word' id='word_1_847' title='bbox 3397 5565 3632 5626; x_wconf 79' lang='lat' dir='ltr'><strong>Hilarius</strong></span> <span class='ocrx_word' id='word_1_848' title='bbox 3669 5571 3722 5626; x_wconf 91' lang='lat' dir='ltr'><strong>in</strong></span> <span class='ocrx_word' id='word_1_849' title='bbox 3753 5585 3820 5628; x_wconf 89' lang='lat' dir='ltr'><strong>eo</strong></span> 
     </span>
    </p>
   </div>
   <div class='ocr_carea' id='block_1_113' title="bbox 2224 5653 3820 5735">
    <p class='ocr_par' dir='ltr' id='par_1_113' title="bbox 2224 5653 3820 5735">
     <span class='ocr_line' id='line_1_114' title="bbox 2224 5653 3820 5735; baseline 0.007 -25"><span class='ocrx_word' id='word_1_850' title='bbox 2224 5653 2292 5710; x_wconf 90' lang='lat' dir='ltr'><strong>dc</strong></span> <span class='ocrx_word' id='word_1_851' title='bbox 2320 5655 2558 5727; x_wconf 77' lang='lat' dir='ltr'><strong>Synodis</strong></span> <span class='ocrx_word' id='word_1_852' title='bbox 2591 5657 2732 5714; x_wconf 89' lang='lat' dir='ltr'><strong>libro</strong></span> <span class='ocrx_word' id='word_1_853' title='bbox 2751 5699 2769 5726; x_wconf 92' lang='lat'><strong>,</strong></span> <span class='ocrx_word' id='word_1_854' title='bbox 2799 5673 2905 5714; x_wconf 89' lang='lat' dir='ltr'><strong>non</strong></span> <span class='ocrx_word' id='word_1_855' title='bbox 2933 5658 3109 5715; x_wconf 85' lang='lat' dir='ltr'><strong>solum</strong></span> <span class='ocrx_word' id='word_1_856' title='bbox 3140 5658 3368 5718; x_wconf 87' lang='lat' dir='ltr'><strong>formula</strong></span> <span class='ocrx_word' id='word_1_857' title='bbox 3400 5663 3820 5735; x_wconf 76' lang='lat' dir='ltr'><strong>pseudo-Sardi-</strong></span> 
     </span>
    </p>
   </div>
   <div class='ocr_carea' id='block_1_114' title="bbox 2215 5795 3826 5872">
    <p class='ocr_par' dir='ltr' id='par_1_114' title="bbox 2215 5795 3826 5872">
     <span class='ocr_line' id='line_1_115' title="bbox 2215 5795 3826 5872; baseline 0.007 -22"><span class='ocrx_word' id='word_1_858' title='bbox 2215 5806 2382 5862; x_wconf 82' lang='lat' dir='ltr'><strong>esset,</strong></span> <span class='ocrx_word' id='word_1_859' title='bbox 2446 5795 2600 5852; x_wconf 73' lang='lat' dir='ltr'><strong>Fides</strong></span> <span class='ocrx_word' id='word_1_860' title='bbox 2628 5797 2908 5872; x_wconf 77' lang='lat' dir='ltr'><strong>secundum</strong></span> <span class='ocrx_word' id='word_1_861' title='bbox 2935 5797 3175 5872; x_wconf 68' lang='lat' dir='ltr'><strong>Orientis</strong></span> <span class='ocrx_word' id='word_1_862' title='bbox 3208 5799 3518 5872; x_wconf 76' lang='lat' dir='ltr'><strong>Synodum.’</strong></span> <span class='ocrx_word' id='word_1_863' title='bbox 3547 5803 3707 5860; x_wconf 78' lang='lat' dir='ltr'><strong>Aliud</strong></span> <span class='ocrx_word' id='word_1_864' title='bbox 3735 5812 3826 5861; x_wconf 70' lang='lat' dir='ltr'><strong>est.</strong></span> 
     </span>
    </p>
   </div>
   <div class='ocr_carea' id='block_1_115' title="bbox 2217 5869 3816 5939">
    <p class='ocr_par' dir='ltr' id='par_1_115' title="bbox 2217 5869 3816 5939">
     <span class='ocr_line' id='line_1_116' title="bbox 2217 5869 3816 5939; baseline 0.006 -17"><span class='ocrx_word' id='word_1_865' title='bbox 2217 5875 2399 5926; x_wconf 87' lang='lat' dir='ltr'><strong>autem</strong></span> <span class='ocrx_word' id='word_1_866' title='bbox 2446 5884 2756 5939; x_wconf 78' lang='lat' dir='ltr'><strong>excusasse,</strong></span> <span class='ocrx_word' id='word_1_867' title='bbox 2803 5869 2946 5927; x_wconf 86' lang='lat' dir='ltr'><strong>aliud</strong></span> <span class='ocrx_word' id='word_1_868' title='bbox 2999 5869 3324 5929; x_wconf 74' lang='lat' dir='ltr'><strong>catholicam</strong></span> <span class='ocrx_word' id='word_1_869' title='bbox 3369 5889 3490 5933; x_wconf 83' lang='lat' dir='ltr'><strong>eam</strong></span> <span class='ocrx_word' id='word_1_870' title='bbox 3515 5876 3816 5934; x_wconf 76' lang='lat' dir='ltr'><strong>censuisse.</strong></span> 
     </span>
    </p>
   </div>
  </div>
