4464 6448
467 303 574 362 905

1375 299 1439 358 IN
1466 297 1893 360 FRAGMENTA
1924 291 2172 355 SANCI‘I
2201 289 2457 356 ι-ιιιΑιηι
2494 290 2798 352 EPISCOPI

3653 283 3770 342 90-!

471 416 760 482 censi,scd
783 433 882 476 nec
903 417 1753 484 Atiliochenaquncaeniis,nec
1773 412 2323 476 SirmicnsiAtitatis
2395 413 2704 486 apostolicae
2777 425 2843 467 ac
2910 406 3278 466 cenfessionis.
3337 404 3408 461 ab
3463 401 3776 460 Athanasio

469 522 656 567 contra
705 512 1026 577 Plautinum,
1076 530 1210 586 quas
1233 524 1343 571 tres
1384 515 1700 571 Semiariani
1753 514 1805 568 in
1838 511 2057 584 Synodo

471 604 823 674 Anquiritana
853 605 1086 662 maxime
1109 607 1427 676 probarunt,
1453 609 1521 660 ita
1553 606 1776 661 minime
1800 603 2056 670 olfensus,

473 706 531 753 ut
556 713 650 754 cas
678 700 761 770 (α)
785 699 1120 770 exposuerit,
1151 710 1206 756 et
1231 700 1316 755 his
1341 700 1520 756 verbis
1545 715 1805 756 excusare
1833 707 2060 753 conatus

470 791 542 846 sit
573 807 586 843 :
627 810 645 843 ι
681 788 823 846 Nihil
847 791 1042 846 mirum
1063 833 1080 860 ,
1117 808 1140 843 a
1170 793 1240 846 ait
1274 789 1412 864 (Lib.
1441 792 1504 846 de
1534 791 1734 862 Synod.
1765 805 1908 845 nunt.
1941 788 2056 854 63),

477 903 498 937 α
525 885 678 940 vobis
702 883 870 941 videri
893 883 1074 950 debet,
1100 886 1296 940 fratres
1316 884 1640 947 cbarissimi.
1662 883 1804 954 quod
1827 893 1932 936 tam
1956 881 2062 936 fre—

469 988 696 1052 quenter
728 980 924 1049 exponi
964 979 1097 1035 fides
1113 989 1309 1050 ereptae
1325 987 1482 1040 sunt;
1508 977 1887 1032 necessitatem
1921 974 2060 1028 hanc

473 1073 620 1129 furor
633 1071 1182 1143 lnoreticusimponit,
1203 1089 1222 1124 δ
1254 1078 1310 1125 et
1331 1069 1492 1140 paulo
1519 1076 1644 1138 pust
1657 1065 1706 1140 (1
1715 1066 1850 1136 bid.)
1878 1083 1891 1116 :
1913 1084 1932 1116 ι
1953 1062 2062 1120 Sed

473 1165 766 1222 necessitas
811 1161 1256 1220 consuetudinem
1307 1159 1492 1216 intulit
1531 1158 1732 1230 exponi
1787 1157 1920 1210 ﬁdes
1945 1196 1961 1220 ,
2009 1162 2066 1211 et

469 1258 728 1329 expositis
747 1257 1035 1312 subscribi.
1055 1254 1158 1312 Ubi
1177 1253 1323 1310 enim
1343 1241 1542 1308 sensus
1560 1247 1903 1306 conscientizu
1921 1243 2064 1322 peri-

470 1349 708 1410 clitatur,
755 1348 868 1402 illic
903 1346 1081 1402 littera
1109 1344 1414 1415 postulatur
1444 1361 1460 1397 :
1491 1357 1592 1398 nec
1619 1355 1751 1397 sane
1777 1340 1940 1396 scribi
1967 1339 2067 1394 itit-

473 1440 642 1509 pedit.
688 1437 832 1504 quod
876 1436 1112 1491 salutare
1154 1443 1240 1490 est
1275 1433 1540 1490 conﬁteri.
1592 1451 1612 1484 ι
1646 1431 1842 1488 Postea
1888 1441 2068 1486 tamen

474 1527 806 1598 experientia
826 1526 1021 1583 doctus
1041 1541 1149 1582 non
1172 1527 1346 1581 solum
1357 1523 1698 1581 Camarinam
1721 1540 1827 1579 non
1851 1538 2070 1579 moren-

475 1621 630 1680 dam.
679 1628 740 1675 ut
769 1619 823 1674 in
853 1618 1138 1690 proverbio
1175 1626 1286 1686 est,
1330 1617 1426 1672 sed
1470 1617 1640 1672 multo
1671 1616 1846 1672 minus
1889 1629 2012 1688 quae
2037 1629 2068 1670 a

481 1713 726 1768 Patribus
745 1719 891 1768 recte
909 1719 1108 1768 statuta
1133 1721 1284 1780 sunt,
1313 1710 1424 1766 ullo
1450 1711 1630 1782 aliquo
1651 1718 1912 1780 prmtextu
1938 1723 2072 1764 con-

2160 509 2208 562 ci
2264 509 2318 562 in
2366 507 2626 564 Oratione
2679 507 2850 578 prima
2903 511 3094 560 contra
3139 499 3372 556 Arianos
3425 497 3772 580 perhibiturn

2159 599 2319 674 (Pog.
2371 599 2543 671 29!),
2591 615 2621 657 a
2675 599 2991 656 doctissimo
3041 595 3344 666 interprete
3387 600 3572 648 tamen
3627 589 3774 647 vitio

2161 695 2362 752 codicis
2387 693 2562 752 Graeci
2604 707 2716 764 quo
2743 707 2873 749 usus
2901 700 3005 756 est,
3033 697 3350 759 corruptum
3379 685 3744 741 reSIituamus

2163 787 2438 860 Siquidem
2466 801 2572 857 quo
2623 785 2746 842 loco
2771 785 2825 840 in
2851 799 2918 841 ea
2938 783 3196 841 Oratione
3217 778 3522 836 catholicos
3544 787 3766 843 monet,

2160 892 2224 937 ut
2247 881 2505 938 formulas
2539 879 2662 934 ﬁdei
2687 877 2895 936 Ursacii
2915 919 2934 947 ,
2961 878 3224 946 Valentis,
3257 877 3592 946 Demophili,
3625 874 3772 932 Ger-

2162 974 2355 1040 minii,
2404 983 2836 1038 cieterorumque
2882 971 3000 1040 ejus
3055 969 3244 1026 farina:
3297 961 3576 1026 hominum
3635 967 3774 1024 licet

2163 1068 2346 1124 verbis
2387 1081 2455 1122 ex
2482 1080 2635 1121 sacra
2665 1065 2944 1135 Scriptura
2968 1063 3268 1133 desumptis
3293 1065 3550 1136 scriptas,
3589 1063 3775 1120 nihilo

2164 1159 2335 1229 magis
2362 1166 2542 1214 tamen
2569 1155 2860 1212 admittant
2881 1197 2898 1222 ,
2926 1169 3086 1227 quam
3111 1154 3362 1210 Christus
3387 1153 3668 1213 diabolum
3701 1170 3772 1210 ex

2166 1251 2358 1307 iisdem
2376 1247 2671 1318 Scripturis
2693 1249 3024 1318 loquentem,
3044 1249 3168 1316 quia
3191 1247 3476 1316 impiorum
3497 1262 3774 1304 sermones

2167 1341 2332 1397 dolosi
2359 1349 2480 1396 sunt
2499 1354 2522 1396 :
2542 1339 2744 1393 lumina
2772 1338 3017 1394 ecclesia
3041 1339 3125 1393 sui
3152 1337 3334 1394 saeculi
3361 1351 3686 1404 recensens,
3715 1347 3777 1394 et.

2167 1433 2498 1508 apostolicos
2521 1435 2666 1490 viros
2686 1433 2744 1494 in
2772 1447 3001 1506 quorum
3027 1431 3246 1505 scriptis
3269 1431 3406 1487 nihil
3433 1430 3562 1487 mali
3585 1430 3778 1502 suspi-

2169 1531 2280 1586 cari
2309 1529 2436 1586 licet
2455 1569 2470 1595 ,
2493 1527 2608 1584 lucc
2631 1527 2795 1584 verba
2825 1527 2990 1582 latina
3015 1527 3198 1583 versio
3221 1525 3448 1584 exhibet
3477 1543 3490 1578 :
3517 1527 3602 1583 rel
3627 1525 3778 1596 Lupi

2171 1634 2217 1680 ct
2245 1623 2470 1694 Appiani
2505 1621 2734 1690 Cilicia,
2779 1621 3002 1678 Graecus
3038 1620 3209 1678 codex
3257 1620 3658 1692 manuscriptus
3693 1621 3780 1678 sic

2175 1717 2304 1788 legit
2325 1759 2338 1780 ,
2387 1717 2420 1776 ἦ
2467 1719 2676 1773 Aonian
2725 1719 2812 1772 καὶ
2843 1717 3114 1792 ’Δμφίωνος
3166 1721 3260 1772 τοῦ
3317 1715 3632 1791 ὁμολογητώ
3691 1717 3782 1772 καὶ

477 1803 754 1868 vellenda,
782 1817 1049 1874 quamque
1071 1801 1432 1872 periculosum
1458 1817 1523 1858 ac
1552 1801 1860 1857 miserabile
1885 1810 2062 1866 esset,
2093 1791 2144 1852 Β
2169 1809 2450 1866 ἐπισκόπου
2485 1819 2576 1868 τῆ;
2605 1809 2858 1873 nam“;
2885 1791 3169 1880 υιτυιικιυο
3196 1808 3341 1864 enim
3367 1809 3692 1874 vocabatur,
3719 1815 3782 1862 et

481 1915 502 1948 ι
537 1895 780 1952 diversas
807 1893 941 1950 ﬁdes
970 1895 1204 1960 habere.
1231 1912 1350 1966 quae
1375 1895 1504 1950 dum
1531 1898 1716 1964 plures
1747 1897 1926 1962 .tiunt,
1961 1915 1980 1946 ι
2010 1903 2068 1950 ut
2167 1901 2371 1958 Cilicia:
2389 1941 2408 1968 ,
2439 1909 2493 1956 ct
2521 1900 2848 1956 Nicomedia:
2877 1901 3186 1972 episcopus.
3211 1897 3325 1957 Nec
3353 1908 3440 1956 est
3471 1897 3617 1970 quod
3645 1900 3782 1969 quis

477 1988 617 2045 idetn
667 1989 782 2058 ipse
826 1988 904 2042 ait
943 1985 1078 2060 (Lib.
1121 2003 1161 2042 tl
1193 1987 1264 2042 ad
1282 1985 1456 2042 Const.
1485 2004 1540 2041 η.
1571 1987 1680 2060 ι),«
1717 1986 1770 2042 id
1809 1975 2071 2058 incipiunt
2169 1992 2496 2063 suspicetur,
2543 1991 2694 2046 illum
2723 2006 2752 2045 a
2791 1998 2937 2047 recta
2969 1989 3074 2047 ﬁde
3117 1997 3241 2062 post
3268 1991 3386 2046 haec
3427 1989 3726 2047 deﬂexisse
3765 2009 3774 2036 τ

475 2095 599 2136 esse
627 2095 699 2136 ne
743 2079 848 2134 tilla
894 2079 998 2147 sit;
1038 2097 1058 2138 ο
1091 2077 1147 2134 ἱιι
1193 2079 1333 2135 libro
1374 2080 1441 2134 ad
1470 2078 1846 2136 Constantium
1877 2092 2070 2136 omnes
2171 2101 2294 2143 nam
2323 2087 2376 2143 in
2405 2085 2674 2142 catholica
2705 2099 2836 2157 pace
2863 2101 3244 2158 perseverasse
3273 2089 3427 2142 testis
3449 2095 3535 2141 est
3575 2083 3783 2141 Eccle-

480 2184 678 2245 prteter
714 2171 987 2230 Hii-tenam
1013 2189 1124 2229 uno
1155 2174 1332 2244 elogio
1357 2172 1656 2230 damnavit.
1691 2191 1710 2224 ι
1746 2171 1880 2229 Nam
1906 2171 2068 2229 etiam
2171 2177 2290 2244 sia,
2336 2193 2459 2249 qua
2501 2177 2736 2234 natalem
2786 2178 2906 2247 ejus
2951 2175 3093 2248 prid.
3139 2175 3216 2233 id-
3265 2175 3456 2233 lunias
3497 2177 3778 2234 celebrat.

477 2266 525 2320 si
551 2265 667 2332 his,
699 2267 870 2336 inquit
907 2263 1046 2337 (Lib.
1084 2268 1140 2320 in
1163 2261 1363 2328 Const,
1391 2282 1444 2318 η.
1477 2264 1598 2334 24),
1642 2263 1777 2320 nihil
1819 2265 2070 2320 vitiosum

479 2359 761 2431 subjacere
803 2358 1137 2426 afﬁrmatur,
1193 2374 1301 2416 non
1359 2369 1537 2415 tamen
1587 2373 1752 2415 causa
1800 2357 2072 2432 religiosa:

479 2453 772 2506 voluntatis
797 2451 956 2518 inest,
985 2455 1112 2520 quia
1137 2450 1264 2506 mali
1293 2451 1572 2508 meditatio
1595 2460 1700 2508 est.
1733 2469 1755 2505 ι

549 2541 640 2599 25.
686 2541 936 2608 Qualibus
975 2543 1230 2615 episcopis
1265 2543 1463 2598 directa
1507 2544 1722 2616 epistola
1760 2543 2068 2618 Philippop.

477 2634 682 2705 synodi.
713 2664 784 2677 --
811 2635 981 2692 Porro
1009 2636 1210 2692 nemini
1237 2635 1458 2692 dubium
1486 2645 1570 2692 est
1587 2680 1602 2702 ,
1639 2639 1930 2708 pra-claros
1955 2637 2075 2692 illos

483 2742 637 2783 novre
669 2726 792 2784 ﬁdei
831 2727 1221 2785 architectores
1253 2729 1566 2800 synodicam
1612 2730 1751 2786 hanc
1788 2729 2073 2802 epi~tolam

485 2821 553 2877 iis
613 2823 848 2877 maxime
911 2820 1252 2892 inscripsisse
1301 2823 1570 2894 episcopis
1596 2865 1610 2886 ,
1659 2823 1857 2894 quibus
1916 2822 2074 2882 facile

486 2915 788 2986 imponere,
827 2913 916 2970 vel
956 2913 1224 2985 ejusmodi
1265 2915 1618 2986 imposturam
1657 2931 1766 2972 non
1811 2917 2074 2988 ingratam

485 3005 601 3060 fore
646 3005 962 3076 sperabant.
1015 3004 1161 3061 Inter
1211 3021 1350 3076 quos
1396 3008 1603 3078 optimo
1646 3005 1767 3076 jure
1817 3006 2074 3063 familiam

485 3097 634 3154 ducit
659 3097 951 3170 Gregorius
986 3098 1078 3154 ille
1100 3097 1390 3169 Cappadox
1421 3097 1804 3156 Alexandrina:
1829 3099 2076 3158 ecclesia:

2171 2273 2350 2340 Quare
2379 2271 2658 2330 sceleratis
2683 2271 2802 2328 istis
2831 2271 3141 2328 immixtum
3165 2269 3439 2344 conjicere
3462 2279 3568 2338 est,
3594 2279 3658 2325 ut
3687 2271 3786 2328 vir

2173 2365 2392 2422 virtutis
2437 2362 2578 2420 fama
2619 2363 2852 2421 celebris
2888 2363 3030 2434 apud
3057 2378 3250 2420 omnes
3283 2373 3338 2418 et
3383 2364 3586 2429 clarus.
3619 2373 3768 2419 tene

2173 2457 2455 2514 brionibus
2499 2456 2606 2513 illis
2647 2455 2949 2514 sanctitatis
2991 2456 3225 2530 aliquam
3248 2455 3558 2528 opinionem
3585 2457 3782 2514 conci-

2173 2551 2350 2610 liarct.

2243 2646 2339 2702 24.
2379 2645 2665 2719 Augustino
2706 2645 3022 2714 incomta
3068 2643 3406 2701 εσυ-ἀεικέα
3443 2643 3670 2699 decreto.
3701 2673 3788 2687 ~—

2177 2737 2368 2795 Alirum
2413 2748 2592 2794 tamen
2629 2745 2736 2802 est.
2781 2753 2903 2794 cum
2931 2737 2992 2794 Β.
3023 2737 3356 2808 Augustinus
3383 2737 3680 2794 Donatistis
3703 2752 3782 2793 ex

2179 2831 2282 2886 hoc
2329 2829 2553 2887 decreto
2596 2827 2772 2885 fucum
2819 2829 3021 2894 facere,
3068 2840 3124 2885 et
3171 2844 3230 2886 se
3270 2844 3372 2902 pro
3409 2829 3693 2887 catholicis
3747 2847 3784 2884 a

2181 2923 2487 2981 Sit-rdicensi
2514 2921 2747 2980 concilio
2791 2925 3000 2996 agnitus
3029 2923 3260 2994 probare
3305 2923 3629 2989 nitentibus,
3663 2941 3784 2979 non

2178 3015 2311 3072 satis
2339 3013 2500 3086 hujus
2549 3011 2755 3071 fraudis
2797 3027 2998 3087 gnarus
3039 3025 3230 3072 contra
3271 3012 3626 3070 Cresconium
3665 3031 3785 3070 non

2179 3123 2290 3166 uno
2341 3107 2464 3164 loco
2505 3105 2741 3179 excipiat
2783 3105 2922 3180 (Lib.
2953 3122 3030 3172 Ill,
3061 3107 3252 3172 $.34:
3283 3115 3332 3163 et
3359 3107 3448 3164 liii-
3475 3123 3552 3174 tv,
3579 3122 3629 3162 c.
3653 3107 3782 3179 ιι).

483 3189 702 3260 prtedo,
754 3191 846 3262 qui
885 3189 1044 3262 longe
1088 3197 1217 3246 ante
1264 3201 1483 3262 propter
1527 3190 1777 3248 haeresim
1819 3191 2073 3248 Arianam
2101 3177 2150 3242 C
2183 3216 2246 3259 ηρ

2020 3207 2073 3246 ιιι
2101 3177 2150 3242 C
2183 3201 2400 3259 nomina
2418 3177 2715 3268 civitatum,
2740 3177 2967 3272 quarum
2991 3200 3226 3271 episcopi
3248 3199 3586 3266 dicebantur,
3605 3177 3783 3270 appo-

485 3279 1168 3372 Ecclesire.communione
1209 3282 1510 3350 subruetus,
1561 3283 1870 3341 Sardicensi
1911 3287 2074 3342 etiam

483 3375 716 3432 concilio
741 3390 810 3432 ne
836 3391 934 3446 pro
954 3376 1253 3433 christiano
1275 3377 1491 3447 quidem
1517 3377 1703 3434 haberi
1730 3379 1936 3449 jussus,
1969 3397 2075 3437 non

487 3467 658 3522 multo
680 3477 800 3536 post
819 3467 888 3524 ab
916 3468 1296 3525 Alexandrinis
1317 3471 1546 3524 tumultu
1570 3471 1812 3542 populari
1841 3473 2072 3542 occisus,

483 3560 895 3617 convenientem
919 3560 1194 3620 etl'rcnata:
1223 3577 1336 3617 suae
1365 3561 1638 3617 violentia:
1665 3561 1826 3616 ﬁnem
1854 3563 2074 3618 sortitus

484 3662 568 3706 est
591 3651 778 3727 (Frag.
808 3669 868 3720 lt,
900 3670 958 3710 n.
985 3654 1066 3724 8).
1093 3653 1204 3711 Nec
1230 3656 1400 3711 multo
1428 3657 1671 3711 Sanctior
1699 3655 1959 3726 Donatus,
1983 3659 2076 3727 qui

481 3745 824 3818 Carthaginis
845 3747 1132 3818 episcopus
1152 3747 1476 3802 nominatur.
1511 3747 1608 3802 llle
1627 3748 1769 3804 enim
1793 3757 1878 3804 est
1905 3749 2076 3808 Dona-

483 3847 592 3905 tus,
608 3838 699 3908 qui
721 3838 983 3909 Majorino
1003 3839 1324 3905 succedens,
1344 3838 1854 3906 perniciosissimam
1872 3849 2074 3896 sectam

483 3927 537 3986 in
583 3932 762 3990 Africa
811 3931 904 3987 diu
953 3933 1124 3988 altare
1147 3944 1336 3988 contra
1379 3932 1553 3987 altare
1603 3931 1696 3988 Dei
1749 3931 2078 4004 Carthagine

482 4026 698 4095 erigens
741 4024 875 4080 aluit
907 4039 973 4082 ac
1002 4025 1134 4081 fovit
1167 4043 1182 4080 :
1213 4039 1388 4096 eoque
1427 4023 1694 4094 superbia:
1740 4041 1803 4082 ac
1845 4029 2078 4085 vesania:

483 4128 704 4174 evectus
727 4126 834 4186 est,
859 4128 918 4176 ut
945 4118 1113 4175 veluti
1141 4117 1512 4190 Pythagoreos
1541 4117 1690 4174 aiunt
1717 4134 1814 4188 per
1842 4135 2080 4193 prtecep-a

485 4219 656 4266 torem
682 4211 872 4266 solitos
901 4209 1104 4280 (Optat.
1135 4209 1226 4265 tib.
1253 4219 1490 4276 nt,cont.
1529 4208 1819 4282 Parmam),
1853 4215 1925 4268 ita
1954 4227 2079 4270 suos

485 4319 581 4375 per
609 4319 668 4362 se
699 4306 873 4378 ipsum
898 4307 1083 4374 jurare
1109 4315 1379 4376 tamquam
1408 4319 1505 4374 per
1531 4303 1726 4366 Deum,
1750 4304 2078 4378 eosdemque

485 4398 630 4468 ipsos
657 4413 717 4453 se
747 4407 912 4468 partis
945 4398 1138 4453 Donati
1169 4397 1258 4454 rei
1287 4396 1596 4466 Donatistas
1628 4411 1726 4466 pro
1753 4395 2079 4453 Christianis

486 4507 794 4564 nuncupare
871 4491 1176 4561 permiserit
1242 4505 1306 4546 ac
1361 4492 1476 4559 ipse
1535 4487 1698 4544 etiam
1765 4492 2068 4546 nominarit.

2176 3297 2276 3352 sita
2298 3309 2405 3351 non
2431 3293 2622 3358 fuisse,
2645 3291 2788 3349 unde
2805 3301 3082 3348 constaret
3100 3292 3388 3358 Donatum,
3403 3294 3558 3364 cujus
3573 3307 3782 3349 nomen

2179 3389 2232 3443 in
2254 3387 2356 3444 hac
2381 3387 2624 3458 synodali
2647 3385 2876 3458 epistola
2903 3383 3266 3449 ostentabant,
3297 3385 3446 3443 illum
3471 3385 3658 3448 fuisse.
3683 3387 3784 3455 qui

2176 3496 2236 3536 se
2273 3495 2369 3551 pro
2395 3477 2803 3549 Carthaginensi
2842 3479 3102 3550 episcopo
3147 3487 3418 3548 gesserat;
3450 3479 3571 3547 plus
3608 3480 3780 3534 etiam

2176 3571 2358 3638 addat,
2389 3587 2490 3628 nec
2521 3569 2691 3627 moris
2719 3583 2841 3627 esse
2867 3569 3239 3636 ecclesiastici,
3280 3568 3496 3642 quando
3532 3571 3778 3641 episcopi

2177 3663 2444 3735 episcopis
2472 3662 2736 3728 scribunt,
2771 3675 2961 3718 nomen
3003 3659 3235 3716 civitatis
3262 3661 3555 3734 adjuugere
3587 3679 3598 3712 :
3632 3661 3782 3718 unde

2179 3759 2283 3814 huc
2309 3758 2399 3814 illa
2429 3757 2700 3813 civitatum
2733 3755 2946 3810 nomina
2979 3755 3328 3828 irrepserint?
3359 3755 3463 3812 nisi
3489 3755 3717 3812 fortasse
3741 3771 3777 3809 a

2179 3851 2466 3907 Donatistis
2493 3857 2623 3906 sunt
2646 3847 2858 3915 addita;
2891 3848 3051 3920 hujus
3081 3847 3226 3905 enim
3255 3847 3336 3906 rei
3361 3847 3572 3905 videtur
3596 3847 3780 3916 suspi-

2178 3945 2390 4002 cionem
2431 3944 2656 4016 injicere
2703 3943 2818 4014 ipse
2845 3943 3196 4014 Augustinus,
3246 3958 3368 3999 cum
3395 3941 3626 3999 scribit:
3671 3941 3782 3998 Hi-

2179 4054 2266 4092 ror
2291 4037 2460 4093 nescio
2499 4037 2614 4106 quis
2653 4037 2748 4091 istc
2777 4033 3030 4102 Donatus,
3075 4035 3119 4090 si
3143 4053 3245 4090 non
3269 4035 3328 4090 iit
3350 4037 3530 4092 uestris
3565 4035 3776 4102 litteris,

2181 4131 2594 4203 Carthaginensis
2635 4129 2804 4198 [actus
2830 4141 2905 4186 est
2953 4131 3068 4204 (tib.
3113 4145 3165 4185 tv
3211 4139 3348 4187 cont.
3375 4129 3547 4187 Cresc.
3579 4148 3630 4187 c.
3655 4127 3774 4198 Η).

2249 4223 2342 4282 25.
2381 4223 2548 4279 Nimis
2577 4223 2796 4295 longum
2825 4233 2993 4292 esset,
3025 4223 3078 4278 in
3107 4239 3300 4281 omnes
3337 4226 3429 4298 qui
3470 4222 3595 4280 huic
3649 4225 3772 4297 epi—

2187 4317 2343 4374 stolae
2364 4316 2801 4385 subscripserunt
2827 4315 3119 4385 inquirere,
3169 4330 3272 4373 uec
3321 4310 3553 4374 fortasse
3594 4331 3780 4387 opera:

2181 4409 2432 4480 pretium.
2479 4407 2646 4463 Plane
2689 4409 2758 4463 ab
2805 4405 3073 4464 haereticis
3119 4412 3374 4478 scriptam
3417 4421 3544 4465 esse
3585 4406 3774 4463 lli-no-

2181 4501 2412 4570 pinnatus
2437 4501 2506 4558 ab
2545 4501 2780 4573 Epheso,
2821 4503 3047 4558 Aeacius
3093 4517 3122 4555 a
3153 4499 3422 4570 ϐαθεῖαι-εδ,
3459 4501 3780 4558 Theodorus

485 4555 698 4640 Ariani:
740 4555 906 4641 etiam
948 4585 1190 4656 epiniooi
1235 4555 1617 4655 congruentem
1665 4585 1861 4643 librum
1908 4555 2156 4656 scrip-D
2181 4555 2834 4663 infueéaéies,‘na}c§.t
2863 4555 3777 4668 ab'Al‘clhn—Qa;(miéammreliilti

483 4678 622 4735 sisse
653 4677 804 4733 testis
844 4687 928 4734 est
973 4677 1330 4749 Hieronymus
1371 4677 1512 4752 (Lib.
1557 4681 1622 4734 de
1663 4681 1838 4752 Scrip.
1873 4679 2074 4748 Βία).

2179 4697 2412 4742 erratum
2438 4697 2542 4752 est,
2575 4685 2716 4753 quod
2747 4685 2834 4742 hic
2862 4687 2923 4739 ob
2952 4687 3138 4742 Aretiis
3167 4683 3409 4759 legitur),
3441 4685 3720 4743 Eudoxius
3743 4705 3775 4741 a

482 4768 630 4828 Inter
651 4771 750 4826 hos
773 4771 912 4828 duos
931 4782 1108 4826 tamen
1131 4769 1370 4839 insignes
1392 4771 1698 4838 hatreticos,
1719 4763 2076 4840 Amphionem
2181 4779 2557 4845 Garumnicis,
2623 4776 2903 4833 Narcissus
2956 4779 3026 4833 ab
3071 4777 3328 4849 Neropoli
3375 4778 3461 4836 vel
3509 4778 3778 4851 [renopoli

483 4863 741 4919 eximium
767 4863 964 4919 Christi
991 4865 1392 4931 confessorem,
1435 4866 1634 4922 canitie
1662 4867 1892 4938 vittaque
1920 4881 2076 4923 sanc-
2181 4871 2493 4944 (utrumque
2516 4885 2714 4926 nomen
2759 4871 2900 4928 enim
2927 4870 3221 4943 audiebat).
3254 4871 3600 4943 Demophilus
3619 4889 3648 4926 a
3675 4873 3778 4928 Be-

484 4957 638 5012 titate
661 4957 1028 5014 venerandum
1053 5000 1067 5023 ,
1097 4958 1166 5013 ad
1195 4959 1506 5030 exemplum
1545 4958 1782 5031 Magistri
1819 4977 1944 5018 cum
1977 4960 2080 5015 ini-
2183 4981 2330 5033 roea,
2351 4974 2408 5022 et
2431 4965 2522 5037 qui
2549 4965 2742 5020 claudit
2767 4981 2981 5034 agmen,
3010 4963 3207 5022 Valens
3230 4980 3258 5015 τι
3289 4965 3464 5021 Mursa
3489 4967 3637 5020 velut
3663 4965 3778 5036 My—

481 5052 608 5123 quis
643 5053 956 5116 deputatum
1007 5056 1370 5124 agnoscimus.
1415 5053 1691 5123 Siquidem
1733 5054 1778 5109 is
1817 5063 1902 5110 est
1938 5055 2071 5110 Am-
2181 5073 2364 5113 sorum
2407 5056 2650 5123 ultimus,
2679 5057 2920 5113 celebres
2969 5057 3269 5124 Athanasii,
3304 5057 3511 5121 Hilarii,
3541 5055 3746 5128 Epiph-

484 5143 646 5214 plxion
701 5143 1014 5216 Epiphania:
1061 5145 1264 5202 Ciliciae
1315 5147 1546 5216 primum
1599 5148 1926 5216 episcopus,
1983 5149 2072 5219 qui
2181 5151 2278 5216 nii,
2309 5159 2698 5220 auctorumque
2735 5149 3118 5210 ecclesiasticae
3149 5149 3390 5207 historia:
3429 5152 3776 5218 tcStimoniis,

482 5247 610 5293 ante
641 5237 752 5294 fere
780 5237 1131 5310 quadraginta
1159 5255 1332 5295 annos
1351 5237 1626 5296 Christum
1655 5241 1757 5296 sub
1787 5242 2074 5300 Maximino
2181 5245 2502 5300 Arianorum
2542 5245 2877 5315 antesignani
2917 5259 2980 5300 ac
3015 5243 3203 5312 duces,
3238 5247 3377 5302 inter
3409 5260 3504 5303 eos
3529 5247 3620 5316 qui
3651 5249 3778 5302 huic

483 5329 748 5399 intrepide
775 5333 1075 5400 professus,
1101 5331 1300 5388 deinde
1325 5333 1378 5386 in
1412 5331 1624 5388 Nieama
1649 5335 1879 5405 synodo,
1909 5337 2072 5406 depo-
2181 5339 2403 5395 decreto
2453 5337 2888 5411 subscripserunt
2934 5340 3182 5396 recens-iii
3235 5340 3394 5397 ﬁdem
3445 5340 3665 5398 faciunt.
3707 5343 3778 5397 Et

484 5421 593 5475 aito
623 5430 844 5490 propter
873 5420 1120 5478 haeresim
1155 5422 1388 5478 Eusebio
1429 5421 1755 5481 Nicomedia:
1781 5425 2073 5498 episcopo,
2179 5429 2298 5487 hrec
2338 5429 2554 5501 quidem
2587 5430 2659 5488 de
2699 5431 3042 5502 supposititio
3081 5431 3176 5488 illo
3205 5431 3427 5490 decreto
3455 5435 3616 5490 nimis
3667 5433 3776 5490 for-

483 5513 538 5566 in
569 5517 687 5581 ejus
715 5513 890 5568 locum
921 5513 1174 5569 suffectus
1198 5515 1370 5570 fuerat
1400 5515 1699 5587 (Sozomen.
1731 5519 1820 5574 lib.
1847 5535 1889 5586 ι,
1926 5537 1972 5576 c.
2013 5522 2079 5578 ιο
2181 5533 2326 5578 tasse
2351 5523 2535 5579 multa.

479 5617 529 5660 ct
576 5606 690 5677 Ἠ).
741 5607 870 5676 Ejus
922 5608 1174 5664 meritum
1224 5618 1345 5677 est,
1400 5619 1458 5664 ut
1511 5613 1876 5672 testimonium
1923 5629 2076 5672 sanc-
2252 5619 2344 5676 ‘26.
2384 5615 2520 5673 Eant
2555 5629 2692 5673 anno
2721 5617 2847 5688 554,
2898 5621 3320 5692 consignantur
3352 5619 3506 5693 Frag.
3545 5619 3778 5690 ..ρυλε

563 5797 644 5866 (ιι)
666 5795 778 5854 lloc
803 5797 1094 5872 ptudcntcr
1121 5802 1248 5872 egit,
1280 5810 1336 5858 ut
1377 5801 1681 5860 Orientales
1711 5803 1809 5862 hac
1834 5804 2206 5866 benevolentia
2234 5809 2300 5866 ad
2331 5823 2512 5868 veram
2547 5808 2704 5867 ﬁdem
2727 5807 3040 5868 adduceret.
