4464 6488
463 369 562 424 ειη
1368 356 1433 415 tv
1475 351 1896 414 l‘lt:\Glli~'.NT.\
1933 349 2177 410 SANCTI
2219 350 2478 410 lIILABli
2519 349 2820 410 EPiStZOPl
3699 337 3822 400 908

463 497 579 537 cum
606 478 850 544 Ursacio,
881 475 1124 540 \‘alente,
1155 475 1475 542 exterisque
1505 474 1788 536 abdicatis.
1809 487 2052 528 commu-
2085 473 2134 533 Α
2160 473 2345 538 cessit,
2380 471 2428 528 ei
2459 471 2740 542 prtrfuisse
2769 478 3044 540 appareat.
3084 469 3478 523 Verum-notat
3517 461 3732 520 Isidor--
3755 480 3810 516 ς.

464 577 686 631 nionem
734 572 873 627 inire
897 569 1299 640 compulerunt,
1346 568 1616 638 iidemque
1660 567 1804 622 illam
1857 567 1938 621 sic
1979 581 2060 618 ιη-
2165 565 2264 621 hoc
2293 568 2580 622 concilium
2611 566 2942 620 celebratum
2961 564 3122 618 luisse
3149 576 3256 616 trra
3289 559 3420 624 £28;
3449 559 3579 613 hair.
3607 569 3814 609 amem

464 666 814 738 terpolatam,
845 677 956 733 quo
972 661 1392 732 simplicioribus
1421 659 1774 715 similitudine
1823 658 2058 712 nominis
2163 676 2268 714 tera
2301 658 2352 713 in
2379 674 2582 715 annum
2609 659 2814 714 Christi
2859 656 2968 715 390
3011 656 3219 718 incidit,
3249 656 3336 710 cui
3377 669 3532 708 attno
3593 649 3814 704 Valen-

464 764 825 831 imponerenl,
851 756 1124 812 Nicaeam
1145 752 1305 809 fidem
1345 762 1740 824 nuncuparunt.
1801 752 1865 806 Et
1912 758 2060 806 certe
2165 755 2494 810 tinianumtv
2510 763 2566 810 et
2581 751 2914 817 Neoterium,
2939 749 3456 814 non'flteodosiutn,
3485 761 3640 803 coss.
3673 743 3814 800 [ειειί

463 857 552 928 qui
583 852 746 908 iidem
769 852 938 916 illam,
977 864 1139 920 quam
1167 847 1538 904 Ariminenses
1565 855 1745 918 patres
1790 847 2058 912 subscrip~
2163 849 2456 920 assignant.
2485 848 2591 904 Pro
2621 845 2930 904 Theodosio
2981 845 3145 916 igitur
3191 843 3520 900 Neoterium
3583 843 3810 896 81151»ιὶ-

465 949 700 1005 tionibus
721 947 834 1002 suis
855 946 1160 1016 approbare
1183 941 1449 1012 compulsi
1467 949 1615 1004 sunt,
1647 947 1706 994 ut
1726 937 1866 1008 apud
1898 937 2064 992 AtIttt-
2167 941 2428 997 tuendum
2451 955 2597 1008 esse,
2628 954 2790 997 nemo
2811 947 2897 994 est
2923 937 3014 1009 qui
3037 950 3144 992 ιιοιι
3173 937 3372 994 videat.
3405 931 3660 993 Genetlii
3691 949 3808 989 au-

464 1043 674 1098 nasium
704 1038 824 1113 (lib.
854 1037 918 1092 de
947 1034 1152 1110 Synod.
1177 1049 1301 1105 pag.
1330 1031 1459 1104 875)
1482 1040 1646 1103 atque
1671 1031 2059 1100 Hieronymum
2165 1045 2274 1090 tem
2299 1049 2494 1090 nomen
2529 1043 2744 1090 veteres
2791 1033 2912 1088 libri
2959 1029 3213 1088 clunibus
3259 1029 3397 1085 locis
3441 1027 3688 1093 trahent,
3747 1029 3804 1084 in

465 1144 644 1192 exstat
665 1131 834 1208 (Dial.
862 1132 1106 1187 adversus
1127 1127 1410 1199 Lucifen),
1431 1125 1774 1183 contenderit
1796 1139 1918 1180 cum
1970 1124 2060 1178 illa
2164 1127 2360 1199 quibus
2399 1127 2741 1183 coalescente
2781 1126 2960 1182 littera
3007 1135 3030 1178 t
3079 1139 3204 1181 cum
3257 1117 3626 1190 Lauretum
3655 1120 3808 1177 editi

463 1247 584 1302 qum
605 1227 858 1288 consules
875 1224 1084 1294 habuit,
1120 1221 1464 1294 perﬁdiorcm
1493 1223 1546 1276 in
1575 1235 1642 1276 eo
1669 1220 1889 1284 sentiet,
1918 1215 2064 1288 quod
2167 1219 2444 1276 exhibent.
2513 1221 2604 1275 Et-
2638 1233 2846 1276 canone
2897 1234 2933 1272 ll
2985 1217 3144 1285 hujus
3184 1215 3413 1272 Concilii
3444 1255 3462 1282 ,
3518 1229 3640 1286 quo
3685 1214 3806 1270 loci

465 1323 574 1380 duo
599 1323 688 1378 illa
733 1319 1018 1385 vocabula,
1050 1333 1142 1388 per
1168 1317 1366 1382 omnia,
1407 1329 1530 1385 qum
1561 1313 1760 1368 Valens
1803 1315 1882 1386 (ut
1924 1310 2064 1366 testis
2170 1313 2420 1380 habetur,
2463 1311 2701 1368 Aurelius
2729 1312 3018 1386 Episcopus
3045 1311 3198 1370 diatit.
3219 1309 3382 1365 iidem
3411 1308 3538 1366 libri
3571 1309 3804 1380 legunt,

467 1425 545 1472 est
590 1413 916 1487 Epiphanius
957 1411 1087 1464 Inter.
1112 1408 1204 1480 'il)
1251 1409 1452 1464 invitus
1497 1405 1810 1468 admiserat,
1861 1405 1912 1458 in
1963 1403 2064 1459 ista
2171 1405 2464 1478 Epigonitts
2487 1404 2782 1476 Episcopus
2800 1403 3064 1459 Bullensi:
3089 1403 3355 1474 regiorum
3379 1401 3540 1457 dixit.
3575 1401 3804 1468 Quinte

466 1509 738 1566 subtracta
769 1517 912 1571 sunt,
939 1500 1136 1560 caetera
1179 1502 1396 1574 penitus
1438 1499 1695 1556 similem.
1739 1495 2067 1554 Athanasius
2171 1499 2298 1554 item
2327 1508 2380 1555 et
2409 1513 2468 1564 vt
2513 1513 2724 1554 canone
2755 1513 2851 1568 pro
2880 1497 3102 1554 Aurelio
3145 1495 3452 1552 Genetliolt
3505 1494 3800 1552 scribunt.

467 1601 554 1674 (de
587 1599 787 1671 Synod.
821 1615 942 1672 pag.
967 1594 1097 1668 905)
1123 1593 1386 1666 ejusmodi
1415 1591 1890 1661 interpulationcm
1929 1603 2065 1645 eon-
2170 1590 2378 1662 Quibus
2401 1591 2726 1654 emendatis,
2749 1591 2878 1646 nihil
2903 1599 3155 1662 superest
3201 1590 3344 1646 unde
3395 1589 3520 1662 ejus
3555 1597 3804 1646 contro-

465 1695 592 1752 cilin
609 1690 1229 1760 Constantinopolitano,
1252 1685 1398 1758 quod
1421 1683 1904 1756 postSeleuciensc
1933 1683 2070 1736 Aca-
2172 1685 2348 1742 versia
2377 1683 2541 1758 ⁷43
2569 1685 2776 1741 moveri
2829 1697 3010 1756 queat.
3058 1683 3154 1738 llis
3199 1685 3364 1743 etiam
3411 1682 3808 1752 adstipulatur

468 1787 610 1841 claui
640 1791 954 1854 coegerunt.
986 1780 1194 1837 ll'ilmil-
1225 1776 1380 1846 QHOd
1403 1775 1576 1843 είθειυ
1611 1791 1716 1832 n0“
1743 1773 1904 1830 νὶάθο
1931 1787 2068 1842 (ιιιοο
2173 1777 2492 1848 Fulgentius
2513 1779 2821 1834 Fet-rendus
2852 1778 3299 1850 Carthagincusis
3345 1779 3616 1836 diaconus
3645 1820 3660 1845 ,
3695 1795 3804 1834 cu-

471 1876 635 1934 modo
673 1892 798 1932 :erte
845 1877 991 1930 inter
1034 1887 1094 1930 se
1147 1885 1254 1928 non
1299 1870 1630 1945 discrepent.
1679 1867 2066 1937 Fragmentum
2100 1879 2144 1940 Β
2169 1871 2258 1942 jus
2279 1871 2538 1928 Breviarii
2580 1887 2847 1931 canonum
2897 1886 3018 1942 cap.
3069 1870 3176 1927 l9l
3253 1871 3369 1928 inec
3413 1872 3588 1926 verba
3639 1879 3804 1932 sunt.

471 1971 616 2025 enim
647 1965 856 2025 Nicmni
885 1963 1268 2028 conventiculi,
1299 1960 1444 2032 quod
1490 1961 1578 2016 hic
1617 1957 1796 2016 editur
1824 1955 2068 2031 (Fragor.
2182 1983 2202 2018 t
2249 1971 2308 2020 ut
2329 1965 2420 2036 qui
2448 1963 2718 2035 aliquibus
2743 1964 3047 2020 sceleribus
3069 1964 3310 2020 irretitus
3331 1973 3446 2028 est,
3469 1977 3672 2018 νοςαιι
3699 1977 3806 2018 ιε-

471 2079 586 2129 VIII,
612 2081 664 2118 η.
697 2062 780 2134 5).
804 2070 988 2115 actum
1014 2057 1178 2114 fuisse
1207 2054 1339 2112 illud
1359 2053 1794 2111 conventiculum
1846 2065 1900 2106 vr
1924 2111 1930 2116 _
1951 2049 2074 2104 idus
2175 2071 2234 2112 cu

2045 2063 2074 2104 5
2175 2057 2404 2112 cnsandi
2435 2071 2542 2112 non
2573 2056 2790 2124 habeat,
2839 2056 3047 2112 Concil.
3091 2055 3278 2112 Carth.
3307 2056 3408 2111 sub
3435 2063 3640 2112 sancto
3687 2053 3807 2112 Ge-

473 2158 734 2226 ortobris,
767 2139 956 2212 iisdem
989 2152 1226 2210 Eusebio
1271 2161 1328 2207 et
1367 2149 1597 2224 Hypatio
1626 2147 1942 2204 consulibus
1993 2147 2075 2200 in-
2175 2149 2342 2205 netlio
2367 2150 2446 2204 tit.
2477 2165 2528 2204 vr
2568 2166 2588 2202 ι
2615 2148 2759 2220 quod
2788 2150 2842 2205 in
2873 2151 2994 2213 hoc,
3021 2147 3088 2205 de
3110 2163 3217 2220 quo
3259 2150 3494 2222 agimus,
3551 2149 3810 2204 concilio

473 2254 620 2310 dicat
663 2250 810 2326 (nisi
865 2251 1092 2305 fortasse
1147 2248 1202 2302 in
1257 2245 1520 2319 temporis
1571 2242 1944 2314 designatione
1973 2237 2078 2310 (α)
2175 2258 2236 2301 ca

1571 2242 1944 2314 designatione
1973 2237 2078 2310 (α)
2175 2257 2382 2301 canone
2419 2257 2472 2298 vt
2495 2251 2692 2314 exstat.
2735 2241 2845 2298 Sed
2870 2245 2988 2298 ha‘c
3009 2243 3292 2298 hactenus.

481 2344 737 2402 mendum
768 2341 1090 2410 obrepserit,
1141 2337 1354 2414 legique
1400 2353 1450 2392 vt
1497 2334 1624 2391 Idus
1661 2333 1925 2390 Novemb.
1975 2331 2076 2387 de-
2247 2339 2341 2395 3|,
2375 2335 2455 2394 υς
2479 2335 2879 2408 uesaniam“
2907 2336 3386 2393 (murum—soli
3408 2349 3541 2407 ergo
3561 2335 3804 2400 Gratus,

477 2441 604 2498 beat
625 2439 682 2510 );
711 2437 1060 2495 Seleuciense
1086 2449 1216 2489 vero
1241 2433 1542 2490 Concilium
1573 2431 1764 2502 quinto
1779 2429 1882 2486 cal.
1914 2426 2078 2484 Doto-
2177 2441 2236 2487 ut
2257 2429 2400 2487 unde
2443 2431 2672 2504 digressi
2691 2445 2882 2488 sumus
2895 2441 3256 2498 revertamur,
3284 2439 3344 2486 et
3366 2429 3664 2486 Genetlius
3691 2430 3804 2486 iste

481 2536 595 2592 bris
624 2536 944 2604 incoeptum,
996 2528 1402 2600 locupletissimi
1449 2537 1575 2584 sunt
1625 2535 1794 2582 testes
1834 2523 2068 2578 Athana-
2178 2521 2626 2600 Carthaginensis
2669 2523 2912 2594 episcopi
2966 2525 3113 2580 circa
3157 2523 3373 2579 concilii
3418 2521 3810 2589 Ariminensis

477 2627 612 2696 sius,
642 2633 699 2682 et
723 2617 867 2696 apud
885 2620 1168 2679 Socratem
1204 2619 1440 2676 Sabinus
1469 2617 1582 2692 (lib.
1615 2633 1676 2682 ιι,
1718 2634 1768 2671 c.
1819 2613 1934 2686 59).
1959 2613 2076 2668 Non

473 2720 581 2776 fert
631 2727 808 2775 autem
845 2717 1086 2771 locorum
1117 2709 1392 2778 distantia,
1442 2711 1525 2768 vel
1571 2707 1772 2782 negotii
1814 2707 2076 2768 conditio,

479 2822 539 2869 ut
558 2811 649 2882 qui
693 2807 959 2866 Seleuciae
983 2805 1198 2862 Isauria:
1230 2805 1392 2861 vcal.
1437 2802 1618 2860 octob.
1672 2801 1894 2866 fuerint,
1941 2800 2078 2855 intra

478 2921 538 2961 vt
571 2904 692 2960 idus
715 2901 962 2973 ejusdem
1004 2897 1210 2956 mensis
1243 2895 1743 2968 Constantinopolis
1789 2892 2080 2951 concilium

478 2995 796 3058 habuerim,
823 3007 888 3049 ac
919 2991 1270 3062 perfecerint.

561 3092 651 3148 29.
686 3089 915 3158 Quinam
940 3097 1118 3142 autem
1151 3085 1226 3140 illi
1256 3085 1620 3140 Ariminensis
1643 3085 1859 3142 concilii
1887 3084 1951 3156 ad
1973 3083 2080 3140 Im-

2186 2629 2451 2690 tempusa
2490 2617 2850 2689 scriptoribus
2893 2628 3281 2674 memorantur.
3337 2617 3686 2673 Athanasius
3747 2616 3806 2670 in

2181 2713 2408 2780 epistola
2433 2710 2500 2766 ad
2521 2711 2810 2783 episcopos
2839 2713 3034 2768 Africae
3059 2728 3126 2767 ex
3162 2727 3350 2767 eorum
3404 2712 3808 2782 episcoporum

2182 2817 2409 2859 numero
2437 2804 2622 2874 plures
2653 2803 2982 2860 Ariminensi
3008 2804 3241 2860 concilio
3266 2801 3582 2860 interfuisse
3613 2803 3810 2857 tacitis

2183 2905 2360 2952 tamen
2391 2898 2696 2956 nominibus
2719 2899 2976 2970 prodidit.
3001 2897 3364 2969 Hieronymus
3389 2907 3586 2954 contra
3623 2895 3804 2953 Luci-

2183 2989 2426 3047 ferianos
2478 2991 2784 3060 Itusonium
2823 2992 3101 3049 Bizacenai
3149 2995 3442 3064 provincia
3485 2993 3806 3048 antistitem

2191 3085 2454 3154 nominat,
2479 3087 2566 3141 cui
2599 3085 2802 3158 primas
2833 3087 2884 3142 in
2907 3101 2970 3144 ea
2999 3085 3210 3160 synodo
3228 3095 3449 3159 propter
3471 3095 3706 3142 :etatem
3736 3085 3808 3140 ab

476 3195 787 3261 peratorem
808 3181 995 3256 legati,
1033 3180 1118 3236 vel
1153 3179 1308 3252 cujus
1353 3179 1408 3234 in
1455 3178 1698 3235 Ecclesia
1741 3178 1941 3250 gradus
1989 3187 2085 3233 aut

2193 3179 2446 3234 omnibus
2467 3178 2676 3234 delatas
2709 3179 2918 3236 scribit.
2967 3179 3295 3251 Corruptum
3325 3180 3474 3236 enim
3495 3189 3609 3246 est,
3651 3179 3810 3246 qutod

477 3279 758 3350 dignitatis
797 3273 1122 3340 exstiterint,
1157 3289 1266 3329 non
1298 3270 1455 3328 facile
1482 3281 1564 3328 est
1590 3287 1654 3328 ex
1689 3271 1931 3328 historiis
1981 3269 2080 3326 de.
2107 3269 2154 3333 C
2186 3285 2380 3328 omnes
2429 3271 2697 3328 editiones
2740 3273 2944 3344 legunt,
2987 3271 3276 3329 Bisontina:
3302 3273 3624 3343 provincia;
3693 3287 3808 3327 non

481 3370 842 3444 prehendere,
873 3381 996 3422 cum
1021 3367 1103 3420 vix
1145 3363 1288 3421 nuda
1318 3379 1504 3420 eorum
1529 3363 1746 3420 nomina
1777 3373 2078 3420 teneamus.

478 3463 644 3521 Solus
673 3459 976 3518 Restitutus
1001 3456 1440 3529 Carthaginensis
1483 3458 1771 3526 cpiscopus
1822 3455 2079 3520 refertur,

479 3556 572 3627 qui
600 3565 782 3610 tamen
807 3563 863 3609 ct
889 3552 1006 3624 ipse
1027 3549 1266 3620 antiquis
1287 3548 1598 3604 auctoribus
1646 3547 1920 3620 ignobilis.
1955 3547 2084 3602 Nam

486 3655 684 3718 praeter
711 3643 959 3708 Gratum,
993 3657 1153 3712 quem
1183 3640 1493 3698 Sardicensi
1529 3640 1762 3698 concilio
1786 3640 2084 3707 adstitisse,

489 3743 826 3812 primumque
851 3737 995 3808 quod
1015 3735 1254 3792 Isidorus
1285 3733 1549 3791 Mercator
1600 3744 1756 3791 vocat
1805 3734 2084 3807 Carthagi-

484 3849 656 3892 ttense
685 3831 977 3890 concilium
1029 3833 1302 3900 coegisse,
1347 3845 1414 3884 ex
1463 3827 1777 3884 earumdem
1821 3830 2122 3885 concilior

483 3942 604 3982 rum
635 3925 772 3982 actis
800 3933 857 3980 et
883 3922 1178 3978 Athanasio
1199 3921 1522 3985 didicimus;
1555 3934 1610 3976 et
1635 3921 1964 3988 Genctlium,
1997 3920 2088 3977 cui

486 4017 910 4074 successitcirca
933 4029 1136 4070 annum
1156 4011 1358 4068 Clu-isti
1403 4013 1509 4070 590
1562 4013 1836 4084 Aurelius,
1890 4016 2091 4070 nullius

487 4111 713 4166 alterius
736 4107 998 4180 episcopi,
1031 4108 1122 4178 qui
1150 4105 1292 4162 circa
1331 4107 1448 4162 haec
1475 4115 1720 4178 tempora
1760 4105 2090 4181 Carthagine

495 4205 724 4274 sederit,
747 4213 928 4262 exstat
949 4205 1235 4259 memoria.
1945 4271 1948 4274 ἢ

571 4299 663 4356 50.
712 4297 786 4353 De
834 4297 1050 4352 concilio
1075 4293 1378 4366 Carthagin.
1405 4335 1422 4358 ,
1452 4293 1544 4350 sub
1567 4293 1820 4349 Gcnetlio.
1853 4325 1925 4337 -—-
1953 4295 2092 4365 Quin

497 4397 658 4452 etiam
693 4393 864 4465 ipsius
903 4388 1140 4448 Genetlii
1189 4403 1329 4460 pene
1367 4391 1761 4460 exscriptorum
1819 4391 1950 4444 vnio
2002 4406 2099 4445 no-

503 4503 630 4546 men
655 4487 1031 4544 oblitteratum
1062 4493 1146 4538 est
1174 4499 1240 4538 ea
1269 4482 1508 4538 secundo
1529 4483 1772 4552 ejusdem
1801 4485 1952 4539 urbis
1967 4501 2100 4540 cun-

495 4581 645 4648 cilio,
669 4579 814 4652 quod
840 4580 960 4650 ejus
987 4577 1153 4645 ductu
1185 4585 1364 4632 tamen
1387 4587 1442 4631 et
1472 4575 1726 4646 auspiciis
1746 4587 1831 4633 est
1852 4589 2097 4650 gestum;

2186 3367 2330 3422 enim
2347 3365 2802 3438 quemadmodum
2823 3366 3022 3432 (irasci,
3057 3367 3129 3424 ita
3155 3378 3210 3424 et
3229 3367 3402 3424 Latini
3435 3379 3498 3423 ea
3527 3365 3808 3422 vocabula

2193 3475 2417 3530 usquam
2441 3459 2801 3516 confundunt.
2835 3461 3098 3530 Biaacena
3121 3476 3252 3518 vero
3279 3461 3398 3532 ejus
3423 3459 3648 3524 Africae,
3678 3477 3810 3531 qua:

2190 3551 2520 3611 Occidentali
2544 3554 2772 3624 imperio
2797 3555 2993 3611 tributa
3019 3553 3139 3623 fuit,
3171 3554 3445 3626 provincia
3475 3564 3586 3620 est,
3617 3552 3805 3609 Plinio

2190 3645 2624 3718 αεοϐηριιίεψιθ
2651 3649 2848 3704 eximia
2901 3648 3179 3706 fertilitate
3229 3665 3352 3705 cum
3389 3657 3624 3705 centena
3648 3647 3814 3718 fruge

2181 3739 2445 3810 "agricolis
2469 3743 2646 3796 lienus
2677 3741 2942 3798 reddente
2995 3741 3214 3806 nobilis.
3250 3743 3406 3813 cujus
3426 3743 3554 3798 etin
3577 3741 3811 3797 concilii

2195 3833 2463 3894 Africanis
2489 3850 2596 3889 non
2618 3835 2785 3891 semel
2817 3829 2874 3890 iit
2895 3836 3132 3892 .mentio.
3164 3835 3396 3892 Musonii
3429 3836 3600 3892 etiam
3653 3843 3810 3891 senis

2195 3924 2472 3982 Bizaccnae
2497 3928 2785 3998 provincia:
2827 3929 3014 3999 prima;
3039 3928 3186 3984 sedis
3201 3929 3444 4000 episcopi
3467 3929 3679 3983 mentio
3705 3929 3810 3982 lia-

2198 4021 2353 4077 betnr
2373 4021 2604 4076 concilio
2630 4020 3044 4094 Carthaginensi
3073 4021 3258 4078 habito
3289 4021 3422 4076 Idib.
3467 4021 3640 4092 Aug.,
3705 4023 3810 4075 At-

2199 4113 2308 4171 tico
2323 4123 2379 4168 et
2403 4113 2642 4171 Ctesario
2662 4115 2999 4180 consulibus,
3039 4129 3182 4170 anno
3209 4114 3412 4171 Christi
3470 4113 3578 4170 397
3631 4130 3800 4184 quem

2202 4215 2380 4262 tamen
2411 4207 2660 4264 eumdem
2682 4222 2805 4264 esse
2833 4223 2954 4264 cum
2997 4223 3069 4263 eo
3107 4207 3182 4272 ,de
3234 4224 3341 4278 quo
3360 4207 3576 4279 agimus
3609 4221 3812 4278 perne-

2201 4316 2407 4371 garetn,
2439 4302 2541 4355 nisi
2569 4315 2732 4371 supra
2767 4301 3090 4357 vidissemus
3111 4295 3301 4357 Osium
3343 4315 3529 4357 senem
3583 4300 3810 4356 Nic-aeno

2203 4395 2433 4450 concilio
2463 4395 2743 4466 praifuisse
2766 4439 2781 4458 .
2803 4393 3177 4468 cumdcmque
3217 4397 3500 4454 Sirmiensi
3540 4397 3808 4460 concilio,

2203 4487 2348 4559 quod
2379 4488 2594 4560 triginta
2621 4503 2675 4544 et
2705 4489 2846 4561 quod
2876 4489 3137 4558 excurrit,
3171 4491 3328 4546 annis
3359 4497 3546 4560 postea
3589 4499 3808 4562 gestum

2205 4593 2313 4649 est,
2341 4586 2654 4640 centenario
2677 4585 2938 4654 majorem
2963 4583 3263 4652 adstitisse,
3289 4595 3452 4654 atque
3487 4584 3554 4640 ad
3599 4600 3806 4639 annum

498 4686 560 4732 ut
597 4691 705 4730 non
723 4673 929 4742 absque
949 4671 1182 4735 ratione,
1231 4669 1448 4739 quando
1479 4668 1606 4724 illud
1648 4669 1889 4739 habitum
1942 4658 2104 4727 fuei'il
2129 4673 2184 4736 Β
2207 4677 2408 4734 Christi
2429 4677 2536 4735 360
2569 4680 2902 4750 pervenisse.
2930 4679 3183 4734 Restituti
3210 4688 3390 4734 autem
3435 4677 3680 4750 episcopi
3709 4694 3810 4750 pte

503 4780 558 4831 et
579 4787 607 4826 a
635 4785 764 4842 quo,
793 4767 1010 4823 maximi
1042 4767 1142 4821 viri
1167 4775 1408 4836 quaerant
1434 4783 1447 4819 :
1475 4781 1582 4836 quo
1609 4769 1822 4836 negetio
1843 4767 1885 4823 si
1907 4783 1969 4823 ex
2003 4784 2094 4824 ve-

505 4867 711 4922 teribus
733 4863 883 4918 libris
905 4875 1000 4916 eos
1025 4858 1443 4930 expediet-imus,
1475 4861 1682 4915 auctori
1715 4875 1813 4914 suo
1835 4858 1967 4916 illud
2016 4861 2094 4932 ip-

507 4974 626 5015 sum
657 4965 988 5020 asserentes,
1012 4968 1231 5024 operam
1259 4954 1487 5009 fortasse
1511 4953 1614 5008 hoc
1634 4953 1858 5010 exordio
1880 4971 1984 5011 non
2018 4955 2102 5010 Iu-

509 5055 760 5109 serimus.
794 5049 922 5104 'I‘ria
951 5055 1077 5103 sunt
1104 5057 1305 5114 autem,
1341 5061 1558 5118 propter
1577 5063 1698 5118 qua:
1743 5047 1871 5103 illud
1915 5049 2100 5106 conci-

519 5147 649 5201 Iitttn
672 5141 1113 5198 (rtitttrut'crtitur.
1147 5139 1406 5222 Primum,
1439 5142 1564 5209 quia
1593 5139 1921 5196 erlebt‘atum
1963 5143 2101 5199 dici-

515 5255 604 5294 tur
639 5235 1016 5292 Valentiniano
1042 5249 1096 5289 tv
1117 5244 1172 5288 et
1195 5233 1502 5316 Theodosio
1557 5248 1700 5288 coss.
1759 5249 1879 5289 cum
1931 5245 2111 5292 tamen

521 5329 928 5387 Valentinianus
976 5327 1160 5382 senior
1190 5341 1312 5381 cum
1335 5324 1641 5382 Theodosio
1661 5325 1878 5395 Imperii
1905 5328 2111 5400 collega

516 5425 853 5482 Consulatum
875 5422 1111 5493 gessisse
1137 5435 1396 5491 nusquam
1423 5420 1661 5490 legatur:
1691 5420 1944 5488 alterum,
1967 5424 2108 5493 quod

515 5523 566 5576 itt
592 5537 657 5574 (ιο
685 5507 913 5574 (lettellii
941 5531 1136 5570 nomen
1169 5531 1274 5569 non
1312 5515 1574 5570 habeatur
1601 5532 1614 5568 :
1649 5517 1864 5570 tertium
1889 5535 1950 5570 ac
1980 5533 2106 5588 pos-

517 5623 782 5676 tremum,
806 5609 944 5680 quod
975 5607 1222 5664 Aurelius
1249 5609 1555 5678 episcopus,
1587 5609 1674 5676 qui
1705 5607 1956 5666 Genetlio
1986 5626 2109 5667 suc—

591 5753 666 5822 (u)
687 5749 932 5805 Montium
963 5763 1068 5802 non
1097 5747 1336 5822 obrepsit
1365 5767 1376 5798 :
1417 5747 1510 5802 sed
1532 5763 1664 5822 cum
1720 5749 2101 5822 Constantina-

523 5817 948 5897 pulisubscripta
998 5823 1059 5872 sit
1104 5817 1352 5897 lor-mula,
1391 5835 1507 5888 quae
1531 5819 1821 5897 N_ie.t-.:e_in
1868 5821 2107 5897 Thracia

519 5891 658 5956 edita
687 5907 794 5951 erat
830 5891 1371 5962 ;Con~.tantinopoltt.
1408 5892 1671 5962 synodum
1715 5893 1997 5948 Sirtniensi
2049 5897 2104 5948 li-

2199 4771 2341 4839 apud
2367 4787 2557 4828 omnes
2599 4773 2896 4830 silentium.
2929 4771 3043 4829 Nisi
3065 4771 3296 4828 fortasse
3321 4772 3540 4828 basilica
3567 4771 3670 4844 (ν’.
3703 4775 3810 4825 An-

2201 4877 2334 4940 gust.
2371 4865 2540 4921 Serm.
2571 4867 2662 4936 I9,
2705 4879 2812 4922 not.
2855 4885 2888 4922 ιι
2917 4869 2936 4939 )
2961 4865 3227 4922 Restitute
3275 4867 3536 4936 Perpetua
3573 4865 3808 4920 Carth:~.-

2200 4963 2348 5032 gine,
2379 4961 2434 5017 in
2464 4977 2564 5033 qua
2598 4977 2704 5017 non
2725 4977 2829 5016 una
2853 4960 3094 5035 synodus
3143 4962 3322 5018 habita
3351 4970 3454 5026 est,
3484 4961 3553 5018 ab
3581 4961 3688 5016 hoc
3717 4965 3807 5032 qui

2207 5055 2261 5108 in
2291 5055 2590 5124 quaestione
2613 5040 2705 5109 ἐει
2739 5053 3028 5119 Ilesliluto,
3104 5053 3156 5108 in
3209 5055 3469 5108 honorem
3523 5053 3809 5124 Perpenna

2213 5148 2465 5218 martyris
2486 5145 2747 5202 aediﬁcata
2775 5162 2972 5202 nomen
3019 5147 3323 5218 acceperit;
3353 5146 3808 5218 quemadmodum

2216 5239 2491 5296 basilicam
2521 5239 2720 5296 ibidem
2743 5241 2811 5296 ab
2833 5239 3055 5299 Aurelio
3083 5238 3360 5314 episcopo,
3383 5240 3474 5310 qui
3505 5248 3564 5296 et
3585 5239 3808 5296 FIorens

2216 5333 2514 5402 dicebatur,
2547 5343 2913 5391 constructam
2944 5337 2997 5390 in
3025 5334 3144 5405 ejus
3193 5334 3423 5405 gratiam
3473 5333 3806 5391 Florentium

2214 5430 2650 5500 cognominatam
2685 5473 2699 5493 ,
2731 5446 2793 5486 ex
2831 5430 3108 5487 Sermonis
3163 5429 3225 5483 Β.
3283 5429 3416 5498 Aug.
3474 5427 3576 5502 (V.
3631 5427 3803 5484 Serm.

2215 5524 2432 5598 August.
2466 5525 2592 5591 559,
2623 5537 2668 5580 et
2701 5535 2874 5580 nolam
2891 5526 2941 5586 ὁ.
2963 5543 3084 5598 pag.
3121 5523 3283 5596 I405)
3315 5534 3434 5594 post
3464 5524 3808 5580 collationem

2215 5619 2268 5675 in
2320 5621 2560 5691 ejusdem
2627 5621 2862 5679 basilica:
2905 5620 3242 5677 dedicatione
3301 5617 3469 5677 habiti
3513 5616 3810 5689 fragmento

2211 5759 2298 5831 dei
2333 5779 2435 5815 non
2495 5763 2710 5816 stetisse
2750 5776 2876 5816 vere
2925 5760 3060 5815 dixit
3116 5759 3463 5826 Athanasius,
3511 5761 3806 5831 pra'scrtitn

2215 5830 2301 5887 ubi
2328 5832 2529 5888 Nitneni
2557 5832 2924 5888 conventiculi
2949 5847 3057 5886 non
3077 5833 3342 5887 meminit.
