4464 6468
359 387 465 454 909

1549 387 1834 446 'MCOLM
1866 388 2074 445 FABRI
2115 389 2506 452 i'ILEFA'l'ltJ.

3551 390 3654 449 910

361 506 554 574 insigni
588 511 821 561 nondum
850 506 995 564 edito
1032 505 1319 561 didiriutns
1380 504 1632 579 Quisquis
1663 503 1951 559 autemch
1986 504 2030 565 A
2060 504 2413 576 altnegatimte
2463 506 2621 563 verba
2676 507 2875 564 faciens
2920 512 3131 580 egregie
3174 512 3381 575 scribit,
3425 532 3441 566 (
3481 512 3654 568 Etiam

360 601 659 658 Resﬁtntus
687 601 775 655 ille
809 600 966 656 fuerit
993 642 1009 667 ,
1044 600 1130 656 vel
1152 601 1335 657 eteteri
1362 616 1484 656 cum
1515 616 1581 656 eo
1604 599 1670 655 ad
1718 599 1957 670 impera-

364 706 535 749 torem
583 711 611 750 a
656 692 863 767 synodo
909 692 1181 767 delegati,
1226 693 1382 764 plane
1434 694 1621 765 quales
1670 710 1696 745 a
1748 693 1956 749 Severo

363 787 474 855 (ab.
505 802 543 842 ιι
581 785 715 844 ΙΙιιι.
742 786 904 858 sacr.)
932 785 1184 858 descripti
1223 796 1384 855 sunt,
1416 802 1537 844 sese
1582 786 1957 841 adolescentes

363 896 551 951 parum
575 880 782 947 doctos,
816 894 1108 951 parumque
1129 888 1317 936 cautos
1346 878 1477 935 satis
1511 893 1782 949 superque
1826 892 1950 949 pro-

363 972 635 1038 uiderunt.
660 987 783 1030 eum
802 969 1037 1029 mandati
1062 972 1200 1031 fines
1217 973 1612 1050 prmtergressi,
1635 973 1800 1027 immo
1827 988 1958 1026 con-

364 1081 445 1126 tra
474 1068 651 1141 ipsum
695 1068 1006 1128 mandatum
1035 1110 1050 1135 ,
1101 1084 1169 1127 ne
1213 1082 1322 1141 quo
1374 1067 1536 1124 modo
1575 1084 1697 1124 cum
1740 1066 1957 1123 Arionis

361 1175 798 1220 eonuntnnonem
832 1160 1049 1225 inirent,
1080 1169 1198 1238 acta
1225 1160 1395 1234 ipsius
1442 1160 1658 1235 synodi,
1703 1159 1959 1217 admissis

363 1259 417 1313 in
438 1257 876 1315 mutunioncm
908 1270 1046 1330 quos
1076 1254 1161 1314 illi
1186 1257 1451 1330 reiecerat
1473 1254 1766 1325 hasreticis,
1792 1255 1959 1312 resci-

361 1346 582 1407 derunt.
1466 1336 1469 1339 ’
1923 1357 1927 1360 ’

434 1442 523 1503 82.
557 1442 696 1504 Dum
723 1445 839 1505 lucc
864 1456 1044 1503 autem
1076 1447 1129 1502 in
1156 1442 1391 1503 Thracia
1424 1452 1708 1519 geruntur,
1750 1444 1957 1501 interea

362 1536 470 1596 loci
511 1540 599 1613 qui
640 1536 942 1598 Ariminum
998 1549 1397 1605 convenerant,
1450 1547 1558 1596 tam
1615 1550 1779 1599 recta:
1831 1539 1955 1595 fidei

368 1647 530 1705 quasi
560 1629 774 1691 Ariona:
798 1629 1040 1707 perﬁdiae
1064 1631 1331 1714 episcopi,
1377 1630 1678 1706 legatorum
1734 1648 1956 1689 suorum

362 1730 597 1794 reditum
621 1734 938 1801 exspectem
960 1723 1097 1801 jussi
1127 1741 1154 1782 a
1175 1724 1357 1785 Tauro
1380 1725 1635 1799 perfecto
1677 1727 1955 1798 praetorio,

360 1824 451 1882 cui
479 1824 775 1899 iniunctum
806 1820 1004 1892 fuerat,
1049 1835 1119 1881 ne
1166 1821 1427 1893 collectos
1476 1828 1603 1882 autc
1659 1819 1960 1877 dimitteret

2060 597 2241 668 lapsus
2263 610 2573 655 sam-torum
2615 602 2762 657 utilis
2792 612 2873 657 est
2902 621 2910 655 :
2942 604 3071 658 nihil
3103 604 3229 659 mihi
3280 608 3464 661 nocuit
3513 610 3656 678 quod

2061 692 2275 761 negavit
2304 692 2513 757 Petrus,
2544 694 2738 766 profuit
2766 698 2905 767 quod
2930 698 3232 769 emcndain
3260 718 3271 752 :
3301 700 3462 756 didici
3486 704 3659 759 vitare

2058 786 2325 857 colloquia
2350 787 2695 859 perfidorum.
2734 811 2752 843 ι
2776 791 3034 863 (Ambros.
3056 792 3144 847 lib.
3172 811 3198 847 χ
3224 796 3275 849 in
3300 794 3424 851 Lar.
3453 814 3503 850 η.
3539 796 3661 867 89.)

2059 878 2203 935 Idem
2227 892 2419 939 auctor
2436 882 2562 939 alibi
2600 894 2785 942 monet
2825 889 3196 945 adversarium
3219 900 3440 948 sanctos
3477 893 3530 946 in
3560 908 3656 947 sua

2059 972 2253 1029 damna
2288 987 2494 1033 tentare
2514 980 2803 1051 aliquando
2832 981 2970 1053 cogi.
3011 1003 3027 1034 ς
3068 985 3200 1039 Dum
3227 986 3372 1043 enim
3403 997 3594 1055 tentat,
3629 1011 3648 1039 .~

2060 1070 2352 1144 subiungit,
2389 1091 2407 1123 ι
2445 1074 2695 1130 meliores
2720 1075 2916 1141 reddit,
2968 1088 3024 1131 ut
3075 1078 3164 1146 qui
3206 1088 3439 1137 tentatur
3492 1082 3659 1151 possit

2060 1166 2195 1221 alios
2224 1166 2530 1235 instituere,
2556 1169 2644 1239 qui
2676 1169 2778 1223 sibi
2811 1170 2908 1235 ipsi
2934 1170 3202 1227 invalidus
3228 1172 3527 1230 videbatur.
3558 1175 3657 1229 De-

2060 1258 2223 1333 nique
2252 1258 2444 1315 Petrus
2466 1259 2720 1316 Ecclesi-e
2749 1264 3115 1331 ιιι-ωιιυιιῖιιιτ,
3168 1276 3450 1337 postquam
3480 1282 3511 1320 ει
3540 1266 3653 1323 dia-

2060 1350 2188 1407 bolo
2219 1362 2456 1410 tentatus
2476 1364 2577 1410 est.
2615 1374 2634 1406 ι
2668 1354 2743 1410 ita
2768 1372 2874 1412 non
2923 1357 3101 1412 solum
3150 1359 3294 1427 aliis,
3345 1361 3439 1417 sed
3495 1362 3657 1418 etiam

2062 1446 2127 1503 iis
2148 1449 2237 1521 qui
2270 1448 2358 1505 illa
2380 1451 2739 1517 committunt,
2774 1461 2831 1507 ut
2865 1466 2960 1507 sua
2985 1463 3204 1523 peccata
3252 1454 3389 1512 bene
3438 1455 3657 1523 cedant,

2058 1539 2324 1598 immensa
2351 1542 2445 1599 Dei
2490 1543 2790 1614 benignitas
2817 1543 2999 1600 efcit.
3045 1544 3173 1601 Bazc
3217 1546 3364 1603 enim
3412 1558 3560 1616 sunt,
3593 1552 3660 1605 ad

2060 1648 2181 1703 qui:
2207 1647 2363 1690 mens
2385 1634 2615 1690 humana
2646 1635 2951 1707 pertingere
2977 1651 3083 1693 non
3110 1646 3287 1708 potest
3311 1638 3507 1696 divinae.
3539 1658 3655 1712 pro-

2061 1724 2315 1783 videntia:
2368 1726 2652 1792 miracula,
2682 1728 2860 1782 omnia
2909 1728 3011 1797 piis
3054 1728 3193 1785 bene
3241 1741 3499 1787 vertere:
3533 1752 3551 1785 ι
3608 1744 3664 1787 υἱ

2060 1817 2205 1889 quod
2236 1818 2304 1873 ab
2342 1819 2614 1891 assignato
2646 1818 2856 1875 ordinis
2903 1821 3110 1877 ratione
3158 1822 3507 1892 discesserit,
3557 1826 3661 1883 boc

362 1936 526 1992 quam
557 1919 613 1978 in
635 1935 794 1975 unam
819 1915 976 1975 {idem
1004 1915 1399 1985 convenirent;
1453 1916 1526 1974 ibi
1576 1931 1784 1974 summa
1831 1932 1954 1973 cum
1989 1912 2032 1975 Β
2061 1910 2204 1967 idem
2255 1911 2381 1968 licet
2423 1913 2476 1969 in
2505 1911 2670 1969 alium
2707 1921 2885 1969 tamen
2946 1914 3191 1971 ordinem
3244 1917 3545 1977 reducere:
3595 1938 3664 1975 ne

364 2014 611 2071 molestia
636 2028 698 2068 ac
726 2010 886 2070 uedio
914 2007 1247 2070 detinentur.
1280 2006 1457 2080 Quare
1482 2007 1677 2067 litteris
1726 2018 1957 2080 utraque

366 2117 494 2179 pars
516 2101 791 2179 sigillatim
821 2102 1199 2175 imperatOrem
1248 2099 1607 2159 obnixissime
1657 2108 1809 2173 rogat
1858 2101 1957 2157 ob-

367 2208 722 2273 testaturque,
749 2198 965 2273 quando
992 2196 1213 2273 quid'em
1235 2197 1415 2256 hiems
1442 2200 1705 2273 instaret,
1735 2213 1805 2255 ne
1838 2214 1958 2266 per-

365 2291 610 2352 ntitteret
637 2307 797 2357 senes
818 2302 871 2348 et
892 2310 920 2346 a
951 2295 1065 2349 suis
1089 2291 1310 2351 sedibus
1329 2290 1491 2364 longe
1508 2290 1754 2360 dissitas,
1785 2291 1837 2346 in
1857 2288 1962 2345 dil-

364 2387 660 2453 licillimam
682 2394 1053 2457 tempestatem
1080 2383 1305 2455 dill'erri,
1331 2384 1425 2440 sed
1451 2400 1609 2456 quam
1630 2384 1859 2453 primum
1892 2381 1958 2438 ad

364 2495 494 2539 suos
522 2476 770 2537 civitates
801 2478 997 2536 reverti
1018 2477 1363 2535 concederet.
1393 2476 1573 2533 Rect:e
1604 2475 1728 2531 fidei
1749 2477 1961 2545 episco-

364 2590 557 2647 porum
580 2570 863 2646 epistolam
883 2572 1138 2629 Socrates
1163 2567 1277 2647 (lib.
1306 2586 1342 2627 ιι
1371 2587 1418 2625 c.
1443 2564 1535 2644 57)
1558 2568 1724 2627 habet
1756 2586 1769 2624 :
1801 2569 1959 2625 Aria-

367 2684 561 2725 norum
591 2668 693 2724 sub
720 2666 936 2723 nomine
958 2664 1149 2741 synodi
1189 2663 1547 2720 Arimiueusis
1597 2660 1963 2719 Orientalibus

364 2761 756 2822 consentientis
780 2760 897 2819 bzec
928 2759 1178 2818 collectio
1207 2758 1428 2816 exhibet
1470 2754 1712 2833 (Fragm.
1748 2755 1847 2828 tv).

440 2854 530 2915 33.
561 2851 854 2930 lmigm'ttm
894 2855 1117 2912 t-irorum
1186 2852 1364 2922 lapsus
1403 2853 1616 2910 historia
1669 2869 1772 2909 non
1823 2850 1957 2907 silet.

364 2946 449 3007 lis
468 2946 773 3022 quandoque
797 2946 923 3005 bene
970 2954 1192 3004 vertunt.
1233 2945 1424 3002 Liberii
1467 2944 1757 3019 exemplum
1826 2944 1959 3019 (Au-

362 3056 506 3123 gust.
534 3045 598 3102 de
619 3043 793 3118 Agens
817 3041 1029 3101 Christi.
1058 3060 1106 3100 c.
1126 3039 1523 3117 50).—-Ca:tera
1552 3057 1671 3113 qua:
1706 3039 1962 3109 deinceps

352 3141 423 3198 ’in
448 3158 514 3197 co
551 3143 937 3214 negotiugesa
978 3148 1123 3204 sunt,
1178 3152 1448 3208 quemque
1489 3136 1692 3192 exitum
1745 3132 1960 3191 tandem

362 3238 698 3303 invenerint,
727 3233 944 3307 quando
993 3229 1159 3307 7“
1199 3230 1417 3305 quidem
1459 3245 1618 3302 supra
1646 3226 1963 3302 perstrinxi-

2058 2003 2187 2078 quid
2219 2006 2272 2060 in
2304 2022 2470 2078 regno
2496 2006 2848 2078 providentia:
2882 2008 3043 2064 liceat
3069 2012 3381 2068 temeritati.
3421 2031 3442 2066 ι
3479 2007 3664 2084 Quare

2063 2100 2503 2159 neminldubium
2527 2116 2647 2160 esse
2667 2102 2830 2161 debet
2849 2105 2975 2175 quin
3009 2116 3324 2162 renovatum
3357 2107 3411 2162 in
3442 2106 3662 2164 Liberio

2062 2194 2321 2252 Pontilice
2346 2196 2488 2252 Petri
2520 2211 2839 2253 successore
2868 2197 3051 2265 fuerit,
3080 2197 3222 2270 quod
3250 2198 3479 2270 Optatos
3505 2201 3658 2256 Mile-

2061 2289 2276 2345 vitanus
2295 2287 2694 2361 ctAuguSIinus
2714 2291 3070 2346 observarunt
3103 2333 3117 2357 ,
3149 2290 3330 2347 divina
3368 2291 3661 2363 providen-

2064 2382 2136 2439 tia
2153 2382 2429 2448 etl'ectum,
2459 2390 2516 2438 ut
2546 2377 2689 2438 idem
2719 2382 2808 2439 ille
2831 2384 3122 2455 Apostolus
3153 2395 3393 2457 negaret,
3417 2386 3507 2458 qui
3551 2387 3662 2442 cla-

2065 2492 2158 2536 ves
2205 2485 2525 2549 accepturus
2556 2487 2722 2544 esset,
2748 2493 2857 2550 quo
2887 2478 3134 2535 Ecclesia
3171 2480 3461 2544 catholica.
3506 2482 3662 2553 cujus

2064 2573 2182 2644 ipse
2207 2586 2492 2644 personam
2518 2571 2759 2644 gerebat,
2792 2573 3026 2631 disceret
3050 2586 3321 2649 tamquam
3349 2593 3368 2627 ι
3400 2591 3527 2632 vera
3548 2592 3658 2632 ma-

2066 2674 2149 2721 ter
2166 2679 2268 2720 uee
2294 2664 2634 2734 peccantibus
2668 2665 2793 2722 filiis
2814 2665 3045 2737 superbe
3068 2667 3347 2735 insultare,
3395 2684 3495 2725 nec
3538 2684 3662 2725 cor-

2064 2761 2230 2816 rectis
2248 2758 2465 2815 difﬁcile
2487 2757 2979 2833 ignoscereUdem,
3009 2762 3184 2833 ibid.),
3214 2781 3233 2814 ι
3265 2762 3550 2836 ipsumque
3572 2762 3664 2819 Li-

2067 2852 2277 2907 berium
2306 2850 2373 2910 ad
2406 2862 2618 2925 tempus
2641 2853 2745 2909 labi
2779 2855 3123 2926 permissum,
3154 2864 3212 2911 ιιι
3263 2870 3328 2911 es
3370 2871 3469 2913 suo
3509 2858 3664 2930 lapsu

2068 2945 2247 2999 acrior
2260 2959 2319 3000 ac
2333 2943 2588 3003 fortiorin
2607 2945 2856 3002 limresim
2873 2958 3175 3020 resurgeret
3200 2966 3212 3000 :
3235 2958 3290 3006 et
3305 2951 3355 3004 in
3387 2950 3626 3021 pteniten
3638 2981 3659 2991 -

2069 3046 2150 3092 tes
2175 3037 2478 3109 revertique
2507 3038 2793 3110 cupientes
2828 3038 3146 3098 clementior
3161 3058 3223 3099 ac
3248 3043 3419 3100 venia:
3445 3044 3665 3114 pronior

2065 3131 2395 3189 exsisteret:
2425 3134 2662 3205 itemque
2697 3135 2802 3191 hoc
2826 3132 3019 3192 litteris
3046 3138 3419 3209 consignatum
3450 3137 3517 3194 ad
3549 3138 3666 3196 lizee

2067 3239 2240 3296 usque
2260 3233 2501 3297 tempora
2532 3227 2640 3299 illis
2662 3228 2998 3299 temporibus
3021 3247 3125 3286 non
3148 3232 3373 3289 multum
3396 3232 3663 3290 absimilia

363 3345 487 3386 Inus
521 3372 537 3397 ,
564 3340 620 3386 et
649 3327 923 3385 fusissime
951 3326 1017 3390 ab
1040 3325 1359 3385 Athanasio.
1400 3324 1729 3395 llieronynto
1769 3332 1955 3378 eontra
1984 3318 2032 3383 C
2063 3323 2409 3397 perductum,
2441 3326 2610 3398 utqui
2630 3337 2793 3393 stent,
2817 3326 3065 3393 iudcqsibi
3091 3330 3280 3388 timere
3305 3330 3537 3397 discant,
3563 3346 3665 3388 nec

360 3423 754 3491 Luciferianos,
788 3434 842 3480 et
871 3422 1105 3494 Sulpicio
1125 3422 1329 3478 Severo
1359 3428 1679 3492 pertractata
1701 3427 1847 3486 sunt,
1872 3417 1960 3473 hic

360 3516 1186 3596 subiungere.superllnuurcst.
1217 3514 1385 3572 Nobis
1426 3514 1571 3581 enim
1614 3510 1961 3571 solummodo

360 3629 431 3670 ea
456 3624 709 3682 tractare,
738 3627 858 3685 quae
891 3608 1070 3667 facere
1091 3609 1159 3665 ad
1190 3608 1582 3665 connexionem
1643 3608 1957 3663 illustratio-

362 3723 599 3782 stentque
630 3707 820 3764 horum
864 3704 1310 3773 Fragmentoruzu
1356 3701 1694 3768 videbantur,
1747 3703 1960 3758 animus

359 3805 483 3859 fuit.
516 3803 571 3857 In
599 3802 794 3873 quibus
827 3800 988 3856 etiam
1020 3812 1231 3861 vereor.
1256 3812 1323 3853 ne
1344 3798 1515 3853 nimio
1540 3797 1692 3866 plura
1734 3796 1957 3861 dixisse,

361 3898 732 3968 tragicamque
782 3895 929 3953 illam
964 3893 1391 3951 exsecrationem
1436 3888 1572 3949 ὄλοιο
1601 3894 1797 3953 eant-aia
1824 3892 1958 3973 eul-

358 3994 518 4066 λέγων
568 3993 677 4054 τὰς.
713 3994 1008 4068 συμφοράς,
1056 3988 1108 4043 in
1158 4003 1243 4042 me
1273 3984 1574 4042 concitasse
1623 3984 1825 4049 videar,
1867 3986 1957 4055 qui

358 4087 797 4144 venerandorum
829 4086 1045 4141 Patrum
1069 4080 1381 4154 opinionem
1412 4096 1475 4134 ac
1497 4078 1713 4145 famam,
1739 4088 1955 4135 controv

357 4181 569 4235 veisias
607 4193 819 4245 eorum,
861 4174 1225 4234 dissensiones
1276 4173 1768 4244 tlel‘ectionetnque,
1814 4170 1960 4227 velut

356 4272 594 4330 obducta
626 4272 806 4330 ulcera
858 4287 980 4343 qua:
1014 4269 1189 4328 occuli
1239 4269 1409 4326 satius
1462 4276 1601 4333 erat,
1654 4264 1960 4322 refiieando

355 4370 630 4441 sugillem.
662 4368 861 4426 Verum
886 4352 1380 4423 cumbisloriarom
1423 4380 1561 4419 unus
1585 4364 1629 4417 is
1649 4362 1719 4417 sit
1740 4376 1956 4435 seopus,

355 4472 424 4518 ιιι
456 4464 584 4530 sint,
604 4459 1057 4536 quemadmodum
1087 4458 1429 4532 Thucydides
1460 4456 1675 4528 scriptis
1722 4454 1957 4526 reliquit,

356 4574 538 4633 κτῆμα
563 4560 608 4615 si
636 4559 719 4633 nisi
737 4557 1073 4632 ξυγκείμενον,
1107 4571 1168 4610 es
1202 4568 1307 4624 quo
1346 4552 1522 4609 omnis
1568 4551 1665 4607 invi
1714 4549 1960 4604 homines

357 4653 644 4722 utriusque
671 4650 844 4707 laudis
872 4665 936 4707 ac
962 4649 1189 4705 fortuna:
1218 4646 1470 4718 exempla
1506 4644 1852 4715 depromere,
1905 4649 1961 4699 et

2064 3417 2416 3475 redeuntibus
2445 3418 2517 3496 ad
2541 3418 2836 3477 Ecclesium
2857 3436 2914 3477 se
2931 3420 3267 3480 difficiliores
3293 3424 3587 3493 praebeant.

2135 3513 2225 3569 δι.
2284 3511 2395 3569 οιἱὲ
2423 3527 2471 3569 et
2490 3512 2720 3584 Luciferi
2773 3531 2924 3570 casus
2956 3557 2967 3568 .
3002 3546 3073 3557 --
3104 3514 3209 3574 Nec
3258 3518 3483 3575 minoris
3528 3533 3663 3574 sane

2066 3607 2149 3663 vel
2169 3608 2575 3679 speculatiunis,
2623 3610 2703 3665 vel
2746 3609 3054 3667 documenti
3081 3613 3383 3685 fragilitatis
3413 3614 3663 3670 humana:

2058 3701 2492 3771 judiciorumque
2546 3704 2850 3760 divinorum
2919 3707 3404 3776 imperscrutabilis
3468 3711 3653 3764 arcani

2065 3794 2321 3852 suutOsii
2348 3810 2411 3853 ac
2434 3796 2686 3864 Luciferi,
2738 3799 3154 3857 fortissimorum
3192 3801 3473 3860 catholica.-
3529 3802 3652 3861 lidei

2066 3898 2524 3965 propugnatorum
2574 3900 2791 3953 eventa.
2837 3908 3066 3963 quorum
3100 3893 3191 3951 illc
3218 3895 3357 3952 alter
3384 3906 3505 3968 post
3558 3914 3659 3954 no-

2068 3984 2227 4041 minis
2274 3982 2550 4040 christiani
2611 3984 3008 4042 confessionem
3060 3989 3162 4045 sub
3225 3993 3662 4059 persecutoribus

2066 4079 2377 4134 sazvissimis
2427 4080 2866 4137 constantissime
2915 4080 3141 4149 fat-tam,
3199 4092 3322 4154 post
3365 4085 3662 4144 exhaustos

2068 4187 2165 4241 pro
2187 4169 2349 4247 7‘5
2372 4170 2478 4228 tide
2497 4173 2760 4229 catholica
2804 4185 2990 4231 contra
3037 4175 3291 4245 haeresim
3320 4179 3531 4236 labores
3559 4180 3660 4236 ini-

2066 4282 2306 4332 mcnsos,
2332 4266 2699 4339 perfectasque
2742 4268 3054 4340 dignissime
3096 4272 3391 4345 legationes
3440 4275 3656 4345 multas,

2066 4361 2139 4416 ita
2164 4368 2221 4415 ut
2250 4371 2401 4431 pater
2428 4361 2806 4431 episcoporum
2832 4362 3139 4433 haberetur,
3197 4367 3422 4424 nimium
3476 4377 3655 4426 tamen

2066 4454 2149 4510 sui
2194 4454 2424 4526 sepulcri
2459 4472 2644 4510 amans
2686 4455 2912 4527 (llilar.,
2943 4459 3031 4514 lib.
3072 4460 3137 4514 de
3179 4460 3406 4533 Synod,
3454 4480 3508 4518 ιι.
3564 4464 3658 4527 87)

2068 4548 2443 4622 (centesimum
2459 4550 2604 4605 enim
2625 4565 2823 4605 annum
2847 4555 3176 4624 excesserat)
3200 4554 3250 4609 in
3266 4568 3517 4627 suprema
3535 4558 3659 4613 vita:

2068 4642 2232 4699 ﬁbula
2271 4643 2479 4713 penitus
2503 4641 2792 4700 defecisset
2816 4684 2831 4711 ,
2881 4644 2983 4700 nisi
3024 4646 3297 4702 violentiae
3333 4647 3657 4705 Arianorum

354 4746 432 4805 ad
450 4762 511 4803 ea
531 4748 709 4805 varios
736 4743 1152 4815 repentinosque
1176 4756 1355 4807 casus,
1375 4741 1569 4813 quibus
1587 4737 1827 4811 quotidie
1856 4738 1955 4791 ini.
1994 4730 2040 4789 D
2068 4738 2516 4809 imperatoriSque
2552 4740 2712 4795 minis
2735 4740 2968 4808 cedenti,
3017 4750 3072 4797 et
3115 4742 3505 4814 approbatione
3545 4742 3656 4802 Sir-

357 4844 619 4916 petitnur.
651 4854 978 4912 componere
1006 4847 1207 4911 queant
1240 4856 1253 4892 :
1290 4854 1393 4893 non
1430 4836 1586 4891 video
1632 4849 1730 4889 cur
1782 4833 1955 4886 minus

358 4954 397 4995 ιι
409 4949 419 4987 t
430 4934 615 4992 ilitatis
636 4950 698 4991 ac
712 4933 983 4991 commodi
1007 4948 1074 4988 ex
1087 4934 1355 5015 clarorum
1372 4931 1610 4988 virorum
1633 4927 1921 4986 calamitati
1938 4959 1953 4967 -

352 5034 485 5102 bus,
508 5030 718 5093 erratis,
745 5040 906 5103 atque
925 5028 1061 5086 adeo
1088 5028 1384 5097 sceleribus
1414 5028 1482 5085 ad
1514 5043 1612 5084 nos
1658 5024 1953 5097 perveniat,

352 5125 452 5199 qui
476 5140 541 5182 ea
562 5122 791 5197 legimus
814 5132 1042 5188 tantum,
1073 5138 1179 5179 non
1207 5121 1494 5181 sentimus.
1548 5135 1709 5191 quam
1737 5133 1803 5173 ex
1843 5115 1953 5172 vir-

352 5217 564 5277 tutibus
591 5217 860 5288 rebusque
889 5216 1145 5288 praeclare
1169 5218 1335 5289 gestis
1363 5231 1519 5271 :cum
1556 5214 1719 5269 etiam
1748 5212 1851 5267 illis
1881 5212 1960 5284 ip-

348 5313 461 5380 sis,
487 5312 578 5383 qui
606 5309 977 5367 imbecillitate
1001 5308 1231 5365 humana
1255 5310 1307 5365 in
1329 5306 1595 5380 ejusmodi
1623 5306 1959 5363 calamitates

352 5406 691 5475 inciderunt,
722 5420 829 5461 non
852 5419 973 5462 raro
1000 5404 1137 5462 bene
1163 5414 1376 5461 Vertere
1429 5403 1662 5459 soleant.
1709 5401 1956 5458 Croesum

346 5502 501 5573 apud
530 5498 852 5555 Herodotum
883 5499 1183 5573 cruentauerat,
1217 5499 1495 5573 μαθήματα
1521 5494 1627 5552 sibi
1657 5494 1956 5555 exstitisse.

350 5605 416 5654 ct
438 5595 689 5665 Meropen
718 5594 771 5651 in
796 5594 1019 5649 theatris
1046 5608 1106 5649 se
1130 5592 1440 5649 infortuniis
1461 5591 1701 5647 evasiSse
1737 5593 1953 5663 sapien—

351 5703 469 5749 tem
492 5689 723 5762 ingenue
771 5697 1127 5761 agnoscentes
1168 5686 1343 5743 libens
1376 5685 1747 5757 praetermitto,
1792 5692 1848 5740 ut
1899 5684 1952 5740 in

350 5782 724 5842 ecclesiastica
772 5781 1091 5837 tractatione
1111 5778 1398 5851 desuinpto
1426 5794 1490 5833 ex
1522 5793 1671 5835 sacra
1705 5776 1954 5842 historia,

350 5894 428 5935 ex
449 5892 551 5948 qua
576 5877 803 5932 fortnam
830 5876 993 5931 trahit
1022 5874 1297 5941 Ecclesia,
1352 5874 1599 5943 exemplo
1650 5870 1827 5928 locum
1879 5870 1952 5925 fa-

347 5976 519 6031 ciant.
553 5972 615 6028 Β.
643 5972 959 6029 Ambrosius
986 5970 1054 6026 de
1077 5968 1219 6026 Petri
1268 5967 1632 6042 apostolorum
1700 5966 1957 6039 coripliu‘i

2065 4832 2286 4889 miensis
2319 4832 2775 4890 Anmnmanoruui
2804 4833 3041 4905 perfidia:
3079 4836 3131 4892 in
3184 4851 3425 4907 praeceps
3457 4842 3658 4903 ruenti,

2063 4926 2242 4983 divina
2301 4922 2587 4983 clementia
2662 4943 2877 4981 manum
2935 4930 3348 4999 supposuisset:
3398 4931 3539 4987 alter
3595 4933 3659 4987 iis

2062 5022 2224 5079 etiam
2248 5022 2517 5093 superior,
2534 5021 2730 5094 quibus
2744 5022 2903 5079 Usius
2916 5036 3172 5089 cesserat,
3195 5032 3316 5096 post
3332 5035 3604 5084 toterecta
3642 5069 3657 5094 ,

2063 5127 2123 5170 ut
2146 5116 2453 5188 llieronymi
2482 5116 2637 5172 verba
2664 5131 2914 5188 usurpem
2939 5116 3184 5189 (Hieron.
3214 5118 3461 5175 adversus
3501 5119 3656 5176 Luci-

2066 5209 2217 5283 fer.),
2246 5209 2314 5266 de
2344 5210 2563 5281 perfidia
2590 5212 2860 5272 debellata
2896 5214 3156 5284 trophaeo,
3185 5215 3288 5272 sub
3318 5217 3436 5286 ipso
3461 5218 3652 5274 trium-

2066 5303 2173 5375 pho
2203 5303 2272 5360 ab
2294 5304 2412 5373 ipso
2438 5304 2837 5361 dissensionum
2889 5316 3109 5362 auctore
3157 5317 3463 5379 superatus,
3501 5325 3656 5379 sepa-

2065 5409 2216 5454 ratus
2240 5398 2308 5454 ab
2358 5399 2596 5455 Ecclesia
2627 5411 2729 5465 est,
2760 5416 2825 5456 ac
2854 5400 3008 5469 plane
3036 5412 3356 5473 prostratus.
3404 5404 3485 5461 Ad
3542 5405 3656 5461 lizee

2063 5493 2208 5549 enim
2226 5495 2346 5565 quis
2360 5507 2467 5549 non
2492 5493 2734 5562 protinus
2762 5509 2882 5547 cntn
2906 5493 3134 5566 Tragico
3155 5496 3441 5565 exclamet,

2313 5610 2362 5682 (ξς
2387 5620 2518 5667 θνητὸν
2537 5616 2675 5671 ἀνδρῶν
2698 5624 2761 5660 ut
2782 5621 3012 5671 ταλαίπωρον
3034 5624 3133 5670 vim;
3154 5651 3164 5667 ,

2318 5679 2367 5727 (ις
2394 5679 2498 5721 οὗδὶν
2518 5685 2641 5733 ισμίν.

2069 5790 2124 5834 et
2149 5777 2353 5849 ahjecta
2388 5778 2534 5834 omni
2577 5778 2765 5834 tidncia
2795 5778 2903 5847 sui,
2934 5778 3164 5837 salutem
3210 5793 3361 5836 suam
3400 5794 3467 5835 ex
3506 5780 3639 5849 Apo-

2068 5872 2191 5927 stoli
2220 5872 2535 5942 prmscripto
2559 5888 2681 5927 cum
2710 5872 2901 5931 timore
2926 5888 2989 5930 ac
3029 5883 3267 5930 tremore
3296 5873 3509 5943 operari
3550 5889 3659 5929 non

2070 5964 2345 6021 condiscat
2377 5963 2547 6035 (Plut.
2580 5982 2635 6032 ιι,
2676 5966 2803 6037 l2)?
