1883 3056
145 89 174 116 Η
781 89 809 117 5.
825 89 926 117 ZEPH‘

975 90 1006 117 Nl
1027 91 1129 119 ΡΛΡΑΕ
1735 91 1764 117 Η

691 248 944 296 NOTITIA
986 250 1234 300 ALTERA.

537 343 581 375 (Ι).
591 344 723 374 Consum,
740 344 855 376 Episton
868 345 938 369 Rom.
952 345 1035 375 Pam,
1046 347 1105 371 tom.
1117 345 1127 369 Ι
1138 348 1165 370 et
1175 346 1251 376 uuie.,
1262 352 1286 377 p.
1300 345 1367 378 107.)

180 415 254 443 Licet
269 415 349 450 hujus
363 415 497 450 pontiﬁcis
513 423 609 459 nomen
622 416 648 443 in
665 416 835 444 Bucheriano
851 422 926 444 eata-
942 420 963 447 Α
980 425 1053 444 anno
1066 425 1095 444 re
1113 418 1170 452 ipsa
1186 418 1255 445 idem
1279 417 1411 445 Eusebius
1426 418 1453 445 in
1477 418 1606 445 Chronico
1619 417 1763 446 Callistum

145 460 206 496 lngo
227 460 404 492 desideretur,
427 460 454 487 in
479 468 512 488 eo
535 465 625 488 tamen
649 466 766 496 tempus,
778 469 832 496 quo
853 462 928 489 illum

144 505 271 533 Ecclesiae
297 504 441 541 praefuisse
466 506 615 533 arbitratus
641 511 682 533 est
708 507 822 542 calalogi
846 506 928 541 hujus

144 551 269 586 scriptor,
289 551 341 578 sub
356 550 474 578 Victoris
499 551 609 578 nomine
625 551 770 584 indicatur,
792 552 895 578 scilicet
913 560 930 578 α

141 597 281 624 consulatu
294 596 431 624 Saturnini
445 602 468 623 et
482 596 553 624 Galli
566 605 646 632 usque
659 597 788 625 Prazsente
803 603 826 624 et
838 597 929 625 Extri-

142 648 211 676 cato,
229 643 281 670 hoc
298 647 340 670 est
360 642 394 669 ab
413 650 484 669 anno
498 641 600 669 Christi
618 642 667 670 198
689 643 721 669 ad
744 643 807 671 217.
829 642 929 670 Eadem

142 686 282 714 consulari
297 690 362 713 nota
387 686 517 714 mendose
531 694 658 721 expressa
679 687 786 713 initium
801 695 832 714 ac
847 687 928 714 ﬁnem

142 731 316 767 pontiﬁcatus
327 731 472 766 Zephyrini
487 732 556 758 liber
570 731 737 760 Pontiﬁealis
751 733 882 767 designat.
900 731 928 759 In

143 777 257 812 antiquo
281 777 455 805 Corbeiensis
479 778 580 805 codicis
595 778 717 813 catalogo
745 786 826 804 annos
850 786 927 810 xvm,

142 830 242 849 menses
255 830 302 854 vn,
319 822 373 849 dies
389 831 416 854 κ,
434 822 536 850 sedisse
548 823 704 851 adnotatur.
718 823 852 850 Eusebius
865 831 928 850 vero

143 867 191 895 lib.
205 875 221 894 ν
235 867 318 900 Ηίδι..
333 875 356 895 c.
370 868 415 900 ‘28,
432 875 494 895 euut
509 867 596 895 Severi
608 869 774 904 imperatoris
793 877 861 896 anno
876 869 929 895 εἰν-η

143 914 208 940 citer
225 922 303 946 nono,
321 914 373 941 hoc
389 918 430 941 est
452 914 554 941 Christi
574 915 682 942 circiter
697 915 751 942 202
772 915 927 943 ordinatum

144 959 256 987 scribit:
271 964 329 987 tum
347 960 394 988 lib.
408 968 444 991 vr,
465 967 491 987 c.
507 960 552 992 21,
568 961 704 994 eumdem,
720 969 835 996 cumper
846 969 927 988 annos

143 1007 287 1033 octodecim
307 1006 486 1033 sacerdotium
510 1006 675 1041 obtinuisset,
697 1007 781 1042 primo
802 1007 927 1034 Antonini

145 1051 312 1087 lleliogabali
325 1053 388 1087 imp.
404 1060 473 1078 anno
488 1053 543 1079 vita
555 1052 678 1080 functum
693 1045 784 1081 tradit.
800 1052 875 1080 Unde
885 1060 927 1080 se—

144 1097 248 1132 quitur,
264 1102 293 1124 ut
308 1106 382 1125 mors
397 1099 457 1134 ejus
473 1106 545 1126 anno
560 1099 661 1127 Christi
674 1099 725 1127 219
739 1104 786 1126 aut
799 1099 861 1130 2-20,
876 1106 930 1134 quo
946 1098 967 1125 Β

981 463 1006 490 ei
1024 463 1188 491 successisse
1204 467 1289 495 notat,
1310 463 1435 498 illiganda
1451 463 1497 491 sit.
1522 463 1574 490 Sed
1595 464 1622 490 in
1638 463 1691 491 hoc
1705 465 1765 499 ipso

981 509 1108 536 Chronico
1122 511 1228 544 primus
1244 509 1408 543 Heliogabali
1429 509 1494 544 imp.
1511 517 1599 536 anuus
1609 509 1643 536 ad
1660 517 1763 537 annum

979 555 1078 582 Christi
1103 555 1156 582 218
1174 554 1299 582 refertur.
1324 554 1357 581 Et
1378 563 1439 582 eum
1455 555 1563 590 quidem
1589 555 1604 580 7
1625 555 1668 582 die
1689 554 1764 583 Junii

979 601 1098 635 praedicti
1117 601 1179 628 anni
1195 601 1246 628 218
1264 601 1452 635 imperatorem
1475 602 1659 628 renuntiatum
1678 601 1764 628 fuisse

979 646 1088 674 aliunde
1104 652 1198 673 uotum
1215 651 1265 674 est.
1278 646 1400 681 Denique
1416 646 1559 682 Zephyrini
1577 655 1650 674 mors
1661 646 1688 673 in
1702 646 1766 674 llic-

978 692 1084 727 ronyini
1101 692 1215 727 aliisque
1230 693 1430 727 antiquioribus
1443 691 1640 727 Martyrologiis
1655 693 1765 720 Decem-

979 738 1035 765 bris
1049 738 1084 765 ‘20
1098 739 1151 770 die,
1167 739 1193 765 in
1211 739 1315 766 czeteris
1327 738 1362 765 26
1382 738 1507 774 Augusti,
1522 746 1577 773 quo
1596 747 1669 765 nunc.
1691 739 1763 766 cele—

978 783 1072 811 bratur
1090 785 1176 819 ipsius
1199 785 1341 815 l'estivitas.
1359 785 1497 812 recolitur.
1516 785 1544 812 Si
1567 785 1648 820 igitur
1671 785 1762 819 ipsum

979 836 1040 855 cum
1053 828 1169 856 Eusebio
1181 829 1308 856 Antonini
1323 828 1487 863 lleliogabali
1503 830 1568 864 imp.
1580 830 1667 864 primo
1677 837 1762 863 anno,

978 879 1005 901 et
1020 870 1082 901 eum
1105 874 1302 902 vetustioribus
1326 874 1523 910 Martyrologiis
1548 875 1583 902 (ΞΟ
1605 875 1762 903 Decembris

978 920 1022 947 die
1046 920 1148 947 obiisse
1164 928 1311 955 ponamus,
1331 920 1383 948 sub
1398 922 1499 948 exitum
1520 922 1584 949 anni
1608 922 1660 949 218
1683 930 1760 949 mors

977 965 1037 1000 ejus
1052 966 1234 1000 eonsignanda
1246 965 1306 992 erit.

1013 1010 1052 1038 Ad
1066 1011 1125 1046 ejus
1133 1010 1525 1047 epistolasquodattinet,nihil
1539 1011 1565 1038 in
1578 1011 1618 1038 eis
1630 1015 1672 1038 est
1682 1019 1732 1038 cur
1746 1019 1761 1038 τι

980 1057 1091 1092 reliquis
1106 1057 1202 1085 lsidori
1216 1057 1352 1085 mercibus
1364 1062 1533 1092 separentur.

147 1189 1732 1203 —b’——-———-————-—-————_—————————

462 1274 542 1353 S.
587 1274 1116 1352 ZEPHYRINI
1172 1270 1445 1350 ΡΑΡλίΕ

733 1417 1162 1482 ΕΡΙΞΤΟΜΈ.

366 1616 375 1632 ⁸
392 1613 561 1643 EPlSTOLA
584 1613 702 1640 PRIMA.

292 1680 324 1699 AD
342 1678 483 1699 EPISCDPOS
502 1677 587 1698 OINES
606 1676 776 1697 SICILIENSES.

145 1739 298 1775 Dejudiciis
308 1739 497 1773 episcoporum,
506 1741 531 1775 et
545 1735 689 1775 inajoriitus
703 1734 825 1775 Ecclesia
840 1735 928 1762 causis

308 1771 336 1801 in
348 1771 407 1801 sede
419 1772 564 1808 apostolica
578 1771 760 1798 terminandis.

178 1841 308 1869 Romana:
322 1840 397 1867 urbis
411 1838 633 1873 archiepiscopus
644 1837 824 1870 ZEPHYRIMIS,
839 1836 928 1864 omni-

145 1884 198 1913 bus
215 1893 262 1921 per
280 1885 403 1913 Siciliam
422 1884 578 1912 constitutis
602 1884 738 1919 episcopis
760 1884 788 1911 in
812 1882 927 1911 Domino

143 1931 272 1959 salutem.

179 1976 281 2004 Divina:
290 1977 363 2004 circa
379 1984 430 2004 nos
443 1977 536 2012 gratim
548 1983 683 2004 memores
693 1983 754 2004 esse
766 1976 896 2004 debemus
904 1978 925 2008 ',

143 2030 204 2057 qua:
219 2030 270 2050 nos
281 2030 329 2057 per
341 2022 508 2058 dignationis
523 2029 580 2049 sum
593 2021 817 2054 misericordiam,
830 2021 865 2048 ob
875 2021 928 2048 hoc

143 2068 177 2095 ad
196 2067 334 2103 fastigium
354 2067 521 2095 sacerdotale
539 2067 576 2102 (4)
595 2067 730 2102 provexit,
742 2071 773 2094 ut
791 2067 926 2094 mandatis

142 2113 229 2149 ipsius
247 2114 419 2147 inhaerentes,
438 2117 466 2141 et
487 2113 514 2140 iu
532 2113 650 2148 quadam
678 2112 848 2140 sacerdotum
867 2113 925 2147 ejus

142 2161 328 2195 speculatione
346 2159 499 2192 constituti,
515 2160 708 2193 prohibeamus
729 2159 822 2186 illicita
836 2162 863 2186 et
880 2165 926 2185 se-

141 2207 248 2240 quenda
261 2206 418 2234 doceamus.
433 2204 512 2233 Sicut
523 2205 617 2233 stellas
634 2204 696 2232 caeli
709 2212 762 2232 non
778 2205 926 2239 exstinguit

142 2259 197 2279 nox
210 2252 231 2284 ³,
247 2252 287 2279 sic
298 2256 402 2279 mentes
416 2251 548 2283 ﬁdelium,
559 2251 728 2277 ﬁrmamento
743 2249 905 2276 inbzerentes
915 2249 926 2264 ⁸

940 1617 961 1646 c
978 1611 1134 1647 impletores
1148 1611 1313 1646 appareatis.

1014 1657 1177 1685 Patriarcha:
1193 1664 1257 1684 vero
1270 1656 1312 1684 vel
1337 1656 1475 1691 primates,
1492 1662 1649 1685 accusatum
1663 1658 1759 1685 discu~

979 1704 1077 1731 tientes
1090 1704 1248 1738 episcopum
1263 1704 1284 1736 ',
1300 1711 1354 1730 nou
1368 1708 1430 1731 ante
1446 1704 1608 1732 sententiam
1621 1703 1739 1739 proferat
1752 1711 1763 1732 t

979 1749 1122 1782 ﬁnitivam,
1146 1757 1228 1784 quam
1254 1749 1399 1783 apostolica
1419 1749 1478 1776 fulti
1510 1750 1683 1782 auctoritate,
1714 1754 1763 1778 aut

979 1803 1056 1822 reum
1074 1795 1192 1830 seipsum
1215 1795 1387 1827 conﬁteatur,
1410 1799 1456 1821 aut
1479 1802 1526 1829 per
1551 1795 1710 1823 innocentes
1735 1801 1763 1822 et

978 1842 1140 1878 regulariter
1163 1841 1332 1869 examinatos
1357 1840 1534 1867 convincatur
1557 1844 1640 1868 testes
1657 1841 1685 1874 ";
1711 1842 1759 1876 qui

978 1887 1076 1915 minori
1103 1894 1156 1914 non
1182 1887 1237 1914 sint
1261 1894 1384 1920 numero,
1402 1894 1484 1921 quam
1501 1886 1539 1912 illi
1556 1886 1680 1921 discipuli
1700 1887 1760 1915 fuc-

977 1936 1052 1965 runt,
1075 1939 1144 1967 quos
1167 1931 1298 1959 Dominus
1314 1931 1347 1958 ad
1364 1931 1550 1966 adjumentum
1572 1931 1760 1965 apostolorum

977 1977 1039 2012 eligi
1063 1977 1201 2012 praecepit,
1219 1976 1245 2003 id
1271 1980 1322 2008 est,
1344 1976 1513 2011 septuaginta
1529 1975 1595 2003 duo.
1617 1975 1762 2004 Detracto-

976 2031 1021 2050 res
1035 2030 1144 2058 quoque
1163 2022 1209 2054 ³-9,
1233 2022 1278 2056 qui
1302 2021 1394 2049 divina
1419 2023 1580 2050 auctoritate
1602 2023 1761 2051 eradicandi

977 2072 1051 2100 sunt,
1077 2072 1103 2095 et
1129 2071 1255 2094 auctores
1281 2067 1464 2099 inimicorum,
1481 2068 1515 2095 ab
1531 2068 1678 2103 episcopali
1694 2070 1762 2098 sub-

977 2121 1117 2141 movemus
1140 2113 1314 2140 accusatione
1336 2113 1376 2140 vel
1407 2114 1588 2141 testimonio:
1607 2123 1655 2142 nec
1683 2123 1761 2143 sum-

977 2167 1083 2186 morum
1100 2159 1234 2193 quispiam
1253 2158 1388 2185 minorum
1406 2160 1627 2188 accusationibus
1644 2161 1761 2196 impeta-

976 2209 1020 2232 tur
1041 2209 1088 2231 aut
1112 2204 1291 2239 dispereat”.
1315 2203 1408 2239 Neque
1434 2205 1461 2232 in
1485 2213 1515 2233 re
1538 2206 1666 2238 dubia“,
1683 2213 1758 2236 certa

975 2249 1111 2283 iudicetur
1127 2249 1278 2282 sententia;
1295 2256 1345 2276 nec
1356 2250 1440 2277 ullum
1455 2250 1599 2286 judicium,
1612 2252 1664 2279 nisi
1681 2254 1759 2280 ordi~

141 2302 243 2325 sanctae
258 2297 417 2332 Scriptura,
439 2304 494 2324 non
516 2296 646 2323 obscurat
668 2293 806 2322 mundana
823 2293 924 2328 iniqui-
939 2283 964 2313 D
977 2295 1104 2322 nabiliter
1130 2295 1251 2322 habitum
1276 2299 1408 2324 teneatur.
1435 2283 1541 2324 Absens
1563 2305 1627 2325 vero
1640 2299 1661 2314 “
1678 2306 1760 2326 nemo

141 2347 185 2371 tas
200 2343 222 2370 ⁸.
239 2342 343 2370 idcirco
356 2342 480 2370 meditari
496 2349 545 2370 vos
555 2345 670 2376 oportet,
686 2345 714 2368 et
729 2340 885 2375 Scripturas
899 2343 926 2367 et
970 2340 1120 2375 judieetur,
1143 2340 1207 2375 quia
1231 2344 1258 2368 et
1282 2341 1381 2369 divina:
1395 2345 1422 2369 et
1438 2342 1564 2370 humana:
1586 2344 1638 2371 hoc
1662 2345 1760 2379 prohi-

141 2393 276 2424 praacepta
288 2388 385 2416 divina
397 2395 458 2423 qua:
468 2387 495 2415 in
512 2387 660 2422 Scripturis
675 2385 849 2414 continentur
865 2385 926 2412 dili-
976 2386 1040 2413 bent
1061 2385 1144 2420 leges.
1170 2386 1349 2414 Accusatores
1372 2391 1462 2414 autem
1486 2395 1592 2422 eorum,
1610 2390 1685 2416 omni
1712 2398 1759 2417 ca-

141 2439 235 2471 genter
255 2434 404 2467 attendere,
429 2438 696 2468 netransgressores
714 2431 781 2466 legis
803 2430 862 2463 Dei,
876 2430 924 2458 sed
976 2434 1053 2458 reant
1069 2431 1224 2466 suspicione
1240 2432 1272 2464 ",
1289 2432 1354 2467 quia
1378 2432 1518 2461 columnas
1545 2442 1608 2462 suas
1626 2434 1761 2463 Dominus

177 2504 186 2520 '
206 2503 269 2531 Haec
279 2510 341 2531 eum
357 2510 414 2537 seq.
429 2502 493 2530 Ant.
509 2503 577 2535 Aug.
593 2501 710 2537 aliisque
724 2501 790 2537 viris
808 2499 922 2537 erud-itis
938 2498 1107 2537 supposititia
1118 2534 1123 2537 _
1134 2498 1258 2537 habetur.
1317 2497 1428 2537 {Hilari
1457 2506 1532 2537 papa:
1551 2501 1647 2537 sancti
1660 2500 1761 2531 Leonis

141 2539 310 2566 successoris
325 2546 366 2572 ep.
385 2533 411 2564 5'.
492 2537 502 2552 ⁸
522 2533 648 2572 Distinet.
666 2533 724 2572 7187:
743 2535 820 2562 Sicut
847 2533 938 2561 stellas
953 2534 1050 2572 cteli._
1104 2533 1292 2572 _At_ih:ere_nte_s.
1330 2534 1340 2549 ⁸
1352 2533 1488 2572 _Prospe_ri_
1499 2540 1615 2572 sentem.
1638 2536 1689 2572 120
1703 2557 1710 2569 ,
1727 2546 1760 2564 ex

141 2573 170 2601 S.
185 2574 253 2608 Aug.
267 2574 294 2600 in
312 2567 356 2600 Ps.
371 2580 447 2600 xcut.
503 2572 514 2588 ⁸
531 2572 558 2598 2.
571 2579 604 2608 q;
617 2571 639 2608 1.
650 2579 656 2597 :
669 2570 781 2608 frlmat.
799 2573 935 2608 a_ceusa_t._;
950 2574 975 2595 et
989 2569 1015 2595 iu
1030 2567 1127 2608 Felicis
1139 2568 1148 2594 l
1161 2573 1208 2608 ;_et
1221 2568 1332 2608 innec-1:.
1352 2567 1437 2600 lvon.,
1462 2569 1508 2595 lib.
1534 2578 1569 2597 tv.
1606 2571 1616 2586 ⁷
1635 2567 1761 2608 Ania‘nus

142 2609 168 2635 in
182 2602 276 2636 conust.
291 2616 317 2639 ι,
331 2609 374 2636 tit.
389 2607 434 2639 40,
458 2606 504 2634 lib.
532 2613 560 2632 Ix
580 2602 651 2632 'Cod.
669 2604 773 2632 Theod.
810 2605 844 2621 ¹·’
862 2604 986 2634 Adi-iam.
1007 2603 1078 2639 coll.
1091 2603 1125 2629 68
1140 2612 1147 2636 ;
1165 2603 1191 2630 5.
1209 2611 1236 2637 q.
1251 2603 1287 2629 4:
1307 2602 1475 2639 Detractores
1485 2612 1603 2639 quoque.
1667 2606 1689 2621 '°
1708 2606 1760 2634 De-

888 2639 909 2654 “
929 2639 954 2665 5.
967 2647 994 2673 q.
1008 2637 1025 2664 9
1042 2647 1047 2663 :
1066 2638 1169 2665 Absens
1183 2645 1257 2665 vero.
1302 2637 1323 2653 “
1341 2638 1452 2665 Adrian.
1474 2637 1535 2666 coll.
1550 2637 1607 2667 ’15-

977 2693 1022 2720 hie
1041 2698 1116 2730 recte
1133 2693 1318 2730 pontiﬁcatum
1340 2700 1419 2730 suum
1435 2695 1601 2722 sacerdotale
1621 2694 1759 2730 fastigium

979 2728 1116 2760 nominat,
1132 2729 1210 2762 cujus
1227 2728 1405 2754 sacerdotium
1415 2749 1422 2760 ,
1436 2729 1565 2763 dignitate
1583 2734 1610 2756 et
1622 2728 1710 2758 ollicfo
1722 2732 1760 2758 si-

978 2763 1052 2800 mul,
1072 2770 1152 2800 supra
1179 2763 1314 2800 ompinuL
1328 2763 1498 2792 sacerdotum
1519 2770 1546 2792 et
1567 2765 1758 2800 episcoporum

978 2798 1057 2833 longe
1073 2796 1199 2826 emineat.
1217 2796 1280 2824 Suv.
1296 2796 1353 2824 Bm.

142 2648 243 2678 speret.
298 2643 318 2659 “
339 2643 420 2678 Greg.
432 2649 477 2677 ep.
494 2641 545 2673 '50,
557 2640 604 2668 lib.
620 2648 684 2672 vui,
698 2644 724 2667 et
736 2639 780 2671 52,
797 2646 836 2666 ιι.

177 2698 216 2733 (4)
235 2698 276 2724 Ad
294 2698 431 2733 fastigium
447 2695 617 2724 sacerdotale.
639 2695 830 2733 Pontiﬁcatum
852 2701 925 2733 sum-

142 2729 216 2770 mum
233 2729 370 2770 intelligit:
380 2733 423 2760 cui
438 2732 518 2759 simul
532 2738 597 2770 oves
612 2735 638 2757 et
655 2731 715 2770 agni
733 2730 776 2770 (id
791 2733 851 2770 est,
866 2729 925 2770 ρμίτ

141 2768 234 2803 scopi,
250 2765 378 2795 utPaires
394 2766 553 2802 exponunt),
570 2773 633 2803 cum
649 2765 759 2800 reliquis
782 2765 887 2803 clericis
899 2768 926 2790 et

142 2798 200 2831 tota
215 2798 293 2838 plebe
308 2798 448 2830 commissi
469 2798 548 2832 sunt.
565 2799 645 2829 Joau.
661 2798 720 2835 cap‘.
739 2808 794 2827 nt.
811 2798 926 2834 Ideoque
