1883 3056
105 111 136 138 13
799 111 988 140 ΕΡΙΞΤΟῙΛΕ.
1697 117 1729 144 M

103 168 211 196 ﬁrmiter
241 173 318 196 stare
342 169 432 197 voluit
444 189 452 202 ,
475 176 528 197 non
552 177 567 197 a
592 169 758 205 quibuslibet
781 170 890 205 agitari.
906 174 928 201 Α
942 171 994 198 rita
1007 171 1127 206 virtutis,
1143 173 1215 209 quod
1231 174 1399 210 propositum
1417 182 1470 201 non
1486 174 1567 202 violat
1578 174 1726 210 religionis.

101 213 206 241 Nullum
233 222 356 251 namque
380 223 474 243 eorum
498 216 642 249 sententia,
659 223 713 243 non
730 223 781 244 suo
799 216 891 251 judice

101 260 171 288 dicta
188 261 223 293 η,
241 262 431 296 constringat,
448 261 511 296 quia
527 265 553 288 et
569 261 641 296 leges
659 263 752 289 saaculi
770 262 888 297 idipsum

101 307 155 334 ﬁeri
175 307 350 342 praecipiunt.
379 307 525 334 Duodecim
541 307 614 334 enim
630 307 737 342 judices
756 309 788 341 ",
806 309 890 343 quili-

100 352 144 380 bet
168 353 317 388 episcopus
342 353 531 386 accusatus",
549 354 571 381 si
596 361 708 382 necesse
730 354 821 387 fuerit,
837 356 888 382 eli-

99 402 153 434 gat,
171 406 187 426 a
205 399 308 434 quibus
324 399 385 434 ejus
402 406 483 427 causa
498 398 572 433 juste
585 398 732 434 judicetur.
745 399 800 427 Nec
813 401 890 435 prius

98 442 240 476 audiatur,
252 448 300 470 aut
315 444 578 475 excommunicctur,
590 444 632 470 vel
646 444 793 479 judicetur,
805 453 887 480 quam

97 489 150 524 ipsi
167 497 218 524 per
235 497 264 517 se
280 489 425 524 eligantur,
438 494 465 516 ct
480 490 640 525 regulariter
655 495 761 522 vocato,
774 491 808 518 ad
824 499 889 518 suo-

97 542 159 561 rum
178 535 268 569 primo
292 540 455 562 com-cntum
476 535 665 570 episcoporum
676 556 684 569 ,
701 543 748 570 per
764 544 812 563 eos
828 536 889 571 ejus

97 588 183 608 causa
200 581 276 615 juste
291 581 428 612 audiatur.
445 586 473 608 et
492 581 690 608 rationabiliter
705 581 887 610 discernatur.

96 625 174 653 Finis
190 634 258 653 vero
277 626 336 660 ejus
353 634 443 654 causae
459 626 492 654 ad
509 626 601 654 sedem
619 627 796 661 apostolicam
813 627 888 655 defe-

95 678 186 703 ratur,
218 677 248 699 ut
275 672 376 699 ibidem
405 673 576 700 terminetur.
595 671 649 700 Nec
669 677 748 700 antea
766 673 885 708 llriiatur,

95 718 169 745 sicut
191 717 228 745 ab
253 718 386 752 apostolis
406 718 448 746 vel
470 719 676 746 successoribus
702 726 796 746 eorum
822 720 887 747 olim

95 767 232 790 statutum
254 768 306 797 est,
325 772 406 798 quam
431 764 491 799 ejus
507 764 671 792 auctoritate
693 763 830 792 fulciatur.
846 764 887 792 Ad

95 816 158 836 eam
173 817 285 844 quoque
301 810 336 837 ab
350 810 477 838 omnibus
495 810 526 842 ”,
543 810 661 837 maxime
677 814 767 837 tamen
785 810 819 837 ab
835 817 886 844 op-

94 856 212 890 pressis,
236 856 425 891 appellandum
449 860 501 888 est,
525 859 552 883 et
573 856 791 883 concurrendum
808 856 887 890 quasi

95 901 129 928 ad
147 906 275 934 matrem,
292 906 323 930 ut
338 903 397 937 ejus
423 902 552 930 uberibus
575 902 743 934 nutriantur,
765 902 888 930 auctori~

96 951 154 974 tate
169 948 364 982 defendantur,
376 953 403 976 et
418 956 434 976 a
450 948 508 976 suis
523 948 747 983 oppressionibus
763 948 886 976 releven-

95 996 153 1024 tur,
169 993 235 1028 quia
251 1002 304 1021 non
321 999 405 1029 potest
422 1002 472 1021 nec
494 994 575 1021 debet
601 999 685 1021 mater
710 994 829 1021 obliuisci
850 994 884 1029 fi-

95 1039 163 1066 lium
177 1048 255 1066 suum
269 1039 413 1067 “.Judicia
438 1041 511 1067 enim
533 1040 736 1075 episcoporum,
755 1040 887 1075 majores-

95 1093 150 1120 que
173 1086 304 1113 Ecclesia)
325 1094 425 1119 causae,
442 1094 458 1113 a
475 1086 538 1114 sede
564 1086 724 1122 apostolica,
739 1091 767 1113 ct
783 1093 837 1113 non
853 1086 887 1113 ab

96 1130 162 1163 alia,
187 1131 259 1157 sicut
286 1131 405 1166 apostoli
432 1134 460 1158 et
484 1131 571 1158 sancti
595 1139 770 1159 successores
792 1139 887 1158 eorum

95 1180 262 1209 statuerunt,
274 1184 336 1204 cum
348 1176 409 1204 aliis
426 1177 561 1212 episcopis
573 1177 595 1193 "
610 1182 675 1205 sunt
692 1177 884 1204 terminandte:

95 1222 162 1256 quia
188 1222 251 1249 licet
268 1222 295 1249 in
322 1223 390 1250 alios
416 1223 614 1250 transferantur
634 1223 788 1257 episcopos,
805 1223 887 1251 beato

96 1272 187 1295 tamen
204 1269 329 1303 apostolo
345 1268 426 1296 Petro
443 1269 546 1296 dictum
562 1274 604 1297 est
618 1278 624 1296 :
637 1269 804 1304 Quaecunque
819 1269 892 1304 liga-

94 1316 162 1342 aeris
179 1324 259 1350 super
270 1321 379 1349 terram,
393 1321 470 1342 erunt
487 1316 571 1351 ligata
584 1320 609 1343 et
626 1316 653 1342 in
670 1316 759 1348 coalis;
774 1320 799 1343 et
815 1324 887 1352 qum-

94 1369 197 1396 cunquc
223 1361 333 1388 solveris
365 1369 443 1395 super
466 1365 575 1393 terram,
601 1365 678 1388 erunt
703 1361 791 1388 soluta
812 1365 837 1388 et
859 1361 886 1388 in

94 1406 169 1433 creti;
184 1407 219 1434 ’⁸.
237 1406 270 1433 Et
287 1407 393 1441 reliqua
409 1406 560 1442 privilegia,
586 1413 648 1441 quae
669 1405 719 1433 soli
737 1406 802 1433 huic
818 1414 883 1434 san-

93 1457 145 1479 ctm
158 1452 216 1480 sedi
232 1460 363 1480 concessa
396 1457 470 1486 sunt,
487 1457 513 1480 et
535 1452 728 1487 injconstitutis
746 1453 885 1488 apostolo-

95 1507 158 1525 rum
173 1498 227 1534 (5),
252 1505 404 1534 eorumque
429 1506 633 1531 successorum,
650 1499 766 1533 aliisque
791 1506 885 1534 quam-
898 1521 920 1549 ο

92 1544 222 1579 plurimis
242 1552 305 1572 cum
323 1545 362 1572 eis
383 1543 601 1578 concinentibus,
619 1544 755 1571 habentur
771 1545 883 1572 inserta.

93 1589 276 1626 Septuaginta
295 1591 317 1606 ¹¹
342 1591 414 1618 enim
445 1589 563 1625 apostoli
587 1590 736 1618 sententias
764 1590 885 1625 prazﬁxe-

92 1642 159 1665 runt
174 1637 224 1673 (6),
242 1645 304 1664 cum
320 1637 382 1664 aliis
397 1637 606 1672 quamplurimis
623 1636 769 1672 episcopis,
786 1640 813 1663 ct
828 1644 886 1664 ser-

91 1683 196 1710 vandas
212 1688 389 1710 consuerunt.
406 1683 444 1710 Dc
461 1684 577 1711 occultis
602 1683 675 1711 enim
692 1682 772 1709 alieni
790 1682 885 1710 cordis

92 1733 196 1756 temere
205 1729 331 1764 judicare
339 1730 372 1762 “,
386 1733 527 1764 peccatum
542 1733 599 1762 est;
617 1732 642 1756 et
659 1735 721 1756 eum
736 1727 817 1763 cujus
828 1735 883 1754 non

92 1775 221 1802 videntur
241 1782 323 1809 opera
347 1775 402 1802 nisi
424 1775 506 1807 bona,
531 1775 654 1810 iniquum
679 1779 722 1802 est
745 1781 778 1801 ex
795 1773 884 1808 suspi-

92 1821 172 1847 cione
188 1820 398 1855 reprehendere,
423 1828 486 1848 cum
510 1828 617 1854 eorum,
639 1829 702 1856 quas
725 1820 884 1848 hominibus

93 1871 158 1894 Iunt
187 1867 338 1902 incognita,
366 1867 443 1894 solus
463 1867 536 1894 Deus
556 1867 640 1902 judex
664 1867 708 1894 sit.
737 1865 797 1901 Ipse
819 1873 884 1893 vero

93 1912 171 1940 nevit
191 1913 352 1940 abscondita
377 1911 511 1945 cordis“,
536 1916 563 1939 et
593 1919 648 1939 non
674 1911 755 1938 alius.
779 1910 882 1945 lnjusta

93 1958 165 1986 enim
187 1958 290 1992 judicia
316 1958 351 1985 ab
371 1958 500 1985 omnibus
519 1957 637 1986 cavenda
668 1961 747 1990 sunt;
765 1957 884 1984 maxime

94 2008 185 2030 tamen
201 2011 217 2030 a
235 2004 321 2031 servis
346 2003 402 2030 Dei.
419 2003 529 2030 Servum
546 2008 633 2030 autem
648 2002 698 2030 Dei
713 2011 765 2030 non
783 2007 883 2037 oportet

92 2050 199 2084 litigare
210 2050 244 2081 “,
257 2057 307 2077 nec
323 2057 487 2084 quemquam
504 2049 644 2078 damnare.
663 2048 790 2084 Episcopi
805 2056 883 2076 nam-

92 2102 146 2130 que
162 2102 177 2121 a
195 2095 321 2129 plebibus
336 2099 363 2121 et
379 2095 462 2127 clero.
480 2099 507 2122 et
522 2094 627 2122 domini
645 2102 660 2122 a
677 2094 763 2121 servis
779 2094 882 2121 ferendi

943 217 1124 253 Satagendum
1145 225 1186 248 est
1208 221 1295 254 vobis,
1323 229 1356 248 ne
1378 221 1477 256 aliquis
1494 220 1607 248 fratrum
1625 226 1729 248 vestro-

942 272 1002 292 rum
1034 265 1151 300 graviter
1181 267 1315 294 laceretur
1343 267 1385 294 vel
1426 271 1528 302 pereat.
1561 266 1728 294 Succurrere

941 318 1005 346 ergo
1021 319 1069 339 vos
1085 317 1191 346 oportet
1203 314 1350 348 oppressis,
1363 318 1389 340 et
1405 314 1522 340 liberare
1537 321 1584 341 eos
1599 313 1633 341 dc
1645 321 1728 341 manu

940 359 1172 393 persequentium,
1191 364 1221 387 ut
1243 368 1305 387 cum
1327 361 1405 388 beato
1427 360 1479 388 Job
1506 361 1624 389 dicatis:
1641 361 1725 388 Bene-

939 404 1022 431 dictio
1037 406 1150 440 perituri
1164 415 1242 441 super
1257 415 1297 433 me
1318 407 1444 439 veniebat,
1462 413 1487 435 et
1503 417 1548 435 cor
1559 409 1645 437 vidua:
1662 417 1727 436 tan-

940 451 1042 478 solatus
1057 460 1125 478 sum.
1142 451 1380 480 lautitia-indutus
1397 463 1466 485 sunt,
1482 460 1506 482 et
1523 456 1614 482 uestiui
1630 465 1670 483 me
1685 464 1728 483 oe-

940 498 1062 525 :timento
1077 502 1101 525 ct
1117 499 1277 531 diademate,
1291 499 1395 534 judicio
1415 501 1584 528 meo.0culus
1595 502 1635 536 fui
1647 510 1727 535 meo,

939 549 963 571 et
978 552 1022 579 pes
1043 544 1149 572 claudo.
1172 545 1254 572 Pater
1288 554 1360 573 eram
1383 555 1537 581 pauperum,
1554 553 1579 574 et
1603 557 1726 582 causam,

939 598 1019 626 quam
1040 592 1195 623 nesciebam,
1213 592 1412 628 diligentissime
1435 595 1634 629 investigabum.
1652 595 1725 622 Con—

940 636 1054 663 terebam
1071 637 1153 664 molas
1170 638 1273 673 iniqui,
1300 643 1325 666 et
1350 639 1381 666 de
1396 638 1517 666 dentibus
1533 640 1607 666 illius
1625 641 1727 675 aufere-

939 683 999 710 bam
1015 683 1133 717 prwdam
1150 685 1173 700 "
1190 693 1197 712 :
1214 689 1241 711 et
1259 685 1374 720 reliqua.
1395 685 1449 713 Vos
1465 693 1542 721 ergo,
1558 687 1603 722 qui
1621 687 1648 714 in
1665 696 1727 723 spe-

939 729 999 756 cula
1015 736 1030 756 a
1044 729 1158 757 Domino
1172 731 1238 758 estis
1252 731 1342 766 positi,
1361 732 1540 766 comprimere
1554 738 1581 760 et
1595 734 1726 768 repellere

938 782 985 803 eos
1001 783 1174 811 summopere
1191 777 1304 809 debetis.
1316 778 1363 812 qui
1381 777 1512 806 fratribus
1528 778 1641 807 insidias
1657 788 1727 815 prae-

938 826 1047 856 parant,
1072 827 1119 850 aut
1144 823 1171 850 in
1197 831 1245 851 eos
1271 824 1418 852 seditiones
1441 829 1468 852 et
1497 825 1626 853 scandala
1650 827 1726 854 exci-

939 872 997 894 tant
1008 868 1040 894 ¹⁷.
1058 867 1148 895 Facile
1163 873 1205 896 est
1219 869 1290 896 enim
1305 870 1387 897 verbo
1404 869 1495 898 fallere
1504 871 1653 904 hominem,
1669 880 1726 900 non

938 917 1028 941 tamen
1047 913 1131 941 Deum
1143 915 1175 942 “.
1194 914 1257 942 Ideo
1277 916 1328 944 hos
1351 916 1491 951 repellere,
1515 921 1543 945 et
1562 917 1597 945 ab
1613 918 1656 947 his
1675 927 1726 947 vos

937 967 1033 988 cavere
1049 965 1165 995 oportet,
1183 965 1319 996 quatenus
1334 963 1467 990 exstincta
1491 961 1616 992 funditus
1630 965 1726 1000 hujus-

937 1006 1009 1033 modi
1022 1006 1146 1042 caligine,
1164 1006 1272 1034 Lucifer
1294 1008 1334 1035 eis
1352 1008 1525 1042 resplendeat
1537 1010 1571 1042 ",
1587 1014 1614 1036 et
1630 1009 1723 1038 lzetitia

937 1051 1051 1084 eriatur,
1075 1052 1241 1080 sanctissimi
1259 1052 1368 1080 fratres.
1397 1054 1463 1081 Data
1486 1054 1651 1083 duodecimo
1668 1055 1725 1083 Ka-

937 1097 1008 1124 lend.
1029 1096 1166 1130 Octobris,
1184 1097 1333 1126 Saturnino
1348 1103 1376 1126 et
1390 1098 1529 1128 Gallicano
1540 1101 1562 1116 ³⁰
1579 1101 1646 1129 viris
1661 1102 1720 1129 cla-

937 1143 1052 1172 rissimis
1066 1145 1226 1173 consulibus
1240 1145 1261 1161 ³¹
1270 1157 1278 1167 -

1217 1232 1386 1261 EPISTOLA
1407 1233 1438 1262 ll.

1085 1298 1118 1317 AD
1137 1298 1240 1317 EGYPTI
1259 1299 1407 1319 PBOVINCIE
1425 1299 1576 1321 EPISCOPOS.

970 1356 1149 1385 Charissimis
1179 1357 1311 1386 fratribus
1346 1367 1393 1394 per
1425 1359 1573 1396 Egyptum
1608 1361 1724 1392 Domino

936 1403 1115 1433 militantibus
1138 1405 1306 1434 Zernrntnus
1333 1406 1464 1435 Romanae
1488 1409 1564 1436 urbis
1589 1409 1725 1445 archiepi-

936 1456 1045 1484 scopus.

971 1494 1086 1523 Tantam
1103 1504 1117 1523 a
1135 1496 1261 1529 Domino,
1275 1497 1358 1533 hujus
1372 1504 1473 1527 sancta
1488 1500 1560 1528 sedis
1574 1505 1600 1528 et
1615 1506 1724 1536 aposto—

937 1541 996 1568 licae
1022 1541 1150 1570 Ecclesia:
1175 1542 1328 1578 fundatore,
1354 1549 1380 1572 et
1404 1545 1484 1573 beato
1500 1546 1581 1574 Petro
1602 1547 1746 1583 principo'

937 1586 1133 1621 apostolorum,
1149 1588 1305 1622 aecepimus
1320 1589 1446 1616 ﬁduciam
1458 1590 1491 1622 δ’,
1509 1594 1537 1616 ut
1549 1598 1598 1625 pro
1615 1592 1724 1618 univer-

938 1631 988 1659 sali
1012 1631 1114 1659 Christi
1137 1633 1269 1668 sanguine
1290 1633 1429 1669 redempta
1449 1634 1581 1668 Ecclesia,
1607 1635 1724 1672 impigro

939 1677 1095 1706 laboremus
1108 1678 1206 1706 affectu
1223 1679 1256 1712 ³³,
1270 1684 1298 1706 et
1313 1681 1441 1708 omnibus
1459 1680 1573 1709 Domino
1588 1681 1724 1710 famulan-

937 1723 1011 1751 tibus
1023 1732 1228 1757 succurramus,
1238 1730 1265 1752 et
1274 1727 1381 1753 cunctis
1395 1726 1439 1761 pie
1447 1726 1599 1755 viventibus
1611 1734 1723 1764 aposto-

937 1769 989 1797 lica
1019 1771 1180 1798 auctoritate
1215 1779 1294 1806 opem
1325 1771 1456 1800 feramus.
1488 1773 1589 1802 Omnes
1617 1776 1663 1810 qui
1694 1777 1722 1804 in

936 1816 1047 1844 Christo
1061 1817 1156 1845 volunt
1171 1818 1214 1852 pie
1234 1818 1325 1845 vivere
1339 1818 1372 1852 “,
1396 1827 1507 1848 necesse
1520 1826 1561 1848 est
1576 1826 1604 1849 ut
1619 1822 1654 1850 ab
1669 1823 1721 1850 im-

936 1862 989 1897 piis
1001 1867 1028 1890 et
1049 1863 1227 1891 dissimilibus
1251 1864 1389 1898 patiantur
1410 1866 1570 1901 opprobria,
1587 1872 1615 1895 et
1629 1868 1722 1904 despi-

936 1908 1043 1936 ciantur
1059 1914 1188 1944 tanquam
1214 1910 1289 1937 stulti
1313 1915 1340 1937 et
1366 1910 1467 1944 insani,
1488 1915 1518 1939 ut
1543 1912 1670 1942 meliores
1695 1920 1723 1942 et

936 1956 1107 1991 purgatiores
1128 1955 1279 1984 efficiantur
1305 1957 1353 1992 qui
1373 1957 1446 1985 bona
1473 1959 1632 1993 temporalia
1660 1967 1723 1995 per-

936 2001 1016 2033 dunt,
1032 2007 1063 2028 ut
1076 2001 1228 2037 percipiant
1251 2007 1362 2030 aeterna.
1379 2002 1481 2031 Eorum
1501 2011 1566 2032 vero
1583 2004 1722 2040 despectio

936 2052 963 2074 et
987 2047 1079 2074 irrisio
1107 2047 1135 2074 in
1171 2048 1245 2083 ipsos
1270 2049 1475 2084 retorquebitur
1501 2050 1549 2084 qui
1578 2057 1626 2078 eos
1654 2051 1722 2078 allli-

936 2098 1003 2129 gunt
1012 2097 1038 2120 et
1048 2094 1221 2122 contumeliis
1235 2094 1366 2128 alliciunt,
1379 2103 1441 2123 cum
1453 2101 1480 2123 et
1492 2096 1658 2124 abundantia
1675 2105 1721 2124 eo-

91 2145 156 2168 sunt
167 2141 200 2173 ",
219 2146 249 2168 ut
261 2141 312 2167 sub
326 2141 521 2168 exercitatione
538 2141 699 2173 tolerantiae,
728 2141 883 2168 sustinean-
898 2131 921 2159 Ῑ)
936 2147 996 2166 rum
1013 2139 1041 2166 in
1057 2144 1214 2175 egestatem,
1234 2144 1262 2168 et
1277 2141 1407 2176 superbia
1427 2142 1568 2170 transierit
1582 2142 1609 2169 in
1625 2142 1723 2171 confu-

92 2190 136 2214 tur
152 2186 326 2221 temporalia,
342 2192 485 2221 sperentur
501 2191 613 2214 aeterna.
631 2187 719 2222 Auget
734 2187 808 2214 enim
825 2194 884 2214 me-

937 2185 1041 2213 sionem
1046 2204 1053 2211 .

115 2265 137 2281 “
154 2264 420 2296 Cod.const.unica,
438 2266 457 2292 l.
478 2273 514 2296 Iv,
530 2265 570 2293 lit.
589 2265 632 2293 l6.
671 2265 692 2281 ”
713 2265 739 2292 5.
756 2268 852 2300 quaest.
870 2264 886 2291 4
901 2273 908 2291 ;
921 2264 1068 2300 Duodecim
1080 2265 1197 2300 judices.
1235 2266 1257 2281 “
1277 2273 1302 2293 tv
1317 2266 1429 2298 Carth.,
1443 2265 1487 2296 10,
1496 2269 1522 2292 ct
1534 2273 1578 2297 Ill,
1593 2266 1620 2294 7.
1659 2265 1681 2282 ⁸⁷
1692 2265 1719 2293 2.

91 2307 119 2334 q.
130 2300 168 2327 6:
184 2300 225 2327 Ad
243 2300 392 2327 Romanam
410 2301 569 2328 Ecclesium.
620 2301 641 2316 ¹⁸
661 2300 723 2328 lsai.
740 2308 819 2332 xLIx,
836 2300 879 2327 l5.

92 2336 136 2363 19.
175 2335 197 2351 ²¹
220 2335 261 2362 Al.
276 2336 425 2370 sexaginta,
441 2336 507 2363 utin
526 2344 578 2364 ms.
607 2335 694 2367 Just.;
711 2335 747 2362 al.
763 2334 1056 2370 quinquagintaLdiSt.
1075 2334 1128 2363 16:
1147 2334 1291 2370 sexaginta
1321 2336 1478 2363 sententias.

415 2372 442 2398 in
457 2370 503 2398 Ps.
515 2378 608 2398 cxvm.
647 2371 669 2386 “
688 2370 734 2397 Ps.
747 2378 825 2401 xuii,
842 2370 877 2396 22

978 2369 987 2396 l
1005 2370 1075 2397 Tim.
1090 2379 1122 2402 ιι,
1137 2371 1182 2398 24.
1221 2371 1243 2387 ’⁸
1260 2370 1385 2405 Prosperi
1398 2374 1467 2397 sent.
1483 2371 1518 2398 54
1529 2391 1537 2404 ,
1551 2378 1583 2398 ex
1604 2370 1632 2397 S.
1650 2369 1719 2405 Aug.

91 2375 162 2398 sent.
177 2371 224 2402 2i,
237 2378 270 2397 ex
284 2370 313 2397 S.
327 2371 396 2405 Aug.

92 2406 119 2433 in
135 2405 181 2433 Ps.
196 2414 289 2433 cxxtv.

339 2407 362 2421 ’⁸
378 2406 429 2433 Job
446 2414 508 2433 χχιχ
520 2406 575 2437 ,15
590 2413 667 2440 seqq.
678 2414 711 2432 ex
730 2413 801 2433 vers.
814 2405 933 2439 vulgata.

93 2440 223 2477 Doreusis
242 2441 358 2477 consult.
372 2442 390 2468 2
401 2462 408 2473 ,
421 2449 481 2477 syu.
494 2440 587 2477 linter.
613 2439 664 2477 sub
682 2440 801 2477 Μαι-[ἰηο
818 2439 828 2466 l
878 2440 906 2477 ³οᾷ
918 2440 1006 2477 Gallo.

934 2300 955 2317 "
975 2299 1051 2332 Vox,
1083 2299 1226 2334 episcopis,
1247 2301 1323 2328 abest
1342 2308 1357 2327 a
1377 2308 1429 2327 ms.
1482 2301 1505 2316 ”
1532 2300 1629 2328 Matth.
1654 2309 1699 2327 xvr
1712 2321 1719 2334 ,

1088 2301 1323 2362 ῐρὶπορίενβὶκει
1342 2308 1357 2327 a
1377 2308 1434 2341 ms.
1482 2301 1505 2316 ”
1532 2301 1629 2328 Matth.
1654 2309 1718 2342 xvrE

1122 2345 1128 2362 :
1147 2335 1291 2362 Sexaamta
1321 2340 1478 2362 sententias.
1551 2336 1574 2352 "
1593 2335 1718 2362 Prosoerl

1617 2344 1719 2370 rospert

992 2406 1014 2422 ³⁷
1033 2406 1171 2433 Nutriunt.
1228 2406 1251 2422 ³⁸
1269 2405 1336 2432 Sixti
1359 2410 1429 2433 sent.
1459 2405 1520 2433 H6.
1576 2407 1598 2422 ²⁹
1625 2405 1718 2440 Steph.

1069 2442 1090 2456 ³¹
1109 2440 1274 2468 Saturninus
1304 2441 1349 2468 hic
1377 2445 1404 2468 et
1416 2440 1509 2468 Gallus
1521 2449 1592 2468 coss.
1611 2441 1718 2468 fuerunt

93 2476 228 2511 an1l98,
250 2476 358 2503 vivente
379 2475 468 2503 adhuc
494 2475 612 2504 Victore.
650 2476 672 2492 ³³
692 2475 720 2502 S.
746 2475 819 2508 Leo,
835 2483 879 2510 ep.
893 2475 938 2502 24.
971 2476 993 2492 ³³
1010 2476 1122 2504 Eﬂ'ectu.
1157 2476 1178 2491 “
1196 2476 1225 2504 S.
1238 2475 1365 2511 Prosperi
1381 2480 1451 2504 sent.
1468 2477 1512 2509 52,
1536 2484 1570 2503 ex
1593 2476 1621 2502 S.
1648 2476 1719 2511 Aug.

93 2511 122 2539 in
132 2510 178 2539 Ps.
189 2519 275 2539 cxxu.

129 2581 168 2617 (5)
189 2581 224 2609 Ει
247 2581 275 2608 in
300 2581 450 2608 constitutis
474 2581 664 2616 apostolorum.
687 2579 721 2607 75
742 2578 881 2617 Canoneni

92 2614 281 2654 apostolorum
295 2616 430 2654 intelligit,
443 2614 497 2654 quo
513 2617 689 2654 constitutum
702 2619 766 2654 est._
780 2614 881 2654 ut_epi-

93 2649 216 2687 scopales
233 2649 394 2688 causze_nori
405 2649 459 2679 nisi
473 2653 507 2679 ab
525 2652 661 2688 episcopis
676 2649 879 2688 superioribus,

93 2682 234 2720 conciliis,
253 2692 301 2714 aut
321 2686 444 2714 Boruano
464 2682 592 2722 pontilice
608 2682 800 2719 diiudicentur.
817 2682 881 2710 Vide

94 2723 293 2786 qusgixlgllzs
312 2722 350 2749 ibi
372 2723 398 2749 in
419 2723 492 2750 notis
512 2722 546 2749 ad
568 2722 728 2758 pradictum
749 2726 879 2747 canoncm

131 2777 138 2784 .
151 2766 216 2786 διν.
231 2766 292 2785 DIN.

129 2794 166 2828 (6)
186 2793 363 2830 Septuaginta
378 2793 447 2830 enim
467 2792 580 2830 apostoli
597 2791 739 2830 sententias
758 2789 879 2830 preﬁnge-

97 2824 163 2856 runt.
189 2824 249 2855 Alia
267 2824 394 2863 qbaedam
419 2824 498 2855 lectio
522 2828 622 2858 habet.
646 2825 805 2860 sexaginta,
826 2824 879 2851 alia

97 2864 308 2900 quinquaginta;
330 2863 427 2897 quovis
453 2863 533 2891 modo
561 2863 681 2895 legatur,
700 2868 795 2890 verum.
823 2864 880 2894 est,

933 2579 1005 2613 quod
1021 2586 1068 2614 per
1084 2578 1134 2606 has
1153 2578 1302 2606 sententias
1314 2599 1321 2612 ,
1337 2585 1456 2606 canones
1473 2577 1659 2613 apostolorum
1677 2578 1720 2606 in-

934 2614 1192 2649 telligatsquorum
1215 2621 1362 2646 numerus,
1385 2614 1452 2649 licet
1469 2613 1721 2648 quinquagenarius

932 2654 1035 2676 tantum
1059 2648 1150 2682 fuerit,
1184 2654 1213 2676 ut
1242 2657 1325 2684 supra
1347 2649 1374 2676 in
1397 2648 1470 2676 notis
1494 2649 1596 2676 nostris
1621 2649 1720 2676 ibidem

932 2685 1111 2716 ostendimus,
1133 2690 1240 2716 tamen,
1263 2683 1326 2719 quia
1347 2692 1401 2710 uno
1420 2690 1525 2719 canone
1555 2683 1720 2718 quandoque

931 2720 1021 2758 plures
1038 2720 1178 2747 sententiae
1187 2717 1471 2758 comprehenduntur,
1490 2717 1529 2758 60_
1544 2717 1590 2746 aut
1609 2718 1643 2746 70
1658 2717 1721 2758 sen-

932 2755 1076 2781 tentiarum
1089 2755 1300 2789 apostolicarum
1317 2761 1448 2781 numerus
1458 2772 1465 2784 ,
1483 2754 1719 2789 quinquagenaria

933 2788 1129 2825 apostolorum,
1141 2797 1276 2818 canonum
1301 2796 1433 2822 numero,
1463 2788 1530 2815 nihil
1559 2788 1648 2817 obstat
1674 2795 1721 2817 aut

934 2825 1101 2860 prajudicat.
1119 2824 1160 2854 lo.
