1883 3056
151 130 184 158 ω
751 128 853 156 CAlUS
870 126 1070 155 PRESBYTER
1089 127 1231 156 ROMANI]
1237 127 1266 155 3.
1730 127 1768 155 Ξι)

148 187 224 222 scopi
241 188 324 215 creati
339 188 384 224 qui
399 188 511 223 gentiles
530 191 727 216 converterent.
746 188 786 215 lbi
802 187 930 215 Ecclesize
944 188 965 214 A
980 187 1031 214 tari
1049 194 1103 214 non
1115 186 1204 214 debet.
1223 185 1352 219 Quamvis
1366 186 1438 213 enim
1454 185 1589 214 Eusebius
1600 193 1650 214 nec
1663 193 1765 213 nomen

149 233 294 268 episcopos
314 239 474 269 receperunt
493 244 500 262 :
517 234 561 262 hic
575 234 706 269 episcopi,
721 241 791 269 quas
806 238 930 269 regerent

149 279 285 307 Ecclesias
308 280 464 307 fundarunt.
489 279 636 308 Ordinatos
660 285 803 315 propterea
833 279 929 315 primis

148 324 276 352 Ecclesiae
290 326 456 360 temporibus
469 325 496 353 in
509 325 665 360 Occidente,
682 334 736 353 non
752 326 832 353 modo
849 329 930 353 certae

148 371 236 406 gentis
248 379 308 406 qua:
323 371 349 398 in
366 371 418 399 title
431 371 534 399 erudiri
550 372 671 403 deberet,
692 373 738 400 sed
753 373 835 400 etiam
858 379 931 399 crea-

147 422 190 444 tos
203 425 255 444 non
278 422 358 444 certa:
377 417 465 452 gentis
485 426 537 446 nec
551 422 633 446 certa:
657 418 776 454 regionis
788 418 929 453 episcopos

148 461 281 493 novimus,
294 461 340 496 qui
357 461 483 496 gentibus
495 462 682 496 praedicantes,
695 462 739 489 ubi
751 462 930 490 consisterent

147 507 183 534 ibi
199 511 300 534 certam
323 508 375 535 sibi
392 508 483 535 sedem
502 508 658 536 tundarent.
682 508 747 543 Ejus
764 508 813 540 rei,
828 513 854 535 et
868 512 930 543 post

145 553 292 587 apostolica
307 558 428 588 tempora
441 554 467 580 in
483 554 606 581 moribus
622 554 725 589 positae,
737 559 763 581 et
774 555 807 581 ab
820 558 930 589 aposto-

145 599 178 625 lis
197 599 291 634 procul
307 599 391 626 dubio
404 600 530 632 ﬂuentis,
552 605 654 627 certum
673 601 865 627 documentum
882 607 929 627 ex-

145 644 218 671 hibet
234 644 350 673 Photius
366 645 454 673 7°...ld
469 654 565 680 nempe
578 646 612 674 ab
627 646 705 673 initio
719 646 882 678 obtinuerat,
900 651 930 674 ut

144 685 303 725 hnjusmodi
326 689 466 726 Evangelii
480 692 640 723 emissariis,
658 691 732 719 orbis
742 692 882 727 gentilium
895 692 929 720 ad

144 735 283 764 Christum
310 741 523 770 converteretur,
551 737 597 772 qui
626 736 755 765 Romanae
769 738 847 773 [sedis
869 744 930 765 tan-

144 789 227 814 quam
241 782 401 817 metropolis
411 783 532 810 colonias
541 782 568 810 tu
574 782 686 810 ndarent
697 783 723 810 in
734 783 889 817 Occidente,
896 784 929 811 de

144 826 244 860 quibus
258 826 432 855 Innocentius
452 827 461 854 l
485 829 566 863 epist.
582 828 616 855 ad
640 828 796 856 Decentium
811 829 929 865 Eugubi-

981 233 1101 261 auctoris
1113 240 1162 260 nec
1178 232 1240 259 libri
1255 232 1362 259 titulum
1376 240 1408 259 ex
1422 240 1477 267 quo
1489 237 1615 266 excerpta
1630 232 1765 259 vei-batim

981 279 1163 313 transcripsit,
1181 283 1384 308 commemoret.
1400 278 1507 305 titulum
1529 283 1619 305 tamen
1637 278 1699 305 libri
1713 285 1765 305 eo-

980 323 1138 360 gnoscimus
1159 323 1266 358 μικρὸν
1285 323 1468 356 Λαϐύρινθον
1494 322 1586 350 fuisse.
1613 321 1681 349 Nam
1708 330 1764 349 non

980 374 1084 397 tantum
1095 368 1263 403 Nicephorus
1273 367 1391 395 allirmar
1401 368 1434 400 ⁸ο,
1445 368 1489 394 τὸν
1496 368 1604 402 μικρὸν
1619 368 1766 404 εἰρημένον

982 414 1347 449 Aaé’ziptrﬂorredarguisse
1358 414 1553 441 absurditatem
1567 415 1723 441 Artemonis
1738 420 1767 440 et

981 460 1125 492 Theodoti,
1144 467 1225 494 quam
1250 459 1343 486 beatus
1359 457 1453 486 Victor
1466 459 1655 494 'depngnavit;
1675 459 1722 486 sed
1737 463 1765 485 et

980 505 1168 534 Theodoretus
1182 505 1204 520 '“
1223 505 1304 532 trium
1322 505 1512 540 pcricoparum
1529 505 1600 540 apud
1614 504 1765 532 Eusebium

980 560 1115 580 summam
1131 560 1165 578 ex
1181 559 1261 586 parvo
1269 550 1430 586 Labyrintho
1446 551 1565 582 deducit,
1582 552 1615 579 de
1624 551 1766 579 Theodoto

979 606 1072 633 agens.
1102 597 1215 624 Parvum
1236 602 1327 625 autem
1352 597 1425 625 hunc
1446 596 1766 632 Labyrinthztanhotius

980 644 1060 671 Γαΐου
1074 644 1184 680 πόνημα
1201 644 1323 679 agnoscit
1338 644 1360 660 ⁸⁷
1372 665 1380 677 ,
1397 645 1429 680 τῇ
1445 644 1558 680 ἀληθείᾳ
1571 644 1652 671 αὐτοῦ
1670 653 1765 671 συντε-

981 689 1104 724 ταχότος,
1124 688 1193 724 quod
1209 697 1236 716 re
1250 697 1311 716 uera
1327 689 1371 716 ille
1392 691 1544 724 composuit,
1562 691 1608 724 qui
1625 695 1652 718 et
1674 690 1766 717 διάλε-

980 736 1021 768 ξιν
1035 740 1130 763 contra
1142 735 1288 762 Proculum
1306 735 1497 763 Montanistam
1523 737 1616 763 edidit.
1632 746 1641 762 ι
1670 736 1768 765 Hacte-

979 790 1032 809 nus
1048 782 1089 808 vir
1105 781 1237 809 eruditus.
1253 781 1329 809 Haud
1344 781 1423 809 velim
1437 786 1526 809 tamen
1542 783 1652 811 omittas
1664 791 1725 818 quae
1737 784 1766 811 in

979 827 1101 854 eamdem
1117 827 1280 855 sententiam
1300 827 1447 854 observant
1460 827 1612 855 doctissimi
1629 829 1691 861 viri,
1710 828 1767 855 Til-

144 880 210 899 num
228 873 285 900 haec
301 873 383 901 habet
403 882 410 902 :
432 874 533 909 Legam
555 875 578 901 si
594 875 621 901 in
635 875 674 901 his
694 876 836 910 provinciis
858 876 927 904 alius
943 873 965 903 Β
979 873 1124 900 lentontius
1132 873 1165 905 “,
1181 872 1307 899 Historia:
1320 873 1459 900 litterario:
1471 872 1580 901 Gallica:
1596 874 1765 908 auctores",

145 919 325 953 apostolorum
342 920 484 953 invenitur,
501 925 546 947 aut
563 921 658 956 legitur
669 922 798 950 docuisse.
814 923 890 955 Quod
905 924 928 950 si

145 972 195 991 non
214 965 312 1000 legant,
335 967 397 1001 quia
412 975 541 1001 nusquam
553 967 699 1001 invenitur,
714 973 812 1002 oportet
824 977 866 995 eos
881 969 928 996 hoc

145 1011 217 1045 sequi
234 1011 303 1046 quod
319 1010 437 1038 Romana
451 1011 571 1040 Ecclesia
587 1013 712 1046 custodit,
728 1022 745 1040 a
758 1022 810 1048 qua
823 1022 865 1041 eos
874 1014 928 1041 ini-

102 1078 106 1082 .
145 1057 210 1083 tium
232 1058 362 1091 accepisse
385 1067 435 1085 non
451 1059 559 1086 dubiant
580 1064 628 1087 est.
649 1070 658 1085 ι
674 1059 811 1088 Hactenus
825 1061 867 1087 vir
880 1061 929 1088 do-

145 1105 216 1129 ctus.
230 1101 283 1129 Sed
296 1101 347 1130 hac
358 1103 392 1130 de
402 1111 430 1130 re
442 1102 645 1131 Tilieinontium
656 1111 763 1139 quoque
771 1104 926 1132 consulas“

144 1145 236 1173 velim.

180 1190 211 1218 li.
228 1191 332 1219 Claruit
344 1192 436 1226 Caius,
457 1193 498 1220 vir
522 1194 718 1221 disertissimus
730 1215 738 1228 ,
766 1193 928 1229 λογιώτατος

144 1237 215 1273 ἀνὴρ
228 1238 261 1270 ⁷⁷,
278 1239 328 1265 sub
340 1238 493 1275 Zephyrino
512 1239 643 1267 Romanae
660 1240 736 1268 urbis
745 1241 883 1276 episcopo,
898 1245 929 1268 ut

144 1287 206 1316 post
219 1282 366 1311 Eusebium
385 1285 407 1300 "
419 1285 500 1312 tradit
511 1290 623 1314 sanctus
639 1285 819 1322 Hieronymus
832 1287 865 1320 ⁷⁸,
877 1286 929 1314 An-

146 1329 239 1356 tonino
254 1328 392 1357 Caracalla
409 1331 568 1366 imperante,
593 1331 619 1358 id
632 1337 683 1364 est,
699 1332 799 1359 saeculo
827 1339 858 1359 ιιι
886 1333 929 1358 in-

145 1378 235 1408 eunte,
249 1375 305 1402 sive
312 1375 383 1403 circa
395 1384 456 1403 tem
466 1376 584 1411 vulgaris
597 1384 697 1403 annum
709 1377 771 1404 212.
785 1376 858 1404 Inter
869 1377 929 1411 ejus

146 1421 246 1455 scripta
274 1421 426 1451 celebratur
454 1422 605 1457 Disputatio
633 1423 763 1450 adversus
782 1422 927 1450 Proculum

145 1465 264 1494 Montani
279 1473 450 1500 sectatorem,
477 1477 558 1503 quam
583 1469 657 1496 valde
678 1469 807 1504 insignem
826 1468 929 1496 Doctor

146 1513 292 1546 maximus;
301 1519 465 1546 accuratam,
475 1515 630 1546 σπουδαίαν,
640 1515 753 1542 Photius
763 1515 879 1550 appellat
886 1515 910 1530 ”
920 1524 926 1541 :

145 1558 224 1593 cujus
241 1558 390 1594 fragmenta
405 1568 439 1587 ex
452 1559 568 1587 Eusebio
579 1560 782 1595 descripsimus.

183 1604 289 1640 Stylum
305 1605 369 1632 item
388 1605 532 1633 strinxisse
548 1605 630 1633 Caius
651 1606 782 1634 adversus
806 1607 917 1634 Artemo

147 1650 190 1678 nis
204 1650 342 1683 haeresim,
359 1658 492 1686 suamque
507 1652 723 1680 lucubrationem
740 1661 849 1688 parvum
874 1652 914 1679 La

147 1696 299 1731 byriuthum
326 1695 511 1731 inscripsisse,
537 1705 569 1724 ex
596 1703 718 1725 veterum
747 1699 931 1727 monumentis

148 1741 314 1776 perhibetur.
331 1741 418 1777 Hujus
433 1742 541 1777 quidem
556 1743 650 1778 scripti
668 1743 719 1770 tria
736 1743 855 1779 insignia
877 1744 933 1771 fra-

148 1793 255 1823 gmenta
271 1789 349 1816 nobis
359 1790 475 1817 servavit
489 1789 623 1817 Eusebius
637 1790 677 1822 ";
699 1790 745 1824 qui
765 1794 854 1817 tamen
873 1794 930 1817 tum

147 1834 268 1863 auctoris
282 1842 393 1868 nomen,
406 1839 462 1862 tum
485 1835 575 1870 operis
597 1835 706 1862 titulum
735 1835 839 1863 reticet.
862 1835 932 1863 Hinc

148 1880 272 1909 nonnulli
284 1881 356 1915 apud
375 1880 576 1908 Theodoretum
592 1881 613 1897 ⁷⁷
629 1881 738 1916 Origeni
750 1889 819 1916 opus
834 1889 932 1916 perpe-

148 1933 205 1951 ram
224 1926 351 1953 tribuisse
368 1931 529 1954 noscuntur.
546 1926 592 1954 Sic
605 1926 676 1953 enim
704 1927 764 1954 ille:
790 1926 867 1953 Κατὰ
883 1926 933 1962 τῆς

146 1971 248 1999 τούτων
262 1972 392 2007 αἱρέσεως
412 1973 426 1999 ὁ
442 1972 565 2007 σμικρὸς
576 1972 729 2008 συνεγράφη
742 1972 932 2006 Λαϐύρινθος,

148 2018 177 2044 ὃν
190 2027 260 2049 τινες
283 2019 434 2053 Ὠριγένους
461 2018 679 2054 ὑπολαμϐάνουσι
701 2018 826 2053 πόνημαι·
851 2017 907 2044 ἀλλ’
920 2018 935 2044 ὁ

149 2065 292 2100 χαρακτὴρ
307 2064 413 2100 ὲλὲγχει
426 2064 489 2096 τοὺς
503 2064 640 2098 λέγοντας.
665 2073 674 2089 ι
694 2063 795 2091 Contra
819 2064 933 2093 istorum

149 2110 317 2147 (Artemonis
333 2114 360 2139 et
375 2109 507 2138 Theodoti
533 2110 654 2144 coriarii)
676 2110 799 2138 haeresim
814 2110 936 2137 conseri.

148 2162 211 2193 ptus
222 2161 264 2185 est
271 2165 367 2192 parvus
376 2156 567 2192 Labyrinthus,
576 2164 657 2191 quem
669 2156 793 2183 nonnulli
809 2155 935 2191 Origenis

979 926 1029 946 nec
1046 927 1099 946 non
1115 918 1311 953 Wesselingius
1325 919 1358 945 ⁸⁸.

1014 963 1058 991 ill.
1073 963 1174 999 Tribus
1189 964 1303 998 hujusce
1318 963 1409 999 operis
1438 965 1574 999 excerptis
1601 964 1766 993 Eusebianis

979 1018 1040 1046 quae
1054 1018 1117 1037 cum
1132 1010 1205 1037 notis
1220 1009 1319 1037 Valesii
1335 1014 1361 1036 et
1376 1009 1513 1037 Coutantii
1524 1010 1698 1045 protulimus,
1712 1010 1766 1037 [ηι-

978 1061 1115 1092 gmentum
1127 1056 1285 1091 acephalum
1302 1055 1334 1082 de
1345 1055 1451 1083 Conone
1463 1064 1600 1083 sacrarunt
1612 1055 1767 1091 Scriptura-

979 1110 1037 1129 rum
1053 1102 1216 1134 addidimus,
1235 1102 1307 1129 haud
1332 1102 1368 1129 ita
1387 1102 1491 1137 pridem
1520 1110 1535 1130 a
1562 1102 1595 1130 ci.
1613 1102 1767 1130 Muratorio

978 1147 1150 1182 cvuigatum:
1173 1147 1252 1181 cujus
1279 1147 1393 1182 proinde
1418 1147 1550 1174 monitum
1569 1147 1613 1175 hic
1629 1155 1768 1183 apponere

978 1201 1067 1228 operae
1080 1193 1196 1228 pretium
1212 1193 1411 1220 existimamus.
1423 1192 1469 1220 Sic
1483 1197 1573 1220 autem
1587 1201 1616 1220 se
1631 1193 1712 1220 habet
1721 1194 1746 1210 ⁸⁸
1759 1203 1766 1220 :

982 1247 991 1264 ι
1009 1238 1137 1265 Asservat
1160 1238 1340 1265 Ambrosiana
1367 1237 1577 1266 Mediolanensis
1600 1238 1767 1266 bibliotheca

980 1285 1217 1312 membranaceum
1233 1284 1364 1317 codicem,
1379 1292 1394 1311 e
1409 1284 1536 1312 Bobieusi
1550 1289 1702 1319 acceptum,
1718 1293 1768 1312 cu-

978 1331 1023 1366 jus
1038 1331 1188 1365 autiquitas
1201 1338 1276 1364 paene
1291 1330 1323 1357 ad
1350 1338 1438 1358 annos
1466 1330 1540 1358 mille
1554 1331 1681 1358 accedere
1697 1331 1767 1358 mihi

980 1377 1038 1404 visa
1054 1381 1104 1404 cst.
1123 1376 1245 1411 Scriptus
1262 1376 1334 1403 enim
1362 1375 1412 1402 fuit
1437 1376 1536 1403 litteris
1556 1376 1716 1411 majusruiis
1740 1381 1768 1403 et

980 1423 1130 1457 quadratis.
1151 1422 1260 1450 Titulus
1289 1422 1416 1457 praetixus
1443 1422 1534 1449 omnia
1550 1423 1645 1450 tribuit
1667 1421 1767 1450 Joanni

980 1469 1234 1504 Chrysostomo,sed
1244 1469 1389 1495 immerito.
1402 1467 1525 1495 Mutilum
1535 1469 1561 1495 in
1573 1468 1704 1503 principio
1719 1476 1764 1495 co-

980 1515 1067 1542 dicem
1081 1514 1310 1549 deprehendi.
1329 1514 1368 1541 Ex
1386 1515 1437 1542 hoc
1451 1522 1515 1550 ergo
1537 1515 1631 1542 codice
1647 1522 1697 1549 ego
1717 1515 1767 1542 de-

981 1561 1068 1595 cerpsi
1083 1560 1264 1596 fragmentum
1280 1560 1512 1595 antiquissimum,
1527 1561 1560 1588 ad
1575 1561 1713 1588 Canonem
1724 1561 1768 1588 di-

981 1606 1106 1634 vinarum
1121 1606 1321 1641 Scripturarum
1332 1610 1468 1641 spectans.
1481 1605 1554 1633 Nulli
1568 1607 1712 1642 diligentiae
1724 1615 1769 1642 pe-

984 1653 1059 1688 perci
1088 1656 1118 1679 ut
1141 1652 1201 1686 ejus
1218 1657 1357 1679 auctorem
1375 1652 1528 1687 detegerem
1546 1672 1553 1685 ,
1571 1653 1707 1687 simulque
1722 1661 1768 1680 re-

981 1698 1078 1726 scirem
1097 1706 1160 1725 num
1175 1698 1307 1725 hactenus
1321 1698 1423 1725 editqu
1439 1698 1530 1725 fuerit.
1556 1697 1614 1726 Nisi
1631 1706 1675 1725 me
1688 1698 1768 1726 fefel-

981 1743 1071 1771 lerunt
1093 1743 1177 1774 oculi,
1196 1748 1243 1770 aut
1269 1743 1451 1778 complurium
1479 1744 1612 1770 librorum
1642 1744 1771 1772 defectus

981 1797 1062 1824 quem
1080 1797 1133 1816 non
1148 1790 1233 1817 semel
1249 1789 1339 1822 doleo,
1356 1797 1490 1823 nusquam
1511 1790 1673 1824 deprehendi
1688 1791 1768 1817 evul—

982 1839 1088 1870 gatum;
1103 1843 1136 1862 ac
1150 1840 1290 1870 propterea
1303 1843 1364 1870 spes
1384 1835 1451 1862 mihi
1466 1841 1600 1870 superest,
1616 1836 1673 1863 fore
1690 1842 1719 1863 ut
1732 1837 1766 1863 li-

983 1881 1092 1908 bentius
1107 1889 1122 1908 a
1141 1882 1291 1909 lectoribus
1306 1881 1468 1915 excipiatur,
1497 1889 1529 1908 ac
1544 1881 1678 1916 praecipue
1692 1883 1770 1917 quod

984 1927 1172 1961 antiquitatem
1185 1927 1304 1954 redoleat
1320 1926 1438 1953 maxime
1448 1927 1641 1954 venerabilem.
1658 1926 1686 1954 Si
1700 1936 1766 1954 con-

981 1971 1114 2006 jecturam
1131 1979 1217 1998 meam
1227 1979 1352 1998 exserere
1367 1971 1408 1998 fas
1421 1975 1471 2003 est,
1486 1971 1513 1998 in
1526 1972 1597 1998 illam
1610 1972 1768 2007 opinionem

983 2016 1067 2049 feror,
1086 2017 1228 2045 tribuenda
1245 2017 1302 2044 hinc
1316 2025 1375 2045 esse
1404 2017 1469 2044 Caio
1495 2016 1620 2045 Ecclesia:
1641 2017 1771 2045 Romam

983 2063 1142 2098 presbytero,
1161 2064 1206 2099 qui
1219 2063 1265 2089 sub
1282 2063 1384 2090 Victore
1394 2068 1417 2090 et
1429 2063 1575 2099 Zephyriuo
1587 2065 1768 2099 pontiﬁcibus,

985 2113 1052 2137 teste
1066 2109 1163 2136 Photio
1180 2110 1213 2142 ⁸⁷,
1231 2110 1283 2137 hoc
1298 2114 1350 2142 est,
1364 2110 1411 2144 qui
1431 2110 1539 2137 circiter
1558 2118 1659 2137 annum
1686 2111 1767 2137 ωηι-

986 2156 1021 2183 sti
1037 2155 1086 2184 l96
1101 2155 1201 2184 ﬂoruit.
1221 2155 1436 2190 Disputationem
1455 2157 1513 2183 Caii
1541 2156 1631 2188 istius,
1648 2156 1770 2183 disertis-

147 2211 218 2241 opus
229 2211 289 2231 esse
302 2208 415 2238 putant:
432 2203 478 2230 sed
491 2211 538 2231 eos
552 2204 598 2238 qui
609 2204 661 2230 hoc
672 2203 775 2234 dicunt,
790 2201 875 2237 stylus
889 2209 932 2228 re-
947 2210 969 2238 ι)
985 2202 1046 2228 simi
1059 2201 1119 2234 viri,
1131 2201 1248 2228 habitam
1265 2201 1355 2229 Roma:
1380 2201 1538 2236 temporibus
1559 2201 1702 2236 Zepliyrini
1719 2202 1770 2228 αιιυ

150 2251 267 2286 darguit.
281 2260 290 2276 ι
301 2250 394 2285 Neque
410 2250 488 2281 aliter
502 2249 626 2279 Photius.
641 2249 767 2283 Plerique
787 2253 876 2277 tamen
890 2256 935 2274 re-
984 2256 1074 2274 uersus
1098 2246 1223 2275 Proclum
1249 2248 1387 2282 quemdam
1412 2247 1639 2283 Cataplirygarum
1661 2249 1769 2276 liazresis

149 2295 301 2323 eeutiorum
318 2295 466 2330 genuinum
487 2294 559 2322 fetus
575 2299 715 2332 parentem
729 2294 826 2321 Caium
837 2300 937 2328 agnos—
984 2299 1216 2329 propugnatorem,
1238 2297 1373 2319 memorat
1387 2292 1522 2321 Eusebius
1537 2294 1713 2321 Caesariensis
1729 2295 1768 2329 ti‘;

149 2340 227 2369 cunt.
252 2341 366 2376 Jamque
393 2349 449 2369 rem
472 2340 622 2369 coniecisse
644 2341 752 2368 videtur
768 2339 937 2366 Pearsonius

150 2387 193 2415 his
207 2387 296 2415 verbis
306 2387 343 2414 7":
359 2395 369 2412 ι
381 2386 451 2421 Quin
461 2387 578 2422 scriptor
591 2387 636 2422 qui
645 2386 775 2419 adversus
783 2385 938 2413 Artemonis

149 2434 275 2462 lueresim
293 2433 345 2461 sub
367 2432 520 2468 Zephyrino
543 2432 664 2467 scripsit,
682 2431 753 2458 idem
774 2430 855 2458 fuerit
872 2437 935 2457 cum

151 2488 186 2508 eo
210 2480 256 2515 qui
283 2480 334 2507 sub
356 2479 496 2506 Antonino
525 2478 617 2506 Severi
639 2477 694 2505 tilio
719 2477 931 2512 disputationem

150 2534 213 2554 cum
229 2526 346 2556 Proculo
364 2525 529 2555 Montanista
547 2524 620 2558 iniit,
632 2531 729 2558 nempe
743 2523 837 2555 Caius,
853 2522 933 2550 dubi-

199 2606 222 2621 "
245 2604 324 2632 Phot.
351 2604 421 2631 Bibl.

152 2646 220 2667 tom.
251 2639 272 2667 sl
290 2661 297 2670 ,
323 2648 383 2674 pag.
413 2639 467 2666 2'55
484 2659 491 2671 ,
520 2643 572 2665 art.
595 2638 642 2674 κεῖ,

464 2603 526 2631 cod.
547 2603 593 2635 ὃὸ,
623 2601 668 2629 ubi
692 2602 726 2629 de
749 2601 825 2634 Caio,
852 2602 931 2636 cujus
959 2601 1011 2628 loci
1026 2601 1121 2628 ‘verba
1154 2600 1239 2636 modo,
1265 2601 1417 2636 retulimus.

676 2645 723 2672 sur
749 2637 774 2664 la
804 2637 939 2672 perséeut.
971 2637 1108 2663 d’Adrien.

152 2676 196 2703 20.
235 2675 258 2690 "
274 2674 310 2701 id.
324 2671 395 2706 ibid,
409 2674 455 2701 lib.
473 2682 502 2706 ιι,
516 2681 575 2707 cap.
591 2673 635 2700 25.
651 2672 676 2707 ⁷⁸
692 2671 814 2705 Hierom,
832 2672 869 2701 De
882 2673 934 2699 vir.
951 2672 1060 2703 iiiustr.,
1071 2679 1130 2705 cap.
1141 2671 1184 2698 59.
1222 2671 1363 2707 ’fl’hotal.
1384 2678 1409 2698 c.

987 2340 1014 2367 in
1031 2347 1084 2374 qua
1100 2339 1143 2366 ille
1156 2339 1220 2366 dum
1236 2339 1454 2366 adversariorum
1469 2339 1496 2366 in
1512 2341 1705 2375 componendis
1717 2349 1769 2368 no-

986 2386 1027 2413 vis
1041 2384 1188 2419 Scripturis
1197 2384 1376 2411 temeritatem
1388 2389 1415 2411 et
1431 2385 1572 2412 audaciam
1583 2386 1702 2420 sugillat,
1716 2387 1770 2413 τῶν

987 2431 1041 2463 τοῦ,
1062 2430 1133 2466 ἱεροῦ
1153 2430 1312 2458 Ἀποστὸλου
1336 2430 1485 2466 δεκατριῶν
1509 2431 1596 2466 μόνων
1622 2432 1771 2459 ἐπιστολῶν

987 2477 1158 2514 μνημονεύει,
1179 2477 1228 2512 τὴν
1260 2477 1328 2512 πρὸς
1349 2476 1489 2511 Ἐϐραίους
1505 2477 1541 2513 μὴ
1568 2478 1772 2514 συναριθμήσας

984 2525 1045 2555 ταῖς
1059 2523 1177 2554 λοιπαῖς
1194 2522 1255 2552 ἐπεὶ
1267 2523 1314 2550 καὶ
1330 2523 1369 2554 εἰς
1381 2522 1459 2559 δεῦρο
1480 2523 1554 2559 παρὰ
1577 2524 1718 2559 Ῥωμαίων
1732 2534 1772 2551 τι-

1488 2601 1510 2616 ⁷¹
1537 2600 1655 2633 Tillem.,
1686 2601 1770 2630 Mem.

1185 2635 1321 2662 “Euseb.
1350 2635 1417 2662 llist.
1458 2635 1524 2663 eccl.
1552 2637 1599 2663 lib.
1634 2644 1671 2669 vt,
1710 2646 1771 2673 cap.

1222 2671 1330 2697 "l’hot.
1345 2671 1363 2697 l.
1384 2678 1409 2698 c.
1457 2671 1598 2704 7“Euseb.,
1624 2670 1694 2698 Hist.
1713 2680 1771 2700 ecc.

153 2711 198 2737 lib.
213 2718 241 2743 v,
257 2717 316 2743 cap.
338 2710 383 2737 28.
423 2709 444 2725 ⁷⁷
469 2705 805 2743 Τιιεοῧοιηᾘωπειί-ΐιιι).
829 2707 920 2743 Ιίὺεῄιι,

1014 2706 1081 2743 ὅκῃ.
1094 2706 1158 2737 2U".
1194 2706 1216 2722 ⁷⁸
1229 2705 1392 2743 APhot..l.__c.
1429 2706 1450 2743 ⁷⁸
1467 2705 1607 2743 Pearson.,
1625 2712 1772 2743 opp.7post.

155 2745 268 2772 Dissert.
285 2745 312 2774 2,
328 2752 388 2778 cap.

154 2781 171 2807 ι.
190 2789 213 2807 c.
251 2779 274 2795 ⁸³
290 2777 407 2812 Tillem.,
421 2777 522 2809 Mem,
541 2777 561 2806 ιζ
575 2777 619 2810 Ill,

157 2858 237 2887 St'qq.

407 2743 463 2784 l_,_§
476 2745 503 2776 5,
515 2742 649 2784 pag.__l.48.
688 2742 710 2757 ⁸ο
726 2741 849 2784 l‘ijcephx
862 2741 936 2784 Hist.
948 2740 1023 2784 feel.
1039 2740 1086 2784 lib.
1101 2749 1211 2784 rv,£ap.
1226 2740 1270 2767 26.
1292 2741 1330 2784 1'"
1349 2740 1495 2784 Theodori,
1522 2742 1541 2769 i.
1567 2749 1592 2768 c.

1657 2743 1678 2757 "
1691 2742 1773 2770 Phot.

767 2779 773 2793 :
792 2776 799 2777 ί
823 2777 846 2793 υ
862 2777 918 2793 υἷι-ο

1014 2785 1020 2792 ι
1044 2777 1077 2793 Α..
1104 2777 1125 2793 1η
1145 2776 1248 2793 πιιιηιιιι
1291 2780 1345 2793 liun
1380 2776 1387 2793 1
1433 2780 1489 2793 ΙιιὶιιΙ
1532 2784 1541 2793 1
1573 2784 1624 2793 mu.
1650 2777 1702 2793 2K0
1750 2778 1761 2793 θ

154 2781 171 2807 i.
190 2789 213 2807 c.
251 2779 274 2795 ⁸³
290 2775 407 2812 Tillem.,
421 2775 523 2809 Mirm..-
541 2775 562 2806 ιῘ
575 2777 619 2810 Ill,
650 2785 710 2812 pag.
724 2775 800 2804 Uti.-
823 2777 846 2793 “
861 2777 924 2803 Hist.

154 2813 393 2852 \Vi-sselingu_lih.
411 2813 546 2852 Eropabil.
563 2821 623 2852 cap.
636 2812 682 2852 ἓξ..
795 2812 856 2852 113i,
874 2812 923 2839 177

1014 2785 1028 2803 ·.
1044 2777 1077 2804 de
1104 2777 1127 2803 ia
1145 2776 1260 2808 France,
1291 2780 1356 2802 tom.
1380 2775 1400 2808 1,
1432 2780 1501 2810 part.
1532 2784 1551 2810 ι,
1588 2784 1632 2812 ag.
1650 2777 1712 2804 559.
1750 2778 1773 2794 ⁸⁸

1017 2817 1098 2844 urat.,
1113 2812 1221 2852 Antiqq.
1238 2810 1294 2838 ital.
1307 2811 1378 2839 med.
1401 2819 1462 2845 ων..
1476 2815 1543 2840 tom.
1559 2784 1603 2845 ill,
1631 2818 1691 2847 pag.
1718 2813 1770 2841 851

277 2847 404 2881 'VPhot.,
416 2848 484 2877 Bibl.
496 2849 556 2877 eod.
572 2848 615 2876 48.
655 2849 677 2864 ⁸³
691 2847 802 2882 Euseb.,
814 2847 881 2876 liist.
897 2855 924 2876 ec

1014 2858 1027 2875 ι,
1041 2854 1079 2879 vr,
1094 2854 1156 2881 cap.
1170 2848 1215 2874 2U.

1595 2831 1603 2845 ,
1631 2818 1691 2847 pag.
1718 2813 1770 2841 851
