1883 3056
129 98 160 126 21
881 91 949 122 NOT

1004 91 1032 119 Α.

1718 88 1758 114 ες

131 156 181 188 etv,
195 154 225 182 οὗ
240 155 388 191 νομίζεται
401 155 447 183 τοῦ
473 154 634 182 Ἀποστόλου
660 152 820 188 τυγχάνεινε
839 149 924 177 ινεάι-
937 150 949 179 1

1004 147 1095 174 :uiunt.
1111 144 1244 172 Eusebius
1254 143 1326 172 enim
1337 142 1522 178 Apocalypsin
1540 141 1614 170 Petri
1628 142 1698 170 inter
1710 143 1760 170 dn-

130 204 179 229 cim
203 207 311 229 tantum
329 202 546 237 diviniApostoli
571 204 683 229 recenset
700 197 845 233 Epistolas,
861 202 919 222 eam

130 257 186 285 qua
197 249 233 276 ad
246 248 381 276 Hebrwos
396 249 523 283 inscripta
539 253 588 277 est.
604 256 663 274 cum
682 245 789 280 reliquis
803 251 853 270 non
869 242 920 269 ad-

130 301 280 319 numerant.
299 291 374 320 Sane
386 293 440 320 Iure
454 292 565 328 epistola
572 291 725 319 Etiamnum
737 298 754 316 a
763 288 920 324 quibusdam

129 338 253 365 Romanis
267 339 395 373 Apostoli
405 347 461 366 esse
473 347 524 365 non
539 337 665 365 creditur.
692 335 809 362 Sanctus
824 333 920 360 Hiero-

129 390 226 418 nymus
242 383 365 411 totidem
377 384 434 412 fere
445 383 546 416 verbis,
562 382 595 410 de
610 381 677 409 Caio
692 381 744 408 isto
756 380 870 414 loquens
886 378 919 410 ⁸⁸,

128 428 245 456 reddidit
259 430 428 457 sententiam
441 428 550 457 Eusebii
562 437 567 455 :
581 428 632 455 nisi
645 427 718 462 quod
734 426 820 456 addit.
829 425 919 459 dispu-

128 474 254 501 tationem
272 482 290 500 ιι
302 474 372 502 Caio
387 474 503 501 habitam
517 473 562 500 sub
577 472 724 507 Zopltyrino
740 471 867 498 Romanae
879 476 922 495 ur-

128 521 167 547 bis
176 519 313 555 episcopo,
331 521 359 546 id
371 525 409 547 est
420 521 467 547 sub
481 519 612 546 Antonino
624 517 711 545 Severi
722 517 798 551 ﬁlio,-
812 523 844 542 ac
856 522 921 550 pro-

128 571 218 601 pterea
231 565 390 594 secundum
405 566 482 593 illum
493 565 577 593 Caius
592 565 650 592 haec
662 563 802 598 scripserit
813 561 921 590 circiter

129 618 230 638 annum
242 611 370 645 vulgaris
383 611 492 645 epocha:
505 610 569 637 212.
582 609 665 636 Addit
679 608 761 636 etiam
778 607 811 635 de
826 606 919 634 eadem

127 656 250 691 cpistola:
262 655 317 683 Sed
325 661 350 684 et
362 656 430 687 apud
442 655 572 682 Romanos
584 663 663 690 usque
674 654 750 680 hodie
757 652 833 688 quasi
840 649 923 678 Pauli

129 702 247 737 Apostoli
275 710 331 729 non
355 701 486 734 habetur;
508 708 569 728 cum
599 705 691 727 tamen
714 698 848 726 Eusebius
863 702 921 724 tau-

130 752 183 774 tum
196 747 345 782 scripserit
360 748 430 782 apud
439 746 567 782 quosdam
575 745 717 773 Romanos.
730 743 845 771 Photins
856 750 922 778 quo-

129 801 179 828 que
192 793 211 820 l.
228 801 254 821 c.
268 797 370 821 auctor
385 797 442 826 est,
460 792 556 820 Caium
569 792 692 819 tredecim
704 791 835 818 duntaxat
850 789 918 816 beati

972 192 1032 219 bios
1041 191 1150 227 quidem
1165 191 1250 218 libros
1274 194 1399 217 recenset
1413 189 1519 224 "Moon
1546 193 1637 216 tamen
1664 189 1759 223 abjicit

972 238 1045 265 velut
1061 237 1248 264 haereticorum
1262 235 1356 263 fetum.
1384 235 1484 262 Eodem
1507 242 1616 270 quoque
1631 239 1756 267 testante.

972 283 1098 311 Clemens
1111 282 1312 310 Alexandrinus
1326 281 1420 308 eadem
1445 281 1607 316 Apocalypsi
1621 285 1663 308 est
1679 289 1756 314 usus,

972 338 1026 357 non
1042 337 1122 357 secus
1136 335 1167 355 ac
1181 327 1300 362 Epistola
1327 327 1469 355 Barnabas.
1486 326 1657 354 Sozomenus
1684 327 1758 362 pari-

972 379 1012 401 ter
1025 381 1075 401 nos
1088 373 1194 400 monuit
1209 373 1243 405 ",
1259 372 1330 399 hanc
1341 371 1530 407 Apocalypsim
1548 372 1576 398 in
1598 373 1758 407 quibusdam

973 418 1100 446 Ecclesiis
1117 418 1271 445 Palaestina:
1290 425 1370 452 usque
1392 417 1477 444 adhuc
1501 417 1614 453 singulis
1628 418 1705 444 annis
1717 426 1758 445 se-

972 465 1023 492 mel
1040 465 1100 500 legi.

1010 520 1019 536 ι
1041 509 1222 545 Temporibus
1239 508 1322 536 etiam
1339 508 1397 535 Caii
1415 508 1500 543 ipsius
1515 509 1757 537 circumferebatur

971 556 1085 591 epistola
1101 555 1192 590 spuria
1206 554 1283 581 Pauli
1295 554 1453 589 apostoliad
1465 553 1649 587 Laodicenses,
1664 563 1679 582 a
1695 562 1758 582 san-

971 606 1015 629 cto
1030 601 1195 636 Hieronymo
1211 605 1238 627 et
1254 599 1423 627 Theodoreto
1446 600 1566 634 explosa,
1579 608 1660 635 quam
1687 600 1759 628 Mar-

972 647 1032 675 cion
1049 646 1230 674 haresiarcha
1248 647 1274 673 in
1291 645 1446 674 subsidium
1463 646 1505 673 sui
1521 646 1609 673 delirii
1623 647 1757 680 adhibuit,

971 695 1009 721 uti
1025 702 1075 721 nos
1088 694 1167 721 docet
1178 698 1290 721 sanctus
1301 692 1470 728 Epiphanius
1481 693 1513 719 ’⁸.
1531 693 1565 719 At
1576 698 1672 727 praeter
1687 693 1759 721 hanc

970 748 1003 768 ex
1019 740 1078 775 ipso
1100 739 1251 775 fragmento
1264 747 1337 766 nunc
1366 738 1510 771 discimus,
1539 739 1652 766 alteram
1673 738 1758 766 Paulo

970 785 1139 821 suppositam
1159 785 1255 818 fuisse,
1280 792 1380 820 nempe
1407 784 1441 811 ad
1457 785 1662 817 Alexandrinos,
1679 785 1759 820 cujus

130 838 207 866 Pauli
219 838 363 872 Epistolas
375 847 550 872 enumerasse,
566 847 617 865 non
639 844 742 873 recepta
766 839 793 866 in
813 847 918 866 censum
934 836 949 863 li

1005 831 1061 859 scio
1074 839 1108 859 an
1119 831 1264 866 quisquam
1277 831 1347 858 alius
1359 830 1522 858 meminerit.
1533 830 1602 858 Cum
1614 838 1677 858 vero
1689 831 1758 865 Apa-

129 893 185 920 quc
199 885 287 912 estad
305 885 444 913 Hebrteos.
469 884 515 912 ille
527 892 636 920 quoque
660 885 717 912 haec
741 884 774 912 ab
800 885 916 912 Eusebio

130 930 228 958 hausit.
247 930 387 958 Cmterum
402 937 454 957 non
469 934 513 957 est
524 929 606 964 hujus
625 928 678 956 loci
689 936 841 961 recensere,
854 928 916 963 qui-

129 976 177 1003 bus
193 976 362 1004 auctoribus
373 981 400 1003 et
412 976 563 1003 rationibus
580 975 606 1002 iu
622 974 760 1002 Canonem
776 982 915 1002 sacrarum

131 1021 338 1055 Scripturarum
362 1021 459 1049 merito
482 1024 593 1056 recepta
613 1020 710 1047 deinde
734 1019 769 1047 ab
789 1020 917 1047 omnibus

132 1067 209 1094 fuerit
225 1067 356 1102 Epistula
375 1068 408 1094 ad
422 1066 559 1099 Hebraeos,
578 1066 612 1094 de
628 1073 682 1101 qua
709 1065 779 1092 idem
805 1071 917 1093 sanctus

131 1112 313 1148 Hieronymus
344 1113 376 1140 ad
400 1111 545 1147 Evagrinm
568 1111 700 1144 scribens,
725 1110 806 1138 dicit:
831 1110 917 1143 Quam

130 1166 212 1185 omnes
224 1158 316 1186 (ἔπεσί
326 1159 454 1193 recipiunt
463 1158 612 1185 etnonnulli
622 1157 787 1184 Latinorum.
796 1157 835 1184 Ita
844 1165 918 1191 quaa-

131 1205 241 1232 stionem
257 1205 332 1232 hanc
345 1205 401 1240 jam
415 1204 461 1232 diu
476 1208 620 1232 versarunt
634 1211 666 1231 ac
681 1204 853 1231 illustrarunt
867 1203 916 1230 viri

130 1250 293 1283 doctissimi,
309 1256 339 1278 ut
353 1259 452 1279 rursus
468 1252 590 1280 eamdem
611 1253 713 1287 agitare
726 1251 805 1284 velle,
819 1258 915 1285 super-

130 1304 275 1324 vacaneum
293 1297 373 1324 foret.

165 1351 175 1368 t
184 1342 252 1370 lllud
260 1343 335 1378 quod
345 1343 379 1370 ad
388 1351 431 1370 me
438 1347 552 1379 spectat,
561 1342 671 1378 arripio.
681 1341 840 1378 Hippolytus
847 1348 916 1375 quo-

131 1395 180 1421 que
192 1386 359 1416 Portuensis
373 1389 528 1424 episcopus.
541 1388 600 1416 Caii
617 1396 698 1424 supra
708 1388 810 1415 laudati
823 1394 915 1422 atqua-

131 1431 171 1464 lis,
188 1432 288 1461 Photio
303 1439 372 1462 teste
384 1434 418 1466 9°,
432 1433 670 1469 sensitEpistolam
681 1433 715 1460 ad
727 1432 850 1460 Hebrteos
864 1439 915 1458 non

131 1486 181 1505 esse
209 1478 294 1506 Pauli
320 1480 443 1514 apostoli.
471 1479 528 1507 [mo
550 1487 584 1506 ne
613 1479 782 1514 temporibus
804 1478 913 1513 quidem

967 877 1094 912 calypsim
1106 876 1195 908 Pauli,
1212 876 1402 911 abAugustino
1414 881 1441 904 et
1458 875 1610 904 Sozomeno
1624 884 1759 904 memora-

967 927 1035 956 tam,
1053 923 1170 957 scriptor
1185 922 1230 949 hic
1245 929 1417 956 nequaquam
1436 926 1593 955 recenseat;
1610 922 1757 949 confirma-

969 974 1012 997 tur
1030 968 1163 996 sententia
1175 967 1289 995 .loannis
1300 968 1405 995 Ernesti
1422 967 1526 999 Grabii,
1540 969 1587 1002 qui
1612 967 1719 996 censuit
1732 967 1755 984 "

967 1015 1090 1050 erupisse
1105 1014 1177 1041 hanc
1194 1014 1374 1049 imposturam
1391 1014 1496 1041 saeculo
1512 1014 1645 1041 duntaxat
1663 1013 1758 1042 Eccle-

967 1060 1015 1087 sia:
1025 1060 1188 1087 Christianae
1199 1068 1236 1087 IV.
1254 1059 1303 1087 Hic
1317 1067 1426 1094 quoque
1443 1059 1536 1086 videas
1553 1060 1700 1087 memorari
1723 1059 1758 1086 li-

968 1104 1042 1132 brum
1060 1105 1229 1132 Psalmorum
1245 1113 1261 1132 a
1278 1104 1424 1132 Valentino
1436 1105 1619 1132 lueresiarcha
1635 1105 1758 1133 elabora-

967 1156 1034 1179 tum.
1049 1151 1125 1179 Unus
1141 1151 1335 1183 Tcrtullianus,
1353 1151 1425 1186 quod
1441 1151 1539 1183 sciam,
1574 1151 1641 1179 istos
1653 1151 1758 1178 indica-

967 1198 1015 1230 vit,
1030 1197 1153 1225 scribens
1162 1198 1195 1224 ":
1208 1197 1291 1224 Nobis
1299 1205 1400 1232 quoque
1410 1199 1444 1223 ad
1452 1197 1519 1224 hanc
1531 1198 1642 1232 speciem
1655 1196 1757 1224 Psalmi

967 1244 1216 1278 patrocinabantur,
1230 1252 1283 1270 non
1298 1244 1404 1278 quidem
1421 1248 1550 1278 apostataz
1561 1249 1585 1270 et
1600 1244 1717 1270 hteretici
1732 1250 1756 1270 et

967 1288 1103 1316 Platonici
1119 1289 1262 1321 Valentini,
1288 1289 1334 1317 sed
1358 1290 1522 1316 sanctissimi
1543 1295 1568 1317 et
1584 1291 1758 1325 receptissimi

966 1335 1099 1370 propheta:
1110 1334 1204 1362 David.
1222 1335 1289 1368 Quis
1303 1343 1367 1362 vero
1384 1334 1466 1362 fuerit
1479 1335 1614 1363 Miltiades
1628 1336 1673 1363 ille
1700 1336 1756 1364 bae-

966 1381 1078 1414 reticus,
1094 1381 1151 1409 sive
1167 1380 1304 1408 Miltiades
1316 1381 1396 1416 cujus
1409 1387 1451 1408 est
1462 1382 1567 1408 mentio
1579 1382 1606 1408 in
1620 1381 1672 1409 hoc
1685 1381 1757 1417 frag-

967 1431 1069 1459 mento,
1087 1427 1211 1454 divinent
1226 1427 1283 1454 alii.
1299 1426 1426 1454 Profecto
1440 1435 1494 1454 non
1522 1426 1604 1454 fuerit
1618 1427 1755 1454 Miltiades

967 1473 1072 1508 rhetor,
1085 1473 1120 1501 ab
1132 1473 1252 1501 Eusebio
1266 1481 1298 1501 ac
1311 1473 1476 1509 Hieronymo
1489 1473 1628 1508 laudatus,
1643 1475 1690 1509 qui
1704 1474 1756 1502 sub

131 1524 213 1551 sancti
225 1510 386 1560 Hieronymi
398 1524 520 1552 Romana
532 1524 654 1553 Ecclesia
666 1510 738 1551 illam
754 1510 825 1551 inter
835 1531 912 1551 cano-
926 1510 949 1540 ο
964 1519 1102 1547 Δηιοηίηο
1118 1519 1268 1547 Commodo
1277 1519 1361 1546 multa
1377 1520 1485 1554 scripsit
1504 1527 1554 1554 pro
1566 1519 1697 1547 catholica
1709 1519 1758 1547 Ec-

132 1569 202 1597 nicas
217 1571 345 1606 Apostoli
360 1570 437 1598 Pauli
452 1571 588 1606 Epistolas
598 1575 746 1605 receperat.
766 1569 834 1597 Cum
850 1577 915 1605 ergo

131 1623 186 1643 eam
200 1617 330 1644 omiserit
354 1617 438 1645 Caius
467 1617 606 1652 presbyter
631 1617 781 1647 Romanus,
799 1615 915 1650 scriptor

134 1662 349 1697 antiquissimus,
365 1668 477 1691 caeteras
499 1670 659 1695 recensens;
678 1662 736 1689 veri
757 1662 864 1689 videtur
875 1661 914 1688 si-

132 1707 188 1735 mile
206 1709 297 1736 eidem
309 1708 376 1736 Caio
387 1709 559 1736 tribuendum
576 1716 637 1735 esse
651 1707 832 1743 fragmentum
844 1707 914 1734 infra

131 1754 320 1790 evulgandum,
333 1755 361 1782 in
375 1764 430 1791 quo
441 1755 651 1791 praetermissam
666 1754 744 1789 plane
752 1753 843 1781 videas
851 1753 915 1788 Ερί-

132 1800 220 1827 stolam
231 1801 267 1828 ad
284 1801 454 1829 Hebraeos“.
469 1801 579 1828 Accedit
605 1804 632 1828 et
649 1800 763 1826 alterum
776 1799 915 1827 robustius

131 1846 461 1880 argumentumMemorat
468 1847 513 1874 hic
523 1847 664 1881 scriptor"
671 1845 802 1873 celebrem
810 1844 916 1872 Hermae

132 1890 235 1925 librum,
246 1892 328 1919 titulo
342 1892 462 1919 Pastoris
470 1892 641 1927 inscriptum,
651 1891 694 1918 his
703 1891 792 1918 verbis
802 1901 808 1917 :
817 1890 915 1918 Pasto-

132 1944 179 1962 rem
186 1945 245 1965 vero
258 1945 411 1965 NUPERRIME
424 1945 590 1965 reuromans
597 1944 709 1964 nosrnrs
718 1937 744 1964 in
761 1937 822 1964 urbe
830 1937 914 1964 Roma

133 1981 224 2011 Herma
243 1985 411 2019 conscripsit,
434 1985 537 2011 sedente
553 1985 579 2011 in
596 1984 720 2011 cathedra
733 1983 805 2010 urbis
825 1983 914 2010 Roma!

133 2026 252 2055 Ecclesia:
269 2028 320 2055 Pio
339 2029 469 2063 episcopo,
490 2029 573 2062 fratre
583 2028 651 2062 ejus.
667 2026 728 2054 Jam
745 2025 914 2053 intererudi-

133 2077 169 2100 tos
180 2078 296 2107 constat,
311 2073 440 2101 Hennam
466 2073 591 2101 ﬂoruisse
606 2073 640 2100 ad
663 2072 804 2100 dimidium
822 2071 914 2099 saeculi

133 2126 145 2145 a
165 2119 274 2147 Christo
289 2125 355 2147 nato
371 2119 492 2147 secundi.
509 2119 543 2146 Et
556 2124 630 2148 certe
647 2119 670 2146 si
685 2124 750 2146 tunc
762 2117 914 2145 Romanam

133 2165 282 2193 cathedram
296 2167 384 2193 tenuit
396 2165 460 2193 Pius
472 2165 481 2192 l
496 2173 576 2201 papa,
588 2166 663 2193 illius
674 2165 767 2198 frater,
778 2164 802 2191 is
814 2164 912 2191 librum

132 2211 245 2239 Pastoris
271 2213 416 2247 scripsisse
443 2212 574 2239 dicendus
599 2215 642 2239 est
670 2211 781 2238 circiter
807 2217 910 2237 annum

132 2257 224 2286 Christi
242 2259 304 2286 150.
322 2259 357 2286 At
369 2266 421 2286 nos
441 2267 523 2293 supra
537 2258 668 2291 vidimus,
684 2258 780 2285 Caium
809 2256 911 2283 Roma-

133 2309 189 2330 num
219 2303 408 2339 presbyterum
425 2303 527 2331 vixisse
544 2303 652 2330 circiter
675 2309 777 2330 annum
805 2301 867 2334 196,
884 2305 911 2328 et

133 2348 190 2376 nihil
207 2349 307 2382 obstat,
326 2350 393 2384 quin
412 2353 492 2377 antea
516 2350 574 2378 haec
590 2349 740 2384 scripserit.
755 2348 789 2376 At
802 2348 911 2383 quando

132 2392 268 2430 fragmenti
283 2400 379 2423 auctor
392 2400 519 2429 testatur,
533 2395 660 2424 Hermam
677 2395 826 2430 nuperrime
844 2399 910 2422 tem-

133 2442 229 2473 poribus
243 2443 342 2469 nostris
353 2442 453 2469 librum
463 2441 586 2469 Pastoris
597 2441 801 2476 conscripsisse,
818 2449 913 2475 quem—

133 2494 184 2514 nam
200 2489 381 2523 opportunius
405 2497 487 2523 quam
512 2488 637 2516 eumdem
650 2488 745 2516 Caium
771 2487 914 2524 fragmenti

134 2532 210 2567 ipsius
227 2538 365 2569 parentem
394 2534 480 2563 fuisse
500 2535 656 2570 coniicias?
677 2534 798 2562 Tandem
820 2535 913 2562 scribit

132 2577 266 2615 fragmenti
286 2584 383 2607 auctor
397 2580 437 2607 "z
455 2580 642 2616 Apocalypsim
664 2580 745 2606 etiam
761 2579 872 2606 Joannis
888 2584 913 2606 et

131 2624 206 2659 Petri,
216 2631 320 2653 tantum
332 2627 484 2661 recipimus,
497 2635 577 2662 quam
590 2627 697 2662 quidam
704 2635 735 2654 ea:
748 2626 844 2653 nostris
858 2626 909 2661 legi

130 2671 153 2697 in
165 2671 283 2699 Ecclesia
296 2672 399 2699 nolunt.
418 2672 502 2700 Recte
513 2673 571 2700 lucc
585 2673 613 2700 in
626 2672 685 2700 Caii
703 2677 827 2707 tempora
840 2680 906 2700 con-

159 2727 179 2763 fl
195 2726 308 2755 Hieron.
331 2727 435 2763 Deqvir.
451 2728 562 2761 illustr.,
576 2736 636 2763 cap.
653 2728 696 2756 59.
736 2728 759 2745 "
773 2728 864 2760 Phot.,
879 2728 947 2757 Bibl.
961 2729 1023 2757 cod.
1039 2729 1101 2757 121.

965 1566 1058 1594 clesia.
1074 1567 1130 1602 Age
1140 1574 1206 1594 vero
1216 1566 1272 1601 jam
1285 1566 1456 1602 proferamus
1467 1566 1648 1602 fragmentum
1665 1566 1756 1602 ipsum

964 1621 980 1640 e
991 1613 1177 1640 vetustissimo
1190 1612 1284 1640 codice
1297 1612 1480 1640 Ambrosiano
1488 1613 1660 1648 decerptum,
1673 1617 1756 1648 atque

965 1660 1032 1687 illud
1040 1659 1209 1687 eruditorum
1223 1660 1345 1687 omnium
1354 1660 1473 1687 examini
1489 1660 1678 1695 subjiciamus,
1695 1661 1755 1688 nul-

965 1705 1021 1733 lum
1036 1705 1169 1733 demendo
1182 1713 1217 1732 ex
1233 1705 1385 1739 erroribus,
1398 1706 1498 1741 quibus
1512 1706 1687 1734 librariorum
1705 1707 1756 1734 im-

964 1752 1059 1786 peritia
1067 1752 1226 1786 scripturam
1237 1752 1369 1780 satnra-vit
1377 1756 1458 1787 atque
1467 1752 1588 1787 foedavit,
1598 1761 1755 1788 quanquam

964 1797 1031 1824 nihil
1047 1797 1179 1825 iiobstent
1187 1798 1335 1832 quominus
1346 1798 1465 1833 pretium
1481 1799 1520 1826 rei
1535 1799 1728 1834 intelligamus.
1743 1809 1751 1825 I

965 1842 1023 1871 Huc
1037 1851 1123 1878 usque
1136 1844 1313 1872 doctissimus
1333 1844 1509 1873 Muratorius.

999 1889 1044 1917 IV.
1060 1889 1125 1918 Post
1137 1890 1204 1917 tanti
1219 1890 1270 1918 viri
1287 1891 1419 1926 judicium
1436 1891 1516 1918 liceat
1534 1895 1561 1919 et
1577 1891 1657 1920 nobis
1684 1899 1755 1919 non-

965 1936 1054 1963 nullas
1068 1936 1273 1964 observationes
1288 1936 1417 1972 adjicere,
1430 1937 1530 1971 quibus
1545 1937 1604 1972 ejus
1619 1938 1753 1965 sententia

965 1981 1052 2016 magis
1067 1982 1210 2017 magisque
1226 1982 1359 2010 firmetur.
1378 1982 1410 2010 Et
1423 1983 1541 2018 primum
1562 1983 1671 2018 quidem
1687 1983 1753 2012 illud

964 2027 1304 2063 advertimus,.fragmenti
1322 2033 1462 2057 auctorem
1480 2036 1514 2056 ex
1531 2036 1563 2055 eo
1582 2028 1655 2064 quod
1681 2029 1753 2056 haud

964 2078 1108 2101 recenseat
1126 2074 1195 2101 inter
1214 2074 1369 2109 Scripturas
1384 2075 1530 2102 canonicas
1544 2073 1692 2110 Epistolam
1720 2075 1753 2102 ad

964 2117 1104 2151 Hebraeos,
1119 2120 1240 2154 apprime
1266 2119 1369 2147 referre
1386 2119 1444 2147 sive
1459 2120 1578 2147 sodalem
1601 2121 1656 2147 sive
1669 2120 1753 2147 disci-

928 2183 950 2210 Β
964 2165 1056 2200 pulum
1074 2166 1177 2198 Imumi,
1206 2165 1304 2193 Caium
1331 2165 1461 2193 nimirum
1480 2165 1608 2193 Ecclesia:
1624 2165 1754 2193 Romanae

964 2212 1164 2246 presbyterum,
1191 2216 1220 2239 ut
1244 2212 1370 2247 superius
1397 2212 1584 2247 fostendimus.
1611 2211 1752 2247 Siquidem

965 2262 1076 2286 sanctus
1089 2258 1133 2285 ille
1161 2256 1352 2293 Lugdunensis
1378 2258 1503 2291 antistes,
1524 2262 1592 2285 teste
1615 2256 1753 2292 Stephano

964 2303 1199 2332 Gobarotritheita
1213 2305 1285 2340 apud
1304 2304 1430 2332 Photium
1449 2303 1483 2337 ”,
1506 2304 1630 2332 eamdem
1643 2305 1752 2338 Episto—

963 2351 1017 2378 lam
1035 2352 1147 2386 perinde
1162 2359 1216 2378 non
1233 2351 1402 2378 admittebat.
1424 2350 1473 2378 ilic
1488 2355 1577 2378 tamen
1590 2351 1660 2378 haud
1675 2351 1752 2378 omit-

963 2397 1075 2426 tendum
1090 2397 1206 2431 edicere,
1218 2405 1233 2424 a
1246 2398 1342 2432 primis
1354 2396 1517 2427 Christiana:
1528 2396 1666 2431 religionis
1683 2401 1750 2423 tem-

964 2443 1077 2478 poribus
1091 2443 1257 2470 Clementem
1270 2443 1424 2471 Romanum
1441 2443 1517 2471 Pauli
1529 2443 1643 2478 apostoli
1657 2451 1752 2478 συνερ-

963 2488 1011 2524 γόν
1028 2489 1048 2521 ί,
1061 2489 1182 2524 adeoque
1193 2488 1345 2517 Romanam
1362 2489 1522 2522 Ecclesiam,
1534 2489 1694 2516 canonicam
1718 2487 1751 2514 il-

964 2535 1019 2563 lius
1034 2535 1164 2570 Epistolte
1177 2537 1365 2565 auctoritatem
1376 2537 1524 2572 agnovisse
1536 2537 1563 2563 ':
1579 2535 1651 2570 quod
1665 2535 1751 2563 miror

965 2582 1228 2616 sacrosinterpretes
1237 2582 1369 2610 hactenus
1382 2583 1555 2617 praeteriisse.
1573 2581 1603 2609 Si
1615 2581 1750 2617 ejusmodi

962 2627 1143 2662 fragmentum
1162 2628 1273 2656 ineunte
1299 2629 1351 2656 hoc
1378 2628 1478 2655 seculo
1501 2628 1528 2655 in
1549 2627 1638 2655 lucem
1655 2627 1751 2655 fuisset

962 2673 1075 2707 editum,
1088 2673 1179 2703 nullus
1198 2673 1297 2702 dubito,
1305 2674 1371 2710 quin
1386 2673 1452 2701 illud
1469 2673 1497 2701 in
1514 2681 1580 2701 suos
1601 2681 1667 2701 usus
1683 2682 1750 2701 cou-

1189 2729 1250 2757 Vid.
1268 2730 1403 2770 itl_fr.___col.
1422 2731 1469 2764 55,
1487 2730 1500 2766 §
1517 2730 1555 2770 ᾇ*
1569 2731 1592 2746 θ’

131 2760 259 2800 lbid._§
276 2763 318 2800 4.7
343 2764 366 2800 ξδ
378 2761 573 2800 ΕυεεὶιρηΗίνει.
591 2760 662 2800 eécl.
673 2763 719 2790 lib.
735 2771 776 2800 nr,
794 2771 854 2800 cap.
885 2764 931 2792 25.

1005 2764 1128 2800 solem"
1145 2764 1215 2792 Hist.
1244 2766 1310 2793 eccl.
1326 2766 1373 2793 lib.
1387 2774 1436 2799 vu,
1454 2760 1568 2800 έεῷλε).
1605 2765 1628 2783 ⁹⁶
1644 2760 1748 2800 Ερὶᾖιιη

133 2794 193 2825 Har.
205 2794 251 2826 ιῖξ

133 2797 255 2826 fistula;
296 2799 318 2814 "
338 2797 433 2831 Grab.,
458 2798 550 2834 Spicil.
573 2803 640 2826 tom.
653 2798 674 2832 1,

131 2830 185 2858 332.
238 2833 246 2849 ¹
261 2832 449 2858 Philin.tv.3.
500 2834 607 2858 'Clem.
631 2833 674 2858 Bn‘

238 2833 246 2849 ‘
261 2832 360 2868 Philip.
372 2841 409 2867 tv,
422 2834 449 2862 3.

695 2807 721 2834 p.
738 2799 782 2836 84.
797 2799 820 2815 ”
832 2799 957 2836 Tertull,
973 2799 1020 2836 lib.
1037 2799 1075 2827 De
1093 2808 1168 2830 carn.
1185 2800 1262 2835 Clin,
1277 2809 1337 2836 cap.
1357 2801 1402 2829 20,.

500 2835 510 2850 ²
522 2834 607 2863 Clem.
629 2833 721 2869 Rom},
736 2835 814 2870 epist.
830 2836 842 2863 t
862 2835 895 2864 ad
909 2835 1045 2870 Corinth,
1060 2836 1103 2863 56.

1465 2799 1584 2834 "Pbotn
1598 2800 1666 2828 Bibl.
1687 2799 1748 2827 cod.
