1883 3056
99 97 134 124 23
691 93 758 121 CA1!
777 93 911 121 ROMANI
929 92 1142 121 PBESBYTEIH
1693 88 1730 116 24

99 153 227 181 vertisset
241 152 366 180 eruditus
378 151 543 179 Humfredus
558 150 670 183 Hodins,
681 149 746 176 dum
757 149 886 177 librorum
901 154 923 180 Α
938 149 1109 185 consignavit
1123 148 1221 176 Pastor
1242 147 1414 182 inscriptum.
1431 147 1514 174 Docet
1529 145 1612 181 igitur
1625 145 1730 173 Fonta-

100 199 257 226 biblicorum
280 206 417 225 numerum
443 205 474 224 ac
490 196 608 223 ordinem
623 195 702 230 juxta
727 196 892 223 saeculorum

99 246 198 272 seriem
212 249 354 280 pertexere
370 243 525 271 studebat’.

135 290 204 317 Illud
240 297 350 325 quoque
384 287 622 315 animadversione
638 287 750 323 dignum
763 287 892 319 occurrit,

100 342 130 364 ttt
153 337 235 364 modo
254 335 380 363 monebat
402 338 495 361 noster
517 333 623 366 editor,
644 333 718 368 quod
743 333 892 368 fragmenti

101 384 216 418 scriptor
228 382 242 417 ᾗ
254 381 287 408 IV
301 380 430 408 Miltiadis
453 379 573 407 hteretici
585 379 751 406 mentionem
763 379 868 414 injiciat
883 399 890 406 .

101 434 131 455 ut
151 431 289 463 propterea
305 433 413 460 aequum
438 424 521 452 fuerit
541 424 716 458 existimare,
739 429 893 458 excerptum

102 476 173 502 istud
187 474 219 501 ad
243 473 316 500 illam
334 472 547 506 disputationem
569 471 722 505 pertinere,
739 478 822 505 quam
845 471 894 497 ad-

101 529 195 548 versus
208 519 354 547 Proculum
376 519 613 554 Cataphrygarum
635 522 797 545 sectatorem
810 517 894 544 Caius

102 567 229 594 instituit.
249 566 374 593 Asterius
394 565 467 592 enirn
482 564 609 592 Urbanus
630 564 702 599 apud
719 563 867 592 Eusebium
882 563 894 580 θ

101 612 153 640 sub
169 612 259 647 ipsum
277 611 384 638 initium
398 612 488 645 operis
505 610 578 646 quod
592 610 725 638 adversus
743 610 893 645 Cataphry-

101 666 149 693 gas
167 657 340 692 composuit,
361 656 490 684 Miltiadis
508 656 632 684 haeresim
655 656 787 684 nominat.
817 655 893 684 Unde

102 705 284 733 confirmatur
307 703 417 732 Eusebii
442 703 538 736 lectio,
554 703 595 730 ‘ut
613 708 640 730 et
663 702 808 738 Nicephori
832 710 892 730 eam

101 749 283 778 exscribentis
299 750 321 782 ⁵,
345 757 360 776 a
378 748 487 776 Valesio
506 753 533 776 et
548 748 643 784 Lange
661 748 824 781 sollicitata,
844 749 892 784 qui

102 797 164 824 loco
195 795 328 823 Miltiadis
354 795 574 823 substituendum
604 795 768 823 Alcibiadem
796 795 893 823 existi-

103 847 190 870 mant.
211 841 304 876 Neque
325 842 403 869 aliter
420 841 576 869 Dodwellus
593 841 614 876 ⁸,
629 841 692 869 licet
712 841 793 869 aliam
812 841 894 876 hujus
909 829 930 856 Β

103 889 155 916 1υοί
172 896 282 916 causam
296 894 323 915 et
340 889 474 916 rationetn
490 888 573 916 ineat.

141 935 211 962 Sunt
226 939 355 969 praetcrea
373 938 468 962 notatu
482 934 561 969 plane
577 933 738 970 dignissima
749 954 757 966 ,
771 940 832 968 qua:
846 940 895 960 eo-

104 980 165 1008 dem
186 979 200 1015 §
223 979 268 1011 ιν,
293 980 430 1008 memoriae
461 979 579 1015 prodidit
604 979 749 1015 fragmenti
772 983 895 1006 auctor:

103 1026 379 1060 l’Asrottsu,inquit,
401 1026 550 1060 nuperrime
572 1026 730 1059 temporibus
750 1025 846 1052 nostris
867 1024 895 1050 in

104 1071 169 1098 urbe
182 1070 266 1097 Roma
281 1070 380 1097 Henna
396 1070 570 1104 conscripsit,
586 1070 689 1097 sedente
709 1071 833 1097 cathedra
848 1078 895 1096 ur-

106 1117 145 1144 bis
162 1117 250 1144 Romae
267 1116 393 1144 Ecclesia:
409 1116 459 1143 Pio
477 1117 596 1152 episcopo
612 1116 695 1151 fratre
705 1116 771 1150 ejus.
790 1115 895 1149 Quibus

105 1163 196 1191 verbis
211 1163 265 1190 vim
284 1162 376 1190 inesse
401 1162 549 1189 maximam
570 1162 632 1196 jure
647 1162 754 1189 censuit
768 1162 897 1189 eruditis-

106 1210 195 1237 simus
211 1209 309 1236 editor.
327 1208 391 1241 Sed,
404 1213 435 1235 ut
451 1215 516 1235 vere
531 1208 631 1241 dicam,
646 1211 688 1235 est
704 1208 730 1234 in
746 1208 798 1235 loci
815 1207 896 1242 hujus

106 1255 328 1291 interpretatione
354 1254 557 1286 Muratoriana,
576 1254 649 1289 quod
667 1262 722 1281 non
741 1255 807 1282 satis
823 1262 898 1282 asse-

109 1309 190 1336 qttor.
210 1301 323 1328 Videtur
350 1301 422 1327 enim
446 1301 503 1335 ipse
525 1300 607 1328 allata
631 1301 714 1328 verba
739 1300 773 1328 de
797 1300 897 1328 Herma

106 1355 167 1374 vtro
191 1346 341 1381 apostolico
357 1346 510 1381 accepisse,
526 1347 641 1381 ejusque
661 1347 814 1381 respexisse
829 1354 899 1382 opus

107 1392 181 1426 quod
191 1393 342 1419 etiamnum
356 1397 476 1426 supcrat,
490 1392 570 1420 titulo
585 1392 708 1420 Pastoris
725 1393 897 1427 inscriptum.

109 1444 137 1467 tn
153 1437 224 1465 hanc
240 1441 329 1465 autem
341 1438 503 1465 sententiam
519 1446 552 1465 ex
570 1446 603 1465 eo
620 1438 791 1472 potissintum
813 1438 899 1465 addu-

107 1491 165 1516 cor,
182 1484 255 1518 quod
271 1483 302 1510 V.
315 1483 346 1511 C.
364 1484 440 1511 illum
463 1483 570 1511 Hermae
585 1484 684 1511 librum
707 1483 830 1510 celebrem
850 1491 898 1511 vo-
912 1500 933 1529 α

108 1535 161 1563 cet,
177 1534 207 1557 ut
221 1538 285 1557 vere
302 1536 344 1558 est
357 1530 478 1558 Pastoris
494 1538 563 1565 opus
577 1533 656 1564 cujus
670 1535 765 1557 auctor
773 1529 897 1563 Hermas,

108 1576 228 1611 antiquis
249 1576 377 1603 Patribus
403 1576 519 1603 summis
535 1575 663 1604 laudibus
679 1576 852 1604 celebratum.
870 1577 898 1604 Si

108 1620 243 1655 ejusmodi
258 1621 293 1648 sit
307 1620 449 1648 Muratorii
466 1628 562 1648 sensus
577 1625 605 1648 et
619 1622 722 1656 opinio,
738 1621 765 1649 in
783 1622 897 1650 nihilum

110 1667 168 1694 abit
187 1667 247 1700 ejus
262 1671 446 1701 argumentum
464 1667 597 1694 robustius
613 1674 623 1694 :
641 1668 774 1703 siquidem
790 1673 899 1703 aposto-

110 1712 181 1739 licus
197 1710 311 1739 Hermas
327 1719 416 1747 neque
438 1711 484 1738 Pii
501 1711 517 1738 Ι
534 1713 617 1747 frater
627 1713 747 1746 exstitit,
760 1721 846 1748 neque
864 1714 899 1741 ad

110 1756 252 1783 dimidium
267 1756 356 1784 saeculi
371 1765 387 1784 a
403 1756 507 1784 Christo
524 1762 586 1784 nato
601 1758 708 1785 secundi
725 1758 835 1792 ﬂoruit;
852 1759 899 1794 qui

111 1801 241 1830 nimirum
264 1807 375 1830 centum
398 1806 461 1830 ante
488 1810 576 1831 annos
600 1804 652 1832 sub
676 1803 822 1832 Clementis
845 1804 900 1832 Ro-

112 1847 186 1875 mani
205 1847 362 1882 pontiﬁcatu
389 1848 491 1876 vixisse
514 1850 692 1884 comperitur,
715 1855 745 1877 ut
767 1851 800 1878 ad
823 1851 900 1878 volu-

110 1900 174 1920 men
190 1892 201 1919 l
216 1893 389 1921 Bibliotheca:
418 1898 519 1922 nostra:
542 1895 646 1930 prafati
669 1903 764 1924 sumus
779 1897 800 1923 ".
822 1896 900 1924 Alius

111 1939 194 1975 igitur
214 1941 378 1975 quterendus
405 1941 520 1970 Hermas
547 1943 590 1970 vel
616 1943 752 1978 Hermes,
777 1945 824 1980 qui
852 1952 901 1972 sas-

110 1985 174 2012 cttlo
194 1991 214 2012 ll
236 1985 345 2018 clarus,
368 1985 436 2014 Piil
458 1985 542 2015 frater
557 1987 654 2022 fuerit,
676 1989 777 2024 quique
799 1990 900 2018 librum

112 2030 236 2059 Pastoris
256 2031 334 2059 titulo
351 2032 511 2067 scripserit:
529 2042 583 2068 quo
603 2035 686 2063 semel
706 2036 810 2070 posito,
827 2036 901 2071 frag-

112 2077 197 2104 menti
218 2077 339 2111 acephali
356 2083 495 2105 auctorem
511 2079 606 2107 Caium
626 2088 687 2108 esse
704 2085 820 2109 constet.
839 2081 900 2108 Jam

111 2129 178 2150 vero
194 2122 234 2150 vir
249 2122 404 2150 eruditione
418 2128 551 2158 praestans
568 2124 663 2153 Justus
679 2125 848 2154 Fontaninus
859 2126 902 2153 lu-

946 194 1027 223 uinus
1038 203 1071 223 ex
1085 195 1213 230 Catalogo
1230 194 1398 222 Bucheriano
1409 213 1418 227 ,
1433 193 1579 220 Anastasio
1595 192 1712 226 aliisque
1722 212 1729 223 ,

945 240 1098 268 Hermetem
1114 240 1155 268 Pii
1171 241 1283 268 fratrem
1298 240 1397 267 librum
1420 239 1576 273 scripsisse,
1596 245 1671 265 nunc
1681 237 1732 264 de-

945 288 1097 322 perditum,
1117 287 1149 314 de
1175 287 1304 314 Paschate
1319 286 1362 314 die
1382 285 1523 312 Dominico
1547 284 1728 317 celebrando,

945 335 973 362 in
991 342 1041 369 quo
1060 333 1215 360 mandatum
1235 331 1417 359 continebatur
1436 330 1505 366 quod
1524 330 1549 356 ei
1571 334 1731 364 praeceperat

945 380 1073 415 Angelus,
1088 388 1147 406 cum
1164 379 1231 406 venit
1246 378 1281 405 ad
1290 386 1349 405 eum
1362 378 1390 404 in
1402 376 1494 404 habitu
1509 377 1635 411 pastoris.
1653 375 1732 403 Unde

945 427 983 454 illi
1000 426 1033 454 ab
1048 425 1169 462 angelico
1185 425 1295 452 Pastore
1311 424 1389 459 cujus
1403 423 1491 451 visum
1508 423 1535 449 in
1552 430 1602 450 suo
1613 422 1645 450 de
1662 421 1734 449 Pas-

944 472 1019 499 cltate
1035 472 1104 499 libro
1123 471 1274 503 enarravit,
1294 475 1389 506 pestes
1409 475 1620 504 cognomentum
1637 469 1732 496 adhae-

945 518 996 551 sit,
1010 518 1151 552 dictusque
1168 517 1230 545 inde

979 563 1118 599 Angelicus
1133 563 1240 596 Pastor,
1254 564 1317 598 quia
1333 564 1434 590 tradita
1454 565 1532 590 verba
1552 562 1656 589 locutus
1668 582 1676 595 ,

943 614 973 638 ut
987 610 1274 637 canitvetustissimus
1291 610 1407 645 scriptor
1424 609 1558 644 poetnatis
1576 609 1602 635 in
1614 607 1734 635 Marcio-

943 664 1005 684 nem
1018 656 1070 684 sub
1088 656 1168 684 linem
1180 656 1241 683 libri
1258 664 1298 683 nt.
1312 655 1374 684 Haec
1391 657 1498 691 aliaque
1512 656 1590 691 plura
1609 655 1636 682 in
1657 663 1734 683 eam-

943 702 1003 729 dem
1028 702 1188 729 sententiam
1213 702 1339 729 laudatus
1366 702 1409 729 vir
1433 702 1567 729 eruditus.
1593 701 1734 729 Habemus

943 747 1026 782 igitur
1039 747 1164 775 Hermem
1172 747 1212 775 Pii
1226 747 1236 774 l
1251 747 1371 780 fratrem,
1387 753 1569 783 cognomento
1581 747 1733 781 Pastorem,

944 794 991 829 qui
1007 794 1106 821 librum
1124 794 1155 821 de
1167 794 1298 821 Paschate
1313 794 1432 829 scripsit.

978 839 1014 867 At
1032 840 1103 867 enim
1123 839 1269 875 fragmenti
1290 844 1387 868 auctor
1402 848 1456 868 non
1471 839 1599 868 Hermam
1620 840 1665 868 cui
1679 847 1734 868 n0-

944 893 1006 913 men
1021 886 1135 913 inditum
1151 885 1257 919 Pastor,
1275 887 1322 914 sed
1337 886 1464 914 Hcrmam
1481 886 1601 914 Pastoris
1616 886 1735 921 scripto-

944 940 1002 959 rem
1025 933 1150 967 appellat.
1171 931 1221 960 Cui
1238 932 1345 967 quidem
1363 932 1510 968 objectioni
1534 937 1565 960 ut
1585 933 1633 960 liat
1645 933 1732 964 satis.

945 979 1010 1006 illttd
1028 987 1111 1006 unttm
1125 979 1282 1013 reponimus
1298 979 1371 1014 quod
1390 979 1423 1006 de
1434 978 1541 1006 Herma:
1554 979 1665 1006 Pastare
1682 987 1734 1007 nos

945 1025 1008 1052 alibi
1026 1025 1128 1052 dixisse
1139 1025 1324 1052 meminimus.
1337 1024 1469 1052 Nimirum
1480 1046 1487 1058 ,
1500 1025 1733 1060 quemadmodum

945 1072 996 1099 viri
1021 1072 1162 1107 apostolici
1183 1080 1252 1107 opus
1272 1072 1392 1106 antiquis
1415 1072 1542 1100 Patribus
1562 1070 1660 1099 Pastor
1683 1079 1734 1099 seu

946 1119 1012 1146 liber
1023 1118 1144 1146 Pastoris
1161 1119 1310 1154 appellatus
1324 1118 1384 1150 fttit,
1401 1119 1463 1146 inde
1478 1118 1594 1146 fortasse
1610 1118 1734 1146 derivata

946 1163 1168 1191 denominatione
1193 1163 1370 1198 hujusmodi,
1397 1163 1469 1198 quod
1501 1164 1528 1190 in
1561 1167 1618 1190 toto
1647 1163 1735 1191 ferme

947 1217 1028 1245 opere
1036 1209 1134 1238 Pastor
1151 1210 1288 1238 inducitur
1301 1209 1427 1237 Hermam
1447 1209 1588 1244 alloquens
1603 1214 1630 1237 ct
1645 1209 1736 1236 infor»

947 1264 1025 1284 mans
1041 1265 1047 1281 :
1062 1257 1098 1283 ita
1111 1263 1220 1291 quoque
1240 1256 1399 1290 contigerit,
1417 1260 1447 1283 ut
1466 1260 1494 1283 et
1512 1255 1648 1282 Hermetis
1664 1255 1735 1283 liber

947 1302 979 1329 de
988 1301 1117 1328 Paschate
1127 1301 1217 1333 fuerit,
1227 1301 1366 1328 nonnullis
1379 1300 1486 1332 saltem,
1500 1300 1599 1328 Pastor
1612 1300 1737 1328 nomina-

948 1352 1012 1380 tus;
1025 1347 1088 1381 quia
1107 1347 1180 1374 illius
1193 1350 1289 1374 auctor
1302 1346 1334 1373 de
1347 1346 1380 1373 iis
1391 1346 1513 1380 scripsit,
1530 1354 1588 1381 qure
1599 1346 1623 1372 ei
1634 1353 1734 1379 prtece-

948 1394 987 1428 pit
1004 1393 1118 1428 Angelus
1129 1413 1137 1425 ,
1155 1401 1214 1420 cum
1229 1393 1296 1420 venit
1312 1393 1346 1419 ad
1361 1401 1420 1420 eum
1437 1393 1465 1418 in
1481 1392 1575 1419 habitu
1591 1390 1713 1418 Pastoris
1725 1410 1735 1424 ,

948 1443 979 1466 ut
997 1438 1078 1466 habet
1095 1438 1239 1473 Catalogus
1260 1437 1282 1464 ll
1304 1437 1528 1465 Henschenianus
1547 1445 1554 1463 :
1580 1437 1652 1464 unde
1678 1443 1735 1464 non

950 1484 1039 1512 solum
1061 1483 1205 1519 scriptori,
1217 1483 1264 1511 sed
1279 1483 1338 1518 ejus
1355 1483 1438 1510 etiam
1455 1483 1525 1510 libro
1543 1481 1664 1509 Pastoris
1683 1489 1734 1509 no-

949 1538 1012 1558 men
1026 1530 1172 1557 inhasserit.
1190 1528 1253 1557 Haec
1267 1533 1371 1556 tantum
1388 1529 1413 1555 in
1426 1527 1631 1563 praesentiarum
1647 1527 1735 1555 habe-

949 1583 1021 1609 mus,
1035 1575 1136 1610 quibus
1153 1572 1465 1609 propositaaldiﬂicultati
1476 1579 1664 1600 occurramus.
1681 1571 1736 1599 Ve-

949 1628 1009 1648 rum
1027 1619 1197 1648 eruditorum
1217 1618 1331 1646 arbitrio
1350 1625 1407 1645 rem
1423 1616 1604 1646 deﬁniendam
1621 1616 1737 1644 dimitti-

949 1674 1022 1694 mus.

984 1713 1118 1740 Catterum
1146 1711 1225 1738 doleo
1247 1710 1373 1746 equidem
1395 1708 1530 1744 ejusmodi
1552 1708 1736 1743 fragmentum

948 1767 1008 1787 esse
1024 1758 1103 1786 laedis
1116 1757 1295 1785 deformatum
1311 1757 1460 1784 erroribus.
1477 1755 1528 1783 Sed
1540 1775 1548 1788 ,
1561 1759 1591 1782 ut
1602 1762 1664 1782 cum
1678 1762 1738 1781 ma-

949 1813 1003 1840 gno
1024 1804 1141 1832 Baronio
1163 1805 1261 1839 loquar
1279 1803 1301 1836 ’,
1320 1802 1447 1838 quidquid
1472 1802 1615 1837 antiquitas
1637 1800 1714 1834 o/fert
1727 1821 1735 1834 ,

949 1852 1002 1878 sive
1022 1858 1156 1877 corrosum
1176 1849 1357 1876 mendosumve
1373 1850 1424 1882 sit,
1447 1848 1531 1882 accipi
1554 1852 1638 1874 tamen
1659 1851 1736 1881 grato

950 1897 1038 1924 animo
1053 1896 1128 1924 solet.

986 1942 1023 1970 De
1036 1943 1090 1970 alio
1107 1947 1196 1969 autem
1214 1948 1294 1977 opere
1310 1941 1377 1977 Περὶ
1391 1940 1441 1976 τῆς
1454 1939 1501 1966 τοῦ
1516 1939 1615 1970 παντὸς
1631 1938 1736 1970 οὐσίας,

949 1988 1023 2024 quod
1033 1995 1049 2015 a
1062 1995 1092 2016 se
1105 1988 1234 2023 scriptum
1250 1987 1277 2014 in
1295 1987 1349 2014 line
1361 1986 1514 2022 Labyrinthi
1527 1989 1642 2014 testatur
1653 1985 1738 2012 Caius

951 2034 1022 2069 apud
1041 2033 1169 2060 Photium
1185 2033 1247 2060 loco
1263 2033 1389 2067 superius
1401 2034 1500 2066 citato,
1516 2035 1614 2067 prater
1628 2039 1660 2058 ea
1676 2039 1738 2066 qua:

951 2079 1022 2107 infra
1038 2079 1152 2107 dicenda
1173 2083 1238 2107 sunt
1256 2078 1303 2106 ubi
1328 2079 1361 2106 de
1378 2078 1516 2114 Hippolyti
1531 2078 1658 2113 scriptis,
1674 2085 1739 2105 con-

952 2126 1028 2154 sulas
1048 2127 1128 2154 velim
1150 2134 1206 2162 pra:
1224 2125 1322 2154 ceteris
1340 2124 1541 2153 Tillemoutium
1558 2125 1589 2158 ιο,
1610 2132 1661 2153 nec
1681 2131 1737 2152 non

112 2168 235 2197 culcnter
256 2169 377 2196 ostendit
402 2169 424 2203 ⁸,
446 2169 599 2199 Hermetem
624 2172 712 2199 sancti
730 2171 770 2199 Pii
791 2171 902 2200 fratrem
918 2172 941 2199 D
955 2176 1081 2200 auctores
1102 2171 1230 2200 Historia
1244 2171 1384 2200 litterariis
1398 2171 1509 2201 Gallica:
1522 2171 1555 2204 “,
1574 2171 1622 2199 sed
1637 2170 1665 2198 in
1681 2170 1740 2206 pri-

112 2215 192 2250 plane
210 2214 348 2242 diversum
371 2222 433 2243 esse
456 2216 491 2243 ab
509 2215 608 2244 Herma
620 2237 627 2250 ,
642 2218 690 2252 qui
713 2225 781 2253 opus
801 2218 899 2246 litteris

149 2272 158 2288 '
177 2271 258 2311 limi”
272 2272 313 2311 de_
323 2272 433 2311 Biblior.
448 2274 543 2311 textili.
559 2275 656 2309 origin.
675 2275 726 2311 lib.
736 2283 849 2311 tv,rc7ap.
864 2275 881 2302 4
891 2294 898 2307 ,
912 2282 973 2311 pag.
991 2275 1058 2310 641,
1073 2284 1148 2311 seqq.

112 2307 158 2334 26.
193 2307 205 2323 ⁸
223 2306 346 2341 Niceplt.,
360 2307 427 2335 I'list.
439 2309 506 2336 eccl.
517 2310 563 2336 lib.
577 2306 681 2341 tv','cap.
693 2310 738 2338 23.
767 2306 784 2326 ν⁶
803 2306 895 2337 Ditdw.

112 2448 167 2475 4ϋῦ
181 2455 260 2483 seqq.

113 2310 158 2347 Eli.
193 2310 205 2323 '
224 2310 346 2341 Niceplt.,
360 2310 427 2335 l'list.
439 2310 506 2336 eccl.
517 2310 563 2336 lib.
577 2318 651 2341 tv,ca
675 2330 681 2336 .
693 2310 738 2338 23.
774 2310 784 2326 ⁶
803 2310 895 2337 Dndw.
911 2310 1023 2339 Dissert.
1039 2312 1056 2338 4
1090 2310 1160 2338 Iren.
1171 2331 1178 2344 ,
1195 2310 1208 2347 ς
1226 2311 1260 2338 58
1271 2332 1279 2344 ,
1307 2319 1367 2345 pag.
1390 2311 1452 2339 571.

113 2342 183 2385 ytbl.
205 2341 258 2368 PP.
277 2342 513 2385 to‘tnznllcapkﬁ,
532 2344 563 2380 ἐξ
576 2345 633 2385 luet
649 2318 684 2376 ἕ,
702 2345 848 2385 pagg-‘26,
866 2345 900 2372 28
913 2344 997 2385 (Patr.
1014 2346 1116 2385 Gr_._,_t.
1130 2345 1185 2385 ll);
1253 2347 1264 2362 ⁸
1280 2347 1405 2385 _lt‘o_n_tan.
1417 2366 1425 2378 ,
1448 2345 1452 2372 1

111 2376 162 2404 lib.
178 2385 282 2417 tt_,_eap.
294 2377 326 2417 Δ1.
384 2378 396 2404 1
413 2376 444 2417 et
455 2379 481 2411 2,
492 2376 626 2417 .ρθῇᾷζῶ
641 2376 717 2414 50ψῄ
738 2376 768 2396 ’Ὗ
786 2376 897 2417 parum.
916 2376 949 2406 ad
962 2388 1026 2409 ann.
1045 2376 1114 2415 451,
1128 2376 1194 2417 δὴ.

112 2420 176 2451 pag.
192 2412 255 2439 176.
293 2413 314 2428 ¹¹
333 2412 403 2441 Hist.
415 2413 467 2442 litt.
483 2412 516 2442 de
529 2412 687 2448 lit—France,
699 2412 770 2443 tom.
785 2413 811 2448 Ι,
827 2419 893 2449 part.

982 2424 1014 2451 tg.
1027 2416 1091 2445 559.

954 2218 1008 2246 mis
1025 2218 1190 2246 Dodwellum
1206 2218 1241 2246 η.

1207 2276 1218 2292 ⁸
1234 2275 1332 2303 Euseb.
1346 2296 1353 2308 ,
1377 2275 1445 2303 Hist.
1475 2274 1541 2302 eccl.
1567 2273 1614 2301 lib.
1633 2281 1661 2305 v,
1675 2280 1738 2307 cap-

1226 2311 1260 2326 ’ΚΩ
1307 2319 1359 2326 “non
1391 2311 1437 2326 νη
1496 2311 1506 2326 Ὶ
1526 2308 1666 2326 ο-ηιρηηηι
1704 2308 1738 2326 ml

1253 2311 1279 2344 ἰ,
1307 2319 1367 2345 pag.
1390 2311 1452 2339 571.
1496 2311 1506 2326 ⁷
1525 2308 1677 2344 Prolegom.
1704 2308 1739 2336 ad

1253 2347 1264 2362 ⁸
1292 2347 1425 2378 Fontan.,
1448 2345 1517 2372 Hist.
1545 2344 1595 2372 litt.
1625 2344 1739 2379 Aquil.,

1279 2383 1300 2398 ¹⁰
1321 2381 1427 2408 Tillem.
1439 2401 1446 2414 ,
1459 2380 1539 2408 Mém.
1552 2401 1559 2413 ,
1590 2378 1664 2406 tom.’
1686 2378 1738 2411 Ill,

1141 2418 1150 2433 ²
1170 2416 1262 2445 Dodw.
1285 2416 1428 2445 Πίθωνι-6
1454 2416 1538 2449 lt‘en.,
1564 2415 1578 2451 ᾗ
1600 2414 1643 2447 18,
1674 2422 1737 2450 pag.
