1883 3056
165 116 198 144 ΞΤ
755 116 823 144 CAll
841 115 974 143 ROMANI
993 113 1207 144 PRESBYTER!
1753 111 1790 139 28

164 174 238 209 pisse
254 177 281 200 et
298 172 440 206 docuisse;
458 180 489 200 ac
510 171 712 207 praedicationis
730 173 840 208 quidem
854 173 955 201 verita—

1038 173 1112 208 χέναι
1136 171 1232 204 ταῦτα,
1252 170 1270 198 ἃ.
1292 169 1338 197 νῦν
1351 166 1422 197 οὗτοι
1438 168 1555 204 λέγουσι·
1571 168 1617 196 καὶ
1626 168 1796 204 τετηρῆσθαι

164 226 217 247 ιυιη
231 227 292 247 esse
305 219 468 247 custoditam
484 226 569 253 usque
583 219 615 245 ad
629 217 746 247 Victoris
758 223 890 254 tempora,
905 219 952 254 qui

163 265 262 292 tertius
269 265 391 292 decimus
398 273 412 292 a
423 264 501 292 Petro
510 264 640 292 Romana:
647 265 722 292 urbis
730 266 874 300 episcopus
884 265 951 299 fuit;

164 319 178 338 a
194 311 340 346 Zephyrini
357 314 445 337 autem
458 310 627 345 temporibus
637 311 684 345 qui
697 310 799 338 Victori
808 311 951 344 successit,

165 356 344 383 adulteratam
368 354 452 382 fuisse
472 355 625 382 veritatem.
648 355 687 382 Ac
706 354 821 383 fortasse
837 355 865 383 id
879 355 952 390 quod

165 402 270 434 dicunt,
285 400 415 428 credibile
437 400 586 431 videretur,
615 400 667 427 nisi
687 401 727 428 eis
751 400 954 436 refragarentur

166 447 284 481 primum
302 445 410 480 quidem
432 445 531 472 divinae
549 437 707 480 Scripturte,
727 445 824 472 deinde
838 445 952 473 fratrum

165 491 344 527 quorumdam
358 491 471 526 scripta,
486 490 606 518 Victoris
619 496 698 518 aetate
710 491 875 526 antiquiora,
893 499 954 526 qua:

166 537 203 564 illi
219 538 351 564 adversus
368 541 462 572 gentes
476 541 502 564 et
520 541 615 564 contra
636 537 678 564 sui
699 537 829 572 temporis
848 537 955 565 haereti-

165 591 212 610 cos
224 590 274 618 pro
291 582 414 609 veritatis
431 581 589 610 defensione
607 582 775 617 scripserunt
794 592 800 610 ε
816 582 954 611 Iustinum

166 630 297 664 intelligo,
311 633 337 656 et
350 628 544 660 Miltiadem,et
558 627 715 662 Tatianum,
730 636 761 656 ac
776 628 953 662 Clementem,

167 676 291 710 aliosque
307 675 523 710 quamplurimos
541 683 548 702 :
564 674 591 701 in
607 681 725 708 quorum
740 675 862 702 omnium
877 675 955 702 libris

167 721 269 748 Christi
285 721 414 748 divinitas
437 720 578 748 astruitur.
604 719 672 747 Nam.
690 719 783 747 !venzei
801 721 909 755 quidem
929 724 956 748 et

169 767 304 794 Melitonis
327 771 353 794 et
369 767 536 801 reliquorum
556 767 656 801 scripta
673 765 736 800 quis
751 770 792 793 est
811 766 858 801 qui
879 766 956 801 igno-

169 817 221 846 ret,
240 812 268 839 in
293 813 394 847 quibus
410 812 548 840 Christum
567 811 651 839 Deum
670 811 753 839 simul
770 817 850 846 atque
867 811 956 838 homi-

169 866 230 886 nem
258 859 456 893 praedicarunt?
487 859 587 886 Psalmi
610 866 720 893 quoque
738 863 764 885 et
782 858 885 886 cantica
901 857 956 885 fra-

171 908 241 930 trum
260 904 317 939 jam
335 904 439 939 pridem
451 912 472 938 Ia
491 904 615 932 fidelibus
631 905 795 939 conscripta,
816 903 955 931 Christum

173 949 288 977 Verbum
305 950 350 976 Dei
363 950 566 982 concelebrant,
584 951 753 978 divinitatcm
764 950 787 977 ei
803 950 955 977 tribuendo.

170 995 238 1020 Cum
266 995 348 1030 igitur
365 1000 403 1022 tot
420 995 520 1022 abhinc
536 996 616 1023 annis
631 996 816 1023 ecclesiastica
833 995 956 1022 doctrina

171 1040 316 1074 praedicata
337 1042 382 1074 sit,
404 1042 451 1075 qui
470 1041 526 1068 fieri
542 1046 641 1077 potest,
668 1047 698 1069 ut
715 1049 810 1068 omnes
825 1048 911 1076 usque
925 1041 958 1067 ad

171 1087 290 1116 Victoris
307 1093 427 1124 tempora
448 1097 508 1116 eam
531 1097 612 1124 quam
630 1090 674 1117 isti
691 1090 785 1117 dicunt
807 1088 958 1116 doctrinam

171 1135 423 1170 promulgaverint?
436 1135 577 1168 Quomodo
588 1143 634 1162 eos
645 1143 698 1163 non
709 1135 790 1170 pudet
804 1133 960 1169 hujusmodi

172 1180 337 1206 calumniam
367 1180 498 1208 adversus
526 1180 661 1208 Victorem
689 1180 873 1213 concinnare,
895 1187 958 1206 curn

173 1229 249 1252 certo
273 1226 370 1258 sciant,
394 1225 563 1253 Theodotum
583 1226 743 1257 coriarittm,
766 1225 810 1260 qui
828 1224 958 1252 defectio-

174 1271 216 1298 nis
231 1272 303 1300 illius
322 1271 404 1299 Deum
422 1273 582 1308 abnegantis
611 1280 711 1308 parens
733 1276 761 1299 et
779 1276 875 1298 auctor
896 1270 957 1303 fuit,

173 1317 332 1352 primusque
349 1317 487 1344 Christum
508 1320 611 1346 nudum
634 1326 695 1345 esse
718 1317 856 1344 hominem
882 1324 959 1344 asse-

174 1362 238 1395 ruit,
253 1370 300 1397 per
316 1362 451 1390 Victoretn
464 1371 479 1390 a
499 1364 690 1391 communione
706 1362 833 1390 Ecclesia:
844 1362 960 1396 ejectum

1004 219 1052 254 τὴν
1073 217 1202 253 ἀλήθειαν
1222 216 1268 243 τοῦ
1294 216 1470 252 κηρύγματος
1496 215 1576 250 μέχρι
1592 214 1645 241 τῶν
1665 215 1796 251 Βίκτορος

1003 265 1116 299 χρόνων,
1132 264 1160 295 ὃς
1176 261 1209 299 ἦν
1228 262 1448 298 τρισκαιδέκατος
1462 261 1515 288 ἀπὸ
1530 260 1631 296 Πέτρου
1649 261 1679 286 ὲν
1699 259 1792 297 Ῥώμε

1004 310 1160 340 ἐπίσκοπος·
1188 308 1241 335 ἀπὸ
1268 308 1295 334 δὲ
1318 307 1364 334 τοῦ
1387 307 1507 342 διαδόχου
1524 305 1606 332 αὑτοῦ
1630 305 1794 342 Ζεφυρίνου,

1005 354 1249 391 παρακεχαράχθαι
1273 354 1322 389 τὴν
1339 353 1476 390 ἀλήθειαν.
1496 351 1550 379 Ἦν
1562 352 1583 379 δ’
1604 351 1637 379 ἂν
1652 351 1735 386 τυχὸν
1751 360 1798 378 πι-

1005 401 1081 428 θανδν
1097 401 1126 427 τὸ
1149 401 1303 436 λεγόμενον,
1323 401 1346 426 εἰ
1368 400 1404 436 μὴ
1428 400 1535 435 πρῶτον
1556 399 1604 434 μὲν
1627 399 1796 426 ἀντέπιπτον

1004 447 1096 478 αὐτοῖς
1109 447 1137 472 αἰ
1154 446 1221 473 θεῖαι
1238 446 1352 480 Γραφαί·
1377 446 1424 472 καὶ
1445 445 1565 480 ἀδελφῶν
1587 444 1615 470 δέ
1630 453 1710 471 τινων
1736 445 1797 471 ἐστὶ

1004 493 1153 528 γράμματα
1170 491 1341 527 πρεσϐύτερα
1354 491 1407 517 τῶν
1418 491 1544 527 Βίκτορος
1557 490 1670 526 χρόνων,
1688 490 1707 517 ἃ.
1724 491 1798 517 ἐκεῖ·

1004 547 1043 565 νοι
1067 537 1135 573 πρὸς
1154 537 1189 564 τὰ
1212 537 1274 573 ἔθνη
1297 537 1367 574 ὑπὲρ
1385 538 1433 572 τῆς
1449 536 1585 572 ἀληθείας,
1602 537 1649 563 καὶ
1665 537 1733 572 πρὸς
1745 536 1796 568 τὰς

1004 584 1064 610 τότε
1082 584 1201 618 αἱρέσεις
1223 583 1353 619 ἔγραψαν·
1378 583 1448 617 λέγω
1462 583 1490 609 δὲ
1510 583 1651 609 Ἰουστίνου
1668 583 1716 609 καὶ
1727 582 1797 608 Μιλ-

1004 630 1093 657 τιάδου
1106 629 1154 656 καὶ
1163 629 1293 656 Τατιανοῡ
1304 629 1350 656 καὶ
1359 629 1516 664 Κλήμεντος
1526 629 1572 655 καὶ
1588 628 1688 663 ἐτέρων
1703 627 1797 653 πλειό-

1005 684 1067 708 νων,
1086 676 1114 701 ἐν
1130 672 1170 706 οἷς
1185 675 1269 702 ἆπασι
1286 675 1449 709 θεολογεῖται
1465 674 1502 710 (6)
1516 675 1530 701 ὁ
1544 674 1669 710 Χριστός.
1686 673 1728 700 Τὰ
1741 673 1797 709 γὰρ

1005 721 1149 757 Εἰρηναίου
1175 730 1206 747 τε
1228 721 1276 747 καὶ
1301 720 1454 752 Μελίτωνος
1479 721 1525 747 καὶ
1546 719 1600 746 τῶν
1624 719 1726 746 λοιπῶν
1755 720 1797 751 τίς

1006 768 1098 801 ἀγνοεῖ
1121 767 1222 803 βιϐλία,
1246 767 1311 793 Θεὺν
1336 767 1382 793 καὶ
1416 766 1556 801 ἄνθρωπον
1578 765 1798 800 καταγγέλλοντα

1006 814 1051 840 τὸν
1066 814 1196 849 Χριστόν;
1208 813 1317 848 Ψαλμοὶ
1327 813 1355 839 δὲ
1368 814 1424 840 ὅσοι
1437 814 1483 839 καὶ
1499 812 1565 847 ᾠδαὶ
1575 812 1696 847 ἀδελφῶν
1708 813 1799 847 ἀπαρ-

1009 860 1061 895 χῆς
1077 860 1128 886 ὑπὸ
1151 859 1254 886 πιστῶν
1274 861 1420 895 γραφεῖσαι
1444 859 1481 894 (7)
1498 859 1544 886 τὸν
1565 858 1649 893 Λόγον
1665 857 1713 885 τοῦ
1729 857 1798 885 θεοῦ

1008 908 1053 934 τὸν
1070 908 1185 943 Χριστὸν
1201 906 1314 942 ὑμνοῦσι
1331 905 1525 939 θεολογοῦντες.
1546 904 1608 936 Πῶς
1630 902 1677 931 οὖν
1691 905 1723 930 ἐκ
1738 912 1801 930 τοσ-

1007 953 1091 980 ούτων
1117 952 1184 979 ἐτῶν
1209 951 1459 986 καταγγελλομένου
1493 950 1540 977 τοῦ
1569 948 1799 985 ὲκκλησιαστικοῦ

1009 999 1191 1034 φρονήματος,
1206 998 1342 1033 ἐνδέχεται
1365 998 1427 1028 τοὺς
1452 996 1534 1032 μέχρι
1560 996 1688 1031 Βίκτορος
1711 995 1801 1026 οὕτως

1009 1044 1046 1076 ὡς
1062 1042 1133 1071 οὗτοι
1149 1044 1256 1077 λέγουσι
1267 1042 1464 1078 κεκηρυχέναις
1479 1041 1541 1073 Πῶς
1555 1041 1582 1067 δὲ
1597 1041 1647 1067 ούκ
1660 1039 1801 1067 αἰδοῦνται

1009 1090 1094 1117 ταῦτα
1111 1090 1241 1125 Βίκτορος
1256 1088 1480 1123 καταψεύδεσθαι·
1497 1086 1617 1123 ἀκριϐῶς
1633 1086 1744 1118 εἰδότες,
1758 1086 1801 1113 ὅτι

1009 1137 1116 1171 Βίκτωρ
1127 1135 1172 1162 τὸν
1186 1135 1286 1162 σκυτέα
1300 1134 1425 1161 Θεόδοτον
1437 1133 1481 1160 τὸν
1495 1133 1616 1169 ἀρχηγὸν
1629 1132 1675 1159 καὶ
1692 1132 1800 1168 πατέρα

1010 1181 1109 1217 ταύτης
1132 1181 1182 1216 τῆς
1201 1180 1361 1216 ἀρνησιθέου
1386 1179 1560 1210 ἀποστασίας,
1581 1178 1737 1214 ἀπεκήρυξε
1751 1178 1801 1213 τῆς

1011 1226 1162 1257 κοινωνίας,
1174 1225 1281 1260 πρῶτον
1297 1225 1407 1252 εἰπόντα
1422 1224 1497 1259 ψιλὸν
1511 1223 1651 1260 ἄνθρωπον
1666 1224 1712 1250 τὸν
1731 1224 1801 1259 Χρι·

1012 1272 1072 1298 στόν
1085 1279 1092 1303 ;
1108 1272 1138 1297 Εἰ
1153 1271 1206 1306 γὰρ
1225 1271 1332 1306 Βίκτωρ
1347 1271 1406 1296 κατ’
1417 1270 1513 1302 αὐτοὺς
1527 1269 1612 1301 οὕτως
1629 1269 1748 1305 ἐφρόνει,
1763 1269 1802 1301 ὡς

1013 1318 1029 1352 ὴ
1052 1317 1154 1343 τούτων
1183 1316 1301 1343 διδάσκει
1325 1315 1491 1351 βλασφημία,
1521 1315 1579 1347 πῶς
1602 1315 1634 1342 ἂν
1663 1314 1802 1342 ἀπέϐαλλε

1014 1362 1140 1390 Θεόδοτον
1156 1363 1201 1389 τὸν
1217 1363 1265 1398 τῆς
1282 1363 1412 1399 αἱρέσεως
1424 1361 1524 1397 ταύτης
1539 1361 1668 1397 εὑρετήν;

174 1407 273 1434 fuisse?
300 1407 366 1435 Nam
392 1408 425 1439 si,
441 1414 471 1436 ut
495 1409 582 1442 aiunt,
609 1409 702 1437 Victor
720 1410 814 1436 eadem
837 1409 971 1436 sentiebat
994 1416 1055 1443 qua:
1083 1409 1190 1436 illorum
1221 1409 1299 1437 docet
1327 1409 1462 1444 impietas,
1480 1416 1528 1436 cur
1551 1407 1722 1436 Theodotum
1743 1407 1803 1442 opi-

174 1452 264 1481 nionis
278 1455 351 1482 illius
363 1460 502 1483 auctorem
523 1457 557 1484 ab
573 1455 694 1484 Ecclesia
710 1455 841 1483 removit?

918 1559 956 1588 ιο,
971 1557 985 1584 l
989 1556 1041 1584 bid.

210 1604 328 1632 Facinus
353 1609 448 1632 nostra
473 1609 552 1632 aetate
580 1609 697 1640 gestum,
723 1605 816 1633 multis
844 1604 958 1632 fratrum
973 1607 993 1635 ο

175 1654 331 1676 nostrorum
351 1649 377 1676 in
398 1649 558 1677 memoriam
579 1650 713 1677 revocabo
732 1659 739 1676 :
763 1649 834 1685 quod
852 1650 961 1684 quidem

177 1694 200 1721 si
212 1693 338 1722 Sodomis
355 1695 505 1723 admissum
529 1695 635 1729 fuisset,
659 1696 732 1730 ipsos
749 1717 756 1729 ,
777 1700 807 1723 nt
834 1696 962 1728 arbitror,

178 1739 281 1766 incolas
295 1741 328 1767 ad
350 1740 537 1775 penitentiam
565 1748 712 1776 provocare
734 1741 875 1776 potuisset.
900 1741 965 1768 Erat

177 1786 286 1820 quidam
304 1785 408 1813 Natalis
425 1786 546 1819 nomine,
558 1786 710 1818 confessor,
725 1787 771 1822 qui
787 1795 841 1814 non
858 1787 894 1814 ita
907 1787 963 1821 pri-

177 1832 249 1864 dem,
268 1832 314 1858 sed
336 1836 428 1859 nostra
446 1837 524 1859 aztate
545 1833 622 1860 vixit.
636 1831 685 1860 Hie
707 1832 777 1860 forte
795 1833 820 1859 in
842 1832 965 1860 fraudem

178 1878 306 1906 inductus
331 1882 373 1905 est
398 1878 433 1905 ab
455 1878 659 1913 Asclepiodoto,
683 1882 710 1905 et
737 1878 822 1905 altero
845 1877 964 1912 quodam

178 1923 319 1951 Theodoto
344 1925 509 1958 argentario.
533 1924 620 1951 Ambo
651 1928 742 1951 autem
767 1924 810 1951 isti
837 1923 964 1958 discipuli

177 1973 256 1996 erant
277 1968 410 1997 Theodoti
423 1969 496 1997 illius
512 1969 635 2003 coriarii,
651 1970 696 2004 qui
713 1969 819 2004 primus
838 1970 873 1996 ob
893 1969 965 1996 hanc

179 2036 352 2072 Bibliutlteca,
371 2044 432 2072 cap.
453 2037 498 2069 48,
518 2036 614 2064 Caium
638 2037 720 2071 hujus
741 2037 802 2064 libri
825 2041 965 2072 auctorem

178 2071 253 2108 facit,
270 2071 362 2108 τοῦτον
373 2071 418 2108 τὸν
432 2072 510 2098 Γάϊον
521 2072 704 2108 πρεσϐύτερόν
722 2081 788 2108 φασι
803 2071 966 2107 γεγενῆσθαι

178 2106 229 2141 τῆς
242 2106 312 2134 κατὰ
332 2107 440 2142 Ῥώμην
464 2106 636 2142 Ἑκκλὴσίας.
658 2106 784 2140 συντάξαι
800 2107 828 2133 δὲ
845 2108 890 2134 καὶ
909 2108 967 2133 ἓτε-

212 2152 225 2168 ν
240 2142 317 2176 λόγον
335 2142 405 2174 ἰδίως
420 2142 490 2169 κατὰ
502 2143 550 2177 τῆς
567 2143 734 2178 Ἀρτέμωνος
759 2143 900 2178 αἱρέσεως,
912 2148 964 2178 etc.

179 2150 225 2204 ριον
240 2150 317 2176 Λογον
335 2150 405 2174 ιοιως
420 2150 490 2169 κατα
502 2152 550 2177 της
569 2150 734 2178 Ἀρτεμωνος
759 2150 900 2178 αιρεσεως,
912 2150 964 2169 etc.

206 2178 228 2204 ic
241 2183 283 2204 est
300 2178 358 2212 ipse
374 2178 453 2210 liber,
473 2178 551 2212 cujus
566 2178 717 2212 fragmenta
734 2178 777 2204 hic
794 2178 895 2212 profert
912 2177 967 2204 Eu-

1051 1605 1215 1642 Ὑπομνήσω
1246 1604 1309 1639 γοῦν
1335 1604 1446 1636 πολλοὺς
1468 1604 1520 1631 τῶν
1542 1604 1662 1638 ἀδελφῶν
1686 1604 1806 1639 πρᾶγμα

1015 1652 1057 1687 ἐφ’
1072 1651 1149 1688 ἡμῶν
1161 1651 1314 1687 γενόμενονο
1332 1651 1346 1677 ὃ
1359 1651 1460 1686 νομίζω
1476 1651 1516 1677 ὅτι
1533 1651 1556 1677 εἰ
1567 1651 1594 1676 ἑν
1609 1649 1735 1685 Σοδόμοις
1743 1651 1806 1684 ἐγε-

1016 1699 1098 1734 γόνει,
1116 1697 1196 1732 τυχὸν
1219 1697 1251 1724 ἂν
1274 1697 1415 1728 κάκείνους
1434 1696 1601 1732 ἐνουθέτησε.
1618 1695 1754 1727 Νατάλιος
1769 1693 1806 1731 ἦν

1016 1752 1057 1774 τις
1127 1741 1293 1778 ὁμολογητὴς
1309 1742 1338 1768 οὺ
1355 1741 1448 1773 πάλαι,
1465 1741 1520 1768 ἀλλ’
1535 1742 1580 1767 ἐπὶ
1595 1741 1648 1767 τῶν
1660 1741 1806 1776 ἡμετέρων

1016 1789 1161 1824 γενόμενος
1186 1788 1290 1824 καιρῶν
1316 1788 1364 1823 (9).
1393 1786 1476 1819 Οὗτος
1504 1787 1631 1822 ἠπατήθη
1660 1787 1726 1813 ποτὲ
1752 1787 1807 1813 ὑπὸ

1023 1834 1244 1870 Ἀσκληπιοδότου
1270 1834 1316 1860 καὶ
1342 1834 1433 1869 ἑτέρου
1458 1833 1584 1860 Θεοδότου
1605 1833 1677 1864 τινὸς
1700 1841 1806 1868 τραπε-

1017 1881 1108 1913 ζίτου·
1132 1879 1202 1917 ἦσαν
1225 1880 1252 1906 δὲ
1272 1876 1344 1906 οὗτοι
1367 1880 1449 1915 ἄμφω
1468 1879 1592 1905 Θεοδότου
1612 1879 1658 1905 τοῦ
1683 1879 1806 1911 σκυτέως

1019 1926 1147 1961 μαθηταὶ,
1158 1925 1205 1951 τοῦ
1219 1925 1327 1960 πρώτου
1342 1925 1388 1951 ἐπὶ
1402 1925 1488 1961 ταύτῃ
1499 1926 1532 1960 τῇ
1550 1925 1687 1960 φρονήσει,
1704 1924 1807 1958 μᾶλλον

1016 1971 1044 1998 δὲ
1067 1971 1223 2008 ἀφροσύνῃ,
1241 1971 1433 2007 ἀφορισθέντος
1451 1971 1499 2006 τῆς
1520 1969 1660 2001 κοινωνίας
1684 1970 1737 1996 ὑπὸ
1760 1969 1807 1996 Βί-

1020 2037 1166 2072 Trajanum
1181 2042 1275 2065 auctor
1299 2041 1350 2070 est,
1368 2036 1539 2065 Christianos
1558 2036 1584 2063 in
1600 2044 1684 2063 unum
1702 2044 1805 2064 convc-

1019 2074 1124 2101 nientcs
1139 2073 1248 2100 Christo
1265 2073 1380 2108 hymnos
1396 2080 1492 2099 canere
1504 2072 1688 2108 consuevisse.
1705 2072 1742 2108 De
1762 2073 1807 2100 his

1019 2109 1131 2142 psalmis
1145 2112 1172 2135 et
1186 2106 1292 2143 hymnis
1313 2108 1503 2142 intelligendus
1520 2108 1625 2143 videtur
1639 2106 1804 2142 Hippolytus

1019 2144 1046 2169 in
1066 2144 1190 2170 oratione
1206 2142 1242 2169 de
1263 2143 1495 2170 consummatione
1515 2142 1608 2169 mundi
1627 2142 1678 2168 sub
1695 2142 1776 2168 ﬁnem
1795 2151 1804 2170 :

1018 2178 1054 2204 Τὸ
1076 2178 1161 2213 στόμα
1181 2177 1258 2213 ἡμῶν
1276 2178 1344 2213 πρὸς
1359 2176 1510 2212 δοξολογίαν
1527 2176 1573 2203 καὶ¹
1587 2174 1662 2213 αἶνον
1675 2177 1722 2203 καὶ
1736 2176 1807 2213 ψαλ-

179 2212 281 2253 ιξοῢὶιιδ,
303 2211 389 2253 quem
412 2211 512 2253 tamch
524 2221 549 2253 a_
564 2211 725 2253 qufyrintlto
743 2211 856 2253 Photius
873 2217 965 2253 aperte

1039 2215 1085 2244 οὺς
1099 2211 1144 2253 καὶ
1159 2211 1236 2253 ,ᾠδὰς
1254 2211 1438 2253 πνευματικὰς
1456 2212 1610 2253 ηὐτρέπισα-
1623 2212 1723 2253 λαλεῖν.
1745 2212 1806 2253 Elu-

180 2247 332 2282 distinguit.
373 2247 424 2275 Sed
458 2248 604 2282 Niccphori
634 2248 796 2275 sententiam
823 2247 967 2274 confirmat

182 2257 262 2274 utsun
284 2257 332 2275 lllt.
373 2257 424 2275 aeu
458 2257 604 2282 mccpnort
634 2257 796 2275 sententiam
823 2257 967 2274 conurmat

182 2257 370 2310 Theotﬁn'etus
385 2283 412 2310 in
433 2283 479 2310 lib.
497 2291 514 2309 ll
533 2283 727 2310 [farre/iturum
743 2282 906 2317 fabularum,
921 2289 968 2308 ca--

181 2318 235 2351 pile
247 2318 273 2349 5,
288 2319 332 2344 ubi
353 2326 434 2353 agens
452 2319 485 2345 de
501 2317 641 2345 Theodoto
653 2318 782 2348 coriario,
800 2325 914 2351 eamque
937 2317 970 2343 de

181 2352 275 2380 Natale
295 2352 423 2387 episcbpo
441 2353 560 2381 rcfcrens
582 2353 724 2380 historiam
746 2360 827 2386 quant
844 2353 888 2378 hic
904 2359 969 2387 nar-

181 2393 223 2416 rat
241 2386 431 2418 Eusebius,“
453 2389 521 2415 libro
533 2389 579 2422 qui
595 2388 696 2414 Parvus
712 2387 878 2422 labyrinthus
898 2386 969 2413 dici-

182 2429 227 2451 tur
241 2423 313 2450 illam
331 2430 391 2450 esse
402 2423 587 2457 depromptum
604 2428 729 2450 testatur.

217 2458 255 2492 (6)
279 2457 474 2493 Θεολογεῖτιιί.
492 2456 528 2485 oe
552 2459 576 2484 vi
599 2466 631 2485 ac
654 2458 764 2484 notione
784 2456 859 2483 verbi
881 2456 970 2483 θεολο-

180 2496 250 2528 γείν,
266 2493 374 2520 Justino
391 2493 426 2519 Μ.
447 2494 580 2528 primitus
597 2493 730 2528 usurpati.
749 2492 847 2518 videsis
870 2496 970 2528 nostra:

183 2526 263 2563 hujus
278 2526 453 2556 Bibliothch
467 2533 533 2555 tom.
549 2527 593 2558 Vl,
611 2529 638 2554 in
655 2527 746 2554 iudice
759 2527 863 2554 Graeco.
893 2526 970 2563 Alio-

182 2561 243 2590 rum
266 2570 388 2591 veterum
415 2563 524 2590 Patrum
552 2563 691 2597 complura
713 2563 771 2588 loca
795 2563 822 2588 in
846 2561 969 2597 eamdem

181 2599 343 2625 sententiam
366 2599 468 2632 profert
490 2595 623 2625 Svicerus
644 2598 671 2624 in
695 2597 770 2624 Tltes.
788 2596 852 2623 ccci.
870 2601 934 2623 tom.
948 2595 969 2629 Ι,

181 2640 242 2668 pag.
258 2633 337 2664 1555,
351 2633 364 2668 §
379 2633 406 2660 ‘2.

219 2642 442 2706 ἵδΐῗὲιῗᾶἑοῗρὲ
458 2668 512 2706 καὶ
521 2667 592 2706 ᾠδαὶ
606 2666 743 2706 ᾀδελφῶν
753 2665 892 2706 ᾁτξαρχῆς
910 2664 969 2706 ὑπρ

185 2701 300 2728 πιστῶν
314 2701 479 2737 γραφεῖσαι.
496 2702 675 2737 Scribcndum
690 2707 731 2729 est
747 2702 794 2728 ἀπ’
820 2701 916 2736 ἀρχῆς,
941 2704 970 2726 ut
987 2702 989 2704 '

187 2737 267 2771 habet
290 2739 375 2764 codex
403 2737 486 2771 Med.,
519 2737 599 2769 Fuk.,
625 2736 707 2771 Sa_vil.
733 2741 759 2763 et
790 2736 968 2770 Nicephorus.

186 2770 272 2798 Porro
289 2779 322 2798 ex
338 2772 380 2807 his
395 2768 486 2800 verbis
496 2777 607 2807 apparet
622 2768 725 2798 morem
745 2768 970 2807 fuisseantiquis-

188 2807 288 2843 simum
300 2806 326 2832 in
339 2805 470 2840 Ecclesia,
487 2805 646 2843 hvmnoset
658 2807 777 2843 psalmos
796 2806 968 2843 inrhouorem

188 2841 289 2868 Christi
313 2848 485 2876 componere.
508 2841 593 2870 'Certe
608 2841 712 2870 Plinius
737 2843 764 2869 in
789 2841 902 2876 epistola
934 2841 967 2868 ad

1018 2246 1137 2283 jusmodi
1159 2246 1274 2282 hymnus
1297 2246 1329 2275 in'
1350 2246 1479 2275 honorem
1495 2246 1558 2274 Jesn
1580 2246 1681 2283 Christi
1706 2255 1721 2273 a
1742 2247 1807 2275 Cle-

1021 2288 1110 2310 mente
1123 2283 1304 2310 Alexandrino
1316 2283 1483 2317 compositus
1499 2286 1588 2309 exstat
1600 2282 1633 2309 ad
1649 2283 1730 2309 tinem
1742 2283 1805 2317 ejus

1021 2317 1164 2349 librorum,
1178 2318 1224 2353 qui
1241 2317 1384 2353 Paidagogi
1395 2317 1595 2353 inscribuntur,

1056 2353 1094 2387 (8)
1113 2351 1258 2385 Νατάλιος
1272 2351 1311 2388 ἦν
1324 2351 1380 2386 ἑιξ.
1395 2351 1502 2388 Nescio,
1520 2360 1552 2388 an
1567 2352 1612 2388 hic
1631 2352 1667 2379 sit
1678 2351 1805 2381 Caecilius

1020 2387 1134 2420 Natalis,
1161 2388 1207 2422 qui
1232 2386 1416 2422 disputatione
1436 2387 1538 2422 Octavii
1563 2386 1685 2413 Januarii
1709 2396 1803 2415 coram

1021 2422 1134 2449 Minutio
1147 2421 1234 2450 Felice
1249 2421 1342 2450 Romae
1356 2423 1456 2454 habita,
1474 2422 1506 2448 ad
1525 2421 1625 2448 Christi
1640 2422 1719 2449 fidem
1738 2431 1806 2450 con—

1020 2466 1116 2485 versus
1130 2464 1180 2489 cst,
1204 2463 1232 2484 ut
1254 2458 1382 2485 scribitur
1406 2457 1432 2483 in
1450 2458 1556 2492 dialogo
1579 2457 1685 2484 Minutii
1704 2457 1805 2486 Felicis

1022 2493 1092 2552 (cap.
1110 2493 1164 2533 lii).
1186 2492 1290 2520 Nomen
1310 2496 1382 2520 certe
1404 2492 1539 2524 convenit,
1556 2498 1582 2519 et
1596 2497 1703 2526 tempus
1721 2498 1805 2528 atque

1022 2536 1069 2552 nro
1082 2535 1164 2552 ESSIO.

1040 2535 1164 2555 I'OICSSIO.

1021 2536 1186 2597 Ργῖθῖδςὲζιὶ
1215 2562 1273 2589 τῶν
1299 2561 1447 2597 ἡμετέρων
1475 2561 1592 2596 καιρῶν.
1618 2562 1656 2588 Ad
1684 2562 1804 2589 litteram

1021 2597 1153 2631 Graecam,
1171 2598 1270 2625 nostris
1287 2596 1463 2630 temporibus;
1482 2605 1534 2630 qua
1553 2597 1688 2624 locutione
1703 2606 1732 2624 se
1750 2606 1803 2625 non

1021 2640 1079 2659 rem
1098 2633 1263 2668 praeteritam
1285 2640 1318 2668 ea
1342 2632 1457 2668 aliorum
1474 2632 1603 2658 memoria
1620 2640 1744 2665 narrare,
1758 2633 1804 2661 sed

1021 2666 1175 2700 recentem,
1201 2675 1283 2702 quam
1309 2667 1367 2700 ipse
1382 2666 1475 2702 oculis
1497 2672 1666 2701 perspectam
1703 2668 1806 2696 habere

1020 2703 1149 2737 potuerit,
1164 2708 1191 2729 et
1211 2701 1292 2736 quam
1311 2701 1433 2735 proxime
1448 2701 1559 2737 dixerat,
1572 2702 1613 2736 ἐφ’
1631 2702 1710 2737 ἡμῶν
1728 2703 1804 2737 γενό-

1023 2736 1112 2772 μενον,
1138 2737 1232 2765 testari
1245 2741 1338 2772 noster
1358 2736 1619 2772 auctorisigniﬁcat.
1644 2737 1803 2768 Consum.

1022 2771 1119 2807 Epiatt.
1134 2773 1209 2800 Rom.
1227 2771 1330 2808 ponti/f.
1346 2778 1406 2805 pag.
1422 2771 1482 2808 199,
1497 2772 1542 2799 ubi
1566 2772 1723 2808 hujusmodi
1744 2773 1802 2800 Caii

1022 2806 1203 2844 fragmentum
1215 2806 1243 2835 in
1261 2806 1378 2834 medium
1395 2806 1505 2842 profert.
