1883 3056
106 137 140 161 29
877 138 1098 168 FRAGMENTA.
1725 139 1760 166 30

114 202 221 230 κτορος.
234 194 277 227 ὥς
298 196 388 232 ἔφην,
407 196 454 223 τοῦ
467 196 527 223 τότε
544 195 704 223 ἐπισκόπου.
718 194 877 230 Ἀνεπεισθη
895 194 915 221 δῖ

974 195 1139 228 doctrinam,
1153 202 1199 222 seu
1213 195 1304 230 potius
1318 193 1480 223 insaniam’a
1496 194 1616 227 Victore,
1640 199 1670 222 ut
1691 194 1757 226 dixi,

117 241 131 266 ὁ
147 240 290 273 Natalia;
305 243 357 269 ὑπ’
379 243 471 270 αὐτῶν
494 243 540 270 ἐπὶ
563 242 683 278 σαλαρίῳ
704 241 851 273 ἐπίσκοπος
867 241 923 276 (10)

123 286 302 323 κληρωθῆναι
319 289 380 325 (11)
398 289 498 324 ταύτης
513 289 563 324 τῆς
575 288 715 324 αἱρέσεως,
732 287 802 314 ὥστε
819 287 911 322 λαμ-δά

127 341 181 360 νειν
207 334 275 369 παρ’
302 334 398 361 αὐτῶν
425 335 538 370 μηνιαῖα
564 334 678 370 δηνάρια
701 332 797 360 ἑκατὸν
824 332 923 367 πεντή-

130 388 219 407 κοντα.
248 380 404 416 Γενόμενος
427 379 473 408 οὖν
505 381 553 407 σὺν
577 380 687 412 αὐτοῖς,
719 379 752 406 δι’
780 378 924 415 ὁραμάτων

129 427 260 459 πολλάκις
274 427 444 455 ὲνουθετεῖτο
463 427 517 463 (12)
543 427 594 453 ὑπὸ
620 426 667 453 τοῦ
690 425 812 462 Κυρίου·
831 426 845 452 ὁ
870 424 923 460 γὰρ

130 473 320 508 εὔσπλαγχνος
344 474 412 505 Θεὸς
435 474 482 501 καὶ
510 474 612 510 Κύριος
631 473 708 509 ἡμῶν
733 472 836 507 Ἰησοῦς
858 472 924 508 Χρι-

130 519 196 550 στὸς
219 519 297 554 (15),
321 520 372 546 οὐκ
395 519 518 546 ἐϐούλετο
541 519 593 553 ἔξω
620 518 783 553 Ἐκκλησίας
808 517 923 553 γενόμε-

128 572 196 597 νον,
225 564 375 591 ἀπολέσθαι
408 566 535 602 μάρτυρα
554 565 609 592 τῶν
635 565 707 591 ἰδίων
733 563 827 590 παθῶν
847 563 921 599 (14).

135 610 215 637 Ἐπεὶ
230 611 258 637 δὲ
275 611 460 648 ῥαθυμότερον
477 613 534 643 τοῖς
548 611 667 648 δράμασι
677 612 815 646 προσεῖχε,
832 609 924 636 δελεα-

129 656 247 691 ζόμενος
268 659 301 693 τῇ
318 667 347 684 τε
368 658 432 694 παρ’
456 658 548 690 αὐτοῖς
565 657 803 694 πρωτοκαθεδρίᾳ,
827 656 874 683 καὶ
890 657 922 692 τῇ

128 702 277 736 πλείστους
304 703 474 740 ἀπολλυούσῃ
506 703 730 739 αἰσχροκερδεία,
771 702 923 729 τελευταῖον

128 747 185 774 ὑπὸ
199 748 286 782 ἁγίων
301 748 425 782 ἀγγέλων
440 747 625 784 ὲμαστιγώθη,
641 747 674 774 δι’
688 747 752 783 ὅλης
764 747 813 782 τῆς
827 746 923 778 νυκτὸς

127 794 161 820 οὐ
178 794 306 830 σμικρῶς
325 794 474 826 αἰκισθείς⁸
492 793 562 820 ὥστε
584 793 668 820 ἕωθεν
692 793 857 828 ἀναστῆναι,
875 791 923 818 καὶ

127 839 313 874 ἐνδυσάμενον
332 839 449 871 σάκκον,
477 839 524 866 καὶ
548 838 645 865 σποδὸν
676 837 921 872 καταπασάμενον,

128 884 202 920 μετὰ
215 884 316 919 πολλῆς
339 884 458 919 σπουδῆς
476 885 523 911 καὶ
543 883 669 919 δακρύων
689 883 853 918 προσπεσεῖν
874 882 921 908 Ζε-
937 877 958 905 Β

127 930 237 966 φυρίνῳ
255 930 295 966 τῷ
321 930 477 966 ὲπισκόπῳ,
500 930 657 966 κυλιόμενον
683 929 736 957 ὑπὸ
760 929 823 961 τοὺς
838 929 920 961 πόδας

126 977 160 1004 οὒ
175 977 257 1012 μόνον
279 976 333 1003 τῶν
357 978 386 1003 ἐν
400 976 439 1012 τῷ
457 976 561 1014 κλήρῳ,
585 975 653 1003 ἀλλὰ
670 976 717 1002 καὶ
732 975 786 1002 τῶν
801 974 918 1002 λαϊχῶν·

129 1023 244 1058 συγχέαι
260 1031 289 1049 τε
301 1024 357 1055 τοῖς
372 1023 485 1059 δάκρυσι
499 1022 547 1058 τὴν
562 1021 745 1057 εὖστιλαγχνον
759 1020 920 1056 Ἐκκλησίαν

127 1069 175 1096 τοῦ
192 1069 340 1104 ἐλεήμονος
355 1063 474 1104 Χριστοῦ
485 1077 492 1084 ·
509 1067 592 1104 πολλῇ
607 1076 638 1094 τε
659 1069 691 1103 τῇ
709 1067 797 1103 δεήσει
817 1066 920 1102 χρησά-

130 1122 221 1149 μενον,
242 1114 369 1147 δειξαντά
387 1122 418 1140 τε
439 1114 502 1145 τοὺς
517 1112 652 1148 μώλωπας
671 1109 708 1140 ὧν
725 1113 831 1148 εἰλήφει
854 1112 922 1147 πλη-

128 1159 186 1194 γῶν
200 1159 268 1197 (15),
287 1160 365 1197 μόλις
382 1159 580 1196 κοινωνηθῆναι
592 1158 658 1195 (16).

974 245 1040 269 tunc
1057 242 1188 277 temporis
1213 241 1340 277 episcopo
1357 241 1391 269 ab
1414 241 1541 269 Ecclesiae
1562 241 1759 269 communione

974 292 1096 315 remotus
1123 292 1175 315 est.
1196 287 1229 314 Hi
1253 292 1448 323 persuaserunt
1470 286 1570 319 Natali,
1595 291 1624 313 ut
1647 291 1759 321 accepto

974 335 1075 362 salario
1086 334 1198 362 hreresis
1208 334 1282 361 illius
1295 334 1439 368 episcopus
1454 338 1603 365 crearetur,
1611 340 1641 359 ea
1654 330 1758 359 scilicet

973 380 1152 410 conditione,
1179 383 1208 406 ut
1237 383 1392 405 menstruos
1421 382 1530 405 centum
1560 377 1757 412 quinquaginta

974 426 1102 453 denarios
1119 425 1153 452 ab
1170 425 1224 452 illis
1245 424 1391 458 acciperet.
1414 422 1540 450 Socialus
1556 422 1638 458 igitur
1650 422 1757 449 illorum

974 472 1106 507 partibus,
1123 478 1195 505 saepe
1211 478 1225 497 a
1245 469 1362 497 Domino
1373 469 1621 504 reprehendebatur
1638 469 1665 496 in
1679 468 1757 496 visis.

973 517 1210 547 Clementissimus
1219 516 1291 544 cnim
1301 516 1373 543 Deus
1381 524 1413 543 ac
1426 515 1556 544 Dominus
1572 523 1665 544 noster
1677 515 1757 543 Iesus

973 564 1111 596 Christus,
1126 571 1188 591 eum
1202 563 1249 598 qui
1270 562 1430 598 passionum
1449 570 1560 590 suarum
1580 563 1658 590 testis
1673 562 1757 590 exsti-

973 614 1052 642 terat,
1076 609 1166 644 perire
1183 613 1261 636 extra
1287 608 1437 636 Ecclesiam
1467 608 1587 635 nolebat;
1616 608 1669 636 Sed
1694 615 1758 636 cum

972 657 1038 684 visis
1054 655 1109 683 illis
1135 655 1325 690 obtemperare
1349 655 1498 690 negligcrct
1520 653 1640 687 Natalis,
1666 659 1757 690 utpote

973 700 1078 728 honore
1092 701 1187 736 prima:
1199 700 1270 736 apud
1284 700 1345 727 illos
1359 700 1442 733 sedis,
1456 704 1484 727 et
1495 701 1584 735 turpis
1599 700 1667 728 lucri
1682 700 1755 735 cupi-

972 747 1056 774 ditate
1078 747 1155 783 (quae
1178 746 1273 774 multis
1297 746 1458 774 mortalibus
1473 747 1557 774 exitio
1578 747 1634 782 cst)
1652 747 1757 774 inesca-

972 797 1017 821 tus
1029 814 1036 826 ,
1059 794 1167 821 tandem
1181 801 1196 821 a
1214 793 1318 821 sanctis
1342 793 1445 829 angelis
1475 801 1524 828 per
1549 797 1633 820 totam
1651 797 1756 820 noctem

973 840 1064 876 ﬂagris
1081 847 1169 868 caesus
1193 844 1219 867 et
1244 840 1403 875 gravissime
1422 839 1582 867 verberatus
1607 844 1669 867 est:
1690 838 1757 866 adeo

973 890 1004 914 ut
1017 886 1106 921 primo
1121 886 1242 914 diluculo
1256 893 1436 921 consurgens,
1453 893 1563 913 saccum
1584 885 1714 917 induerit,
1732 890 1756 913 et

972 933 1064 960 cinere
1075 940 1240 968 conspersus
1253 931 1398 960 confestim
1413 940 1473 960 cum
1488 931 1616 967 lacrymis
1626 931 1658 958 ad
1676 931 1756 966 pedes

973 977 1119 1013 Zephyrini
1137 977 1258 1013 episcopi
1275 985 1335 1005 sese
1358 978 1499 1012 abjecerit,
1511 985 1566 1004 non
1587 977 1674 1004 solum
1703 976 1756 1004 cle-

973 1022 1108 1056 ricorum,
1137 1031 1233 1050 verum
1260 1023 1342 1050 etiam
1366 1023 1498 1050 laicorum
1524 1023 1647 1058 vestigiis
1671 1022 1756 1049 advo-

973 1069 1070 1102 lutus;
1101 1073 1128 1097 et
1151 1069 1252 1097 Christi
1276 1070 1461 1097 misericordis
1486 1069 1638 1097 Ecclesiam
1668 1069 1756 1104 ipsam

974 1123 1082 1150 quoque
1109 1115 1314 1144 misericordem
1342 1116 1453 1143 ﬂetibus
1482 1116 1539 1143 suis
1561 1115 1755 1149 comnmverit,

968 1165 1049 1196 atque
1065 1162 1252 1195 concusserit;
1266 1161 1416 1196 multisque
1432 1162 1558 1197 precibus
1573 1169 1651 1195 usus,
1663 1167 1756 1190 osten-

968 1207 1007 1234 sis
1026 1207 1108 1234 etiam
1132 1207 1268 1235 vibicibus
1290 1207 1431 1243 plagarum
1453 1215 1521 1242 quas
1534 1209 1691 1243 pertulerat,
1709 1209 1754 1236 vix

969 1253 1078 1281 tandem
1094 1253 1128 1281 ad
1143 1253 1364 1281 communionem
1384 1254 1520 1281 admissus
1536 1258 1588 1281 est.

927 1307 970 1337 ΙΙΙ.

880 1354 919 1382 lo.
934 1354 1005 1381 Ibid.

165 1407 278 1442 Γραφὰς
295 1406 345 1442 μὲν
366 1405 442 1438 θείας
464 1406 572 1440 ἀφόϐως
592 1406 849 1443 ρεραδιουργήκασι·
875 1407 920 1433 πί-

131 1461 216 1483 στεως
241 1452 270 1478 δὲ
290 1451 408 1488 ἀρχαίας
432 1451 534 1478 κανόνα
558 1451 719 1487 ὴθετήκασι·
744 1452 859 1488 Χριστὸν
889 1453 918 1479 δὲ

1011 1405 1110 1433 Sacras
1134 1405 1242 1441 quidem
1263 1404 1418 1440 Scripturas
1431 1405 1565 1432 'auuacter
1584 1404 1755 1432 adulterave-

971 1457 1050 1485 runt,
1068 1452 1211 1488 primitiva:
1234 1458 1323 1479 autem
1348 1452 1411 1479 fidei
1435 1451 1557 1486 regulam
1581 1451 1752 1485 rejecerunt,

177 1511 222 1543 10)
234 1510 424 1546 Ἐπίσκοπος
435 1509 590 1546 κληθῆναι.
603 1509 645 1546 ita
660 1510 790 1546 scriptum
807 1509 915 1545 praefert

973 1511 1102 1546 gellorum
1117 1511 1217 1545 quibus
1227 1510 1329 1538 Natalis
1340 1518 1354 1537 a
1370 1510 1471 1538 sanctis
1483 1509 1587 1546 angelis
1601 1517 1688 1546 caesus
1700 1515 1751 1542 est,

165 1511 222 1572 (10)
243 1511 424 1551 Ἐπίσκοπος
435 1511 590 1550 κληθῆναι.
609 1511 645 1536 lta
655 1511 790 1552 scriptum
807 1511 914 1551 praefert

131 1554 216 1572 (ναίει
234 1544 350 1579 Regius,
374 1553 417 1572 cui
444 1549 580 1571 consentit.
603 1544 692 1572 liuhni
707 1551 914 1580 interpretatio.

132 1581 183 1607 Sed
200 1585 319 1615 quatuor
339 1580 437 1614 reliqui
456 1579 578 1611 codices,
603 1579 684 1612 Maz.,
704 1579 794 1612 Med”,
807 1580 875 1608 Fuk.
889 1586 914 1609 et

133 1614 218 1647 savii}
234 1615 492 1650 scriptumrhabeinrt,
507 1614 690 1650 κληρωθῆναι.

165 1651 223 1687 (li)
241 1649 508 1682 K1now0ﬁrat.Non
525 1649 658 1687 displicet,
673 1650 744 1684 quod
757 1650 918 1687 apudiﬂuli-

132 1685 213 1717 num,
228 1690 429 1716 nominaretur;
457 1692 490 1712 ex
509 1693 565 1719 quo
583 1689 610 1712 et
633 1685 716 1720 liquet
740 1693 802 1712 eum
824 1686 917 1713 Graece

131 1721 228 1756 legisse
241 1720 385 1755 κληθῆναι.
401 1719 495 1755 Neque
513 1727 577 1747 vero
590 1719 738 1747 obscurum
755 1726 806 1754 est,
828 1721 916 1748 Natali

131 1755 231 1783 uinum
255 1755 375 1790 episcopi
395 1756 454 1782 sine
477 1762 506 1782 re
533 1763 632 1782 nomen
659 1755 793 1782 indultum
820 1756 915 1787 fuisse,

131 1799 193 1818 cum
208 1798 264 1818 non
279 1795 351 1818 esset
364 1791 434 1818 inter
444 1790 504 1817 illos
515 1790 816 1825 htereticoscpiscopus
831 1792 877 1825 qui
891 1792 915 1818 ei

133 1826 335 1854 ordinationem
354 1825 478 1852 conferre
503 1829 604 1861 posset.
633 1825 701 1852 Hinc
723 1833 776 1853 non
801 1827 916 1861 alicujus

131 1862 219 1893 urbis,
237 1861 284 1889 sed
301 1861 406 1888 haeresis
422 1860 494 1887 illius
505 1859 655 1895 episcopus
675 1867 848 1896 nuncupatus
864 1859 915 1889 est.

130 1897 266 1930 Quocirca
280 1901 306 1922 et
319 1896 503 1932 illfrﬂrdiclilll'
515 1895 601 1932 prima
618 1896 744 1932 cathedra
758 1895 914 1932 insignitus,

129 1940 184 1958 non
200 1931 265 1966 quia
281 1931 417 1965 episcopis
443 1930 589 1965 aliquibus,
603 1931 650 1958 sed
663 1932 727 1966 quia
750 1932 798 1959 toti
816 1930 916 1959 haeresi

129 1967 297 2002 praesideret.
314 1966 469 2002 Cousrxm.

164 2002 225 2037 (12)
242 2002 282 2027 Δι’
299 2000 498 2035 ὁραμάτων-η..
512 2001 703 2029 ἐνουθετεῖτο.
727 2001 841 2029 Ruﬁnus
856 2009 917 2029 ver-

129 2037 171 2068 tit,
190 2036 384 2063 admonebatur
403 2037 431 2062 in
444 2037 562 2063 somniis.
579 2036 702 2064 Valesius
725 2044 806 2068 vero,
833 2037 917 2063 corri-

127 2072 254 2106 piebatur
269 2071 298 2097 in
313 2071 430 2103 somnis;
452 2075 479 2098 et
499 2071 580 2103 infra,
608 2072 653 2098 sed
683 2080 741 2098 cum
771 2077 915 2098 nocturnas

126 2107 262 2141 ejusmodi
279 2106 396 2142 uisiones
420 2106 575 2142 negligeret;
592 2114 646 2142 quo
667 2107 694 2142 in
717 2107 777 2134 loco
802 2106 916 2134 Ruﬁnus

128 2150 184 2169 non
204 2141 310 2169 addidit
323 2147 476 2168 not-turnus.
494 2141 522 2168 in
544 2141 658 2176 utroque
680 2141 742 2169 loco
757 2141 858 2176 placuit
872 2142 917 2169 lit-

128 2183 195 2204 terae
207 2177 310 2204 (Ξῖ-πω
322 2177 471 2209 adhaerere,
487 2177 513 2203 in
534 2184 586 2210 qua
605 2177 671 2203 nihil
688 2182 740 2209 est,
757 2177 916 2205 undesom—

127 2213 255 2239 niantine
268 2219 302 2246 an
327 2212 450 2246 vigilanti
466 2212 522 2239 haec
533 2212 590 2239 visa
615 2214 724 2239 ostensa
739 2212 803 2244 sint,
823 2212 914 2246 conje-

127 2237 252 2274 aisais;
265 2237 322 2273 imo
335 2237 449 2274 putus"
459 2237 604 2274 causa
619 2237 724 2273 rasa;
740 2237 914 2274 castris?»
930 2237 952 2264 Ι)

126 2282 179 2317 ὅρα
226 2302 233 2313 ,
247 2289 302 2316 quo
312 2286 470 2308 constanter
480 2282 564 2308 utitur
580 2287 671 2309 noster
682 2287 787 2312 auctor.
803 2282 836 2309 de
849 2282 914 2309 visis

128 2291 302 2343 viuiwntium
313 2317 424 2343 nroorie
440 2317 503 2343 dici.
519 2316 556 2343 In.
567 2332 602 2337 —
615 2316 651 2343 De
665 2317 821 2343 huiusmodi
835 2317 912 2343 visis.

128 2316 302 2352 vigilantium
313 2317 424 2352 proprie
440 2317 503 2343 dici.
519 2316 556 2344 In.
567 2332 602 2337 —
615 2316 651 2343 De
665 2317 821 2351 hujusmodi
835 2317 912 2350 visis,

127 2351 168 2378 ex,
180 2352 383 2387 probatissimis
400 2351 528 2387 Ecclesia:
548 2353 733 2379 monumentis
753 2352 915 2386 antiquiori-

128 2385 330 2422 bus’complura
342 2387 446 2422 profert
461 2385 582 2422 exempla
598 2387 751 2414 Dodwellus
761 2385 871 2415 Dissert.
886 2388 914 2421 1,

128 2422 272 2457 Cyprian.,
285 2430 343 2457 pag.
356 2422 389 2449 57
403 2430 478 2457 seqq.

164 2458 223 2491 (15)
247 2456 555 2493 Θεόςῖ...Ι.νΧ.“Νρῐηο
574 2457 672 2485 dixerit
696 2457 742 2484 Dei
762 2465 859 2484 nomen
880 2457 912 2493 (a

129 2492 198 2520 Caio
212 2493 260 2528 qui
273 2492 427 2519 Artemonis
438 2493 560 2520 liaresim
574 2493 688 2525 refutat)
705 2493 749 2519 hic
769 2492 915 2528 improprie

129 2527 242 2555 Christo
253 2528 363 2555 attribui
374 2537 380 2554 :
391 2527 522 2561 siquidem
536 2528 611 2555 illum
624 2528 658 2554 ab
671 2528 816 2555 Artemone
830 2527 913 2555 Deum

129 2563 224 2598 rit-gari
241 2571 294 2590 non
306 2564 418 2598 patitur,
433 2571 511 2597 quem
524 2571 539 2590 a
553 2563 711 2595 majoribus,
721 2568 815 2598 contra
830 2563 915 2590 luere-

129 2597 175 2625 tici
192 2598 275 2632 hujus
290 2597 442 2629 mendacia,
459 2598 544 2625 Deum
565 2603 700 2626 assertum
717 2606 787 2628 esse,
802 2597 913 2630 Justini,

128 2633 276 2665 Miltiadis,
290 2633 414 2665 Tatiani,
438 2633 602 2667 Clementis,
618 2633 711 2661 lrenaai
734 2638 760 2660 et
781 2633 914 2661 Melitonis

127 2670 240 2703 scriptis
255 2669 363 2696 e\incit.
382 2668 538 2695 Cousnsr.

162 2705 220 2740 (14)
237 2703 379 2738 Μάρτυρα
393 2703 454 2740 τῶν
466 2703 548 2740 totum
562 2703 760 2740 xaodepud
775 2703 913 2736 Ruﬁnum,

128 2738 271 2802 martyr‘em
285 2747 362 2766 suum
378 2739 423 2773 qui
437 2738 487 2766 sibi
502 2739 530 2765 in
544 2739 634 2767 multis
649 2740 819 2774 passionibus
832 2741 914 2767 exsti-

129 2780 204 2802 terat.
233 2784 270 2802 n.-

129 2780 204 2803 terat.
223 2780 270 2803 lo.-

163 2811 218 2845 (l5)
237 2811 398 2842 Μώλωπας
422 2806 467 2835 ὧν
488 2808 604 2843 εἰλήφει
631 2809 766 2845 πληγῶν.
792 2809 914 2838 Valesius

145 2852 184 2874 ost
209 2846 343 2874 Rulinum
360 2845 480 2875 addidit.
501 2852 547 2878 pro
564 2845 664 2872 Christi
694 2845 866 2880 confessione.
881 2845 914 2872 Et

145 2854 184 2874 οςι
209 2854 343 2874 ιίιιιιηυιη
360 2854 480 2875 ίιαωαιι,
501 2854 547 2878 pro
564 2854 664 2872 ιηνιδιι
694 2854 866 2880 conlesstone.
881 2854 913 2872 LI

125 2854 165 2912 b’ic
184 2883 352 2912 inurendum
369 2880 465 2908 Greeco
484 2880 629 2909 duximus:
650 2881 768 2910 maxime
787 2887 848 2909 cum
866 2881 913 2908 lla—

970 1544 1094 1580 proxima
1114 1544 1225 1576 mentio,
1242 1546 1334 1580 plagas
1347 1553 1396 1580 pro
1410 1545 1511 1572 Christi
1531 1544 1686 1571 desertione
1701 1551 1752 1580 po-

970 1579 1042 1612 tius,
1065 1589 1146 1616 quam
1178 1589 1225 1614 pro
1243 1579 1354 1607 Clirisli’
1368 1580 1529 1615 confessione
1546 1585 1689 1614 acceptas,
1708 1579 1752 1606 hic

968 1616 1080 1651 intelligi
1095 1616 1222 1650 postulet.
1237 1616 1274 1643 Io.

1004 1649 1068 1687 (16f
1077 1649 1169 1683 Μόλις
1184 1649 1407 1687 κωνωνηθῆνιιι.
1420 1649 1592 1687 _l{uju_s_modi
1608 1649 1752 1684 indulgen-

968 1685 1075 1713 tia'non
1092 1687 1177 1713 solum
1197 1686 1230 1712 iis
1244 1687 1290 1720 qui
1306 1694 1320 1712 a
1337 1685 1470 1712 catholica
1493 1685 1545 1711 ﬁde
1562 1685 1752 1712 abscesserant

967 1727 994 1748 et
1008 1721 1042 1748 ad
1067 1729 1126 1748 eam
1145 1721 1317 1755 postmodum
1340 1721 1495 1752 redierant,
1515 1720 1562 1747 sed
1591 1725 1618 1746 et
1635 1721 1750 1748 mmchis

968 1756 1161 1817 Etenitentibus
1176 1756 1321 1796 impertita,
1331 1755 1498 1796 Tertulliano
1510 1755 1586 1781 valde
1599 1755 1750 1795 displicuit.

993 1800 1034 1817 am
1046 1792 1080 1817 ob
1091 1799 1201 1817 causam
1217 1799 1244 1817 in
1258 1791 1304 1817 lib.
1319 1791 1355 1817 De
1365 1791 1488 1817 ηηιιιειι..
1501 1790 1582 1817 n.15.
1592 1797 1750 1817 emsconum

993 1800 1034 1818 ani
1046 1792 1080 1818 ob
1091 1799 1201 1818 causam
1217 1790 1244 1817 in
1258 1791 1304 1818 lib.
1319 1791 1355 1817 De
1364 1791 1488 1825 pudicit.,
1501 1790 1582 1825 n.15,
1592 1791 1751 1825 episcopum

968 1826 1046 1861 cujus
1063 1834 1160 1853 nomen
1191 1826 1297 1857 reticet,
1330 1824 1368 1853 sic
1395 1826 1522 1861 sugillat;
1542 1824 1577 1851 Et
1604 1831 1631 1851 tu
1645 1826 1751 1860 quidem

966 1860 1146 1896 paenitentiam
1162 1861 1255 1887 mute/ti
1279 1861 1314 1887 ad
1331 1862 1491 1896 exorandam
1508 1860 1704 1894 fraternitatem
1719 1861 1748 1887 in

967 1895 1104 1923 ecclesiam
1128 1896 1263 1928 inducens,
1283 1895 1475 1921 conciliciatum
1497 1900 1520 1922 et
1534 1897 1748 1928 concinnatum,

967 1940 1027 1958 cum
1044 1931 1167 1958 dedecore
1182 1936 1205 1958 et
1231 1931 1338 1958 horrore
1353 1932 1535 1965 compositum,
1556 1931 1700 1965 prosternis
1721 1932 1750 1959 in

967 1966 1081 1993 medium
1094 1971 1155 1992 ante
1169 1965 1272 1997 viduas,
1288 1970 1349 1992 ante
1363 1968 1537 2000 presbyteros,
1554 1968 1669 1993 omnium
1683 1966 1750 1994 laci-

966 2003 1025 2028 nias
1040 2001 1214 2033 invadentem,
1235 2001 1350 2027 onmium
1373 2001 1481 2035 vestigia
1501 2000 1674 2033 lambentem,
1692 2011 1749 2029 om-

966 2038 1040 2063 nium
1056 2044 1138 2071 genua
1154 2037 1329 2068 tletinentem;
1344 2036 1421 2070 inque
1436 2044 1495 2071 eum
1511 2037 1623 2064 hominis
1636 2038 1746 2070 exitum,

966 2070 1073 2106 quantis
1095 2076 1167 2105 potes
1190 2071 1378 2098 misericordia:
1400 2070 1540 2103 illecebris,
1559 2071 1640 2098 bonus
1657 2078 1748 2106 pastor

966 2112 989 2134 et
1008 2106 1157 2133 benedictus
1172 2114 1241 2141 papa
1263 2106 1439 2137 concionoris,
1456 2110 1479 2132 et
1497 2106 1524 2133 in
1547 2108 1675 2140 parabala
1692 2108 1747 2135 ovis

967 2150 1059 2178 capros
1083 2147 1143 2178 tuos
1166 2142 1296 2178 quieris,
1310 2147 1363 2178 tua»
1377 2141 1480 2178 ovisgne
1503 2150 1595 2169 rursus
1617 2143 1649 2169 de
1672 2151 1748 2178 grege

966 2177 1083 2204 exsiliat.
1101 2177 1167 2209 Quae
1186 2177 1267 2203 verba
1291 2177 1334 2203 hic
1349 2176 1501 2203 describere
1519 2177 1607 2203 visum
1627 2182 1669 2204 est
1691 2176 1746 2204 non

967 2216 1071 2238 tantum
1095 2213 1129 2238 ob
1147 2212 1354 2239 consensionem
1375 2212 1482 2238 illorum
1504 2219 1565 2238 cum
1589 2213 1622 2239 iis
1639 2221 1698 2246 qute
1714 2215 1746 2243 (ει

966 2247 1048 2282 Caio)
1059 2247 1181 2281 proxime
1196 2247 1278 2273 relata
1290 2251 1363 2277 sunt,
1381 2251 1426 2273 aut
1439 2252 1467 2272 ut
1480 2254 1511 2273 ea
1527 2255 1586 2280 qua:
1601 2252 1666 2274 tunc
1677 2252 1747 2274 teni-

965 2283 1040 2317 poris
1051 2283 1123 2309 circa
1143 2282 1304 2316 pmnitentes
1326 2282 1426 2316 vigeret
1443 2282 1596 2316 disciplina,
1619 2283 1746 2317 exemplo

965 2316 1052 2345 altero
1068 2318 1244 2344 lirmarctur:
1271 2316 1356 2343 sedet
1381 2317 1497 2343 maxime
1518 2317 1582 2351 quia
1604 2319 1744 2351 nonnulli,

965 2353 1182 2386 nominatimque
1194 2351 1356 2378 Paschasius
1371 2351 1532 2384 Questicllus
1551 2353 1664 2381 Disscrl.
1684 2354 1695 2379 1
1713 2354 1746 2380 de

965 2388 1020 2414 vita
1034 2393 1058 2414 et
1074 2388 1154 2423 gestis
1170 2386 1276 2419 Leonis,
1288 2394 1347 2420 cap.
1360 2387 1404 2417 12,
1421 2395 1448 2414 n.
1465 2388 1492 2419 6,
1510 2397 1605 2423 papam
1618 2389 1693 2416 illum
1712 2389 1746 2416 de

965 2431 1019 2457 quo
1031 2423 1088 2449 haec
1105 2422 1287 2460 Tertullianus
1301 2422 1448 2460 eloqttjtur,
1461 2422 1642 2460 Zephyrinum
1661 2425 1744 2460 initer-

965 2462 1117 2493 pretantur.
1128 2457 1166 2484 De
1181 2458 1239 2492 ipso
1251 2465 1359 2491 quoque
1374 2457 1505 2486 Baronins
1522 2457 1554 2486 ait
1567 2467 1667 2486 anntim
1679 2459 1743 2490 216,

965 2501 993 2519 n.
1010 2493 1037 2524 4,
1055 2493 1156 2519 dictum
1174 2493 1297 2527 intelligit
1314 2493 1378 2519 illud
1399 2493 1520 2527 ejusdem
1537 2495 1580 2521 lib.
1597 2502 1615 2526 i,
1637 2502 1695 2528 cap.
1710 2494 1720 2519 1
1736 2503 1745 2520 :

964 2528 1051 2554 Audio
1074 2529 1153 2554 etiam
1176 2528 1288 2554 edictum
1305 2536 1360 2555 esse
1387 2530 1567 2564 propositum,
1593 2535 1616 2556 et
1640 2530 1744 2564 quidem

964 2564 1188 2598 peremptorium:
1214 2563 1331 2598 pontifex
1346 2563 1443 2591 scilicet
1466 2566 1597 2591 maximus
1617 2565 1685 2599 quod
1705 2568 1745 2590 est

964 2599 1099 2633 episcopus
1120 2599 1315 2632 episcoporum,
1333 2600 1434 2626 edicit:
1458 2599 1513 2634 Ego
1535 2605 1559 2626 et
1582 2600 1697 2626 nttecltiw
1719 2604 1744 2626 et

978 2634 1149 2669 ornicationis
1174 2633 1290 2665 delicta,
1319 2635 1471 2669 pwnitentia
1484 2633 1489 2634 ⁷
1504 2635 1602 2668 functis
1627 2635 1742 2660 dimitto.

989 2676 1057 2702 eque
1069 2669 1226 2703 ambiguum
1235 2673 1292 2705 est,
1302 2671 1366 2703 quin
1379 2670 1402 2696 si
1417 2671 1561 2696 denotetur
1571 2670 1744 2705 Zephyrinus

965 2704 1008 2730 his
1021 2711 1080 2738 cap.
1092 2705 1104 2731 1
1118 2705 1218 2736 verbis,
1234 2704 1304 2730 idem
1318 2713 1427 2739 quoque
1438 2705 1626 2738 superioribus
1637 2704 1697 2739 cap.
1711 2705 1745 2730 15

965 2744 1100 2775 carpatur.
1117 2739 1176 2766 Non
1198 2740 1297 2775 desunt
1315 2745 1405 2767 tamen
1426 2740 1472 2774 qui
1487 2745 1633 2775 utrumque
1655 2741 1744 2767 locum

965 2774 997 2800 ad
1022 2774 1180 2808 episcopum
1198 2774 1450 2809 Carthaginiensem
1472 2774 1606 2808 referant;
1631 2776 1699 2802 adeo
1714 2777 1745 2801 ut

964 2809 988 2836 is
1004 2817 1051 2844 per
1063 2811 1298 2844 exaggerationem
1313 2810 1479 2837 Tcrtulliano
1501 2818 1555 2837 non
1572 2811 1745 2840 insolentem,

964 2845 1081 2881 pontifegt
1097 2846 1229 2881 maximus
1247 2845 1335 2873 dictus
1353 2846 1388 2873 sit
1407 2850 1434 2873 et.
1454 2846 1589 2881 episcopus
1611 2847 1744 2879 episcopo-

965 2888 1033 2907 rum.
1051 2879 1149 2908 Verum
1172 2880 1227 2908 sive
1245 2881 1276 2912 is,
1295 2881 1352 2909 sive
1368 2881 1457 2916 quivis
1469 2879 1547 2909 alius
1569 2881 1746 2916 intelligatur,
