1883 3056
145 114 178 142 51
749 115 818 143 CA1!
834 115 966 144 ROMANI
986 115 1203 144 PRESBYTERI
1735 119 1763 147 π

145 168 286 203 Christum
299 169 388 204 ipsum
402 169 519 205 denique
535 170 743 205 ignoraverunt:
771 179 825 199 non
842 171 926 206 inqui-

1005 172 1165 207 γνοήκασιν·
1182 171 1213 198 οὐ
1228 171 1255 198 τί
1271 172 1298 199 αἱ
1314 171 1385 200 θεῖαι
1399 172 1505 208 λέγουσι
1519 174 1636 210 Γραφαὶ,
1656 174 1769 212 ζητοῦν-

145 218 237 242 rentes
251 215 318 249 quid
341 223 427 243 sacrae
448 217 567 244 doceant
592 215 750 251 Scriptura,
767 217 813 244 sed
838 218 931 252 cujus-

145 260 218 287 modi
242 260 464 296 syllogismorum
483 262 570 297 ﬁgura
587 262 620 289 ad
641 263 856 290 conﬁrmandam
879 263 932 291 im-

145 305 271 340 pietatem
283 314 361 334 suam
377 308 539 342 reperiatur,
554 308 664 336 assidue
679 307 930 341 meditantesQuod

144 351 168 378 si
185 352 249 387 quis
266 353 387 388 aliquem
407 353 506 381 divina:
529 354 676 389 Scriptura:
692 354 782 382 locum
797 355 838 382 eis
859 355 929 390 obji-

146 398 210 431 ciat,
228 401 386 427 examinant
411 405 501 427 utrum
526 408 681 428 connexum
707 408 742 427 an
763 401 928 435 disiunctum

145 444 294 480 syllogismi
320 454 405 481 genus
428 454 461 474 ex
476 454 509 474 eo
526 446 622 474 conﬁci
642 446 739 481 possit.
764 445 931 480 Rclictisque

145 495 227 525 atque
255 491 370 526 abjectis
392 493 478 520 sacris
503 492 550 519 Dei
577 491 744 527 Scripturis,
775 492 931 527 geometria:

145 537 272 570 student;
287 537 385 572 quippe
402 538 449 572 qui
478 542 620 565 terrestres
648 538 703 565 sint
724 542 751 565 et
783 537 930 573 loquantur

144 587 270 615 terrena,
295 588 323 610 et
347 583 424 611 illum
441 584 488 619 qui
503 584 537 612 de
562 585 631 612 cwlo
660 585 770 612 advertit
793 585 928 619 ignorent.

143 628 265 656 Euclidis
293 629 375 664 igitur
403 630 550 665 geometria
573 630 643 665 apud
670 631 816 658 nonnullos
833 638 928 657 eorum

144 674 268 701 studiose
278 674 428 707 excolitur;
438 675 597 703 Aristotcles
607 683 672 703 vero
683 681 709 703 et
723 675 929 710 Theophrastus

143 728 251 747 summa
270 720 450 749 admiratione
471 722 675 757 suscipiuntur;
695 721 814 750 Galenus
837 726 927 749 autem

143 773 159 793 a
183 766 347 800 quihusdam
369 767 452 794 etiam
480 768 621 795 adorator.
649 767 766 795 Proinde
789 767 855 795 istos
881 767 928 802 qui

144 810 296 838 inlidclium
320 811 425 839 artibus
448 819 482 840 ac
497 812 650 848 disciplinis
675 812 708 840 ad
736 811 926 840 stabiliendum

983 225 1038 248 τες,
1063 215 1120 242 ἀλλ’
1146 217 1237 243 ὁποῖον
1265 217 1358 252 σχῆμα
1378 217 1555 254 συλλογισμοῦ
1582 219 1621 251 είς
1641 219 1691 254 τὴν
1719 220 1769 256 τῆς

981 261 1127 296 ἀθεότητος
1149 260 1248 297 εὑρεθῇ
1273 262 1418 296 σύστασιν,
1439 263 1589 298 φιλοπόνους
1604 264 1767 298 ἀσκοῦντες·

981 307 1031 333 κᾶν
1044 307 1137 339 αὐτοῖς
1158 307 1286 344 προτείνῃ
1308 317 1349 340 τις
1364 308 1444 344 ῥητὸν
1462 309 1574 344 Γραφῆς
1591 309 1694 346 θεῖκῆς,
1712 311 1770 344 EE:-

980 352 1091 383 τάζουσι
1120 352 1234 387 πότερον
1264 353 1434 388 συνημμένον
1460 354 1476 390 ἢ
1498 354 1685 390 διεζευγμένον
1712 356 1768 391 (17)

980 397 1090 424 δύναται
1116 397 1228 433 ποιῆσαι
1255 399 1347 434 σχῆμα
1375 399 1574 435 συλλογισμοῦ·
1603 401 1768 428 καταλιπόν-

979 451 1024 474 τες
1048 443 1077 469 δὲ
1100 443 1150 475 τὰς
1177 444 1257 478 ἁγίας
1277 444 1324 471 τοῦ
1345 445 1412 472 Θεοῦ
1442 447 1569 482 Γραφὰς,
1597 447 1769 484 γεωμετρίαν

979 488 1184 524 ἐπιτηδεύουσιν
1200 498 1206 505 ·
1233 490 1271 522 ὼς
1287 490 1320 517 ἂν
1348 491 1380 517 ὲκ
1399 492 1447 526 τῆς
1476 492 1528 527 γῆς
1556 492 1631 524 ὄντες
1657 493 1703 520 καὶ
1735 495 1768 520 ἐκ

979 535 1029 570 τῆς
1050 535 1101 570 γῆς
1117 534 1277 568 λαλοῦντες,
1292 536 1349 571 ’καὶ
1371 537 1417 564 τὸν
1433 538 1535 564 ἄνωθεν
1548 539 1692 575 ἐρχόμενον
1710 539 1767 574 (18)

979 580 1148 614 ἀγνοοῦντες.
1167 581 1314 618 Εὐκλείδης
1328 582 1393 617 γοῦν
1411 584 1485 619 παρά
1501 593 1570 611 τισιν
1587 585 1676 611 αὐτῶν
1692 585 1769 621 φιλιν

979 626 1068 658 πόνως
1087 628 1297 663 γεωμετρεῖται·
1322 629 1510 665 Ἀριστοτέλης
1531 630 1559 656 δὲ
1575 631 1622 657 καὶ
1642 631 1767 667 Θεόφρα-

979 681 1040 704 στος
1058 672 1256 711 Θαυμάζονται·
1275 673 1393 709 Γαληνὸς
1406 674 1460 711 γὰρ
1475 675 1539 707 ἴσως
1555 676 1606 702 ὑπό
1622 685 1702 703 τινων
1719 677 1768 703 καὶ

977 719 1169 753 προσκυνεῖται
1186 718 1252 754 (19).
1271 720 1302 747 Οἱ
1322 719 1350 746 δὲ
1365 721 1424 752 ταῖς
1448 721 1501 747 τῶν
1516 721 1636 748 ἀπίστων
1659 721 1767 757 τέχναις

977 763 1018 795 εἰς
1038 763 1087 799 τὴν
1102 763 1152 798 τῆς
1166 763 1298 799 αἱρέσεως
1319 764 1408 791 αὐτῶν
1423 764 1535 801 γνώμην
1558 766 1765 802 ἀποχρώμενοι,

977 808 1025 835 καὶ
1039 810 1073 844 τῇ
1090 808 1144 835 τῶν
1166 809 1253 838 ἀθέων
1275 810 1426 846 πανουργίᾳ
1447 812 1496 847 τὴν
1511 811 1599 847 ἁπλῆν
1613 812 1667 838 τῶν
1686 811 1767 840 Θείων

143 856 257 885 haeresis
273 865 329 884 suae
345 858 500 892 opinionem
519 858 684 891 abutuntur,
711 863 737 886 et
759 858 852 886 subtili
874 858 926 885 im-

1005 854 1089 889 ιαφῶν
1104 854 1194 882 πίστιν
1210 855 1423 891 καπηλεύοντες,
1453 857 1493 884 ὅτι
1527 857 1594 893 μηδὲ
1616 858 1699 893 ἐγγὺς
1720 859 1766 885 πί-

143 901 250 937 piorum
268 903 411 930 hominum
428 905 546 932 versutia
569 904 801 939 simplicissimum
821 904 927 931 divina-

143 954 203 974 rum
224 946 427 982 Scripturarum
445 948 598 976 adulterant
613 950 704 981 tidem,
730 949 927 976 remotissimos

141 999 204 1019 esse
222 1000 237 1019 a
255 992 307 1020 ﬁde
326 993 392 1028 quid
416 994 513 1021 attinet
538 994 648 1022 dicere?
675 993 743 1021 Hinc
770 999 826 1027 est,
854 993 927 1029 quod

143 1037 244 1065 divinis
258 1038 407 1073 Scripturis
430 1040 559 1066 audacter
574 1047 673 1067 manus
693 1039 858 1072 intulerunt,
880 1048 928 1068 eas

144 1089 160 1109 a
176 1089 206 1110 se
219 1083 378 1111 emendatas
391 1091 453 1111 esse
472 1084 604 1111 dicentes.
628 1083 718 1119 Atque
731 1084 756 1111 id
778 1092 793 1111 a
809 1092 852 1112 me
873 1092 926 1111 non

143 1127 211 1155 falso
226 1129 265 1156 eis
281 1129 373 1163 objici,
389 1129 515 1165 quisquis
527 1130 653 1164 voluerit,
670 1129 750 1157 facile
769 1135 926 1165 cognosaet.

142 1171 209 1200 Nam
222 1173 245 1201 si
257 1175 319 1209 quis
333 1175 501 1209 exemplaria
515 1175 622 1202 illorum
641 1174 760 1210 undique
774 1174 926 1209 conquisita

142 1219 224 1247 simul
248 1220 318 1248 inter
343 1228 372 1248 se
398 1221 561 1255 contulerit,
577 1221 696 1249 inveniet
719 1220 861 1256 profecto,
883 1222 926 1248 illa

143 1267 215 1294 inter
233 1275 262 1295 sc
288 1268 436 1303 plurimum
463 1269 617 1297 dissentire.
643 1269 722 1297 Certe
744 1269 925 1304 Asclepiodoti

141 1314 309 1349 exemplaria
331 1323 386 1342 non
411 1316 579 1343 conveniunt
607 1323 670 1343 cum
699 1315 753 1343 illis
779 1323 840 1350 quae
862 1320 928 1343 sunt

143 1359 288 1388 Theodoti.
308 1360 391 1389 Multa
408 1369 490 1396 porro
504 1362 661 1396 hujusmodi
678 1362 842 1396 exemplaria
860 1368 927 1388 nan-

142 1405 208 1433 cisci
226 1406 449 1442 licet,propterea
461 1408 533 1443 quod
548 1408 673 1443 discipuli
684 1408 791 1435 illorum
805 1407 926 1435 studiose

142 1453 360 1489 perscripserunt
387 1461 419 1482 ea
440 1462 501 1489 quae
527 1462 543 1482 a
568 1454 707 1490 magistris
721 1454 794 1488 suis,
821 1458 851 1481 ut
874 1453 925 1488 ipsr

142 1566 199 1598 tum
209 1561 291 1596 hujus
300 1561 400 1598 edicto,
410 1566 465 1589 tum
475 1562 632 1598 Zephyrini,
642 1563 697 1590 imo
709 1567 736 1590 et
747 1562 793 1590 Dei
805 1562 927 1591 Natalem

142 1597 248 1633 lapsum
273 1597 307 1623 ad
332 1597 520 1633 pmnitentiam
543 1597 596 1625 non
619 1606 671 1625 una
697 1598 802 1633 ratione
829 1606 928 1633 provo-

141 1632 229 1658 cantis
247 1632 424 1664 auctoritate,
444 1633 628 1666 praedamnata
643 1637 686 1660 est
705 1632 849 1660 Novatiani
873 1634 926 1661 du-

143 1666 220 1703 ritia,
234 1674 288 1703 qu_a
302 1667 385 1700 lapsis
397 1667 480 1694 etiam
499 1668 696 1702 penitentibus
709 1669 816 1695 veniam
833 1668 927 1703 negari

147 1701 243 1728 voluit.
261 1701 401 1729 Counn‘r.

178 1736 234 1772 (l7)
247 1738 376 1770 Πότερον
388 1737 582 1773 συνημμένον
597 1737 616 1772 ἢ
632 1737 844 1773 διεζευγμένον.
857 1737 928 1772 Quid

142 1771 178 1798 sit
196 1772 379 1833 συνημμένον,
397 1777 424 1799 ct
437 1771 501 1807 quid
521 1773 708 1808 διεζευγμένον
718 1771 845 1806 ,ιιιιοοιιι
865 1771 927 1801 dia-

144 1807 242 1833 leclICI.
288 1808 442 1833 ronuntiata
460 1815 521 1833 (“HE
546 1808 630 1833 Stoici
648 1807 791 1833 ἀξιώματα
813 1814 927 1833 vomnt.

144 1807 242 1843 lectiei.
265 1807 442 1835 Pronuntiata
460 1815 521 1842 quas
546 1807 636 1835 Stoici
648 1807 791 1843 ἀξιώματα
813 1814 927 1842 vocant,

144 1841 197 1868 alia
213 1847 276 1868 sunt
289 1842 433 1877 simplicia,
448 1841 477 1870 ut
489 1843 575 1870 illud:
591 1844 645 1870 dies
657 1848 695 1870 est
705 1841 780 1875 {alia
794 1851 847 1870 non
862 1841 929 1871 sim;

144 1877 234 1911 plicia.
251 1878 290 1913 ls'x
306 1877 348 1904 Itis
369 1886 431 1913 qua:
450 1886 504 1905 non
527 1883 591 1906 sunt
616 1879 768 1913 simplicia,
788 1879 841 1905 alia
864 1883 929 1906 sunt

145 1912 314 1952 συνημμένα,
329 1912 354 1940 id
370 1912 412 1952 est
426 1921 625 1952 (annumque:
632 1912 762 1952 constant
777 1921 810 1941 ex
821 1914 929 1952 duobus

144 1947 260 1974 diversis
280 1948 477 1981 pronuntiatis,
498 1947 612 1981 utillud,
627 1948 657 1976 Si
673 1949 728 1975 dies
749 1954 798 1982 est,
817 1949 863 1975 tua:
877 1954 926 1976 est.

143 1982 203 2009 Alia
220 1982 407 2017 διεζευγμένα,
424 1991 472 2011 seu
493 1984 637 2018 disjuncla,
655 1989 684 2011 ut
699 1984 776 2016 illud,
804 1984 858 2010 Aut
873 1985 928 2011 dies

143 2023 196 2050 est,
212 2022 258 2044 aut
275 2025 327 2045 nox
343 2024 391 2045 est.
413 2018 478 2046 Vide
499 2017 642 2050 Diogenem
664 2017 803 2046 Laertium
827 2019 853 2046 in
879 2019 929 2046 Ze-

144 2060 226 2079 none.
243 2052 342 2089 Sextus
364 2052 518 2089 Empiricos
537 2052 568 2080 τδ
585 2054 757 2089 συνημμένον
774 2053 877 2086 deﬁnit.
895 2055 926 2082 τὸ

144 2087 278 2125 συνεστῲς
293 2087 323 2121 ἐξ
343 2087 495 2125 ᾁξιώματος
515 2087 741 2125 διαφορουμένου,
762 2089 779 2124 ἢ
796 2089 825 2125 ἐξ
848 2089 929 2125 ἀξιω-

145 2123 440 2160 μάτωνγδιαφερόντων,
453 2124 498 2151 διὰ
510 2125 556 2151 τοῦ
568 2123 622 2160 εϊῆ
632 2124 715 2158 ειπερ
729 2123 886 2159 συνδέσμου.
896 2124 929 2152 Et

143 2159 296 2193 exernplnm
315 2160 430 2187 connexi
443 2160 516 2194 quod
536 2159 566 2187 tit
585 2159 620 2186 ex
637 2160 814 2194 pronuntiato
832 2159 926 2194 διαφο-

978 909 1062 932 στεως
1078 901 1243 936 ὑπάρχουσι,
1261 902 1287 928 τί
1302 902 1343 929 δεῖ
1364 903 1411 929 καὶ
1427 903 1533 937 λέγειν;
1553 903 1682 930 Διατοῦτο
1705 906 1766 937 ταῖς

977 946 1062 978 θείαις
1078 947 1198 983 Γραφαῖς
1215 947 1323 982 ἀφόϐως
1340 948 1470 975 ἐπέϐαλον
1485 949 1535 981 τὰς
1550 951 1652 986 χεῖρας,
1672 950 1766 986 λέγον⁴

976 999 1022 1023 τες
1050 991 1134 1023 αὐτὰς
1160 992 1352 1028 διωρθωκέναι.
1381 994 1435 1020 Καὶ
1461 994 1501 1021 ὅτι
1517 994 1595 1021 τοῦτο
1620 995 1657 1031 μὴ
1682 1004 1767 1022 κατα-

976 1036 1138 1072 ψευδόμενος
1149 1037 1238 1065 αὺτῶν
1254 1039 1336 1073 λέγω,
1344 1039 1358 1065 ὁ
1369 1039 1528 1075 βουλόμενος
1534 1039 1644 1067 δύναται
1656 1041 1763 1076 μαθεῖν.

977 1082 1008 1108 Εἰ
1026 1082 1081 1118 γάρ
1106 1092 1148 1116 τις
1174 1083 1281 1119 θελήσει
1309 1084 1477 1120 συγκομίσας
1496 1085 1583 1113 αὐτῶν
1599 1086 1712 1113 ἑκάστου
1729 1087 1764 1113 τὰ

977 1127 1131 1163 ἀντίγραφα
1155 1127 1292 1161 ἐξετάζειν
1315 1131 1382 1166 πρὸς
1404 1131 1515 1166 ἄλληλα,
1539 1131 1611 1158 κατὰ
1639 1132 1705 1159 πολὺ
1731 1131 1764 1159 ἂν

977 1174 1051 1210 εὕροι
1062 1175 1260 1209 διαφωνοῦντα·
1271 1176 1423 1212 ἀσύμφωνα
1435 1176 1499 1211 γοῦν
1514 1177 1589 1203 ἔσται
1604 1177 1637 1204 τὰ
1650 1177 1764 1213 Ἀσκλη-

978 1222 1072 1248 πιάδου
1091 1221 1145 1257 (‘20)
1167 1223 1223 1254 τοῖς
1247 1223 1383 1250 Θεοδότου.
1409 1223 1517 1251 Πολλῶν
1532 1223 1561 1250 δὲ
1585 1223 1659 1250 ἔστιν
1683 1224 1764 1251 εὐπο-

978 1267 1069 1302 ρῆσαι,
1081 1267 1124 1294 διὰ
1137 1267 1168 1294 τὸ
1184 1268 1332 1303 φιλοτίμως
1353 1269 1540 1305 ἐγγεγράφθαι
1554 1269 1616 1300 τοὺς
1637 1269 1762 1305 μαθητὰς

976 1314 1066 1341 αὐτῶν
1081 1314 1115 1341 τὰ
1131 1314 1176 1349 ὑφ’
1191 1315 1306 1341 ἑκάστου
1323 1315 1423 1349 αὐτῶν,
1439 1316 1476 1347 ὼς
1483 1315 1558 1342 αὐτοὶ
1566 1315 1764 1348 καλοίη-μητ-

976 1360 1137 1396 ωροωμένα,
1164 1361 1305 1388 τουτέστιν
1319 1361 1500 1396 ὴφανισμένα.
1518 1361 1601 1388 Πάλιν
1615 1361 1643 1388 δὲ
1658 1361 1763 1394 τούτοις

976 1405 1011 1432 τὰ
1027 1405 1189 1442 Ἐρμοφίλου
1204 1405 1234 1433 οὐ
1249 1406 1367 1441 συνᾴδει.
1384 1406 1425 1433 Τὰ
1439 1406 1493 1442 γὰρ
1514 1407 1691 1433 Ἀπολλωνίου
1703 1407 1762 1434 οὐδὲ

976 1451 1046 1479 αὐτὰ
1065 1452 1170 1484 ἑαυτοῖς
1184 1453 1258 1480 ἐστιν
1271 1452 1411 1488 σύμφωνα.
1428 1453 1535 1480 Ἔνεστι
1550 1453 1605 1490 γὰρ
1621 1455 1762 1489 συγκρῖναι

978 1562 1025 1597 qui
1057 1563 1234 1597 interpretes,
1263 1570 1408 1590 connexum
1432 1570 1465 1590 ac
1485 1562 1665 1598 disjunctum.
1706 1563 1761 1592 duo

978 1597 1204 1634 syllogismorum,
1213 1605 1311 1634 genera
1326 1606 1385 1626 esse
1397 1597 1597 1626 existimarunt.
1611 1598 1675 1626 Mihi
1687 1599 1762 1634 prior

977 1633 1118 1660 distinctio
1136 1633 1222 1667 magis
1239 1633 1336 1667 placet.

1014 1667 1070 1703 (18)
1093 1667 1148 1694 Τὸν
1164 1667 1278 1694 ἀνωθεν
1300 1667 1473 1702 ἐρχόμενον.
1493 1667 1761 1703 Christophorsonus

977 1703 1075 1730 vertit:
1093 1702 1229 1730 Christum
1247 1703 1293 1738 qui
1313 1703 1345 1730 de
1370 1704 1434 1731 caelo
1450 1707 1572 1731 venturus
1588 1709 1642 1735 est,
1658 1705 1761 1738 penitus

978 1737 1233 1773 igituraiithuam
1254 1737 1257 1738 ⁷
1274 1737 1524 1772 interpretationem
1551 1737 1676 1773 equidem
1704 1747 1761 1766 non

977 1773 1088 1800 damno.
1120 1772 1166 1800 Sic
1187 1773 1258 1803 enim
1276 1773 1350 1807 loqui
1375 1774 1464 1801 solent
1486 1772 1582 1800 sancti
1601 1773 1694 1800 Patres
1725 1774 1760 1801 de

978 1815 1106 1842 supremo
1117 1808 1235 1835 adventu
1247 1807 1359 1843 Christi,
1373 1816 1428 1843 quo
1443 1809 1574 1836 mundum
1586 1808 1762 1843 iudicaturus

977 1847 1036 1875 est;
1053 1851 1109 1878 non
1131 1842 1210 1878 quasi
1226 1843 1259 1870 de
1281 1842 1392 1878 futuro,
1411 1844 1458 1871 sed
1481 1850 1612 1878 tanquam,
1636 1843 1670 1878 de
1694 1851 1762 1878 pra:-

978 1878 1066 1905 scnti:
1087 1877 1196 1914 ἕρχεται
1221 1877 1322 1914 κρίνειν
1339 1877 1442 1914 ζῶντας
1458 1879 1503 1914 καὶ
1518 1877 1641 1914 νεκρούς.
1659 1877 1700 1905 11³⁷
1711 1878 1762 1905 lle—

979 1912 1107 1949 gesippus'
1120 1912 1151 1940 in
1166 1912 1296 1949 martyrio
1312 1913 1398 1941 sancti
1413 1912 1520 1949 Jacobi,
1539 1912 1574 1940 et'
1586 1913 1633 1949 alii
1657 1915 1761 1948 passim

978 1948 1013 1975 ab
1027 1948 1145 1975 Eusebio
1159 1948 1244 1976 citati.
1267 1948 1386 1976 Possunt
1402 1952 1492 1975 tamen
1509 1948 1566 1975 haec
1581 1948 1662 1975 verba
1678 1950 1761 1976 etiam

978 1983 1012 2044 ᾖε
1024 1984 1112 2045 primo
1120 1983 1223 2012 Christi
1237 1983 1357 2011 adventu
1368 1983 1492 2019 intelligi,
1509 1983 1646 2018 quomodo
1657 1985 1762 2020 accepit

1006 2026 1020 2044 ll
1034 2027 1106 2045 111115.

1006 2026 1059 2045 lllll]
1065 2027 1106 2046 IIS.

1015 2053 1070 2088 (19)
1090 2053 1230 2087 Γαληνὸς
1244 2053 1300 2088 γὰρ
1319 2053 1392 2087 ἴσως
1411 2054 1472 2081 ὑπό
1487 2061 1576 2080 τινων
1598 2052 1649 2080 καὶ
1666 2059 1762 2087 προσ-

979 2088 1120 2124 κυνεῖται.
1137 2088 1258 2124 Galenus
1274 2089 1346 2116 enim
1366 2090 1399 2116 de
1420 2089 1515 2123 ﬁguris
1540 2088 1759 2124 syllogismorum

978 2127 1004 2150 et
1019 2123 1052 2150 de
1065 2128 1120 2150 tota
1134 2123 1306 2158 philosophia
1324 2124 1409 2152 libros
1432 2124 1647 2158 conscripserat,
1673 2128 1703 2150 ut
1727 2132 1762 2151 ex

979 2157 1111 2185 librorum
1135 2157 1196 2192 ejus
1222 2157 1312 2186 indice
1332 2157 1604 2192 cognoscimus.’Est
1623 2163 1712 2185 autem
1729 2159 1762 2186 il-

145 2187 268 2232 ρουμένῳ
280 2194 342 2232 _hoc
364 2187 460 2232 aﬁ‘ert?
476 2193 506 2222 Si
529 2195 585 2232 dies
607 2187 656 2232 esi,
674 2195 730 2232 dies
746 2199 796 2232 εει.
818 2193 856 2221 Ex
871 2187 926 2232 quo
942 2205 964 2232 ο
979 2193 1080 2232 lustre_
1091 2187 1352 2232 lico-testimonium
1367 2187 1414 2232 δε.
1428 2193 1546 2232 Caleno.
1574 2193 1674 2232 quippe
1689 2194 1762 2228 quod

145 2229 386 2265 corrigcndusest
400 2229 533 2265 Diogenes
550 2229 675 2257 Laertius
694 2230 721 2256 in
745 2229 855 2265 Zenope
874 2230 926 2257 hoc

145 2262 243 2300 modo,
261 2263 291 2296 ἐξ
307 2262 464 2300 ἀξιώματοξ
480 2265 548 2300 μετὰ
565 2264 786 2300 διαφορουμένου,
803 2262 877 2297 οἷον,
893 2265 926 2291 Εί

145 2298 236 2334 ἡμέρα
251 2299 335 2336 ἐστὶν,
351 2298 441 2336 ἡμέρα
455 2298 632 2327 ἐστίν.ῐδοιϊο
645 2298 701 2326 tam
714 2301 784 2336 apud
802 2299 925 2336 Sextum,

143 2341 226 2368 quam
235 2335 305 2368 apud
317 2334 380 2362 Lacu
388 2334 454 2362 tium
476 2335 582 2363 mallent
594 2335 712 2362 scribere
721 2334 924 2370 δίφορουμένου,

144 2370 372 2403 quemadmodum
390 2370 487 2405 legitur
502 2371 572 2404 apud
595 2370 777 2405 Alexandrum
793 2370 927 2404 Aphrodi—

145 2405 261 2440 siensem
286 2405 314 2431 in
338 2404 428 2439 priora
457 2406 609 2440 Analytica.
632 2404 700 2440 Nam
723 2404 925 2440 διφορούμενον,

146 2439 216 2476 ideo)
232 2444 273 2466 est
286 2442 357 2473 quod
369 2440 414 2476 ﬁt;
427 2439 641 2476 λαμϐανόμενον.
651 2439 684 2466 Et
699 2440 756 2467 haec
768 2439 876 2476 quidem
893 2440 927 2476 de

147 2474 244 2501 harum
258 2483 355 2502 vocum
368 2474 590 2511 interpretatione
607 2476 677 2502 dicta
693 2475 837 2502 sulliciant.
849 2475 926 2508 Quod

146 2516 211 2545 vero
226 2515 331 2544 spectat
343 2510 375 2538 ad
389 2510 470 2545 hujus
485 2511 537 2538 loci
560 2511 815 2544 interpunctionem,
830 2511 925 2544 scripti

146 2544 256 2572 codices
279 2547 348 2573 inter
366 2553 395 2573 se
414 2544 588 2573 dissentiunt.
611 2545 677 2572 Nam
698 2545 798 2580 Regius
819 2546 926 2580 quidem

146 2581 232 2607 codex
248 2589 327 2613 utrem
342 2585 452 2608 secutus
467 2587 508 2608 est
520 2581 654 2608 ltobertus
676 2580 830 2615 Stephanus
840 2600 847 2612 ,
866 2585 928 2615 post

145 2622 240 2652 vocem
253 2615 452 2652 διεζευγμένον,
464 2616 596 2651 virgulam
612 2616 693 2652 habet
712 2616 878 2652 appositam;
896 2620 925 2643 ut

146 2650 236 2687 scias,
246 2658 327 2679 voces
347 2650 407 2679 Illas
420 2650 591 2687 συνημμένον
605 2651 659 2687 aut?
667 2651 866 2686 διεζευγμένον,
884 2658 927 2677 re-

147 2684 272 2713 l'erendas
291 2694 353 2714 esse
376 2687 410 2713 ad
431 2686 462 2713 τδ
481 2684 565 2722 ῥητὸν
577 2686 674 2722 ηυοιι
686 2684 825 2721 praecessit
843 2695 849 2712 :
872 2693 927 2722 non

148 2726 238 2756 autem
251 2722 283 2748 ad
299 2722 391 2756 σχῆμα
410 2720 587 2756 συλλογισμοῦ
598 2720 820 2756 ἰιιιοιῖνιοιιὶιηο
832 2720 928 2756 sequi-

147 2759 203 2791 tur.
216 2755 273 2791 Sed
285 2755 381 2791 reliqui
396 2755 515 2788 codices.
533 2755 601 2784 lllaz.
613 2755 643 2784 et
659 2755 728 2784 Med.
742 2764 804 2783 cum
819 2755 887 2783 Fuit.
901 2759 928 2791 et

149 2790 298 2828 _Suvilia_no.
315 2789 376 2828 post
393 2800 484 2820 vocem
502 2791 705 2828 διεζευγμένον,
729 2791 832 2818 nullam
847 2789 927 2818 adhi-

150 2826 214 2865 bent
229 2826 439 2865 distinctionem,
454 2827 501 2865 sed
513 2826 618 2855 tantum
636 2832 807 2865 postﬁvqcem
823 2834 927 2865 συνημ-

150 2861 240 2896 μένον.
254 2861 339 2895 Quam
355 2862 555 2892 distinctionem
576 2867 685 2892 secutus
694 2861 808 2890 Ruﬁnus
823 2865 850 2889 et
864 2861 926 2888 reli—

977 2228 1097 2256 auctoris
1107 2229 1143 2255 sit
1157 2229 1350 2263 antiquissimi.
1360 2233 1387 2256 et
1395 2229 1488 2256 Galcni
1501 2229 1668 2262 temporibus
1691 2237 1759 2263 pene

976 2263 1101 2298 aequalis.
1117 2262 1173 2291 Nec
1187 2262 1253 2292 vero
1266 2271 1299 2291 ex
1316 2264 1368 2291 hoc
1381 2269 1485 2291 tantmn
1505 2265 1652 2298 scriptore,
1667 2262 1761 2291 verum

976 2299 1058 2334 etiam
1081 2307 1113 2326 ex
1127 2299 1187 2326 aliis
1208 2299 1417 2334 quamplurihus
1440 2300 1510 2326 idem
1534 2299 1661 2334 colligere
1687 2299 1759 2331 licet,

976 2334 1023 2368 qui
1039 2333 1170 2369 Galenum
1207 2333 1346 2361 Aristoteli
1372 2342 1405 2361 ac
1425 2333 1632 2369 Theophrasto,
1654 2334 1761 2369 ipsique

976 2369 1044 2396 adeo
1060 2368 1166 2396 Platoni
1178 2377 1286 2404 aequare
1302 2377 1356 2397 non
1371 2368 1538 2396 dubitarunt.
1552 2368 1631 2404 Certe
1644 2368 1763 2396 Alexan-

976 2404 1024 2431 der
1040 2403 1273 2438 Aphrodisiensis.
1290 2405 1316 2431 in
1335 2405 1434 2432 librum
1449 2410 1575 2431 octavum
1604 2403 1762 2438 Topicorum

976 2447 1029 2474 non
1045 2439 1138 2474 procul
1157 2440 1192 2466 ab
1215 2440 1302 2472 initio,
1321 2440 1388 2467 satis
1411 2440 1522 2471 indicat,
1546 2438 1584 2474 ita
1610 2446 1705 2466 onmes
1726 2439 1762 2466 de

976 2473 1079 2501 Caleno
1092 2475 1274 2502 existimasse.
1288 2473 1435 2509 Postquam
1451 2474 1523 2509 enim
1537 2473 1638 2509 docuit,
1650 2473 1763 2509 proble-

976 2514 1080 2536 matum
1094 2510 1147 2536 alia
1162 2510 1254 2543 ἔνδοξα
1269 2517 1345 2541 esse,
1362 2508 1414 2536 alia
1429 2508 1509 2540 ἄδοξα
1519 2528 1527 2541 ,
1545 2513 1571 2535 et
1587 2508 1680 2541 ἔνδοξα
1699 2509 1762 2543 qui-

976 2545 1037 2571 dcm
1051 2545 1077 2570 in
1090 2545 1191 2579 duplici
1201 2553 1260 2572 esse
1270 2544 1420 2571 diITerentia
1428 2563 1436 2575 ,
1445 2544 1496 2570 alia
1506 2544 1578 2570 enim
1589 2551 1648 2579 esse
1656 2543 1760 2575 ἁπλῶς.

976 2580 1029 2607 alia
1046 2578 1221 2615 ὡρισμένως,
1240 2580 1297 2615 hac
1321 2579 1478 2615 subjunxit:
1495 2578 1655 2615 ᾠρισμένῳς
1673 2579 1695 2605 δ’
1717 2579 1760 2605 ἔν-

975 2615 1048 2647 δοξα,
1061 2611 1095 2641 τὰ
1113 2611 1180 2650 τῷδε
1192 2615 1244 2641 τινὶ
1260 2614 1313 2640 τῶν
1326 2611 1437 2650 ἐνδοξων
1452 2611 1587 2649 ἑπόμενα·
1602 2611 1672 2646 οἷον,
1689 2614 1762 2641 Πλά-

976 2649 1078 2685 τωνι,ἢ
1097 2650 1284 2685 Ἀριστοτέλει,
1333 2649 1452 2684 Γαληνῷ.

1012 2683 1077 2720 (‘20)'
1091 2683 1134 2712 Td
1149 2683 1377 2719 Ἀσκληπιάδου,
1397 2683 1472 2719 Apud
1486 2683 1669 2720 Nicephorum
1690 2683 1760 2710 scri-

977 2719 1051 2756 bitur
1059 2718 1064 2720 ⁷
1072 2720 1306 2756 Ἀσκληπιοδότου,
1319 2718 1456 2756 quomodo
1469 2718 1625 2756 etiam'legit
1634 2718 1759 2756 Ruﬁnus.

978 2754 1062 2782 Paulo
1079 2760 1150 2789 post,
1165 2754 1211 2781 ubi
1228 2755 1326 2790 legitur
1350 2755 1384 2781 τὰ
1399 2755 1453 2790 γὰρ
1476 2754 1664 2785 Ἀπολλωνίου,
1681 2754 1764 2790 resti-

978 2791 1107 2816 tuendum
1123 2795 1165 2817 est
1184 2790 1377 2817 Ἀπολλωνίδου
1392 2798 1423 2818 ex
1438 2789 1609 2817 Theodoreto
1622 2790 1648 2815 in
1661 2789 1729 2816 libro
1741 2796 1761 2815 ιι

980 2824 1106 2851 ΙΙωνειίε.
1135 2825 1302 2851 fabularum.
1329 2833 1390 2851 can.
1408 2825 1435 2851 5.
1456 2831 1483 2851 ct
1505 2833 1538 2851 cx
1559 2824 1710 2851 Nicenhoro
1728 2831 1761 2851 ac

992 2825 1106 2851 ‘Iwrelic.

977 2824 1106 2887 έέιιὲτιίε.
1134 2825 1302 2860 fabularum,
1329 2833 1390 2861 cap.
1408 2825 1435 2859 5,
1456 2831 1483 2853 ct
1505 2833 1538 2853 cx
1559 2824 1710 2860 Nicephoro
1728 2831 1763 2851 ac

1004 2868 1018 2887 υ
1042 2868 1086 2887 no.

1004 2868 1086 2888 UllltO.
