1883 3056
163 117 199 144 55
790 115 910 144 JULlUS
928 114 1133 144 AFRICANUS.
1743 114 1781 140 56

164 173 222 201 suis
238 172 358 208 proferat
381 173 474 201 dicens
499 172 526 200 ln
547 172 694 207 semetipso
715 182 722 199 :

165 218 248 244 oculis
264 218 371 250 nostris,
391 222 416 245 et
438 217 545 244 auribus
560 217 720 249 audivimus,
743 222 768 243 et
783 225 875 243 manus
896 225 943 243 no-

164 268 227 290 stra»:
240 263 422 297 palpaveruut,
440 262 494 289 hazc
505 263 668 296 scripsimus.
688 261 733 289 Sic
746 262 818 289 enim
835 270 887 289 non
901 270 945 289 so-

165 308 221 334 lum
238 308 367 338 visorem,
378 307 424 334 sed
441 306 603 339 auditorem,
615 307 661 333 sed
673 310 700 333 et
716 307 875 340 scriptorem
885 314 946 333 om-

164 354 239 380 nium
257 353 420 380 mirabilium
438 352 544 379 Domini
559 360 605 386 per
617 352 739 379 ordinem
755 352 907 386 proﬁtetur.

200 399 230 424 ll.
247 399 312 425 Acta
328 402 417 424 autem
435 398 556 425 omnium
573 397 751 432 apostolorum
771 397 822 424 sub
840 405 894 424 uno
911 397 945 424 li-

164 444 213 470 bro
229 443 328 478 scripta
345 447 409 470 sunt
431 442 517 471 Lucas
542 443 643 477 optime
662 441 801 476 Theophila
819 450 943 477 compre-

167 489 270 519 hendit,
285 489 348 523 quia
361 489 411 515 sub
425 488 567 522 praesentia
582 487 641 521 ejus
652 488 758 522 singula
770 488 943 522 gerebantur,

163 534 235 561 sicut
248 538 275 560 et
290 537 394 563 semote
407 532 562 567 passionem
576 531 650 559 Petri
667 532 803 559 evidenter
814 532 943 565 declarat,

163 579 208 606 sed
225 578 419 614 profectionem
441 578 517 605 Pauli
532 578 566 605 ab
583 577 655 605 Urbe
670 577 704 604 ad
720 577 849 613 Spaniam
863 578 945 613 proﬁ-

165 626 306 654 ciscentis.

197 671 243 697 lll.
264 669 382 705 Epistola
403 673 491 696 autem
508 668 599 701 Pauli,
616 677 686 704 quae,
702 677 717 696 a
734 677 788 704 quo
809 669 887 703 loco,
902 670 945 697 vel

162 724 215 751 qua
229 723 262 742 ex
277 723 360 742 causa
376 715 476 742 directe
492 715 557 747 sint,
583 715 769 742 voluntatibus
783 715 943 750 intelligere,

162 762 219 797 ipse
232 763 380 789 declarant.
393 761 514 788 Primum
528 761 650 789 omnium
660 761 812 789 Corinthiis
824 762 945 790 schisma

163 807 275 835 haeresis
291 808 465 841 interdicens,
489 808 585 835 deinde
601 808 728 836 Callactis
754 808 943 836 circumcisio-

747 171 814 204 Qute
830 172 943 199 vidimus
958 174 980 202 Α
993 172 1086 199 orbem
1111 176 1189 198 terrae
1212 170 1331 198 Ecclesia
1350 169 1447 198 diﬁusa
1473 177 1533 198 esse
1548 169 1718 197 denoscitur.
1744 169 1783 197 Et

995 217 1132 244 Johanncs
1148 217 1221 244 enim
1238 217 1265 243 in
1280 216 1441 251 Apocalypsi
1456 216 1519 243 licet
1535 221 1638 250 septem
1651 216 1779 244 ecclesiis

996 260 1110 293 scribat,
1129 264 1217 287 tamen
1235 261 1363 287 omnibus
1377 260 1452 288 dicit.
1471 261 1568 288 Verum
1583 260 1618 287 ad
1639 260 1780 287 Philemo-

995 314 1052 333 nem
1066 314 1133 338 una,
1148 311 1176 333 et
1191 306 1225 333 ad
1244 306 1333 333 Titum
1347 315 1412 339 una,
1429 311 1456 333 et
1475 307 1509 333 ad
1528 306 1692 333 Timotheum
1709 308 1782 334 duas

995 360 1044 387 pro
1060 351 1159 378 aﬁ‘cctu
1179 356 1207 379 et
1221 352 1381 385 dilectione;
1406 352 1432 378 in
1450 352 1553 379 honore
1575 356 1664 379 tamen
1684 352 1783 380 Eccle-

995 398 1043 425 siae
1063 397 1215 430 catholica),
1236 397 1266 431 ,in
1290 397 1461 424 ordinatione
1484 398 1677 425 ecclesiasticae
1693 398 1782 425 disci-

994 443 1074 478 plina:
1091 443 1268 470 sanctiﬁcatae
1279 447 1352 470 sunt.
1369 442 1465 470 Fertur
1481 443 1562 470 etiam
1576 443 1609 469 ad
1624 443 1782 470 Laudemu-

995 495 1046 520 ses,
1062 487 1115 514 alia
1130 487 1163 514 ad
1179 487 1374 514 Alexandrinos
1388 487 1465 514 Pauli
1478 488 1586 515 nomine
1600 488 1669 515 ﬁcta:
1677 489 1709 515 ad
1724 489 1782 516 hae-

995 540 1081 560 resem
1097 533 1259 567 Marcionis;
1275 538 1302 561 et
1323 534 1375 561 alia
1396 534 1473 568 plura
1489 542 1551 568 qua:
1565 534 1593 561 in
1615 534 1781 562 catholicam

994 577 1146 606 Ecclesium
1165 580 1248 614 recipi
1271 587 1326 607 non
1339 584 1436 615 potest.
1454 580 1501 608 Fel
1520 581 1592 608 enim
1614 588 1676 608 cum
1698 581 1783 608 melle

995 625 1105 652 misceri
1121 633 1174 652 non
1191 626 1327 661 congruit.

1030 671 1075 698 IV.
1094 671 1217 706 Epistula
1230 679 1295 699 sane
1309 671 1398 704 Judte,
1413 676 1440 699 et
1455 672 1630 706 superscripli
1647 671 1782 699 Johannis

993 717 1061 743 duas
1077 717 1103 743 in
1120 716 1257 743 Catholica
1274 716 1418 743 habentur.
1435 715 1469 743 Et
1484 716 1620 750 Sapientia
1632 716 1667 743 ab
1679 715 1782 743 amicis

995 762 1145 790 Salomonis
1165 763 1193 789 in
1211 763 1342 790 honorem
1366 762 1452 798 ipsius
1473 763 1583 797 scripta.
1603 761 1781 797 Apocalypsi:

994 809 1076 836 etiam
1090 809 1222 836 Johannis
1240 815 1266 836 et
1280 808 1365 842 Petri,
1382 813 1488 836 tantum
1512 809 1669 843 recipimus,
1693 815 1781 842 quam

163 861 236 880 nem.
255 854 384 881 Romanis
400 859 491 881 autem
515 854 610 881 ordine
626 854 840 889 Scripturarum,
854 855 902 882 sed
919 859 946 882 et
960 851 982 880 Β
995 856 1105 891 quidam
1116 863 1148 883 ex
1160 855 1322 890 nostrislegi
1339 855 1365 881 in
1381 854 1499 882 Ecclesia
1515 855 1621 881 nolunt.
1639 853 1782 880 Pastorem

161 899 325 933 principium
346 907 439 926 earum
461 907 522 927 esse
545 899 685 927 Christum
710 901 856 934 intimans,
879 908 943 936 pro-

162 944 243 971 lixius
257 944 377 978 scripsit,
393 945 426 972 de
439 945 538 980 quibus
555 945 670 980 singulis
684 954 795 974 necesse
810 950 851 974 est
863 955 878 974 ιι
893 954 943 974 ηο-

160 988 204 1016 bis
228 989 378 1024 disputari;
401 997 463 1017 cum
482 990 540 1025 ipse
561 990 656 1018 beatus
677 991 817 1026 apostolus
842 990 944 1019 Paulus

163 1042 281 1069 sequens
298 1036 505 1070 praedecessoris
519 1037 561 1063 sui
579 1036 711 1065 Johannis
727 1038 861 1071 ordinem,
875 1045 945 1065 non-

162 1079 214 1107 nisi
229 1081 388 1108 nominatim
403 1086 505 1116 septem
514 1082 642 1109 Ecclesiis
656 1082 757 1110 scribat
773 1083 869 1110 ordine
884 1083 943 1110 tali:

161 1125 202 1150 Ad
219 1124 368 1152 Corinthios
382 1126 479 1161 prima,
497 1126 531 1152 ad
547 1126 671 1161 Ephesios
684 1127 814 1161 secunda,
829 1130 864 1154 ad
877 1128 944 1154 Phi-

161 1170 289 1205 lippeuses
311 1172 401 1205 tertia,
418 1173 452 1199 ad
475 1172 640 1201 Colossenses
656 1179 763 1208 quarta,
778 1174 812 1200 ad
831 1173 942 1201 Galatas

161 1215 266 1249 quinta,
284 1217 318 1243 ad
334 1216 572 1244 Thessalonicenses
590 1222 675 1249 sexta,
693 1218 728 1245 ad
750 1218 883 1245 Romanos
900 1226 941 1246 se-

162 1260 257 1294 ptima.
275 1260 374 1288 Verum
389 1261 537 1290 Corinthiis
552 1268 578 1290 et
593 1263 864 1292 Tessalonicensibus
876 1264 940 1291 licet

161 1312 210 1338 pro
230 1306 400 1335 carrehtioue
424 1307 546 1340 iteretur.
570 1316 624 1336 una
649 1313 740 1336 tamen
763 1317 812 1344 per
830 1317 941 1337 omnem

996 908 1061 928 vero
1074 909 1225 928 uureuuiuz
1251 908 1415 928 TEII‘ORIBL'S
1435 907 1547 927 NOSTRIS
1564 899 1591 926 in
1608 899 1674 926 urbe
1690 898 1782 926 Roma

997 947 1097 974 Herma
1118 946 1292 981 conscripsit,
1309 946 1419 973 sedente
1440 946 1569 973 cathedra
1590 945 1666 972 urbis
1684 944 1783 971 Romae

996 990 1125 1019 Ecclesiae.
1139 991 1189 1018 Pio
1203 992 1331 1026 episcopo
1348 990 1430 1018 fratre
1442 990 1511 1025 ejus.
1527 989 1560 1017 Et
1575 989 1636 1017 ideo
1651 989 1702 1024 legi
1713 997 1780 1015 cum

995 1037 1104 1072 quidem
1119 1041 1240 1071 oportet;
1258 1044 1286 1064 se
1307 1036 1446 1071 publicare
1460 1043 1524 1063 vero
1543 1037 1569 1062 in
1586 1035 1707 1062 Ecclesia
1725 1042 1782 1069 po-

995 1083 1071 1118 pulo,
1088 1090 1176 1117 neque
1192 1082 1263 1109 inter
1287 1082 1432 1116 prophetas
1455 1080 1620 1116 completum
1643 1087 1758 1107 numero
1770 1099 1779 1110 ,

994 1136 1081 1163 neque
1097 1128 1167 1155 inter
1190 1129 1328 1163 apostolos
1351 1127 1380 1154 in
1400 1127 1481 1154 ﬁnem
1505 1131 1657 1161 temporum
1675 1130 1780 1160 potest.

992 1174 1100 1201 Arsiuoi
1113 1178 1203 1201 autem
1218 1182 1265 1201 seu
1288 1173 1432 1205 Valentini,
1452 1173 1494 1200 vel
1509 1173 1639 1200 Miltiadis
1656 1172 1723 1199 nihil
1744 1172 1776 1198 in

993 1223 1080 1254 totum
1095 1220 1256 1254 recipimus;
1273 1220 1415 1255 quietiam
1435 1227 1537 1247 novum
1557 1218 1725 1247 Psalmorum
1740 1218 1779 1244 li-

994 1265 1069 1292 brum
1084 1266 1215 1294 Marcioni
1239 1266 1469 1301 conscripserunt,
1494 1274 1547 1293 una
1572 1273 1635 1293 cum
1659 1264 1781 1292 Basilide

991 1311 1137 1339 Assianum
1153 1312 1328 1348 Catafrygum
1342 1313 1550 1340 constitutorem
1568 1311 1636 1347 (25).

268 1356 404 1396 νίἀίειίη’,
430 1368 496 1399 quot
514 1365 626 1392 vulnera
648 1364 766 1393 frustulo
788 1365 852 1394 huic
875 1366 1045 1402 antiquitatis
1065 1368 1195 1396 inﬁixerit
1224 1369 1397 1396 librariorum
1419 1369 1524 1396 incuria
1546 1373 1626 1404 atque
1647 1369 1781 1404 ignoran—

161 1396 217 1424 tia?
228 1397 371 1426 Mona-mu.

161 1471 1773 1484 ﬂ

660 1478 666 1479 ,
677 1478 1773 1484 ,7Wﬁ——~____

795 1557 881 1580 ANNO
902 1558 1017 1581 DOMINI
1037 1557 1155 1583 CCXXII.

321 1646 787 1752 JULIUS
857 1647 1604 1758 AFRICANUS

761 1882 825 1958 N
829 1817 1156 1958 OT_1TIA

400 2011 520 2044 (Fanum,
535 2011 681 2039 Bibliotheca
694 2015 788 2046 Grteca,
803 2016 843 2041 ed.
855 2017 962 2048 Hmtes,
975 2021 1034 2043 tom.
1045 2017 1086 2049 IV,
1099 2025 1123 2050 p.
1137 2018 1190 2043 2H.
1203 2018 1346 2050 Hamburgi,
1358 2019 1428 2050 1795,
1440 2017 1467 2044 in
1478 2018 1528 2052 4⁸.)

194 2132 302 2180 Sex-rus
313 2133 450 2180 (Hippius
464 2134 624 2168 Arum/tuus,
635 2135 730 2170 Syrus,
745 2144 777 2164 ex
792 2136 937 2170 Emaunte,
952 2142 974 2172 C
989 2139 1070 2167 lando
1083 2140 1209 2176 pingendi
1224 2141 1438 2176 sagittarumque
1453 2142 1550 2170 ictibus
1563 2142 1680 2171 formam
1691 2151 1772 2180 eius,

160 2179 211 2207 sub
224 2180 362 2206 Antonino
377 2179 540 2215 Helogabalo
551 2184 578 2207 et
595 2181 748 2208 Alexandro
764 2181 866 2210 Severo
881 2183 938 2210 cla-

160 2225 215 2253 ruit
236 2225 284 2260 (2).
304 2224 442 2252 Zachariae
465 2223 563 2252 Lundii
585 2227 811 2254 commentarium
833 2235 885 2255 ms.
911 2228 939 2255 in

160 2271 280 2299 Africani
294 2271 382 2299 Cestos
404 2272 526 2305 servari,
548 2273 638 2307 accepi
659 2272 767 2301 Hasnim
785 2281 802 2301 ιι
822 2273 938 2308 Wolﬁo,

160 2318 241 2351 regiae
256 2317 379 2346 biblioth.
395 2318 517 2345 custode.
538 2318 567 2345 ln
585 2318 639 2346 illis
652 2318 812 2354 fragmentis
827 2327 887 2355 cap.
904 2320 939 2347 '29

162 2366 256 2389 auctor
276 2366 399 2394 testatur,
421 2363 521 2390 vidisse
533 2371 562 2390 se
583 2363 763 2392 Bardesanem
789 2365 917 2392 Parthum
930 2385 938 2399 ,

161 2415 241 2443 quem
257 2407 392 2435 diversum
416 2409 482 2436 mihi
500 2417 561 2437 esse
582 2411 730 2444 persuadeo
751 2419 766 2438 a
788 2410 940 2439 Bardcsane

161 2454 304 2489 scriptore.
337 2452 404 2480 Nam
424 2458 451 2481 et
465 2455 528 2482 huic
544 2455 634 2483 minus
651 2457 778 2484 convenit
798 2457 841 2483 illa
862 2457 940 2491 jacu-

197 2521 240 2559 (l)_
255 2520 362 2559 Sextum
384 2529 454 2549 unus
471 2526 550 2548 vocat
570 2523 803 2559 Suidas.7thmc.
825 2524 939 2559 Σέκτωρ

161 2557 305 2617 isleribitur,
339 2556 432 2584 forsan
469 2564 612 2591 operarum
643 2558 723 2590 vitio,
758 2560 792 2586 ab
811 2556 939 2586 Eudocia.

185 2599 248 2617 snt.

185 2599 217 2617 All
222 2599 248 2620 I4.

197 2626 235 2661 (2)
254 2625 332 2653 Circa
346 2633 409 2652 ann.
428 2625 492 2654 Chr.
509 2627 572 2654 22L
587 2626 731 2655 Vid.-Saxii
752 2628 845 2655 Onam.
866 2629 905 2656 lit.
917 2628 938 2661 Ι,

162 2668 223 2695 pag.
249 2661 300 2696 ᾖδε
327 2670 380 2695 sq.,
394 2665 440 2688 aut
451 2669 477 2688 ιι.
493 2661 523 2689 C.
537 2662 599 2690 2%.
618 2663 676 2689 νὶιι.
703 2663 876 2696 Hambergeri
892 2672 940 2690 zu-

160 2695 223 2733 verl.
250 2695 444 2733 Nachricliten,
462 2701 531 2733 tom.
550 2696 585 2729 ll,
600 2705 661 2732 pag.
680 2698 796 2733 525wsq.
823 2697 940 2733 Uterque

160 2730 339 2767 plupes_citat,
349 2732 395 2765 qui
410 2732 443 2758 de
454 2732 581 2759 Africano
594 2730 714 2767 egerunt.
731 2730 815 2759 HAuL.

197 2765 235 2805 (5)
350 2766 526 2805 ζωγραφῇᾳαι
550 2765 658 2805 βέὶὶεᾰω⁸
677 2773 756 2805 vocat
772 2768 916 2805 Africanus
928 2787 936 2800 ,

161 2799 512 2843 apudrl’lii‘lpsti'atum‘lib.
541 2799 559 2829 tl
579 2802 617 2843 D_e
635 2803 843 2843 vita__Apotlo_nii
853 2823 866 2843 ,.
875 2811 934 2837 cap.

159 2834 205 2869 9.8,
220 2842 279 2870 pag.
291 2835 336 2873 81,
349 2835 446 2874 dicitur
457 2838 657 2874 σκιαγραφῆσαι
671 2834 784 2874 βέλεέτιν.
799 2834 937 2873 Magisque

989 2195 1068 2222 quem
1078 2187 1166 2218 vellet.
1182 2188 1294 2222 pulchre
1309 2188 1478 2217 describendi
1493 2189 1604 2217 solertia
1622 2189 1671 2225 (5),
1689 2199 1772 2225 quam

989 2232 1016 2259 in
1032 2240 1082 2260 suo
1097 2232 1242 2261 Africanus
1253 2234 1391 2269 praedicat,
1403 2241 1430 2262 et
1441 2236 1485 2263 hic
1496 2235 1612 2263 Parthus
1629 2237 1690 2270 fuit,
1703 2237 1774 2265 alter

988 2277 1162 2313 Babylonius.
1176 2279 1295 2315 Denique
1306 2281 1352 2316 qui
1368 2281 1419 2308 sub
1429 2281 1567 2310 Antonino
1577 2282 1678 2310 vixisse
1690 2283 1774 2318 scrip«

989 2327 1074 2351 torem
1085 2325 1183 2352 docent
1197 2325 1363 2362 Porphyrius
1381 2332 1407 2354 et
1425 2327 1572 2360 Eusebius,
1589 2329 1612 2356 si
1635 2328 1770 2363 Elagaba-

989 2369 1055 2402 lum,
1072 2378 1127 2396 non
1153 2370 1273 2399 Marcum
1289 2371 1482 2407 Philosophum
1498 2373 1708 2406 intellexissent,
1724 2381 1774 2407 pe-

989 2417 1068 2444 rinde
1083 2421 1113 2444 ut
1132 2416 1313 2453 Hieronymus
1328 2425 1387 2452 cap.
1401 2418 1435 2444 65
1445 2439 1452 2450 ,
1466 2418 1511 2445 ubi
1528 2418 1561 2445 de
1575 2418 1702 2446 Africano
1715 2420 1773 2448 dis-

988 2461 1074 2494 serit,
1091 2466 1154 2488 nota
1171 2463 1287 2497 quadam
1304 2463 1394 2490 addita
1408 2463 1536 2490 Antonini
1556 2470 1656 2490 nomen
1672 2463 1773 2492 distin-

989 2528 1177 2565 admirandum
1200 2528 1267 2560 hoc,
1291 2536 1374 2563 quam
1397 2528 1470 2563 quod
1494 2528 1631 2565 inpveteri
1654 2529 1772 2565 inscrip-

989 2563 1063 2590 tione
1076 2564 1146 2598 apud
1158 2563 1304 2590 Gruterum
1321 2572 1381 2598 pag.
1390 2571 1475 2595 nexu,
1485 2564 1518 2591 de
1528 2563 1635 2590 Sorano
1646 2563 1748 2592 Batavo
1761 2573 1768 2592 :

1059 2608 1242 2645 Emissumque
1253 2618 1316 2636 arcu
1333 2610 1395 2636 (lum
1411 2610 1501 2644 pendet
1514 2610 1541 2636 in
1557 2618 1616 2637 aere
1629 2610 1709 2637 telum

1061 2645 1095 2670 Ac
1109 2645 1175 2671 redit
1186 2665 1192 2676 ,
1207 2653 1239 2671 ea:
1250 2646 1303 2671 alia
1312 2645 1361 2678 [ixi
1375 2645 1490 2680 [regique
1504 2645 1612 2680 sagitta.

990 2697 1039 2726 Vel
1058 2697 1130 2733 quod
1147 2697 1181 2725 de
1200 2697 1351 2736 Domitiano
1384 2701 1495 2728 Sueton.
1511 2709 1571 2736 cap.
1587 2702 1631 2734 19,
1647 2701 1679 2728 In
1694 2704 1772 2736 pueri

988 2736 1078 2771 procul
1102 2740 1198 2760 stantis
1224 2733 1409 2771 prarbenttsque
1436 2745 1482 2771 pro
1510 2733 1586 2771 scopo
1616 2733 1774 2771 dispansam

989 2769 1088 2795 dextrte
1105 2777 1196 2796 manus
1212 2769 1345 2805 palmam,
1360 2769 1474 2804 sagittas
1491 2769 1565 2799 tanta
1580 2777 1636 2799 arte
1652 2769 1750 2798 direxit
1767 2794 1774 2805 ,

989 2807 1113 2831 utomnes
1139 2813 1185 2839 per
1208 2804 1346 2832 intervalla
1373 2806 1516 2842 digitorum
1543 2807 1652 2834 innocue
1676 2804 1772 2834 evade;

988 2843 1054 2865 rent.
