1883 3056
159 123 193 150 39
795 120 918 150 IULIUS
934 123 942 147 Δ

1021 119 1129 148 CANUS
1744 118 1785 146 ιο

157 181 324 208 \i-iudobonte
347 179 374 207 in
390 179 518 207 thesauro
531 178 642 206 librario
657 178 839 213 potentissimi
853 178 937 212 impe-

1021 176 1107 211 xpimc
1124 162 1251 211 ὲτξήϐολοι
1272 175 1395 207 παιδείας
1408 175 1462 202 τῶν
1474 174 1616 202 Εὐκλείδου
1635 176 1785 210 στοιχείων

158 227 265 253 ratoris.
287 225 349 252 Fuit
371 225 452 252 etiam
477 224 504 251 in
526 224 650 251 biblioth.
673 222 855 255 Scorialeusi,
876 227 943 250 teste

158 273 233 299 Alex.
249 270 401 302 Baruoetio,
416 270 462 304 qui
475 269 509 297 de
524 270 580 301 illo,
595 269 702 301 Nescio,
714 269 818 303 inquit,
833 277 867 295 an
884 273 944 295 tan-

159 323 214 345 tum
236 318 295 344 boni
321 325 384 351 opus
410 316 478 343 illud
507 316 656 348 contineat,
673 319 801 349 quantum
829 315 943 341 continet

159 364 246 391 ntali:
267 367 440 397 urwterquam
468 362 538 388 enim
555 360 624 396 quod
645 360 771 395 sequioris
788 360 847 391 arvi,
861 359 941 386 adeo-

159 417 208 441 que
218 407 281 443 styli
298 408 333 434 sit
348 411 441 433 auctor
455 406 515 439 ille,
526 405 609 432 multa
626 405 703 431 habet
723 404 823 431 similia
840 405 943 431 .aclicis

159 453 270 484 Leonis,
283 453 404 487 quedam
422 452 502 478 etiam
521 450 719 484 superstitiosa,
732 457 763 476 ac
783 449 868 475 multa
882 449 946 476 ridi-

159 500 229 531 cula,
244 505 272 526 ut
289 499 321 526 de
332 499 467 525 curatione
479 505 525 531 per
536 495 734 529 Abracadabra,
752 495 873 530 quadam
886 503 944 522 mu-

160 546 298 578 lomedica,
314 545 384 580 falsa
397 544 523 578 plurima.
539 542 649 570 FABRIC.
660 541 726 568 ——ln
740 541 847 568 duobus
863 541 943 568 codd.

159 590 337 618 Leidensibus
351 589 480 617 Africano
493 587 621 616 tribuitur
637 587 685 614 lib.
706 586 745 614 De
761 587 838 614 modo
853 586 944 621 defen-

158 637 250 664 dendae
269 637 339 663 urbis
354 635 476 662 obsessa.

196 683 354 711 Africanum
363 684 400 710 De
409 682 502 709 bellico
517 684 648 716 apparatu
658 687 724 711 ms.,
735 678 769 705 de
775 686 829 713 quo
837 677 943 706 Casau-

159 731 248 758 bouus
261 731 294 758 ad
310 729 431 758 Suetonii
443 728 571 756 Casarem
581 748 588 761 ,
600 735 625 754 c.
639 727 717 760 5l,et
727 724 887 756 Salmasius,
899 732 942 759 ep.

163 776 227 810 125,
244 777 278 803 ad
298 775 421 804 lsaacum
435 773 579 805 Vossium,
595 772 713 806 intellige
725 774 828 805 partem
851 770 943 796 Cesto-

160 831 218 849 rum
241 821 379 854 Africani,
399 825 457 848 tum
483 820 572 847 adhuc
601 818 748 849 ineditam,
773 817 819 844 sed
850 821 943 851 postea

159 868 251 896 Graece
265 868 376 896 Parisiis
396 867 560 903 evulgatam.
581 865 680 892 Eodem
698 863 768 891 refer
785 862 858 898 quod
874 862 942 890 scri-

159 915 198 942 bit
211 914 367 942 Gassendus
384 914 417 941 ad
432 921 496 940 ann.
516 912 599 942 1622.
619 910 784 938 Peirescium
800 910 944 936 obtinuisse

160 966 215 989 tum
231 969 262 987 ea:
282 960 425 993 Vaticana,
440 965 494 986 tum
511 967 543 986 ex
557 957 732 985 Ainbrosiana
753 954 943 983 Mediolanensi

157 1006 276 1042 exempla
292 1007 413 1042 Quondam
428 1005 549 1040 Africani
567 1004 731 1038 aliorumque
747 1003 901 1029 tacticorum
916 1002 944 1027 in

159 1053 274 1088 gratiam
296 1052 366 1079 Lud.
395 1051 524 1078 Machalti
545 1051 594 1077 viri
618 1049 736 1082 strenui,
757 1052 943 1082 auctorumqne

159 1099 316 1127 militarium
333 1102 358 1126 et
375 1098 619 1125 mathematicorum
637 1096 760 1123 studiosi.
774 1094 805 1121 Et
820 1093 892 1128 quod
911 1093 944 1120 li-

158 1146 238 1173 brum
257 1145 403 1180 septimum
425 1143 578 1174 Castorum,
592 1142 639 1177 qui
659 1146 700 1169 est
712 1142 745 1169 de
764 1148 793 1167 re
814 1138 942 1170 militari,

159 1191 287 1218 habuisse
307 1198 359 1217 ms.
381 1187 496 1216 testatur
517 1187 673 1215 llolstenius
690 1186 762 1221 apud
781 1184 943 1213 Morholium

159 1237 206 1264 lib.
225 1244 233 1264 ι
249 1235 424 1271 Polyhistoria
436 1256 443 1268 ,
462 1242 522 1269 pag.
542 1234 587 1261 (i9.
610 1233 649 1260 Ex
663 1232 747 1259 Cesti;
760 1232 842 1259 etiam
861 1230 943 1265 petita

160 1287 224 1310 sunt
240 1290 300 1317 quae
311 1282 361 1309 sub
376 1281 496 1308 Africani
510 1280 618 1307 nomine
633 1279 660 1306 in
674 1278 827 1313 Geoponicis
843 1281 869 1304 et
881 1275 945 1310 Hip-

164 1330 284 1365 piatricis
300 1327 402 1355 Graecis
418 1327 553 1362 leguntur,
578 1333 610 1353 ac
625 1325 739 1352 fortasse
758 1328 881 1351 nostrum
900 1329 944 1349 re-

160 1378 248 1413 spexit
262 1376 418 1410 Fulgentius
429 1382 470 1405 m,
481 1372 714 1408 7,Mythologicon,
728 1372 772 1398 ubi
785 1371 944 1398 Africanum

161 1423 380 1458 iatrosophistam
401 1421 503 1448 laudat.
521 1420 601 1447 Certe
623 1419 650 1446 in
670 1418 754 1446 Ccstis
776 1417 898 1453 ἰατρικὰς
918 1421 945 1444 et

160 1470 275 1506 φυσικὰς
295 1469 421 1504 δυνάμεις
439 1472 520 1502 atque
540 1467 624 1497 ἰάσεις
641 1465 773 1492 contineri
787 1485 794 1495 ,
807 1465 863 1499 jam
879 1464 943 1491 olim

159 1517 293 1544 Eusebius
312 1516 339 1542 in
355 1515 452 1542 Chron.
467 1518 493 1541 et
509 1513 607 1539 Suidas
629 1511 657 1538 in
677 1511 849 1545 Ἀφρικανός
866 1514 943 1536 nota-
957 1521 978 1549 ρ

160 1567 234 1590 runt.
253 1562 325 1589 Inter
337 1561 407 1588 edita
420 1559 555 1586 Castorum
565 1557 653 1591 capita
664 1561 706 1583 est
721 1556 801 1583 etiam
818 1556 881 1582 illud
897 1555 942 1587 57,

160 1609 230 1642 Περὶ
244 1608 372 1642 κρυφίας
385 1604 553 1632 ἐπιστολῶν
570 1601 755 1637 εὶσπομπῆς,
770 1602 842 1637 quod
853 1602 945 1631 laudat

162 1656 198 1682 ls.
212 1653 326 1681 Vossius
346 1653 379 1680 ad
395 1652 496 1679 Justiui
515 1660 533 1678 ll
545 1671 551 1683 ,
570 1650 619 1685 10,
634 1659 714 1686 quem
729 1651 789 1677 vide
809 1650 890 1677 etiam
911 1649 943 1676 ad

160 1699 312 1732 Catullum,
323 1707 385 1734 pag.
401 1698 450 1730 50,
466 1697 510 1724 ubi
522 1698 554 1724 de
570 1698 697 1725 Africano
705 1696 826 1731 quaedam
840 1695 945 1723 erudite

162 1745 306 1778 observat,
321 1750 348 1772 et
364 1746 432 1772 inter
451 1745 503 1772 alia
525 1743 656 1775 afﬁrmat,
669 1741 870 1779 Στρατηγικῶν,
885 1748 944 1776 quae

162 1796 318 1826 supersunt,
334 1792 494 1826 fragmenta,
511 1789 685 1818 constituisse
697 1794 802 1817 sextum
816 1796 847 1816 ac
862 1789 945 1823 septi-

163 1844 238 1864 mum
253 1836 388 1864 Castorum
403 1837 511 1863 librum.
529 1835 617 1862 Cestos
633 1834 728 1861 Latine
743 1839 845 1861 vertere
862 1833 944 1868 ccepit

160 1882 287 1910 Julianus
301 1882 469 1914 Puch'ardus,
483 1890 528 1909 an.
544 1881 622 1913 1705,
633 1882 676 1909 die
689 1881 722 1907 12
735 1880 810 1912 Dec.,
823 1888 867 1907 an.
880 1885 944 1908 teta-

162 1929 197 1957 tis
208 1929 243 1957 49
255 1928 366 1956 Parisiis
382 1928 512 1959 deuatus.
529 1927 577 1955 sed
595 1935 648 1954 non
667 1926 777 1962 perfecit
798 1934 885 1961 neque
900 1926 943 1953 in-

160 1974 379 2008 terpretatiouem
396 1963 473 2001 suam
486 1974 565 2001 edere
577 1973 675 2006 voluit,
688 1973 760 2008 quod
776 1973 945 2000 existimaret

161 2021 285 2056 quaedam
300 2021 326 2047 in
344 2021 395 2047 illis
408 2021 486 2047 obvia
501 2021 601 2046 rectius
612 2019 691 2054 vulgo
708 2019 837 2054 ignorari.

197 2066 287 2094 Cestos
297 2066 414 2093 Africani
424 2065 641 2093 Gallo-Fraucice
652 2066 730 2093 vertit
738 2065 921 2093 Guisehardus
934 2072 940 2090 :

161 2114 211 2141 Les
223 2114 309 2141 Cestes
322 2114 354 2140 de
364 2113 425 2140 Iule
437 2113 568 2146 Africam,
580 2113 693 2139 traduits
704 2120 769 2146 pour
781 2112 806 2138 la
818 2112 943 2146 premiére

163 2161 212 2193 [nis
229 2161 291 2186 d‘un
307 2160 448 2186 manuscrit
464 2167 531 2194 grec.
545 2159 612 2186 Vide
633 2163 699 2185 tom.
719 2157 751 2184 lll
774 2158 846 2185 illius
860 2157 941 2185 Com-

163 2206 357 2232 mentariorum
374 2213 380 2230 :
398 2205 535 2231 Mentuires
551 2205 673 2239 critiqucs
681 2209 705 2231 et
719 2205 811 2232 histor.
827 2212 873 2230 sur
883 2203 944 2238 plu-
960 2196 982 2222 D

162 2251 246 2277 sicurs
274 2251 361 2284 points
384 2251 554 2285 d‘antiquités
587 2250 743 2282 militaires,
768 2258 817 2285 par
837 2248 945 2276 Charles

164 2294 309 2322 Gnischard
321 2317 327 2328 ,
341 2297 442 2322 nommé
462 2295 577 2328 Quintus
596 2295 689 2323 Icilius
701 2316 709 2329 ,
724 2295 842 2322 Beroliui
858 2294 926 2321 1774
936 2313 944 2326 ,

163 2340 180 2367 4
192 2346 218 2368 et
230 2340 257 2373 8,
273 2340 304 2366 IV
322 2341 384 2369 voll.
402 2341 484 2368 ΙΙΜιι.

200 2385 328 2420 Superest
342 2392 371 2414 ut
389 2386 541 2414 referantur
560 2394 576 2412 a
594 2394 637 2414 me
657 2387 766 2413 nomina
781 2386 943 2420 scriptorum

163 2439 230 2459 sane
242 2439 391 2466 paucorum
403 2451 410 2463 ,
424 2439 493 2466 quos
509 2431 536 2459 in
554 2431 641 2458 isthoe
654 2428 786 2466 opusculo
800 2431 945 2458 incutorari

163 2477 250 2512 reperi
265 2486 272 2504 :

200 2522 320 2551 Enclidis
333 2522 480 2558 Στοιχεῖα,
492 2531 553 2559 pag.
569 2523 622 2551 295
640 2523 668 2551 b.
684 2525 715 2551 Οἱ
735 2524 784 2559 τῆς
798 2523 943 2558 ἐγκυκλίου

200 2630 255 2665 (12)
271 2630 380 2659 Sextum
393 2635 472 2658 vocat
485 2631 582 2659 Suidas
598 2632 624 2658 in
643 2633 749 2667 Ἀφρικ.
766 2638 793 2658 et
805 2631 941 2660 Σωσάννα.

162 2663 255 2699 Neque
271 2667 473 2694 assentiendum
489 2667 555 2693 viris
571 2667 657 2694 doctis
675 2663 706 2693 Η.
722 2666 828 2693 Valesio
845 2669 877 2694 ad
893 2669 944 2694 Eu-

165 2700 221 2739 seb.
242 2708 301 2739 pag.
317 2702 367 2739 1‘27
392 2706 419 2728 et
434 2702 542 2739 Labbeo
566 2710 573 2728 ι
590 2702 631 2739 _l)e
646 2701 857 2739 Script.cccles.,
881 2710 942 2737 pag.

163 2733 296 2772 659,_’qu‘i
312 2735 419 2763 Cestum
435 2737 536 2772 dictum
553 2737 647 2763 volunt
664 2745 679 2764 a
696 2733 831 2763 Gestorum
850 2733 942 2772 opere.

201 2770 256 2804 (I5)
279 2769 341 2796 lam
362 2779 420 2798 vero
441 2771 580 2798 historiam
603 2772 650 2798 tibi
669 2769 897 2799 truditurisumits
911 2780 944 2799 ea:

163 2810 262 2834 QUINTO
269 2804 337 2842 libro
349 2806 622 2840 Africani,uriptoris
635 2807 750 2834 chronici
842 2809 864 2834 is
876 2815 944 2842 qua:-

163 2846 263 2875 cunque
276 2841 308 2868 de
321 2842 417 2868 nostris
436 2841 538 2876 regibus
554 2841 713 2878 (Armenia!)
731 2847 832 2876 narrat,
853 2841 885 2870 ea
900 2843 943 2869 de-

992 219 1122 246 ὲπιποσὸν
1132 219 1169 250 ὡς
1179 219 1252 251 εἰκὸς
1266 219 1412 254 ἐφήψαντο.

1028 264 1161 292 Homerus
1176 272 1235 299 pag.
1255 265 1309 292 9.92
1332 265 1365 292 b:
1385 265 1517 300 ’ἰαμϐεῖον
1540 265 1661 300 ἀρχαῖον,
1675 264 1713 296 ὡς
1728 263 1783 290 λυ-

994 310 1176 346 σιτελέστερος
1191 312 1256 337 πᾶσι
1266 311 1312 337 τοῦ
1328 310 1479 346 προπετοῦς
1493 311 1507 336 ὁ
1521 310 1641 346 ἀσφαλὴς
1653 310 1783 346 ἡγεμών,

993 365 1055 392 pag.
1066 357 1129 384 278.

1028 401 1130 430 Versus
1155 401 1212 437 ipse
1235 407 1324 429 exstat
1350 401 1420 437 apud
1442 400 1622 434 Suetonium,
1645 402 1783 436 Augusto,

994 455 1056 483 cap.
1068 448 1120 474 25:

1070 490 1217 528 Ἀσφαλὴς
1230 493 1284 528 γὰρ
1299 493 1363 519 ἐστ’
1378 491 1517 527 ἀμείνων,
1526 491 1544 526 ἣ
1561 491 1675 562 (ipf/urg;
1688 499 1784 525 στρα-

1600 535 1633 560 τη
1677 535 1729 560 της
1731 545 1739 552 ·

1600 535 1739 560 τηνιατης.

1027 572 1190 608 Neptuniani
1207 572 1330 608 Physica,
1348 580 1409 607 pag.
1423 572 1471 600 501
1492 572 1510 599 1)
1523 581 1529 599 :
1543 572 1694 599 Φιλοπονῶν
1712 572 1783 607 περὶ

993 617 1041 653 τὴν
1065 617 1111 644 τοῦ
1133 617 1264 653 παρόντος
1287 617 1498 653 συγγράμματος
1517 617 1635 650 ἔκθεσιν,
1657 617 1783 652 ἀνέγνων

993 663 1022 689 ἐν
1038 664 1093 694 τοῖς
1107 662 1306 689 Νεπτουνιανοῦ
1325 663 1457 698 φυσικοῖς,
1469 667 1521 689 etc.

1030 708 1063 735 Οἱ
1085 709 1245 736 Κυντιλιοι.
1271 716 1332 743 pag.
1355 708 1403 735 501
1436 708 1451 734 b
1469 717 1475 734 :
1492 707 1631 742 Quinctilii
1660 708 1781 742 fratres,

993 754 1039 789 qui
1064 754 1115 782 sub
1140 754 1289 782 Commodo
1318 755 1383 790 imp.
1407 755 1474 782 clari
1499 754 1667 789 scripserunt
1689 755 1724 782 de
1749 763 1782 782 te

995 799 1106 827 rustica.

959 855 979 883 Β
1028 844 1160 872 Eumdem
1183 844 1267 871 fuisse
1286 844 1397 872 Sextum
1416 844 1471 879 (12)
1487 844 1588 873 Julium
1605 844 1780 877 Africanum,

994 890 1040 925 qui
1056 889 1279 924 Chronograpltia:
1294 890 1379 918 libros
1410 899 1425 916 v
1441 890 1497 925 (15)
1523 891 1557 918 ab
1573 891 1638 918 orbe
1660 891 1775 918 condito

994 936 1026 962 ad
1044 943 1069 963 a.
1083 935 1113 963 C.
1129 936 1178 962 221
1195 936 1315 971 scripsit.
1333 941 1359 964 et
1373 935 1474 963 Julium
1488 936 1660 967 Africanum,
1684 936 1781 964 Cesto-

993 991 1053 1009 rum
1069 983 1242 1018 scriptorem,
1261 983 1402 1011 credemus
1417 985 1507 1018 potius
1524 984 1650 1016 Eusebio,
1668 984 1781 1018 Photio,

994 1028 1130 1064 Syncello,
1151 1033 1177 1057 et
1194 1029 1294 1062 Suidte,
1317 1030 1369 1057 hoc
1390 1030 1596 1063 allirmantibus,
1611 1031 1709 1064 quibus
1723 1030 1781 1057 Pe-

994 1075 1092 1106 tavius,
1110 1073 1233 1106 Vossius,
1250 1074 1386 1108 Labbeus,
1405 1075 1580 1112 Lambecius,
1597 1076 1780 1110 Wetstenius,

993 1120 1182 1148 'l'illemontius
1193 1120 1351 1156 [Needham,
1365 1121 1573 1156 Hambergerus,
1589 1121 1777 1157 Saxius,etc.]

994 1166 1200 1199 assentiuntur,
1235 1175 1317 1202 quam
1339 1165 1397 1194 Jos.
1420 1167 1549 1202 Scaligcri
1568 1172 1595 1195 et
1618 1167 1650 1194 Il.
1676 1167 1780 1195 Vales-ii

992 1212 1115 1240 virorum
1128 1212 1191 1239 licet
1203 1213 1385 1240 maximorum
1402 1213 1567 1248 conjecturis
1590 1217 1684 1240 contra
1708 1214 1783 1240 nite-

995 1266 1065 1286 mur.
1087 1258 1231 1291 Caeterum,
1247 1259 1319 1292 quod
1334 1258 1554 1294 Chronographiw
1573 1264 1600 1286 et
1612 1259 1723 1286 Κεστῶν
1744 1259 1780 1285 li-

994 1305 1059 1332 bros
1077 1312 1126 1339 pro
1140 1312 1195 1332 uno
1211 1305 1361 1339 eodemque
1380 1313 1460 1340 opere
1474 1305 1569 1333 habuit
1580 1305 1707 1332 Petavius
1727 1313 1780 1338 xu,

994 1349 1039 1382 40,
1054 1350 1091 1376 De
1105 1349 1226 1376 doctrina
1245 1355 1334 1384 temp.,
1351 1351 1402 1378 hoc
1419 1351 1517 1378 merito
1539 1351 1696 1379 retractavit
1720 1350 1780 1385 ipse

995 1403 1053 1427 vnt,
1067 1395 1094 1426 2,
1109 1396 1230 1422 Auctarii
1242 1396 1308 1422 diss.
1322 1395 1555 1432 [Chronographiw
1569 1405 1631 1432 pars
1645 1396 1707 1430 fuit,
1721 1404 1778 1423 non

995 1441 1139 1477 peculiaris
1154 1441 1223 1468 liber
1238 1442 1375 1477 ἐπίτομος,
1390 1443 1499 1477 quando
1511 1443 1607 1478 legitur
1623 1443 1648 1469 in
1667 1443 1779 1470 Eusebii

995 1488 1093 1516 Chron.
1123 1488 1282 1524 Ἀφρικανὸς
1308 1489 1336 1515 ἐν
1361 1488 1500 1524 ἐπιτόμῳ,
1527 1489 1564 1515 uti
1587 1487 1726 1516 Fabricius
1749 1489 1778 1516 in

995 1539 1058 1562 nota
1082 1542 1134 1562 ms.
1155 1535 1188 1561 ad
1208 1534 1318 1561 Suidam
1334 1533 1516 1561 Basileeusem
1540 1535 1610 1569 apud
1633 1533 1722 1562 Niclas
1741 1535 1779 1562 ad

995 1579 1153 1614 Ccoponica,
1169 1581 1285 1615 prolegg.
1299 1587 1360 1615 pag.
1372 1588 1453 1610 xtvu,
1469 1585 1523 1606 not.
1535 1580 1561 1612 5,
1576 1581 1667 1608 docuit
1683 1586 1779 1609 contra

994 1625 1152 1658 Meursium,
1169 1625 1215 1660 qui
1242 1626 1268 1652 iu
1293 1624 1419 1652 Biblioth.
1434 1625 1538 1658 Grteca,
1560 1633 1621 1660 pag.
1639 1626 1717 1659 1199,
1742 1635 1779 1654 ex

995 1671 1040 1697 illo
1054 1670 1162 1697 Eusebii
1181 1670 1241 1697 loco
1257 1670 1393 1706 siugulai‘e
1407 1671 1528 1698 Al‘ricani
1543 1679 1621 1706 opus,
1636 1671 1778 1707 ὲπὶτομον,

997 1715 1140 1750 exsculpit.
1151 1714 1251 1751 Haud}

1029 1761 1087 1787 Alia
1101 1761 1135 1788 de
1146 1760 1275 1788 Africano
1290 1760 1402 1795 ejusque
1419 1761 1528 1797 scriptis
1543 1762 1613 1797 apud
1627 1762 1780 1790 accuratis-

995 1807 1095 1834 simum
1121 1806 1324 1833 Tillemoutium
1355 1811 1420 1833 tom.
1440 1806 1488 1840 lll,
1510 1807 1537 1840 5,
1567 1807 1651 1836 Mem.
1670 1807 1779 1842 ecclés.,

994 1861 1054 1888 pag.
1077 1852 1137 1884 115,
1163 1857 1190 1879 et
1216 1853 1472 1887 praestantissimum
1499 1852 1617 1880 Caveum
1649 1852 1728 1888 [tom.
1755 1853 1778 1885 Ι,

993 1905 1054 1932 pag.
1069 1897 1119 1924 110
1132 1897 1186 1933 sq.]
1199 1898 1226 1924 in
1239 1903 1315 1932 parte
1330 1902 1442 1933 utraque
1454 1897 1526 1925 Hist.
1539 1898 1679 1926 litteraria'
1692 1898 1781 1925 lector

993 1944 1106 1975 evolvet,
1129 1944 1228 1978 quibus
1252 1943 1384 1970 ambobus
1410 1943 1436 1970 in
1458 1947 1574 1971 mentem
1590 1945 1664 1972 venit
1685 1944 1779 1979 suspi-

993 1990 1062 2021 cari,
1079 1989 1150 2024 quod
1168 1988 1258 2015 Cestos
1284 1988 1353 2015 forte
1370 1989 1509 2024 scripserit
1531 1989 1687 2024 Africanus,
1705 1999 1778 2018 non-

993 2037 1056 2062 dum
1072 2035 1173 2062 Christi
1191 2035 1278 2062 sacris
1300 2035 1421 2062 initiatus
1441 2045 1448 2062 :
1470 2035 1533 2063 licet
1554 2037 1581 2063 in
1601 2037 1684 2064 altera
1699 2043 1780 2072 parte

992 2081 1097 2107 Caveas
1129 2080 1203 2106 malit
1229 2080 1399 2108 subscribere
1427 2089 1522 2108 eorum
1553 2083 1693 2110 sententiae
1725 2085 1778 2118 qui

994 2122 1083 2149 Cestos
1104 2123 1136 2149 ad
1155 2123 1237 2149 alium
1262 2122 1383 2150 referunt
1398 2123 1567 2152 Africanum.
1592 2125 1644 2152 Sed
1666 2125 1700 2152 de
1719 2131 1779 2154 tota

997 2175 1025 2193 re
1042 2167 1139 2193 melius
1154 2167 1277 2200 judicare
1294 2168 1396 2201 liceret,
1412 2169 1433 2195 si
1449 2177 1517 2204 opus
1535 2170 1623 2204 ipsum
1645 2176 1777 2205 exstaret;

996 2212 1088 2246 quod,
1112 2212 1205 2246 paucis
1227 2212 1295 2239 forte
1321 2212 1479 2248 fragmentis
1508 2215 1647 2249 exceptis,
1673 2220 1701 2242 ut
1717 2216 1778 2250 jam

996 2258 1087 2285 notavi
1099 2277 1106 2290 ,
1127 2258 1273 2285 intercidit.
1303 2257 1369 2286 Nam
1386 2264 1413 2287 et
1426 2259 1564 2287 Boivinius
1580 2260 1667 2294 prima
1681 2261 1725 2288 vix
1740 2262 1778 2289 44

995 2303 1083 2337 capita
1104 2302 1233 2330 Africano
1255 2304 1335 2331 audet
1358 2305 1487 2336 tribuere,
1508 2312 1569 2332 cum
1584 2305 1619 2332 45
1635 2313 1719 2340 usque
1741 2307 1778 2334 ad

995 2349 1029 2376 59
1042 2349 1098 2376 fere
1109 2349 1143 2376 ad
1157 2349 1268 2376 verbum
1283 2350 1338 2376 sint
1351 2350 1487 2385 descripta
1500 2359 1532 2378 ex
1542 2350 1635 2378 Encas
1650 2351 1777 2384 Tacticis,

994 2399 1022 2421 et
1042 2394 1242 2429 sexagesimum
1269 2403 1331 2423 cum
1362 2396 1473 2431 reliquis
1507 2402 1615 2432 propter
1644 2398 1777 2425 vocabula

1000 2440 1114 2466 barbara
1131 2444 1157 2467 et
1171 2440 1436 2475 stylidiversitatem,
1455 2442 1538 2469 alium
1555 2447 1582 2469 et
1596 2443 1778 2471 recentiorem

994 2491 1131 2513 auctorem
1157 2486 1297 2520 referant;
1311 2495 1325 2514 e
1341 2488 1443 2522 quibus
1466 2488 1510 2514 illa
1523 2488 1592 2522 Περὶ
1619 2488 1777 2522 φυλακῶν,

994 2539 1056 2567 pag.
1070 2532 1132 2565 515,
1155 2532 1271 2560 Heronis
1292 2533 1362 2560 forte
1384 2533 1502 2568 junioris
1525 2542 1585 2561 esse
1599 2535 1668 2561 idem
1684 2536 1779 2562 erudi-

1013 2635 1120 2671 rentpsit
1145 2635 1269 2671 universa
1299 2642 1331 2661 ea:
1354 2635 1489 2671 tabulario
1514 2634 1638 2666 Edam.
1659 2644 1717 2671 qua:
1735 2641 1776 2663 est

1021 2669 1067 2706 rha
1083 2679 1089 2696 :
1107 2670 1302 2706 cttjnsrquident
1322 2670 1445 2706 tabularii
1464 2671 1525 2696 libri
1542 2671 1573 2697 de
1592 2669 1714 2706 fanorum
1734 2672 1778 2698 hi-

996 2678 1067 2696 urua
1083 2679 1089 2696 :
1107 2678 1181 2731 rixas
1198 2678 1302 2704 qumem
1322 2678 1445 2696 lanulat‘ll
1464 2678 1525 2696 nor:
1542 2678 1573 2697 ae
1592 2678 1714 2706 [auorum
1734 2678 1775 2698 m-

993 2705 1083 2730 ateriis
1106 2713 1119 2730 e
1151 2704 1222 2731 ’esibt‘
1241 2709 1264 2731 et
1279 2705 1374 2739 Sinope
1386 2704 1497 2731 Pontica
1518 2706 1589 2739 fuere
1609 2715 1638 2733 eo
1660 2707 1775 2739 advecti,

994 2739 1032 2774 ait
1058 2739 1240 2766 Cheronensis
1269 2739 1374 2771 Moses,
1407 2740 1453 2774 qui
1482 2740 1602 2767 Africani
1631 2741 1775 2770 historiam

994 2773 1101 2809 Edessa!
1117 2775 1263 2809 excerpsit,
1282 2782 1342 2809 pag.
1358 2775 1405 2801 101
1418 2773 1485 2802 ⁷εείιίῐ.
1499 2775 1636 2807 Whiston,
1654 2775 1774 2805 Londin.

995 2808 1074 2847 1756.
1098 2808 1156 2836 Vid.
1172 2808 1261 2836 Niclas
1275 2810 1307 2836 ad
1321 2808 1467 2847 Needhaiui
1485 2811 1632 2847 prolegnul.
1657 2811 1690 2838 ad
1705 2809 1776 2838 Gea-

992 2845 1109 2878 pom'cos,
1126 2852 1184 2879 pag.
1198 2852 1282 2878 xtvu,
1299 2853 1324 2872 n.
1337 2845 1364 2873 5.
1383 2844 1467 2873 Haut.
