1883 3056
201 137 234 164 ι’]
855 128 975 156 JULlUS

1058 127 1199 155 LlCA‘NUS.
1688 118 1693 124 ’
1778 121 1817 148 48

199 195 350 231 nographite
370 194 446 221 libris
468 192 549 220 tradit
570 191 712 226 episcopus
731 190 903 217 Caesariensis
918 189 957 224 (2)
969 210 976 222 ,
992 192 1015 218 Α
1029 189 1095 224 ginti
1115 189 1196 216 trium
1218 197 1240 214 ι.
1260 186 1322 214 Haec
1338 185 1460 213 Photius.
1480 185 1552 220 Opus
1567 181 1622 218 jam
1641 183 1748 219 pridem
1767 183 1817 210 ἰιι⁴

199 242 290 277 ipsum
306 239 495 267 Alexandriam
515 236 686 264 contendisse
705 236 740 262 ob
755 236 900 262 maximam
918 242 977 262 om—

200 290 274 317 nium
287 287 385 315 famam
409 289 436 312 et
457 284 682 312 existimationem
698 283 730 310 de
742 281 853 309 lleracla
868 281 900 308 ad
919 281 977 315 epi-

199 338 338 369 scopatum
366 332 438 359 illius
472 329 599 357 Ecclesia:
628 332 778 363 provecto,
805 326 978 361 philosophia

199 381 313 415 aliisque
333 378 487 405 Graecorum
508 374 658 409 disciplinis
683 377 834 408 priestante.
857 371 978 406 illudque

199 433 281 455 unum
296 428 422 459 praeterea
435 423 514 450 docet
525 421 574 456 (5),
589 428 621 447 ex
636 427 721 454 eoque
734 419 912 454 Hieronymus
929 418 977 452 (4),

197 471 321 499 eumdem
344 467 579 502 chronographum
602 466 735 500 legatione
756 464 788 492 ad
804 464 976 499 Elagabalum

197 523 246 552 pro
261 513 423 549 Nicopoleos
436 511 632 539 instauratione
651 510 735 537 fuisse
756 509 900 544 aliquando
919 516 978 543 per-

196 562 319 590 functum
332 569 337 587 :
355 567 408 594 qua
424 559 457 585 de
471 566 501 585 re
517 557 593 592 plura
608 555 727 591 Scaliger
741 556 791 590 (5).

232 609 302 636 Inter
315 606 435 634 Africani
451 604 550 639 scripta
565 611 625 638 quae
647 607 785 636 utcunque
802 600 835 628 ad
851 608 902 628 nos
917 607 978 635 per-

195 657 348 685 venerunt,
371 652 433 679 licet
454 650 556 686 primas
577 649 646 676 ferat
667 648 726 682 ejus
746 646 977 682 Chronographia;

195 699 352 736 praestantia
366 702 455 725 tamen
474 695 623 730 argumenti
645 692 779 729 permoti,
799 692 924 726 Epistolas
946 691 979 718 de

196 745 310 773 historia
326 744 458 771 Susanna:
475 741 584 776 Origeni
607 740 743 774 inscripta:
757 738 873 773 primum
889 737 977 764 locum

196 792 356 823 tribuimus;
375 789 418 818 cui
431 789 542 816 alteram
558 793 666 822 quoque
683 784 808 820 Origenis
826 783 978 811 Africauia-

197 845 238 864 na:
252 836 412 872 oppositam,
428 839 458 862 ut
479 841 529 869 par
547 837 619 865 erat,
642 831 795 859 addidimus
812 830 860 866 (6).
877 829 915 857 De
933 829 977 856 his

196 883 324 918 Epistolis
343 881 435 916 accipe
447 880 579 915 judicium
597 877 742 906 clarissimi
757 883 868 912 operum
883 875 977 910 Orige-

197 929 339 956 nianOrum
352 927 463 955 editoris
480 925 529 960 ('7).

232 975 267 1001 ll.
294 973 381 1000 Aliam
402 971 512 1006 scripsit
529 969 673 997 Africanus
698 967 837 1002 epistolam
863 966 896 993 ad
919 965 979 992 Ari-

197 1020 310 1052 stidem;
333 1019 360 1045 in
375 1026 437 1053 qua,
453 1017 540 1051 inquit
558 1019 620 1050 post
630 1013 776 1041 Eusebium
790 1012 829 1048 (8)
844 1010 977 1046 Hierony—

198 1070 259 1091 mus
273 1063 321 1098 (9),
339 1070 416 1097 super
439 1060 570 1095 διαφωνίᾳ
586 1067 644 1094 qua:
668 1058 769 1085 videtur
780 1065 835 1084 csse
846 1056 873 1083 in
886 1064 978 1091 genea-

195 1109 268 1143 logia
276 1107 420 1135 Saluatoris
428 1106 497 1141 apud
509 1104 663 1132 Matt/arum
675 1109 699 1130 et
713 1102 820 1134 Lucam,
832 1101 978 1137 plenissime

196 1155 323 1189 disputat.
346 1153 411 1188 Ejus
431 1159 540 1187 quoque
564 1150 687 1177 meminit
701 1148 730 1175 S.
750 1148 928 1184 Augustinus,
948 1147 979 1174 li-

195 1200 260 1227 bros
291 1207 374 1226 sum
401 1203 494 1225 contra
522 1197 651 1223 Faustum
683 1194 860 1222 Manichzeum
890 1197 977 1220 retra-

196 1251 272 1273 ctans
286 1245 360 1280 (l0);
375 1245 420 1272 ubi
437 1244 517 1271 verba
532 1242 598 1270 facit
611 1242 644 1269 de
661 1241 825 1276 quaestione,
848 1239 977 1275 quomodo

195 1291 310 1325 potuerit
324 1291 390 1316 duos
404 1293 491 1324 patres
506 1288 599 1314 habere
612 1286 719 1321 Ioseph.
739 1285 776 1313 lbi
792 1285 923 1320 siquidem
944 1283 978 1310 ad

196 1338 268 1364 hanc
290 1335 410 1362 Africani
434 1334 575 1368 epistolam
603 1332 771 1368 respiciens,
797 1331 853 1358 inec
878 1329 975 1356 habet:

198 1382 254 1410 Hoc
266 1382 293 1408 in
304 1389 393 1408 eorum
408 1380 503 1408 litteris
525 1381 656 1407 inventum
675 1383 724 1410 est,
744 1377 789 1413 qui
808 1375 905 1403 recenti
924 1382 977 1401 me—

195 1423 280 1456 moria
295 1426 541 1464 post‘astensionem
564 1425 671 1452 Domini
691 1424 723 1451 de
746 1423 793 1449 hac
816 1430 843 1449 re
867 1421 977 1455 scripse-

197 1481 267 1504 runt.
286 1475 357 1502 Nam
368 1475 449 1502 etiam
468 1481 558 1500 nomen
579 1471 694 1505 ejusdem
715 1468 844 1498 mulieris,
865 1474 922 1501 qua:
937 1473 978 1500 pe-

194 1522 260 1556 perit
277 1520 358 1548 Iacob
379 1525 480 1554 patrem
494 1517 588 1551 Ioseph
603 1516 634 1542 de
644 1516 730 1550 priore
744 1513 839 1540 marito
855 1511 975 1544 Mat/ian,

195 1569 240 1603 qui
255 1568 305 1602 fuit
320 1571 394 1601 pater
411 1565 511 1596 Iacob,
530 1571 592 1589 auus
615 1561 721 1596 Ioseph,
743 1559 885 1587 secundum
907 1557 977 1584 Mat—

197 1614 310 1644 thwum;
332 1616 356 1639 et
371 1612 403 1638 de
418 1610 514 1636 marito
529 1608 666 1643 posteriori
685 1605 779 1633 Melchi
792 1605 890 1640 peperit
905 1603 977 1637 Heli,

197 1659 272 1694 cujus
287 1663 344 1686 erat
365 1657 500 1691 adoptivus
518 1654 632 1688 Ioseph,
656 1660 708 1679 non
727 1651 809 1678 tacuit
826 1650 975 1694 Africanus.

197 1689 376 1734 Meminerunt
386 1689 513 1738 praeterea
523 1700 634 1728 Photius
647 1699 702 1734 (ll)
712 1719 719 1732 ,
737 1689 883 1725 Zacharﬂis
893 1696 979 1731 Chry-

197 1751 366 1786 sopolitanus
388 1748 460 1784 (ίὲ),
482 1754 509 1774 et
529 1745 695 1780 Nicephorus
706 1743 810 1771 Callisti
824 1742 879 1778 (15)
895 1742 979 1769 Euse—

199 1797 274 1825 bium
293 1798 461 1827 aSSectatus;
483 1801 515 1820 ex
533 1799 587 1827 quo
610 1791 691 1818 etiam
718 1788 839 1824 ejusdem
860 1788 979 1823 epistolae

199 1842 349 1877 fragmenta
367 1839 502 1873 descripta
523 1838 550 1864 in
572 1836 690 1863 medium
712 1834 776 1862 alibi
796 1833 898 1868 profert
911 1833 977 1868 (t4).

198 1886 236 1916 Ea
251 1895 318 1916 vero
335 1895 369 1914 ex
386 1885 504 1913 Eusebio
520 1882 663 1910 Valesiano
676 1888 737 1908 cum
754 1879 825 1908 notis
837 1878 979 1907 clarissimi

198 1933 352 1968 interpretis
368 1932 538 1959 exhibemus.

233 1978 278 2006 lll.
299 1977 470 2012 Prtecipuum
492 1973 611 2002 Africani
630 1980 698 2008 opus
710 1993 717 2006 ,
744 1970 957 2006 Chronographia
971 1991 978 2003 ,

199 2026 256 2055 sive
277 2025 340 2052 libri
355 2024 475 2059 quinque
489 2022 528 2049 De
544 2019 715 2054 temporibus,
742 2023 772 2046 ut
793 2019 831 2046 ait
848 2018 982 2053 Hierony-

198 2079 261 2100 mus
282 2070 350 2105 (l5)
369 2069 417 2096 ἐπ’
430 2067 541 2103 ἀκριϐὲς
564 2065 761 2100 πεπονημένοι,
789 2063 878 2098 inquit
898 2062 982 2089 Euse-

199 2118 260 2145 bius
276 2114 548 2152 (I6),accuratissime
572 2111 717 2146 compositi.
737 2118 746 2135 ι
774 2108 905 2136 Coucisus
925 2107 982 2142 qui-

201 2163 263 2190 dem
279 2166 320 2189 est
336 2164 431 2188 auctor
443 2178 452 2192 ,
476 2157 568 2193 judice
588 2155 684 2183 Photio
711 2153 784 2189 (i7);
807 2152 875 2180 nihil
891 2156 981 2179 tamen

198 2208 307 2243 cognitu
325 2205 509 2234 necessarium
526 2202 635 2230 omittit.
650 2200 748 2236 Incipit
765 2207 780 2226 a
794 2197 889 2226 mundi
907 2203 984 2224 crea—

200 2236 284 2287 tioite,
298 2253 472 2289 pervenitque
485 2257 570 2285 usque
583 2249 616 2276 ad
627 2247 728 2276 Christi
741 2246 895 2274 adventum.
911 2243 979 2271 Suc—
994 2236 1015 2263 Β

200 2300 288 2327 cincte
299 2288 406 2334 quoque
420 2303 493 2334 gesta
507 2298 700 2324 commemorat
709 2293 766 2328 jam
779 2291 841 2318 inde
853 2297 868 2317 a
878 2288 979 2317 Christi

199 2349 278 2373 astate
292 2352 378 2380 usque
391 2345 424 2372 ad
436 2343 548 2371 Macrini
561 2340 721 2376 imperium:
737 2345 791 2373 quo
806 2343 936 2372 tempore,
951 2338 980 2362 ut

200 2392 272 2420 idem
286 2391 410 2422 allirmat,
426 2391 478 2417 hoc
496 2388 641 2416 Chronicon
659 2385 813 2413 absolutum
828 2387 878 2416 est,
894 2388 980 2410 anno-

200 2445 261 2465 rum
279 2435 381 2464 scilicet
397 2434 541 2469 quinquies
555 2433 628 2460 mille
644 2430 872 2466 septingentorum
891 2431 918 2454 et
939 2426 979 2453 vi-

237 2493 274 2528 (2)
293 2491 392 2528 Euseb.
400 2490 480 2528 _I_Iist.
497 2489 576 2528 each,
594 2488 640 2515 lib.
656 2495 694 2518 v1,
706 2493 765 2521 cap.
782 2485 825 2512 ⁵51.

249 2524 276 2563 5)
295 2527 334 2554 1d.
351 2527 379 2553 in
393 2525 492 2563 Chron.
505 2524 566 2563 1.5;,

247 2555 274 2597 4)
296 2562 404 2589 Hieron.
422 2560 459 2597 De
469 2558 643 2597 vir._iltustr._
644 2564 703 2597 cap:

294 2587 548 2632 S—caliasdnimadv.
567 2593 601 2619 ad
620 2587 715 2632 Euseb.
725 2590 820 2632 Chron.
837 2597 900 2632 pag.

297 2623 351 2659 Nos
366 2623 437 2658 Vero
453 2634 597 2667 utramque
611 2626 752 2667 epistolam
770 2623 844 2652 inter,
856 2623 979 2665 Qrigenis

193 2659 290 2705 ,Op‘er'a
305 2667 482 2705 reliquimus;
501 2659 578 2690 adeat
589 2659 672 2689 lector
684 2665 787 2688 tomum
801 2659 920 2695 proxime
936 2665 979 2685 se-

202 2699 338 2737 quentem.
358 2701 436 2728 EDIT.
451 2699 536 2737 PATR-

239 2738 276 2770 (7)
297 2737 363 2763 Vide
379 2736 504 2763 eumdem
523 2738 635 2770 tomum.
653 2731 691 2758 lu.

238 2765 276 2805 is)
298 2771 395 2798 Euseb.
409 2770 481 2796 Hist.
499 2769 569 2805 ccci.
576 2768 624 2805 lib.
640 2774 678 2798 Vl,
693 2773 753 2800 cap.
764 2765 809 2805 ξι.

240 2800 278 2840 ζξίὶ
299 2805 406 2832 lilcrnn.
428 2805 465 2831 De
484 2806 532 2831 vir.
550 2803 648 2840 illustr.
660 2821 666 2833 ,
685 2809 743 2840 cap.

241 2834 296 2875 (10)
316 2841 384 2875 Aug.
401 2840 515 2867 Retract.
533 2839 577 2866 lib.
598 2846 626 2869 ιι,
648 2836 740 2871 eap.7,
759 2835 813 2870 §2,
829 2834 897 2869 Opp.
911 2838 976 2860 tom.

204 2880 228 2912 1,
240 2884 300 2912 pag.
316 2875 360 2903 Η.

1028 235 1151 262 tcrcidit:
1169 241 1201 261 ex
1220 241 1273 268 quo
1288 237 1377 260 tamen
1390 231 1522 258 Eusebius
1542 231 1641 262 aliique
1656 230 1746 264 ipsum
1771 229 1819 255 in-

1029 281 1115 308 secuti
1148 277 1347 313 chronographi
1366 296 1374 309 ,
1410 276 1548 311 complura
1602 274 1816 309 transcripsisse

1028 325 1214 360 perhibentur.

1063 380 1122 407 iam
1141 388 1204 408 vero
1222 387 1275 414 quo
1292 378 1447 413 hujusmodi
1467 376 1586 404 Africani
1599 383 1667 410 opus
1679 374 1816 402 eximium

1028 427 1118 462 plane,
1132 425 1240 453 uberius
1252 429 1388 459 utcunque
1398 424 1581 459 dignoscatur,
1602 421 1674 448 haud
1692 421 1816 448 otiosum

1029 473 1146 499 fortasse
1162 470 1243 498 fuerit
1261 470 1315 497 huc
1330 470 1435 502 aticrre,
1453 477 1513 503 quae
1528 467 1680 495 Dodwellus
1695 467 1722 493 in
1737 474 1816 494 eam-

1028 518 1089 545 dem
1105 517 1263 544 seuteutiam
1276 515 1410 542 observat.
1425 524 1435 540 ‹
1449 514 1542 546 Erant,
1556 513 1641 548 inquit
1652 512 1719 548 (18),
1740 511 1815 546 apud

1027 562 1150 593 Latinos,
1165 565 1308 596 antequam
1329 559 1510 586 Eusebianum
1526 558 1673 585 Chronicon
1696 560 1817 583 verteret

1028 607 1219 644 Hieronymus,
1237 606 1283 642 qui
1297 605 1419 640 Africani
1439 604 1585 632 Chronicon
1608 603 1703 630 Latine
1722 607 1816 629 verte-

1029 659 1104 686 rant,
1124 653 1265 687 Fastisque
1285 643 1474 679 consularibus
1487 654 1625 685 aptarant,
1648 647 1816 687 etrdiversis

1029 700 1125 728 deinde
1145 686 1310 733 temporibus
1334 697 1368 724 ad
1387 704 1464 725 suam
1485 696 1635 730 cujusque,
1655 686 1709 729 qua
1726 693 1814 724 vixit,

1028 751 1133 774 aetatem
1145 745 1345 773 continuarant.
1360 743 1417 771 Hoc
1430 746 1518 770 autem
1530 749 1546 769 e
1560 742 1637 768 ὺοηῖε
1651 744 1721 767 nenae
1731 738 1818 766 Chro-

1029 794 1081 820 ιιἱεὶ
1103 791 1249 820 Eusebiani
1278 790 1370 818 codice
1399 788 1562 816 Mertonensi
1596 786 1748 820 discimus,
1778 785 1815 813 ad

1029 841 1107 876 cujus
1122 840 1202 867 ﬁnem
1218 839 1269 866 ista
1284 838 1427 873 subjuucta
1443 836 1575 872 legimus:

1186 914 1265 947 Item,
1281 913 1423 940 secundum
1436 912 1604 947 Africanum,

1064 994 1116 1026 Qui
1139 993 1171 1020 de
1199 991 1357 1027 temporibus
1385 995 1409 1017 et
1446 989 1563 1017 historiis
1587 987 1759 1015 Hebra'orum
1787 995 1816 1015 et

1027 1039 1178 1068 Graecorum
1194 1043 1218 1065 et
1232 1037 1372 1064 Persarum
1391 1040 1414 1062 et
1431 1035 1603 1062 Macedonum
1619 1042 1677 1060 cum
1691 1032 1816 1060 Alexan-

1027 1086 1164 1113 drinorum
1175 1085 1287 1118 itemque
1297 1082 1474 1109 Romanorum
1490 1079 1511 1106 V
1536 1079 1610 1106 libris
1629 1079 1718 1106 omnia
1740 1087 1815 1105 com-

1026 1131 1117 1166 plexus
1129 1134 1167 1157 est
1179 1128 1210 1156 ab
1224 1129 1309 1156 Adam
1326 1135 1406 1163 usque
1420 1127 1453 1152 ad
1468 1125 1661 1160 Cataclysmum
1675 1124 1733 1152 Noe
1747 1125 1816 1151 antri

1027 1177 1199 1209 Πσσχιιι.
1224 1179 1291 1206 Item
1310 1186 1327 1205 a
1349 1177 1508 1211 catoclysmo
1523 1183 1603 1209 usque
1623 1175 1658 1202 ad
1675 1174 1814 1201 Abraham

1027 1232 1051 1253 et
1066 1225 1324 1260 transmigrationem
1345 1223 1371 1249 in
1389 1227 1484 1248 terram
1498 1221 1625 1248 Chanaan
1636 1221 1699 1246 anni
1715 1219 1770 1246 MX
1778 1219 1813 1246 V.

1028 1269 1166 1296 Habitalio
1183 1268 1266 1295 omnis
1280 1267 1378 1302 generis
1393 1265 1494 1292 Israhel
1512 1266 1537 1292 in
1553 1270 1623 1292 terra
1636 1264 1764 1292 Chanaan
1787 1270 1815 1290 et

1027 1316 1054 1342 in
1090 1320 1161 1342 terra
1185 1314 1320 1349 Egypti,
1341 1313 1403 1340 anni
1437 1310 1614 1340 CCCCXXX.
1640 1310 1745 1345 Moyses
1780 1311 1814 1336 in

1028 1360 1130 1387 heremo
1145 1359 1207 1386 anni
1215 1358 1273 1386 XL.
1285 1358 1380 1385 Hiesus
1393 1357 1466 1385 Nave
1477 1362 1501 1384 et
1514 1357 1558 1392 qui
1571 1361 1627 1390 post
1643 1356 1727 1390 ipsum
1743 1363 1818 1389 pres-

1028 1405 1121 1440 byteri,
1135 1414 1180 1432 an.
1198 1404 1257 1432 LV.
1275 1403 1399 1431 Iudicum
1410 1408 1434 1430 et
1450 1405 1505 1430 sine
1515 1403 1675 1437 principibus
1695 1406 1720 1428 et
1737 1401 1815 1435 pacis

1029 1457 1160 1486 tempore,
1187 1451 1249 1478 anni
1271 1449 1418 1478 CCCCXC.
1443 1449 1612 1476 Sacerdotum
1643 1452 1667 1474 et
1682 1447 1815 1474 Iudicum

1028 1498 1090 1524 unici
1113 1496 1170 1523 XC.
1193 1495 1291 1531 Regum
1318 1495 1489 1523 IIebrazorum
1509 1495 1571 1521 anni
1589 1493 1735 1522 CCCCXC.
1758 1492 1817 1520 Ca-

991 1543 1011 1571 C
1028 1543 1158 1578 ptivitatis
1174 1546 1199 1568 et
1226 1542 1411 1569 destructionis
1439 1541 1603 1567 Hierusalem
1632 1540 1694 1566 anni
1721 1538 1814 1566 LXX.

1027 1588 1169 1615 Persarum
1183 1595 1270 1623 regum
1292 1587 1354 1613 anni
1377 1586 1511 1614 CCXXX.
1533 1585 1704 1612 Macedonum
1733 1585 1816 1618 prin-

1027 1635 1129 1669 cipatus
1151 1641 1210 1660 cunt
1227 1633 1414 1660 Alexandrinis
1435 1638 1459 1659 et
1477 1631 1625 1658 Ptolemaeis
1648 1631 1710 1658 anni
1732 1630 1815 1659 CCC.

1028 1680 1063 1707 Et
1085 1680 1223 1714 imperium
1246 1678 1423 1705 Romanorum
1443 1685 1523 1712 usque
1546 1677 1579 1702 ad
1602 1676 1766 1703 Saluatore»;
1787 1682 1816 1703 et

1028 1725 1248 1753 Resurrectionem
1262 1723 1329 1758 ejus,
1343 1723 1404 1749 anni
1419 1721 1544 1749 LXXIV.
1563 1721 1596 1748 In
1610 1729 1636 1748 se
1648 1729 1734 1748 omnes
1748 1722 1818 1748 anni

1027 1775 1055 1802 in
1068 1779 1167 1809 tempus
1181 1781 1261 1808 supra
1276 1773 1402 1807 scriptum
1416 1772 1478 1798 anni
1493 1767 1639 1799 VDCCXX
1646 1771 1694 1798 VI.
1706 1771 1819 1799 Exinde

1028 1821 1062 1847 ad
1082 1820 1220 1854 imperium
1236 1818 1401 1851 Alexandri,
1420 1818 1468 1844 hoc
1481 1823 1529 1850 est,
1554 1817 1703 1844 Μονῆταυὶιί
1727 1817 1791 1852 (sic)
1806 1837 1816 1850 ,

1028 1867 1072 1902 qui
1094 1866 1240 1893 Antoninus
1258 1864 1452 1900 cognominatus
1477 1869 1531 1895 cst,
1547 1864 1609 1890 anni
1629 1862 1772 1890 CLXXXI
1783 1863 1817 1896 ν,

1028 1917 1053 1939 et
1067 1913 1093 1938 in
1107 1911 1212 1939 Gallum
1234 1910 1265 1943 V,
1281 1915 1304 1937 et
1320 1910 1347 1937 in
1370 1909 1538 1936 Volusianunt
1556 1909 1618 1935 anni
1631 1907 1738 1935 XXXI.

1066 1967 1112 1994 Fit
1137 1975 1240 1993 summa
1268 1966 1351 1992 omnis
1381 1966 1408 1991 in
1434 1964 1512 1992 Cons.
1540 1963 1611 1992 SSS.
1641 1964 1704 1990 anni
1731 1963 1818 2000 (sic)

1029 2013 1249 2045 VDCCLXLIII
1288 2016 1429 2043 secundant
1465 2023 1569 2042 cursum
1595 2013 1666 2041 Solis
1692 2019 1717 2041 et
1749 2013 1816 2042 XII

1031 2070 1146 2094 menses;
1172 2061 1313 2088 secundum
1331 2066 1417 2087 autem
1437 2059 1552 2086 Lunares
1574 2067 1672 2086 menses
1697 2063 1722 2085 et
1739 2067 1819 2085 εοηι-

1029 2110 1191 2146 putationem
1217 2107 1388 2134 lIebru’orum
1412 2108 1456 2141 qui
1480 2106 1576 2141 facient
1602 2106 1630 2131 in
1657 2113 1684 2132 se
1711 2113 1819 2133 menses

1031 2155 1101 2183 XII.
1115 2155 1148 2182 D.
1161 2153 1214 2181 XI.
1230 2158 1254 2180 et
1267 2153 1439 2188 quadrantem
1451 2152 1485 2178 ad
1503 2150 1563 2187 (sic)
1582 2150 1705 2177 electione
1720 2151 1796 2184 {acta
1808 2172 1817 2183 ,

1029 2202 1074 2236 qui
1094 2201 1160 2235 ﬁunt
1173 2199 1236 2226 anni
1249 2198 1367 2225 Lunares
1382 2196 1542 2224 CLXXXV.
1560 2195 1598 2223 Μ.
1614 2195 1691 2223 IIII.
1710 2195 1820 2223 Secun—

1030 2246 1093 2273 dum
1118 2253 1197 2280 quam
1229 2243 1446 2279 computationem
1473 2242 1617 2277 efficiuntur
1642 2242 1705 2268 anni
1730 2243 1760 2269 in
1787 2251 1821 2270 se

1030 2290 1232 2324 roccccxx.
1247 2294 1285 2321 ιιι.
1299 2293 1334 2321 X.
1347 2293 1379 2319 ι).
1397 2291 1472 2318 IIII.
1498 2291 1565 2319 Item
1579 2300 1610 2318 ea:
1623 2291 1727 2318 consule
1747 2291 1823 2320 Gal-

1029 2343 1098 2370 lieno
1121 2341 1261 2368 secundum
1282 2345 1306 2367 et
1333 2339 1474 2366 Volusiano
1495 2346 1574 2372 usque
1592 2338 1619 2363 in
1645 2337 1818 2364 consulatum

1031 2387 1144 2415 Limenii
1157 2391 1180 2413 et
1192 2385 1309 2412 Catulini
1322 2384 1384 2411 anni
1401 2381 1448 2410 CX
1458 2381 1537 2409 VIII.
1550 2381 1595 2408 Fit
1607 2390 1708 2408 summa
1723 2383 1817 2410 omnis

1030 2439 1093 2466 anni
1115 2432 1411 2467 'VDCCCXXXVIII,
1435 2432 1577 2460 secundum
1603 2440 1707 2458 cursum
1733 2433 1815 2460 solis.

1079 2494 1123 2522 Ml
1143 2494 1220 2521 Phot.
1235 2492 1306 2520 Bibl.
1322 2491 1381 2519 cod.
1396 2489 1442 2516 '54.

1066 2495 1108 2530 (Μ
1143 2494 1220 2521 Ρ1ιοι.
1235 2494 1306 2520 Bibl.
1322 2494 1381 2519 cod.
1397 2494 1442 2516 54.

1065 2494 1252 2566 (milachar.
1265 2528 1396 2566 Chrysop.
1409 2523 1552 2566 Comment:
1564 2521 1732 2566 inillrar‘mlo‘n.
1746 2523 1819 2566 nm-

1030 2556 1100 2628 gng‘iﬁ.
1112 2556 1186 2596 tum,
1205 2570 1263 2597 cap.
1280 2562 1306 2595 5,
1323 2556 1390 2587 Bibl.
1410 2558 1460 2585 PP.
1477 2557 1562 2592 Lugd.
1577 2561 1641 2584 ιοιιι.
1656 2556 1729 2590 XIX,
1745 2565 1817 2592 pag.

1066 2634 1121 2670 (l3)
1139 2631 1252 2670 Niceph.
1264 2630 1330 2670 Call.
1349 2628 1420 2655 Hist.
1434 2627 1497 2670 eqcl.
1512 2627 1558 2654 lib.
1572 2635 1599 2659 v,
1614 2634 1674 2661 cap.
1694 2627 1740 2655 2L

1066 2662 1122 2704 (μή
1143 2669 1182 2704 id.
1200 2662 1362 2704 {manu},
1378 2671 1437 2704 ςῃρ.
1449 2662 1500 2704 ιι.

1079 2697 1121 2738 155
1142 2701 1300 2738 Hieron.
1316 2700 1363 2725 uir.
1381 2698 1492 2738 inusta,
1507 2704 1565 2731 cap.

1078 2731 1120 2772 16)
1140 2735 1325 2772 Euseb._IIi_st.
1340 2732 1467 2772 ecclllib.
1482 2739 1517 2764 γι,
1532 2740 1591 2766 cap.
1606 2731 1650 2758 5i.

1079 2768 1122 2800 17')
1143 2773 1218 2798 eum.
1234 2770 1301 2796 Bibl.
1322 2768 1382 2795 cod.
1397 2768 1441 2794 5t.

1067 2775 1110 2809 (l7
1143 2775 1218 2798 Phot.
1234 2775 1301 2796 mut.
1322 2775 1382 2795 cou.
1398 2775 1441 2794 os.

1067 2775 1122 2843 (tsi
1142 2807 1233 2843 Dodyv.
1253 2804 1362 2830 Dissert.
1378 2804 1443 2838 sing.
1461 2800 1494 2827 ad
1508 2809 1566 2837 opp.
1588 2805 1655 2836 post.
1671 2799 1818 2837 Pearson,

1032 2845 1046 2879 ᾗ
1064 2840 1089 2877 8,
1103 2840 1215 2878 pag.‘98
1229 2847 1284 2873 seq.
