1883 3056
93 107 121 141 ιι
838 121 859 148 Ν

926 121 986 149 ΓΙΑ.
1685 124 1728 154 ισ
1760 129 1774 139 “’

107 171 193 204 [una
217 174 336 205 Liminio
363 185 394 206 et
422 181 545 211 Catulino
569 189 650 217 usque
666 183 694 209 in
721 182 859 209 consulatu

939 183 983 209 bet
997 191 1003 208 :
1018 183 1104 209 Μόνον
1115 181 1193 218 ἴσμεν
1212 182 1373 218 Ἀφρικανὸν
1385 183 1577 219 ἀκριὸέστατα,
1592 184 1638 210 καὶ
1654 185 1722 219 μᾶλ-

109 223 243 250 Ηεπιετιὶηἰ
256 229 281 250 et
300 223 424 254 Nevitta
440 227 565 255 CONSS.
580 228 642 254 anni
654 227 744 256 XIII.

209 277 256 305 Fit
271 281 300 306 in
313 289 421 309 summa
435 284 517 310 omnis
533 283 594 310 armi
615 282 776 311 VDCCCLI.

135 335 245 364 Errores
261 337 337 372 ipsos
355 340 612 373 repraesentavimus
633 347 698 367 sane
719 339 883 367 foedissimas

103 382 294 416 imperitissimi
320 384 438 411 librarii.
464 384 518 412 Nec
537 386 608 412 enim
629 390 708 412 vacat
729 386 884 420 impraesen-

98 427 196 454 tiarum
223 428 278 455 alia
306 429 435 456 adnotare
448 438 528 464 quam
551 438 610 465 qua:
633 430 733 457 faciant
749 431 781 457 ad
799 430 881 463 illam,

95 482 146 509 qua
176 474 211 502 de
236 475 362 510 agimus,
389 483 514 503 causam.
539 475 605 503 lllud
628 476 719 511 itaque
741 477 768 503 in
787 476 883 511 primis

92 525 205 548 constat
228 528 244 548 e
268 521 394 557 Syncello
411 522 485 557 (19),
500 530 600 549 annum
618 523 704 557 ipsum
727 530 781 557 quo
799 522 882 549 Chro-

91 566 169 592 nicon
194 574 275 593 suum
295 568 449 595 terminavit
470 567 631 600 Africanus,
658 566 742 595 luisse
765 568 880 599 primum

87 610 201 646 Olymp.
220 620 279 644 CCL,
294 620 347 647 quo
361 612 441 640 fuerit
463 614 564 640 archon
584 613 721 645 Philenus,
745 612 882 648 Elagabali

87 665 121 683 ιιι
137 665 215 684 coss.
230 657 315 684 Grato
326 663 352 684 et
370 657 493 690 Seleuco,
507 667 521 685 a
534 658 628 693 primis
652 658 781 685 nimirum
804 666 876 686 coss.

86 709 137 734 pro
152 700 280 728 Africani
295 703 454 736 rationibus,
467 703 572 730 vitiosis
584 708 672 730 tamen
687 703 750 735 illis,
766 711 878 731 Dccxxv.

86 746 135 773 lla!
149 752 225 774 notae
241 755 342 774 annum
358 748 457 775 Christi
479 749 622 784 designant
641 757 734 782 ccxxt,
756 758 805 784 pro
820 749 879 777 ᾸΕΓ.

85 793 163 827 vulg.
190 792 251 820 Huc
272 801 359 828 usque
380 794 463 829 igitur
477 794 625 822 Cltronicon
655 803 734 823 suum
757 800 812 823 tam
837 804 881 823 ar-

84 837 240 864 ehontibus
263 845 344 872 quam
361 845 434 865 coss.
462 847 476 865 a
501 840 596 874 primis
614 847 700 874 usque
717 841 879 869 archontum

84 889 111 910 et
121 884 271 911 consulum
285 884 533 921 initiisinsignitum
544 887 688 914 deduxisse
708 887 765 922 ipse
775 887 880 914 videtur
896 883 915 910 Β

82 928 248 957 Africanus.
270 930 304 958 Et
316 932 422 966 quidem
439 932 462 958 si
484 939 533 966 pro
551 932 601 959 hac
616 931 703 959 l‘orma
724 924 754 960 et
775 933 878 967 reliqua

84 975 254 1010 deduxerit,
279 984 342 1004 cum
370 978 449 1005 annis
475 978 555 1004 etiam
585 977 778 1012 imperatorum
804 986 874 1007 coss.

85 1021 156 1048 alios
175 1021 253 1048 illum
266 1022 444 1057 conjunxisse
459 1028 671 1051 consentaneum
686 1028 736 1056 est,
749 1031 810 1051 cum
828 1024 878 1052 hos

85 1067 163 1101 ipsos
178 1074 253 1095 coss.
268 1075 331 1094 cum
346 1076 375 1094 ιιι
388 1067 518 1096 Antonini
531 1068 668 1105 Elagabali
681 1077 752 1097 anno
764 1070 878 1105 conjun-

87 1113 169 1140 xerit.
194 1112 331 1140 Nimirum
358 1121 460 1142 annum
482 1115 558 1141 illum
584 1115 723 1150 intelligit,
745 1124 800 1144 non
822 1124 877 1150 quo

88 1160 279 1186 monarchiam
304 1159 457 1187 Alexander
474 1163 587 1196 adeptus
606 1165 657 1194 est,
682 1161 727 1189 sed
749 1169 804 1196 quo
821 1162 877 1196 pri-

88 1211 163 1230 mum
180 1204 328 1239 adoptatus
342 1210 384 1232 cst
397 1205 432 1233 ab
454 1205 610 1241 Elagabalo,
633 1211 660 1234 et
673 1206 763 1234 Catsar
776 1207 874 1239 laetus,

89 1253 114 1274 et
129 1248 225 1276 socius
240 1249 266 1276 in
283 1249 409 1284 imperio.
425 1260 435 1276 ι
450 1249 586 1279 Hactenus
595 1251 758 1279 Dodwellus.

122 1304 167 1332 IV.
194 1305 234 1332 Ex
251 1305 305 1333 hoc
327 1311 416 1334 autem
442 1307 564 1334 Africani
589 1315 671 1342 opere
696 1307 745 1342 qui
770 1308 876 1342 primus

88 1349 273 1386 chronologia:
292 1350 380 1379 fontes
400 1351 546 1380 reclusisse
563 1353 738 1387 comperitur,
753 1352 799 1387 qui
813 1356 875 1387 post

89 1395 177 1430 ipsum
189 1396 308 1424 ﬂoruere
322 1402 427 1424 veteres
443 1398 676 1433 chronographos,
698 1402 802 1425 tantum
819 1406 873 1425 non

88 1449 198 1472 omnes,
222 1447 254 1469 ut
272 1442 353 1470 modo
370 1443 526 1476 innuimus,
548 1442 692 1470 Eusebium
712 1444 738 1470 in
760 1443 872 1478 primis,

89 1485 256 1522 Syncellum,
270 1486 393 1514 Cltrnnici
408 1488 548 1515 Paschalis
567 1493 715 1522 auctorem,
731 1488 774 1516 ἕο.
788 1489 873 1516 Mala-

88 1532 157 1564 lam.
176 1532 372 1568 Theophanem
404 1534 548 1568 aliosque,
576 1535 700 1562 hausisse
730 1535 870 1570 complura

89 1583 166 1613 atque
178 1578 205 1605 in
222 1586 274 1606 sua
286 1580 386 1614 scripta
399 1581 548 1613 derivasse.
565 1582 631 1610 satis
645 1588 746 1610 norunt
760 1583 868 1610 eruditi.

88 1623 184 1650 Eorum
211 1629 304 1652 tamen
325 1626 448 1661 plerique
469 1627 516 1662 qui
540 1627 599 1655 loca
624 1636 657 1655 ex
676 1628 804 1655 Africano
825 1629 871 1655 de-

87 1671 266 1704 scripserunt,
281 1672 400 1699 auctoris
415 1680 513 1700 nomen
529 1673 696 1708 praeteriere:
711 1678 740 1701 ut
755 1674 868 1709 proinde

86 1715 154 1743 haud
176 1717 264 1744 multa
285 1718 441 1752 supersint,
467 1726 527 1753 qua:
548 1720 753 1754 chronographo
775 1724 870 1748 nostro

86 1761 142 1789 sine
167 1762 223 1789 ulla
247 1763 436 1791 controversia
460 1764 622 1792 tribuantur.
646 1765 790 1792 Maximam
810 1765 868 1800 ejus

85 1808 171 1842 operis
191 1807 408 1844 fragmentorum
424 1815 528 1843 partem
549 1811 700 1845 suppeditat
716 1811 867 1847 Syncellus,

84 1854 180 1887 quibus
196 1855 301 1889 passim
318 1854 442 1882 Africani
463 1863 560 1884 nomen
579 1857 771 1892 prmligendum
788 1865 868 1885 cura~

83 1899 131 1926 τίει
155 1907 242 1926 unum
263 1900 413 1928 alterumve
430 1901 531 1933 locum,
549 1907 576 1929 et
593 1903 702 1937 quidem
722 1902 866 1938 insignem,

82 1950 225 1972 servarunt
247 1945 399 1978 Eusebius,
425 1946 604 1983 Hieronymus
626 1953 707 1983 atque
730 1947 866 1981 Basilius;

81 1990 203 2018 Chronici
221 1999 332 2027 quoque
352 1992 493 2020 Paschalis
510 1998 604 2021 auctor
619 1995 732 2029 paucula
755 1993 865 2028 profert.

78 2037 141 2065 Haec
151 2038 246 2072 itaque
257 2038 349 2065 omnia
362 2044 438 2066 certo
445 2038 627 2073 Alricaniana,
649 2041 676 2067 in
686 2048 769 2067 unum
784 2040 865 2068 colle-

77 2086 134 2114 cta,
159 2083 241 2117 juxta
266 2083 391 2110 ordinem
418 2084 547 2112 librorum
573 2085 629 2113 sive
641 2094 688 2120 pro
711 2090 865 2121 temporum

76 2128 181 2156 ratione
201 2129 387 2163 digessimus:
409 2130 520 2165 reliquis
539 2131 646 2158 interim
665 2136 755 2166 utpote
775 2131 864 2159 dubiis

75 2173 282 2205 praetermissis.

935 227 979 254 λον
990 228 1064 264 παρὰ
1074 229 1136 260 τοὺς
1149 228 1258 261 λοιποὺς
1267 229 1497 264 ἐπιτετευγμένως
1511 229 1699 265 τεθεωρηκότα
1709 235 1719 246 ⁸

935 274 981 300 καὶ
1001 273 1031 309 δή
1056 282 1100 309 μοι
1111 274 1185 300 δοκεῖ
1200 275 1344 308 ἀναγκαῖον
1356 273 1434 306 εἶναι,
1451 275 1557 310 πρῶτον
1573 275 1655 302 αὑτοῦ
1669 274 1720 310 τὴν

933 321 974 352 εἰς
989 321 1052 351 τοὺς
1068 320 1166 352 τόπους
1181 321 1305 356 διήγησιν
1322 322 1360 352 εἰς
1376 321 1457 356 μέσον
1471 321 1594 356 ἀγαγεῖν,
1611 319 1660 347 εἴθ’
1673 319 1721 347 οὒ·-

932 375 986 398 τως
1010 365 1218 400 ἐπισκέψασθαι,
1238 367 1265 392 εἴ
1287 376 1313 393 τι
1335 368 1390 403 ἄρα
1413 368 1460 394 καὶ
1482 368 1558 394 αὐτοὶ
1580 365 1719 402 δυνάμεθα,

934 411 1118 447 συμϐαλέσθαι
1131 412 1169 447 τῷ
1183 412 1263 447 λόγῳ.
1274 413 1375 448 Γράφει
1385 412 1417 448 δὴ
1430 411 1475 439 οὖν
1488 413 1518 439 ὲν
1531 412 1649 448 πέμπτῳ
1661 412 1718 439 τῶν

933 457 1157 491 χρονογραφιῶν
1174 455 1243 483 κατὰ
1258 456 1329 488 λέξιν
1342 456 1426 488 οὕτως
1435 456 1502 489 (21).

1216 521 1424 550 ΑΦΡΙΚΑΝΟΥ.

972 578 1003 604 Ὴ
1013 579 1061 613 μὲν
1070 576 1115 605 οὖν
1129 579 1264 614 περικοπὴ
1277 579 1348 606 οὕτω
1358 579 1415 611 πῶς
1423 579 1522 615 ἔχουσα
1530 574 1617 606 πολλῖ
1625 588 1654 606 τε
1666 580 1713 606 καὶ

932 622 1069 657 παράδοξα
1083 623 1279 658 σημαίνει.Νὗν
1293 624 1314 650 δ’
1332 624 1426 660 ἂν(22)
1441 625 1519 660 χρεία.
1533 625 1595 660 περί
1606 633 1635 651 τε
1649 626 1713 659 τοὺς

931 671 1042 705 χρόνους
1059 671 1105 697 καὶ
1124 671 1158 697 τὰ
1172 671 1282 703 τούτους
1298 672 1465 698 συντείνοντα
1479 671 1525 698 τὸν
1537 672 1615 706 λόγον
1632 679 1712 708 ποιη-

931 716 1049 751 σάμεοα·
1066 717 1106 743 ὅτι
1131 717 1180 752 μὲν
1197 715 1243 744 οὖν
1264 718 1328 754 περὶ
1344 719 1393 754 τῆς
1408 718 1455 745 τοῦ
1475 719 1592 754 Χριστοῦ
1609 727 1712 754 παρου-

931 762 991 794 σίας
1013 762 1119 796 λέγεται
1143 763 1239 795 ταῦτα,
1264 763 1330 798 μετὰ
1356 764 1504 798 ἑϐδομάδας
1527 767 1546 790 ο¹
1572 764 1713 800 μέλλοντος

930 808 1130 842 ἐπιφαίνεσθαι,
1152 809 1229 844 δῆλον
1251 810 1297 835 ἐπὶ
1313 810 1367 846 γὰρ
1387 810 1433 837 τοῦ
1448 811 1581 846 Σωτῆρος,
1600 819 1626 838 κ,
1643 819 1669 837 τ.
1685 810 1711 838 λ.

931 853 980 880 llic
997 862 1060 882 vero
1077 855 1282 888 advertendum,
1299 856 1455 891 hujusmodi
1470 865 1502 884 ex
1519 856 1647 884 Africano
1662 865 1712 884 ex-

930 905 1051 935 cerptum
1067 901 1139 935 quod
1162 900 1327 929 Lambecius
1343 902 1416 929 velut
1435 903 1566 930 ineditum
1579 903 1710 938 vulgavit,

928 945 998 980 apud
1010 945 1156 973 Eusebium
1174 951 1200 973 et
1213 946 1321 981 quidem
1340 948 1509 975 emendatius
1524 953 1631 975 exstare
1650 947 1708 984 (25)

928 991 1067 1027 ipsiusque
1087 992 1218 1027 integram
1228 992 1378 1019 versionem
1391 993 1509 1027 praabere
1525 992 1555 1021 S.
1577 992 1710 1028 Hierony-

929 1045 1001 1064 mum
1015 1037 1190 1073 (95).Estque
1206 1038 1312 1065 initium
1327 1038 1469 1073 lragmenli
1483 1047 1539 1072 xvt,
1552 1040 1623 1074 quod
1637 1039 1708 1068 infra

928 1090 978 1109 suo
993 1083 1053 1110 loco
1065 1083 1152 1119 legere
1162 1087 1202 1110 est
1213 1090 1273 1118 pag.
1292 1083 1354 1110 570.
1368 1083 1460 1111 Mirari
1470 1084 1555 1114 subit.
1573 1085 1599 1111 id
1612 1089 1708 1119 praeter

928 1126 1113 1162 Lambecium,
1130 1129 1232 1164 fugisse
1246 1137 1354 1165 quoque
1368 1129 1488 1157 Caveum
1503 1130 1558 1166 (Ξὸ)
1573 1135 1599 1158 et
1615 1130 1709 1158 Fabri-

927 1174 997 1201 cium
1014 1174 1081 1209 (26).

960 1218 1049 1254 Pergit
1086 1227 1168 1254 porro
1195 1220 1378 1253 Lambecius,
1412 1227 1437 1249 et
1476 1221 1541 1249 alibi
1567 1223 1624 1250 haec
1661 1230 1705 1250 re-

926 1264 977 1292 fert
1001 1265 1057 1300 (27)
1082 1275 1088 1291 :
1114 1275 1123 1291 ‹
1153 1265 1286 1294 Caeterum
1313 1267 1386 1302 quod
1416 1267 1557 1302 speciatim
1583 1269 1616 1296 ad
1638 1267 1705 1295 Sex-

927 1315 982 1337 tum
1013 1310 1114 1337 .lulium
1136 1310 1294 1338 Africanum
1318 1312 1433 1345 attinet,
1459 1313 1559 1340 citatur
1586 1314 1609 1340 is
1635 1314 1706 1340 inter

925 1355 1071 1390 Γνωμικὰς
1089 1356 1222 1392 διαφόρων
1248 1356 1291 1384 bis
1313 1357 1402 1385 verbis
1419 1367 1426 1386 :
1454 1358 1608 1394 Ἰστορεῖται
1629 1359 1705 1396 παρὰ

931 1400 1093 1436 Ἀφρικανῷ,
1107 1402 1147 1428 ὅτι
1160 1403 1188 1428 ὲν
1199 1401 1237 1437 τῷ
1248 1402 1335 1437 λέγειν
1346 1404 1395 1439 τὴν
1409 1401 1478 1440 ᾧδὴν
1488 1405 1532 1431 τὸν
1544 1405 1704 1442 Μανασσῆν,

923 1446 958 1473 τὰ
972 1446 1057 1482 δεσμὰ
1079 1448 1260 1484 διερράγησαν
1284 1449 1380 1485 σιδηρᾶ
1401 1450 1475 1482 ὄντα,
1494 1451 1540 1477 καὶ
1562 1451 1671 1486 ἔφυγεν.
1691 1462 1701 1478 ι

925 1492 1040 1520 Secutus
1053 1493 1097 1521 hic
1107 1494 1149 1520 vir
1164 1495 1286 1522 eruditus
1301 1500 1437 1524 errantem
1453 1497 1575 1531 Suidam,
1591 1498 1638 1533 qui
1653 1497 1703 1525 Ju-

924 1539 989 1565 lium
1008 1539 1166 1567 Africanum
1189 1548 1251 1568 cum
1266 1541 1394 1570 Africano
1410 1542 1493 1570 Sexto
1508 1543 1659 1578 confundit,
1673 1550 1705 1572 ut

923 1593 1004 1619 supra
1019 1589 1141 1613 notatum
1157 1585 1171 1622 §
1187 1586 1212 1614 1.
1239 1585 1384 1622 Ipsumque
1404 1588 1500 1616 deinde
1520 1593 1584 1617 sunt
1605 1590 1703 1618 imitati

922 1630 1062 1660 Fabricius
1075 1636 1102 1659 et
1114 1632 1230 1660 Caveus.

957 1677 1079 1713 Denique
1099 1679 1169 1706 alius
1196 1679 1339 1715 fragmenti
1362 1680 1486 1708 meminit
1499 1680 1569 1708 idem
1584 1681 1702 1709 Lamben

920 1723 1053 1760 cius(28),
1063 1725 1134 1760 quod
1141 1726 1230 1753 adhuc
1237 1734 1290 1754 ms.
1302 1727 1329 1754 in
1340 1726 1499 1754 bibliotheca
1511 1727 1634 1755 Caesarea
1644 1735 1702 1755 ser-

919 1774 1008 1797 vatur.
1025 1769 1073 1797 Est
1089 1775 1179 1798 autcm
1196 1772 1255 1806 ejus
1272 1772 1413 1807 inscriptio
1429 1781 1436 1799 :
1455 1773 1584 1808 Διήγησις
1606 1773 1700 1809 Ἀφρι-

919 1815 1001 1842 κανοῦ
1020 1818 1081 1852 napi
1096 1817 1150 1843 τῶν
1166 1818 1194 1844 ὲν
1208 1819 1316 1853 Περσίδι
1330 1819 1481 1854 γενομένων
1500 1819 1544 1845 διὰ
1561 1820 1609 1855 τῆς
1624 1820 1702 1847 ἐναν-

919 1862 1084 1898 θρωπήσεως
1107 1864 1152 1890 τοῦ
1176 1865 1277 1900 Κυρίου
1299 1865 1346 1891 καὶ
1365 1865 1490 1901 Σωτῆρος
1509 1865 1586 1901 ἡμῶν
1613 1866 1699 1902 Ἰησοῦ

919 1908 1047 1944 Χριστοῦ.
1064 1908 1160 1944 Incipit
1182 1919 1188 1937 :
1211 1911 1256 1937 Ἐκ
1273 1911 1401 1947 Περσίδος
1414 1911 1535 1948 ἐγνώσθη
1548 1912 1595 1938 ἀπ’
1613 1913 1700 1949 ἀρχῆς

918 1955 932 1980 ὁ
947 1955 1079 1990 Χριστός·
1097 1955 1172 1982 οὐδὲν
1194 1956 1248 1992 γὰρ
1264 1956 1388 1984 λανθάνει
1405 1958 1468 1989 τοὺς
1484 1958 1512 1984 ὲν
1527 1959 1595 1994 αὐτῇ
1617 1967 1698 1994 νομο-

919 2000 1015 2035 μαθεῖς
1040 2001 1145 2028 ἅπαντα
1170 2002 1386 2036 φιλοπονοῦντας.
1404 2004 1479 2030 Ὅσοι
1501 2003 1565 2040 γὰρ,
1580 2013 1606 2032 κ.
1623 2013 1649 2032 τ.
1671 2004 1696 2031 λ.

918 2046 950 2073 Et
973 2046 1007 2074 ad
1028 2046 1149 2074 Africani
1171 2048 1279 2082 quidem
1299 2048 1540 2083 Chronogrupltiam
1564 2050 1697 2084 ejusmodi

918 2093 1099 2127 fragmentum
1130 2098 1253 2128 spectare
1283 2095 1381 2122 merito
1415 2095 1596 2123 existimatur.
1626 2095 1696 2124 Huic

916 2139 988 2165 enim
1012 2139 1119 2174 gemina
1137 2144 1264 2168 tmemata
1289 2141 1415 2169 similiter
1439 2143 1567 2177 inscripta
1588 2143 1695 2170 exhibet

917 2184 1066 2219 Syncellus,
1080 2190 1110 2212 ut
1123 2186 1213 2213 videre
1226 2191 1266 2214 est
1281 2187 1350 2215 infra
1365 2196 1441 2223 pagg.
1461 2189 1523 2222 572,
1539 2189 1599 2216 574.

107 2217 340 2252 Quandoquidem
374 2226 440 2245 vero
470 2219 600 2246 nonnulla
628 2219 801 2254 deteximus,
829 2220 861 2247 ad

937 2217 1000 2256 illis
1021 2217 1150 2264 przeterea
1165 2239 1197 2258 ex
1215 2231 1357 2269 Lambecio
1365 2217 1461 2261 relaxatis
1479 2234 1551 2261 aliud
1568 2235 1694 2264 addimus

71 2265 198 2291 eamdem
229 2264 352 2291 Africani
381 2264 583 2301 Chronologiam
611 2267 784 2301 pertinentia,
801 2275 862 2294 eum

71 2310 125 2345 jam
142 2311 216 2346 typis
232 2311 393 2346 consignata
408 2318 500 2339 essent
512 2320 572 2347 qua:
593 2313 724 2342 hactenus
740 2321 862 2341 summa-

73 2356 118 2383 tim
131 2357 327 2384 recensuimus
339 2367 346 2390 ;
359 2365 450 2392 opera:
461 2359 576 2393 pretium
591 2359 671 2387 fuerit
685 2368 716 2387 ea
730 2360 774 2387 hic
785 2361 862 2388 exhi-

72 2401 144 2434 bere,
160 2407 247 2438 prout
271 2408 379 2431 exstant
392 2405 464 2439 apud
479 2405 652 2433 Latnbccium
667 2415 702 2434 ex
723 2407 861 2435 codicibus

75 2446 334 2477 Viadobonensibus
346 2458 428 2477 manu
445 2451 562 2479 exaratis
574 2452 718 2487 descripta.

106 2494 211 2522 Auctor
226 2494 312 2530 igitur
321 2494 541 2530 Propheticarum
552 2497 697 2532 eclogarum
713 2498 744 2524 de
756 2497 861 2526 Christo

74 2539 118 2573 qui
132 2539 270 2568 Eusebius
282 2540 419 2575 Pamphili
431 2549 492 2569 esse
502 2543 657 2577 perhibetur
670 2544 773 2578 (“.10),in
787 2546 860 2574 illius

75 2586 159 2619 operis
180 2587 274 2615 adhuc
300 2587 398 2614 inetliti
415 2588 486 2615 libro
502 2596 544 2621 ιιι,
563 2597 621 2624 cap.
644 2589 703 2622 ult.,
728 2591 784 2618 hanc
810 2592 858 2619 ha-

108 2643 161 2680 (19)
179 2645 313 2680 Syncell.,
329 2653 399 2680 pag:
410 2644 475 2671 212.

106 2679 157 2717 (20)
175 2679 238 2717 Vide
253 2680 368 2717 Fabric.
381 2679 454 2717 Bibl.
471 2679 518 2706 Gr.
531 2685 594 2708 tom.
609 2681 655 2714 Vl,
667 2690 727 2717 pag.
743 2682 786 2711 57.

108 2716 157 2751 (21)
173 2716 252 2751 Apud
265 2715 402 2751 Lambec.
423 2714 569 2742 Comment.
587 2716 634 2743 lib.
648 2714 741 2751 ἡμᾶς.
760 2719 822 2746 Ml.

105 2750 155 2782 αὶ)
171 2749 242 2780 Εἱιὶι.
259 2749 311 2779 ὧν.
328 2751 365 2777 Et
379 2751 464 2785 paulo
483 2755 552 2784 post,
568 2751 671 2784 τούτοις
681 2749 758 2779 auus.

103 2785 153 2824 (23)
171 2787 274 2816 Euseb.
301 2786 467 2814 Demanstr.
486 2790 576 2821 euang.
601 2787 649 2815 lib.
667 2794 726 2822 Vllt,
748 2796 807 2824 cap.
829 2791 857 2823 2,

74 2823 278 2897 pa(af-Hieron.
299 2858 462 2886 Comment.
489 2856 517 2883 in
541 2856 644 2886 Daniel.
669 2858 765 2893 tx,‘24,
789 2858 856 2895 OPP-

916 2275 1094 2311 l'ragmentum
1106 2285 1121 2304 e
1134 2278 1226 2305 codice
1243 2277 1326 2314 Regio
1336 2279 1417 2311 ‘Mll,
1429 2287 1444 2306 a
1460 2279 1493 2306 V.
1508 2280 1538 2306 (1.
1553 2280 1691 2309 Montl’au-

914 2323 993 2349 conio
1019 2323 1183 2357 descriptum
1211 2324 1284 2360 (9.9};
1310 2324 1355 2351 ubi
1378 2325 1411 2352 de
1432 2325 1528 2353 Adami
1553 2328 1692 2362 sepultura

913 2373 1093 2403 perlractasse
1107 2369 1252 2397 Africanus
1277 2375 1303 2397 et
1326 2370 1491 2398 Athanasius
1516 2373 1693 2407 perhibentur

913 2414 956 2440 his
980 2414 1070 2441 verbis
1096 2423 1102 2441 :
1125 2411 1206 2441 Οὗτοι
1230 2415 1258 2441 δέ
1275 2416 1342 2442 εἰσιν
1356 2417 1379 2442 οἱ
1395 2417 1458 2452 περὶ
1477 2417 1526 2452 τῆς
1540 2419 1627 2454 ταφῆς
1643 2419 1693 2446 τοῦ

919 2459 1004 2494 Ἀδὰμ
1015 2459 1165 2495 εἰρηκότες,
1183 2461 1343 2497 Ἀφρικανὸς
1353 2463 1399 2489 καὶ
1410 2464 1424 2489 ὁ
1436 2464 1511 2498 ἅγιος
1525 2466 1691 2499 Ἀθανάσιος.

913 2502 981 2532 Hinc
996 2504 1022 2531 in
1037 2505 1140 2538 praefat.
1154 2504 1302 2534 Montlauc.
1312 2515 1338 2542 p.
1351 2516 1388 2540 vi,
1403 2508 1417 2544 §
1431 2509 1474 2541 l8,
1487 2511 1690 2539 rescribendum

912 2551 943 2577 de
958 2550 1093 2585 sepultura
1104 2550 1211 2585 Adami,
1226 2552 1270 2579 ubi
1284 2552 1316 2579 de
1327 2555 1462 2588 sepultura
1478 2555 1582 2583 Domini
1594 2565 1691 2592 perpe-

912 2605 969 2624 ram
991 2598 1097 2631 legitur.

911 2658 978 2680 tem.
991 2652 1035 2689 lll,
1051 2654 1195 2689 pagilllo
1205 2654 1269 2682 edit.
1282 2654 1407 2682 lllartian.

945 2689 1001 2726 (25)
1017 2688 1166 2726 gav.:Ilist.
1183 2690 1315 2726 littttom.
1332 2691 1353 2724 l,
1370 2699 1429 2726 pag.
1444 2691 1503 2719 111.

945 2724 1001 2761 (ξιξ)
1017 2723 1123 2761 f‘abric.
1143 2724 1213 2761 Bibl.
1230 2725 1275 2752 Gr.
1292 2730 1356 2752 tom.
1371 2723 1482 2761 'prag.
1499 2727 1560 2755 169.

945 2759 1001 2796 (g7)
1018 2758 1180 2796 Lambecal.
1195 2768 1219 2787 e.
1235 2761 1281 2787 lib.
1297 2769 1338 2793 Ill,
1355 2758 1476 2796 pagf591

946 2794 1002 2830 (ea)
1019 2794 1055 2830 to.
1074 2794 1139 2830 ibid.
1153 2795 1198 2821 lib.
1213 2803 1239 2830 γ,
1252 2803 1312 2830 pag.
1329 2796 1391 2823 297.

945 2829 1001 2865 (29)
1018 2829 1112 2858 Montl.
1128 2829 1195 2858 Coll.
1207 2829 1275 2858 Nov.
1290 2829 1350 2859 PP.
1368 2830 1463 2869 Grcam,
1476 2838 1494 2862 t.
1506 2834 1538 2871 ll,
1557 2844 1583 2870 ν.
1599 2837 1659 2865 tos.
