1883 3056
74 117 106 146 ω
629 114 797 143 EPISTOLA
829 113 874 140 AD
897 112 1090 141 ARISTlDEM.
1651 111 1687 137 Μ’

76 175 211 213 ἀρχιερεύς
236 176 299 202 ἔστι
319 176 447 212 Πατρδς,
467 176 516 207 τὰς
535 176 670 211 ἡμετέρας
686 175 755 210 πρὸς
774 174 855 201 αὐτὸν

914 185 947 212 sit
961 185 1031 220 apud
1052 183 1159 211 Patrem
1183 182 1319 218 pontifex,
1343 189 1437 218 preces
1450 185 1558 209 nostras
1573 180 1598 208 ei
1619 179 1670 208 οπο

78 222 150 258 εὐχὰς
173 222 336 257 ἀναφέρων,
363 223 411 248 καὶ
436 221 561 257 βασιλεὺς
588 221 786 257 ὑπερκόσμιος,
811 220 858 252 οὓς

78 267 241 302 ὴὶευθέρωσε
263 267 353 302 νέμων
376 267 415 302 τῷ
430 267 584 302 Πνεύματι,
600 267 729 302 συνεργὸς
751 267 790 298 είς
810 266 859 301 τὴν

79 313 251 348 ὁιακόσμησιν
273 312 327 339 τῶν
351 313 420 339 ὅλων
443 313 601 348 γενόμενος·
624 313 672 339 καὶ
697 311 774 338 τοῦτο
794 312 859 347 ἡμῖν

79 358 273 392 προσήγγειλεν
293 359 343 393 οὐχ
365 359 380 385 ὁ
404 358 552 393 κατάλογος
571 357 626 384 τῶν
648 357 754 392 φυλῶν,
774 357 822 392 οὐχ
841 358 858 393 ἠ

81 403 147 437 μίξις
162 403 215 430 τῶν
233 404 415 440 ἁναγράπων
429 404 525 438 γενῶν,
546 403 612 430 ἀλλά
634 403 798 439 πατριάρχαι
813 403 859 430 καὶ

80 448 222 483 προφῆται·
242 449 280 484 μὴ
290 447 336 475 οὗν
350 449 486 483 κατίωμεν
500 449 539 480 εἰς
558 447 690 484 τοσαύτην
706 447 859 479 θεοσεὸείας

81 493 282 528 σμικρολογίαν,
303 493 347 519 ῖνα
366 494 399 528 τῇ
421 492 552 527 ὲναλλαγῇ
573 491 627 518 τῶν
649 492 796 528 ὀνομάτων,
810 491 860 527 τὴν

79 538 193 574 Χριστοῦ
211 538 348 574 βασιλείαν
370 538 416 564 καὶ
436 537 584 572 ἱερωσύνην
607 536 782 572 συνιστῶμεν·
800 536 860 562 ἐπεὶ

79 585 110 619 τῇ
129 583 213 610 Ἰούδα
226 583 294 619 φυλῇ
309 585 342 618 τῇ
360 582 494 618 βασιλικῇ,
511 583 527 618 ἡ
544 581 590 609 τοῦ
611 581 676 607 Λευὶ
692 581 761 616 φυλὴ
785 581 859 616 ἱερα-

77 630 139 665 mei;
153 629 299 664 συνεζύγη,
314 628 360 655 τοῦ
381 627 514 655 Ναασσὼν
527 625 641 661 ἀδελφὴν
654 627 702 662 τὴν
723 626 859 655 Ὲλισάὸετ

86 675 188 710 Ἀαρὼν
212 675 362 710 ἀξαμένου,
387 674 433 700 καλ⁸
454 673 533 700 πάλιν
561 672 690 708 Ἐλεάζαρ
706 672 753 708 τὴν
777 671 860 705 θυγα-

78 721 142 756 τέρα
165 720 282 756 Φατιὴλ,
296 720 343 746 καὶ
364 719 468 746 ἐνθένδε
486 719 762 754 παιδοποιησαμένων·
781 717 860 752 ἐψεύ-

79 775 158 793 σαντο
170 765 217 793 οὖν
230 767 255 792 οἱ
269 765 469 800 εύαγγελισταὶ,
479 765 649 796 συνιστάντες
662 765 711 791 οὐκ
720 763 858 799 ἀλήθειαν,

79 814 133 841 ἀλλ’
157 813 332 848 εἰκαζόμενον
354 812 472 838 ἔπαινον·
495 812 540 838 καὶ
563 810 607 838 διὰ
627 809 732 837 τοῦτοό
753 809 800 844 μὲν
816 808 860 836 διὰ

79 857 237 892 Σολομῶνος
253 857 307 883 ἀπὸ
325 856 407 883 mata
420 856 628 891 ἐγενεαλόγησεν
644 855 688 881 τὸν
710 853 805 881 Ἰακὼϐ
815 853 860 880 τὸν
876 850 896 877 Β

78 903 123 929 τοῦ
144 903 244 938 Ἰωσὴφ
258 903 373 938 πατέρα·
390 904 404 929 ό
419 902 447 929 δὲ
463 902 517 929 ἀπὸ
538 901 630 929 Νάθαν
644 901 690 928 τοῦ
706 900 796 932 Δαὸὶδ,
816 900 861 927 τὸν

84 948 156 976 Ἠλεὶ
169 949 215 975 τὸν
228 948 274 975 τοῦ
296 948 392 984 Ἰωσὴφ
406 948 505 983 ὁμοίως
520 947 605 979 ἄλλως
625 947 745 982 πατέρα·
761 946 806 973 καί
821 954 861 973 τοι

78 996 181 1029 ἀγνοεῖν
201 995 300 1026 αὐτοὺς
316 995 365 1020 οὐκ
382 994 476 1030 ἐχρῆν,
496 994 533 1025 ὡς
549 993 665 1028 ἑκατέρα
680 994 733 1020 τῶν
749 1001 862 1028 κατηρι-

79 1040 226 1075 θμημένων
246 1041 332 1073 τάξις,
353 1040 384 1066 τὸ
405 1040 452 1066 τοῦ
470 1039 548 1066 Δαϐιό
570 1040 628 1066 ἐστὶ
651 1040 747 1073 γένος,
773 1040 790 1073 ἡ
815 1038 861 1064 τοῦ

85 1086 166 1112 Ἰούδα
183 1086 255 1121 φυλὴ
276 1086 411 1121 βασιλική·
435 1087 459 1112 ει
482 1085 535 1121 γὰρ
558 1086 700 1121 προφήτης
722 1085 736 1111 ὁ
758 1084 862 1118 Νάθαν,

79 1133 131 1162 ἀλλ’
147 1130 193 1158 οὖν
210 1133 258 1158 καὶ
276 1131 410 1167 Σολομὼν,
426 1133 439 1158 δ’
454 1141 484 1158 τε
496 1131 596 1158 τούτων
616 1132 705 1167 πατὴρ
722 1130 859 1166 ἐκατέρου·

79 1179 109 1205 ἐκ
124 1178 231 1204 πολλῶν
243 1178 272 1204 δὲ
287 1178 376 1213 φυλῶν
391 1177 510 1212 ἐγίνοντο
521 1177 674 1213 προφῆται,
694 1177 775 1212 ἱερεῖς
790 1176 818 1202 δὲ
833 1176 862 1209 ὲε

79 1225 206 1260 οὐδεμιᾶς
220 1225 260 1258 ('2)
280 1224 333 1250 τῶν
348 1222 452 1251 δῷδεκα
468 1223 571 1258 φυλῶν,
596 1222 669 1259 μόνοι
693 1222 720 1249 δὲ
740 1222 860 1248 Λευῖται·

80 1270 165 1304 μάτην
182 1269 276 1300 αὐτοῖς
298 1269 351 1304 ἄρα
373 1268 524 1294 πέπλασται
546 1267 575 1294 τὺ
599 1266 776 1302 ἐψευσμένον·
796 1265 863 1301 μηδὲ

78 1315 188 1350 κρατοίη
204 1313 324 1345 τοιοῦτος
340 1313 417 1347 λόγος
438 1314 466 1340 ἐν
482 1311 752 1348 ἘκκλησίαΧριστοῦ
770 1310 862 1347 [κατὰ]

76 1361 203 1397 ἀκριϐοῦς
228 1359 374 1395 ἀληθείας,
391 1360 432 1386 ἆτι
451 1359 545 1394 ψεῦδος
567 1358 708 1392 σύγκειται
728 1359 767 1398 είς
791 1355 863 1384 αἶνον

76 1408 121 1433 καὶ
137 1407 290 1441 ὀοξολογίαν
313 1405 442 1442 Χριστοῦι
465 1406 507 1437 τίς
527 1405 580 1440 γὰρ
606 1404 656 1431 οὐκ
674 1402 726 1430 οἶδε
741 1404 864 1430 κάκεῖνον

75 1452 119 1478 τὸν
136 1452 285 1488 ἱερώτατον
295 1450 341 1476 τοῦ
351 1451 510 1478 ’Διτοστόλου
529 1451 607 1485 λόγον
625 1449 805 1486 κηρύσσοντος
818 1448 864 1475 καὶ

75 1498 281 1533 διαγγέλλοντος
307 1498 356 1532 τὴν
382 1497 528 1524 ἀνάστασιν
555 1496 601 1523 τοῦ
628 1496 752 1532 Σωτῆρος
775 1495 862 1532 ἡμῶν,

76 1544 119 1570 καὶ
140 1543 375 1579 διισχυριζομένου
404 1543 454 1578 τὴν
485 1543 629 1578 ἀλήθειαν,
655 1542 764 1578 μεγάλῳ
789 1542 863 1578 φόϐῳ

75 1590 207 1624 λέγοντος,
219 1600 227 1616 ι
240 1590 281 1616 ὅτι
294 1588 441 1625 είΧριστὺν
454 1588 561 1623 λέγουσί
579 1597 651 1620 τινες
661 1588 698 1623 μὴ
707 1587 863 1624 ἐγηγέρθαι,

75 1637 153 1670 ἡμεῖς
171 1636 201 1662 δὲ
221 1636 301 1662 τοῦτο
321 1635 367 1661 καὶ
388 1635 477 1669 φαμὲν
497 1635 542 1660 καὶ¹
564 1633 794 1668 πεπιστεύκαμεν,
818 1634 864 1659 καὶ

76 1681 137 1707 αὐτὸ
153 1682 202 1707 καὶ
217 1680 364 1715 ἐλπίζομεν
378 1679 424 1706 καλ¹
439 1679 610 1715 κηρύσσομεν
621 1699 628 1712 ,
642 1678 864 1714 καταψευδομαρ-

75 1716 211 1761 τυροῦμεν
233 1725 282 1752 τοῦ
300 1725 379 1758 Θεοῦ,
403 1726 445 1752 ὅτι
461 1725 553 1760 ἤγειρε
575 1725 619 1751 τὸν
638 1724 753 1760 Χριστὸν
771 1724 799 1750 ὃν
815 1724 864 1750 οὐκ

75 1773 182 1807 ᾕγειρεν
194 1780 201 1786 '
222 1781 232 1797 ι
245 1772 270 1797 εξ
289 1771 316 1798 δὲ
331 1771 418 1803 οὕτως
430 1772 443 1796 ὁ
453 1769 596 1804 δοξολογῶν
611 1769 676 1796 Θεὸν
691 1770 808 1806 Πατέρα,
821 1769 864 1796 δέ·

76 1818 146 1844 δοικε
161 1818 199 1853 μὴ
213 1817 374 1852 ψευδολόγος
387 1817 488 1852 δοκοίη,
506 1817 583 1852 ἔργον
599 1816 746 1852 παράδοξον
756 1815 861 1851 διηγού-

77 1873 163 1898 μενος,
178 1863 240 1895 πῶς
248 1863 298 1890 οὐκ
306 1863 337 1889 ἂν
353 1862 463 1894 δικαίως
476 1862 615 1898 φοϐηθείη,
624 1863 664 1888 ὃτι
678 1861 708 1897 [1.
718 1861 803 1898 ὅστις]
821 1862 863 1888 διὰ

75 1910 249 1944 ψευδολογίας
261 1909 391 1945 ἀληθείας
401 1909 529 1943 σύστασιν
536 1908 720 1945 ποριζόμενος,
730 1907 807 1939 δόξαν
815 1908 864 1934 οὐκ

76 1955 162 1991 ἀληθῆ
182 1955 335 1987 συντιθεῐςς
354 1956 378 1980 εἰ
395 1955 452 1989 γὰρ
475 1954 509 1980 τὰ
523 1954 588 1989 γένη
603 1953 729 1989 διάφορα,
749 1953 795 1980 καὶ
811 1961 863 1988 μη-

75 2002 118 2028 δέν
135 2001 287 2036 καταφέρει
308 2001 420 2036 γνήσιον
443 2000 552 2036 σπέρμα
574 2001 619 2027 ἐπὶ
633 2000 678 2026 τὸν
705 1999 812 2034 Ἰωσὴφ,
828 2000 865 2026 εί-

76 2055 154 2082 ρηται
178 2048 208 2073 δὲ
231 2047 313 2082 μόνον
337 2048 377 2078 εἰς
402 2046 528 2073 σύστασιν
551 2046 598 2073 τοῦ
621 2046 863 2082 γεννηθησομένου,

74 2093 112 2119 ὅτι
129 2093 260 2128 βασιλεὺς
272 2093 318 2119 καὶ
332 2093 420 2128 ἱερεὺς
434 2092 507 2119 ἔσται
522 2093 536 2119 ό
551 2092 687 2128 ἐσόμενος,
700 2091 864 2123 ἀποδείξεως

77 2139 113 2174 μὴ
135 2139 310 2175 προσούσης,
328 2138 396 2165 ἀλλά
409 2138 459 2174 τῆς
477 2138 530 2165 τῶν
550 2138 636 2172 λόγων
652 2138 813 2172 σεμνότητος
826 2138 865 2169 είς

75 2184 158 2219 ὕμνον
176 2184 283 2220 ἀδρανῆ
305 2184 475 2220 φερομένης,
492 2183 570 2218 δῆλον
585 2183 623 2215 ὡς
635 2183 682 2210 τοῦ
698 2182 766 2210 Θεοῦ
785 2182 833 2218 μὲν
850 2183 864 2209 ό

75 2230 184 2262 επαινος
204 2231 255 2266 οὐχ
273 2230 400 2262 ἅπτεται,
422 2228 518 2264 ψεῦδος
531 2228 577 2256 ὤν’
594 2229 683 2265 κρίσις
697 2228 724 2255 δὲ
737 2228 776 2263 τῷ
790 2229 863 2264 εἰρη-

76 2277 151 2309 κότι,
177 2277 210 2303 τὸ
231 2277 283 2303 οὐκ
301 2275 332 2302 ὃν
355 2276 393 2308 ὡς
423 2275 453 2302 ὃν
474 2275 654 2310 κομπάσαντι.
679 2275 737 2301 Ἵνα
758 2272 803 2301 οὖν
817 2274 863 2301 καὶ

76 2323 152 2349 τοῦτο
171 2323 222 2358 μὲν
247 2322 294 2349 τοῦ
322 2321 463 2358 εἰρηκότος
491 2320 641 2356 ἐλέγξωμεν
660 2321 709 2356 τὴν
735 2320 863 2356 ἀμαθίαν,

77 2369 226 2403 παύσωμεν
253 2367 281 2394 δὲ
307 2367 353 2394 τοῦ
384 2367 485 2402 μηᾷένα
510 2367 555 2393 ὑπ’
584 2367 693 2401 ἀγνοίας
726 2366 864 2393 σκανδαλι-

78 2415 190 2449 σθῆναι,
211 2414 263 2449 τὴν
290 2413 378 2449 ἀληθῆ
399 2413 453 2439 τῶν
473 2413 620 2447 γεγονότων
649 2413 766 2448 ἱστορίαν
785 2411 865 2446 ἐκθή-

79 2458 182 2495 caput.)

110 2612 143 2644 3,;
149 2612 177 2646 5)
185 2611 296 2648 Ἐπειδὴ
302 2612 357 2648 γὰρ
366 2612 401 2638 τά
408 2611 525 2648 ὀνόματα
531 2612 567 2648 (4)
577 2612 629 2639 τῶν
635 2612 720 2647 γενῶν
727 2614 755 2639 ὲν
762 2613 866 2648 Ἰσραὴλ

113 2682 119 2696 ¹
135 2681 222 2710 Exod.
237 2690 277 2715 vr,
293 2681 339 2709 23.
379 2683 391 2697 '
403 2680 471 2708 Ibid.
486 2681 532 2709 25.
569 2681 600 2709 ⁸1
618 2682 682 2709 Cor.
699 2690 745 2715 xv,
759 2682 793 2710 12
805 2691 846 2719 sq.

108 2749 145 2783 (2)
161 2749 190 2777 In
203 2750 331 2784 epitome
345 2749 433 2776 codex
449 2749 529 2776 habet
544 2749 656 2777 omnino
669 2750 699 2776 οὐ
712 2750 806 2782 δεῖνες,
817 2750 864 2778 sed

80 2783 251 2820 veraminunc
267 2784 506 2820 videsilectionem
518 2783 548 2818 ἐξ
566 2784 701 2820 οὐδεμιᾶς.
730 2784 793 2812 MAI.

107 2819 143 2855 β)
159 2819 212 2848 Hic
231 2820 333 2855 incipit
350 2819 500 2855 Eusebius.

107 2823 133 2855 β
159 2823 212 2848 ﬂic
231 2823 333 2854 incipit
350 2823 500 2846 Eusebius.

107 2823 143 2891 μί
163 2854 290 2889 Ἐπειδὴ
301 2857 361 2890 γὰρ
377 2855 415 2881 τὰ
428 2853 567 2888 ὀνόματα.
583 2854 716 2884 Particula
727 2855 781 2890 γὰρ
793 2855 868 2883 abest

910 239 995 264 rens;
1020 238 1067 257 rex
1090 235 1180 257 autem
1201 228 1444 264 supermundialis,
1472 235 1542 263 quos
1564 227 1684 254 liberavit

909 283 1024 312 pascens
1049 275 1168 310 Spiritu.
1191 280 1350 310 cooperator
1371 273 1482 302 eﬂectus
1507 273 1534 300 in
1565 272 1684 300 omnium

909 330 1000 350 rerum
1027 321 1206 349 ordinatione.
1232 321 1315 356 quue
1339 320 1418 348 nohis
1440 319 1610 354 exploratum
1624 317 1684 344 fecit

910 377 964 396 non
980 368 1099 395 tribuum
1114 367 1263 403 catalogus,
1280 375 1365 402 neque
1382 366 1594 401 perscriptarum
1608 370 1684 399 gene-

909 415 1045 442 rationum
1067 414 1161 441 mistio
1173 434 1180 447 ,
1200 413 1246 441 sed
1264 413 1424 448 patriarcha:
1439 417 1519 447 atque
1539 410 1685 446 prophetae.

909 460 1059 488 Caveamus
1074 460 1156 493 igitur
1172 466 1187 486 a
1201 459 1306 486 minuto
1318 458 1472 493 hujusmodi
1488 456 1626 491 religionis
1642 463 1687 482 ar.

910 505 1003 538 tiﬂcio,
1018 509 1048 532 ut
1065 505 1204 533 nominum
1225 504 1423 539 permutatione
1447 503 1548 530 Christi
1576 509 1687 537 regnum

909 559 942 578 ac
956 550 1138 579 sacerdotium
1159 551 1336 585 comprobare
1354 550 1476 576 velimus.
1495 548 1561 575 Nam
1577 553 1603 575 et
1621 548 1688 574 alio-

909 597 955 632 qui
972 597 1055 632 regali
1068 595 1145 624 Juda‘.
1156 596 1238 624 tribui
1255 595 1430 624 sacerdotalis
1443 594 1505 622 Levi
1519 594 1605 621 tribus
1617 593 1687 620 facta

909 648 968 671 erat
984 643 1087 676 aﬂinis,
1107 651 1140 671 ex
1156 651 1211 678 quo
1226 642 1373 670 Naassonis
1388 648 1510 669 sororem
1525 640 1688 667 Elisabetam

909 689 986 717 duxit
1010 690 1100 717 Aaron
1121 697 1233 716 uxorem
1254 689 1274 721 ¹,
1295 695 1446 722 rursusque
1468 687 1580 714 Eleazar
1595 685 1687 713 Phati-

910 734 977 762 helis
1002 726 1089 762 tiliam.
1106 735 1127 768 ',
1143 735 1217 769 prole
1238 734 1301 762 inde
1323 738 1458 768 suscepta.
1483 732 1554 768 Ergo
1574 739 1690 766 evange-

909 782 978 809 lista:
1001 782 1105 809 mentiti
1122 787 1195 814 sunt,
1219 781 1283 809 dum
1306 789 1361 809 non
1384 781 1524 808 veritatem
1547 782 1689 812 asserunt,

910 829 956 856 sed
970 829 1125 856 simulatam
1139 829 1245 856 laudem
1262 828 1360 863 :cujus
1377 828 1415 855 rei
1438 834 1530 859 causa,
1546 827 1613 853 alter
1627 826 1690 860 qui-

910 873 970 900 dem
986 882 1033 908 per
1050 872 1223 901 Salomonem
1243 881 1258 900 a
1277 872 1377 900 Davide
1393 872 1486 900 Jacobi
1509 873 1620 906 stirpem
1636 876 1691 898 tra-

911 921 960 953 xit,
980 920 1027 955 qui
1043 919 1092 947 fuit
1105 919 1217 955 Josephi
1233 924 1324 955 pater:
1341 919 1408 946 alter
1424 924 1512 946 autem
1536 926 1551 945 a
1564 917 1690 945 Nathano

911 966 1020 993 Davidis
1033 966 1089 993 ﬁlio
1103 964 1190 993 Helim
1205 965 1315 993 deduxit
1326 964 1437 1000 Iosephi
1454 965 1565 1000 pariter,
1580 964 1626 992 sed
1638 964 1691 991 alia

911 1011 1028 1043 ratione,
1042 1015 1157 1046 patrem.
1173 1011 1255 1046 Atqui
1269 1019 1316 1039 eos
1329 1012 1454 1047 ignorare
1471 1019 1525 1038 non
1539 1011 1689 1046 oportebat,

912 1063 1057 1092 utrumque
1073 1062 1276 1084 numer-atorum
1291 1057 1432 1084 hominum
1455 1057 1589 1088 ordinem,
1606 1064 1692 1092 genus

911 1110 970 1130 esse
983 1102 1102 1135 Davidis,
1118 1101 1193 1129 Judaa
1208 1109 1304 1137 nempe
1324 1103 1426 1137 regiam
1451 1103 1562 1130 tribum.
1576 1101 1690 1129 Etiamsi

912 1149 982 1176 enim
998 1149 1130 1184 propheta
1143 1147 1282 1175 Nathanus
1301 1147 1362 1182 fuit,
1376 1153 1402 1176 et
1415 1149 1524 1183 quidem
1539 1149 1620 1175 etiam
1639 1147 1690 1175 Sa-

913 1195 1014 1226 lomon,
1041 1199 1067 1221 et
1092 1194 1190 1221 horum
1220 1195 1362 1230 utriusque
1389 1203 1487 1230 parens
1507 1195 1630 1230 (David);
1657 1203 1690 1222 ex

913 1240 1005 1268 multis
1028 1247 1093 1268 sane
1116 1240 1240 1268 tribubus
1260 1241 1388 1268 exstitere
1409 1241 1562 1275 prophetae;
1586 1241 1632 1268 sed
1651 1246 1692 1267 ta-

913 1293 974 1313 men
997 1286 1150 1314 sacerdotes
1174 1286 1242 1313 nulli
1264 1286 1374 1314 fuerunt
1398 1294 1431 1313 ex
1452 1287 1525 1313 nulla
1548 1286 1691 1314 duodecim

912 1332 1044 1365 tribuum;
1059 1333 1104 1360 sed
1121 1333 1171 1360 soli
1190 1332 1299 1359 Levita}.
1317 1332 1430 1360 Frustra
1445 1332 1527 1367 igitur
1541 1334 1692 1367 composita

913 1377 947 1405 ab
962 1377 1014 1405 illis
1035 1377 1086 1404 fuit
1107 1377 1164 1405 haec
1182 1377 1306 1409 falsitas;
1321 1385 1408 1412 neque
1422 1378 1577 1412 praevalebit
1596 1378 1687 1413 hujus-

914 1423 986 1450 modi
1011 1431 1100 1451 sermo
1122 1423 1150 1450 in
1164 1423 1265 1450 Christi
1286 1422 1406 1450 Ecclesia
1422 1429 1516 1451 contra
1537 1430 1692 1452 accuratam

914 1469 1053 1497 veritatem
1064 1490 1072 1502 ,
1087 1476 1184 1504 nempe
1207 1473 1236 1496 ut
1251 1469 1422 1496 mendacium
1440 1470 1643 1497 consarcinetur
1659 1470 1693 1496 ad

877 1524 897 1551 ρ
914 1513 1014 1542 Christi
1033 1513 1139 1540 laudem
1155 1518 1235 1548 atque
1252 1513 1428 1548 praeconium.
1442 1513 1508 1546 Quis
1523 1521 1586 1551 vero
1607 1518 1634 1541 et
1647 1513 1693 1541 illa

916 1559 1003 1586 nescit
1023 1559 1205 1587 sacratissima
1226 1559 1348 1594 Apostoli
1370 1560 1451 1586 verba
1467 1548 1693 1588 resurréctioncm

915 1605 1068 1634 Servatoris
1084 1606 1169 1633 nostri
1184 1605 1355 1640 praedicantis
1370 1610 1450 1640 atque
1468 1606 1628 1638 nuntiantis,
1640 1607 1693 1634 rei-

914 1659 966 1687 que
981 1652 1120 1679 veritatem
1139 1660 1238 1687 magno
1253 1659 1315 1679 cum
1340 1659 1438 1687 pavore
1458 1652 1615 1680 alIirmantis
1628 1653 1694 1680 dum

914 1697 969 1723 ait'
980 1706 985 1723 :
998 1705 1007 1722 ‹
1024 1696 1053 1723 Si
1064 1696 1202 1724 Christum
1215 1697 1396 1725 resurrexisse
1403 1688 1511 1732 quidam
1527 1702 1694 1733 negant,nos

913 1747 1003 1770 autem
1034 1743 1182 1770 asscrimus
1209 1747 1290 1778 atque
1315 1743 1467 1777 credimus,
1494 1751 1635 1778 speramus
1662 1751 1694 1772 ac

913 1788 1103 1824 praedicamus,
1123 1787 1183 1816 falsi
1197 1793 1278 1816 testes
1296 1788 1341 1816 Dei
1362 1797 1473 1822 sumus,
1489 1790 1562 1824 quod
1576 1790 1693 1818 suscita-

913 1835 983 1862 verit
997 1834 1146 1867 Christum,
1164 1842 1244 1869 quem
1256 1843 1310 1862 non
1324 1835 1475 1862 suscitavit.
1489 1845 1498 1861 ι
1509 1835 1586 1868 Quod
1594 1836 1617 1863 si
1626 1836 1694 1863 adeo

915 1881 959 1908 hic
973 1881 1019 1916 qui
1036 1880 1120 1908 Deum
1136 1880 1242 1908 Patrem
1256 1881 1380 1914 honorat,
1392 1888 1425 1908 ne
1439 1881 1555 1909 mendax
1570 1881 1694 1909 videatur

915 1926 1002 1959 timet,
1021 1927 1084 1960 quia
1099 1934 1155 1953 rem
1172 1926 1269 1953 miram
1285 1931 1394 1959 narrat;
1409 1934 1458 1953 cur
1479 1934 1533 1953 non
1551 1927 1647 1955 merito
1660 1927 1695 1954 ti-

915 1977 988 2000 meat
1002 1973 1126 2007 quisquis
1150 1971 1219 1999 falsu
1237 1979 1360 1999 sermone
1373 1971 1514 1999 veritatem
1530 1973 1586 2000 vult
1607 1973 1692 2000 stabi-

915 2018 980 2050 lire,
998 2025 1052 2045 non
1070 2026 1162 2045 veram
1184 2018 1346 2045 sententiam
1369 2018 1557 2046 concinnans?
1576 2017 1643 2046 Nam
1671 2020 1694 2046 si

915 2064 1101 2100 generationes
1116 2065 1282 2097 abluderent,
1303 2065 1423 2100 nihilque
1444 2066 1565 2100 germani
1584 2066 1694 2094 seminis

915 2111 949 2138 ad
968 2110 1115 2146 Josephum
1137 2110 1315 2144 conferretur,
1339 2112 1385 2138 sed
1403 2118 1434 2138 ea
1452 2119 1494 2139 res
1512 2112 1545 2139 ad
1566 2111 1694 2139 fulcimen

917 2156 1102 2184 tantummodo
1117 2157 1247 2183 nascituri
1259 2157 1331 2184 dicta
1349 2162 1434 2190 esset,
1449 2165 1545 2193 nempe
1563 2157 1634 2192 quod
1646 2165 1693 2184 rex

878 2196 903 2225 D
917 2205 998 2237 atque
1012 2201 1138 2229 sacerdos
1151 2201 1220 2230 foret
1232 2203 1254 2229 is
1267 2203 1313 2238 qui
1327 2208 1457 2230 venturus
1470 2208 1538 2236 erat,
1553 2202 1695 2230 deﬁciente

916 2248 1092 2283 probatione,
1120 2252 1231 2283 totoque
1256 2249 1389 2276 orationis
1412 2254 1510 2276 ornatu
1540 2249 1567 2275 in
1590 2247 1695 2275 futilem

918 2293 1048 2329 hymnum
1062 2294 1213 2328 desinente,
1231 2295 1331 2322 trullam
1352 2295 1414 2322 hinc
1434 2295 1538 2322 laudem
1550 2293 1604 2321 Deo
1620 2302 1696 2322 acce-

919 2339 984 2367 dere
1005 2339 1174 2375 exploratum
1197 2341 1240 2374 tit,
1255 2342 1318 2377 quia
1341 2345 1427 2370 totum
1451 2341 1621 2368 mendacium
1634 2345 1693 2373 est;

918 2385 964 2411 sed
980 2385 1181 2413 damnationem
1193 2386 1282 2421 potius
1295 2386 1394 2415 dicenti
1407 2385 1529 2418 conﬂari,
1541 2386 1604 2420 quia
1623 2385 1695 2420 quod

919 2431 986 2458 nihil
1005 2438 1058 2465 est,
1078 2432 1181 2467 aliquid
1200 2440 1261 2460 esse
1272 2432 1394 2467 jactavit.
1409 2431 1498 2468 Quare
1516 2437 1544 2458 ut
1561 2436 1588 2458 et
1603 2431 1639 2458 ita
1656 2431 1696 2458 ιι)-Δ

921 2478 1060 2512 queutium
1074 2485 1219 2515 coarguam
1241 2478 1385 2510 inscitiam,
1404 2483 1430 2505 et
1450 2479 1477 2506 in
1493 2482 1629 2513 posterum
1648 2485 1700 2517 ea-

921 2531 997 2551 veam
1012 2532 1047 2552 ne
1061 2525 1123 2561 quis
1145 2525 1173 2552 iu
1194 2524 1351 2559 hujusmodi
1379 2524 1541 2558 imperitiam
1567 2524 1696 2556 incurrat,

919 2577 1011 2597 veram
1024 2575 1160 2605 gestarum
1174 2577 1263 2597 rerum
1277 2570 1417 2597 historiam
1429 2567 1590 2604 proferam]

954 2615 986 2645 ll.
998 2616 1133 2653 Quoniam
1142 2617 1212 2653 apud
1227 2616 1361 2650 lsraelitas
1372 2615 1574 2652 generationum
1587 2614 1698 2642 nomina

921 2759 943 2778 ι
953 2751 1055 2778 nostris
1067 2751 1206 2779 codicibus
1221 2750 1301 2783 Maz.,
1318 2750 1399 2781 Μελίη
1413 2748 1481 2776 Fuk.
1497 2754 1524 2776 et
1537 2749 1634 2782 Savil.,
1647 2757 1698 2776 nec

921 2787 1038 2821 habetur:
1054 2787 1081 2813 in
1097 2787 1317 2821 interpretatione
1331 2784 1431 2812 Ruﬁni.
1448 2784 1541 2821 Exstat
1557 2790 1645 2821 tamen
1667 2785 1698 2813 in

920 2821 1011 2849 codice
1026 2820 1121 2858 Regio,
1137 2820 1247 2864 etrapud
1263 2820 1443 2857 Nicephorum
1465 2820 1491 2847 in
1505 2826 1566 2856 cap.
1579 2827 1599 2847 ιι
1614 2820 1660 2861 lib.
1676 2827 1697 2848 ι.
1743 2851 1751 2856 ,
