1883 3056
170 109 204 139 59
851 106 937 135 IUL]!
956 106 1119 134 AFRICANI
1746 103 1782 131 σο

169 167 278 204 Ioseph,
291 168 335 203 qui
349 167 401 202 fuit
413 166 486 199 Heli,
498 167 542 201 qui
557 166 609 200 fuit
625 165 720 192 .llelchi
730 165 751 192 '.
772 164 864 200 Neque
879 166 951 193 enim

1019 165 1128 197 ξειπεῖν.
1145 165 1199 191 Καὶ
1214 164 1245 191 τὸ
1254 163 1417 199 ἐγέννησεν
1436 163 1482 190 ἐπὶ
1501 150 1550 197 τῆς
1571 162 1676 189 τοιᾶσδε
1690 164 1784 190 παιδο-

171 219 276 249 poterat
291 213 418 241 disertius
433 212 548 247 exprimi
568 211 661 238 ﬁctilia
676 211 723 238 illa
745 211 890 246 generandi
909 219 953 238 ra-

172 260 221 293 tio,
238 267 298 294 quae
311 267 344 286 ex
363 259 421 294 lege
433 257 553 292 profecta
567 260 616 284 est.
633 255 693 284 Ideo
707 257 734 284 in
751 256 906 292 hujusmodi
920 256 952 284 li-

170 306 296 333 berorum
308 303 487 340 generatione,
499 302 613 329 verbum
626 302 701 335 illud,
715 303 812 337 genuit,
825 302 858 330 ad
871 303 951 330 linem

1004 211 1094 242 ποιΐας
1108 209 1172 245 ἄχρι
1186 209 1280 240 τέλους
1295 208 1440 244 ἐσιώπησε,
1454 207 1502 242 τὴν
1517 209 1654 243 ἀναφορὰν
1670 208 1784 242 ποιησά-

1006 265 1085 292 μενος
1105 256 1157 288 ἒως
1179 255 1226 282 τοῦ
1254 254 1338 290 Ἀδὰμ
1351 254 1459 281 καὶτοῦ
1481 254 1546 280 Θεοῦ
1567 253 1622 290 (14)
1639 255 1698 281 κατ’
1715 254 1782 281 ἀνά-

1003 302 1089 329 λυσιν.

170 359 256 386 usque
269 351 385 382 reticuit,
402 357 464 377 cum
478 349 512 377 ad
529 349 616 384 ipsqu
639 357 724 384 usque
742 350 887 383 Adamum,
914 350 962 385 qui
976 349 1028 377 fuit
1038 349 1096 381 Dei,
1121 348 1252 385 gradatim
1276 347 1457 381 ascendendo,
1472 348 1553 375 totius
1565 347 1670 383 generis
1685 347 1783 374 seriem

170 398 348 433 perduxisset.

204 443 249 470 lV.
269 442 361 478 Neque
374 450 439 470 vero
454 441 481 469 id
498 446 573 469 certa
595 441 700 469 ratione
722 441 891 474 destitutum,
906 445 954 469 aut

170 492 271 514 temere
286 485 430 513 conlictum
456 490 508 513 est.
523 485 638 521 Cognati
653 486 724 513 enim
739 485 891 513 Servatoris
904 493 955 513 no-

170 530 229 562 stri,
244 529 300 558 sive
322 530 355 556 ad
381 528 575 556 ostendendam
591 529 698 564 generis
717 529 760 556 sui
773 529 951 562 nobilitatem,

170 577 228 603 sive
240 580 270 602 ut
288 575 448 610 simpliciter
465 583 521 602 rem
535 575 673 607 docerent,
685 575 775 602 veraci
792 575 884 609 utique
896 582 953 602 ser-

170 630 252 650 mone
266 623 323 649 11³16
338 621 415 648 nobis
431 621 598 648 tradiderunt
615 630 622 648 :
638 621 758 648 latrones
772 621 874 648 scilicet
890 620 952 648 ldu-

170 676 263 701 maios,
280 675 342 695 cum
356 667 484 694 Ascaloni
504 666 654 694 Palaestina:
667 666 770 694 civitati
784 667 955 701 supervenis~

171 718 241 746 sent,
261 722 295 740 ex
311 713 424 740 delubro
442 712 559 747 quodam
577 712 709 747 Apollinis
731 713 802 747 quod
825 712 858 739 ad
881 713 954 746 ipsos

171 758 246 786 urbis
260 766 353 786 muros
375 758 494 793 positum
507 762 576 791 erat,
590 757 762 792 Antipatrum
778 757 893 785 Herodis
907 764 956 784 cu-

169 805 276 840 jusdam
303 804 435 831 hieroduli
459 804 543 831 lilium
567 804 649 831 simul
669 812 731 831 cum
760 804 864 839 reliqua
877 811 954 831 sacra

171 851 261 886 praada
275 851 410 885 captivum
423 850 622 877 duxisse.Cum
634 857 697 877 vero
709 857 758 884 pro
770 849 954 884 redemptione

175 899 224 926 11111
241 898 365 925 minister
393 896 484 931 templi
511 896 626 931 pretium
654 896 757 923 solvere
773 903 828 923 non
843 895 954 928 valeret,

174 945 317 980 Antipater
343 944 520 971 ldumzeorum
533 950 608 970 more
624 943 801 977 institutoque
814 941 955 973 educatus,

171 991 344 1027 postmodum
374 989 490 1025 Hyrcani
520 989 619 1017 summi
645 988 798 1016 Judaeornm
823 987 957 1022 pontilicis

173 1038 278 1065 amicus
291 1037 402 1064 eﬂectus
416 1041 466 1064 est.
477 1035 539 1063 Mox
555 1036 660 1071 legatus
675 1035 708 1062 ad
722 1034 880 1069 Pompeium
894 1034 958 1061 mis-

179 1092 227 1111 sus
239 1083 273 1110 ab
290 1081 425 1118 Hyrcano,
443 1090 505 1109 cum
523 1081 547 1108 ei
569 1088 680 1116 regnum
697 1081 769 1115 quod
784 1079 957 1107 Aristobulus

174 1129 291 1156 maxima
307 1137 340 1156 ex
356 1132 433 1163 parte
447 1132 636 1162 occupaverat,
649 1127 764 1153 liberum
780 1126 954 1158 restituisset,

174 1174 208 1201 ad
225 1182 359 1202 summam
375 1173 529 1201 felicitatem
543 1172 674 1208 pervertit,
687 1176 795 1198 curator
807 1171 957 1198 Pahestina:

177 1224 328 1255 promotus.
346 1219 464 1246 Tandem
483 1219 517 1245 ab
533 1219 565 1245 iis
577 1219 622 1253 qui
637 1217 759 1246 felicitati
777 1217 836 1252 ejus
851 1217 955 1244 inride-

178 1265 243 1292 bant
259 1273 307 1300 per
320 1265 433 1291 insidias
451 1263 619 1295 interfectus,
636 1262 768 1289 Herodem
792 1262 875 1289 ﬁliuni
892 1270 955 1290 suc-

175 1315 310 1335 cessorem
331 1307 448 1342 reliquit,
465 1307 507 1334 cui
527 1311 620 1342 postea
635 1307 770 1334 Antonius
782 1311 807 1334 et
818 1309 956 1342 Augustus

175 1360 208 1379 ex
237 1352 472 1380 senatusconsulto
500 1359 612 1387 regnum
635 1351 733 1379 Judaeze
756 1351 954 1386 adjudicarunt.

177 1397 262 1433 Hujus
277 1397 389 1425 Herodis
405 1398 476 1425 Illius
491 1397 542 1424 fuit
552 1397 682 1430 Herodes,
692 1397 792 1432 aliique
802 1397 953 1424 tetrarchae.

1039 428 1152 457 Locos
1177 429 1230 465 μὴν
1243 429 1442 456 ’ἀναπόδεικτον
1463 429 1479 465 ἢ
1498 427 1702 464 ἐσχεδιασμένον
1724 427 1783 454 ἐστὶ

1003 475 1096 502 τοῦτο·
1116 474 1163 501 τοῦ
1178 474 1242 509 γοῦν
1258 475 1382 510 Σωτῆρος
1400 475 1424 501 οἱ
1442 474 1512 501 κατὰ
1527 474 1616 509 σάρκα
1631 474 1781 508 συγγενεῖς,

1003 521 1052 548 εἴτ’
1078 519 1124 548 οὖν
1152 521 1347 556 φανητιῶντες,
1373 520 1422 547 εἴθ’
1449 520 1541 552 ἁπλῶς
1565 519 1781 551 ἐκδιδάσκοντες,

1003 567 1111 598 πάντως
1130 566 1158 593 δὲ
1179 566 1362 602 ἀληθεύοντες,
1378 567 1528 603 παρέδοσαν
1553 566 1600 592 καὶ
1619 565 1721 592 ταῦτα·
1746 565 1784 596 ὡς

1009 613 1149 648 Ἰδουμαῖοι
1162 613 1258 648 λῃσταὶ
1279 613 1428 640 Ἀσκάλωνι
1449 612 1523 639 πόλει
1533 612 1584 647 τῆς
1603 610 1784 646 Παλαιστίνης

1002 658 1168 691 ἐπελθόντες,
1190 658 1220 691 ἐξ
1241 658 1372 685 είδωλείου
1401 658 1576 690 Ἀπόλλωνος,
1597 657 1612 684 ὃ
1634 657 1702 693 πρὸς
1727 658 1785 688 τοῖς

1001 704 1116 739 τείχεσιν
1133 703 1233 739 ἵδρυτο,
1257 704 1431 740 Ἀντίπατρον
1456 703 1572 740 Ἡρώδου
1586 703 1658 735 τινὸς
1675 703 1729 738 (15)
1748 703 1785 729 ἰε-

1003 750 1125 786 ροδούλου
1141 750 1233 781 παῖδα,
1249 751 1316 785 πρὸς
1329 752 1385 782 τοῖς
1399 750 1488 782 ἄλλοις
1505 750 1594 782 σύλοις
1612 749 1784 784 αἰχμάλωτον

1002 797 1108 832 ἀπῆγον
1120 805 1126 812 ·
1151 796 1189 832 τῷ
1203 796 1230 823 δὲ
1245 795 1334 832 λὺτρῳ
1349 796 1419 832 ὑπὲρ
1434 795 1480 822 τοῦ
1495 795 1552 822 υἱοῦ
1567 794 1732 822 καταθέσθαι
1747 793 1785 830 μὴ

1003 842 1132 870 δύνασθαι
1156 843 1201 869 τὸν
1231 842 1303 877 ἱερέα
1328 842 1418 877 (16),ό
1450 842 1624 877 Ἀντίπατρος
1647 842 1704 872 τοῖς
1730 840 1786 867 τῶν

1013 889 1167 924 Ἰδουμαίων
1190 888 1278 915 ἔθεσιν
1301 888 1453 924 ἐντραφεὶς,
1471 887 1582 923 ὕστερον
1603 886 1726 922 ’Υρκανῷ
1741 895 1786 921 φι-

1004 935 1107 962 λιοῦται
1122 935 1176 970 (17)
1198 934 1236 969 τῷ
1251 935 1300 970 τῆς
1319 934 1447 965 Ἰουδαίας
1461 934 1591 969 ἀρχιερεῖ,
1611 933 1786 969 Πρεσϐεύσας

1004 981 1033 1008 δὲ
1049 981 1117 1017 πρὸς
1131 981 1272 1016 Πομπήϊον
1287 981 1356 1016 ὑπὲρ
1371 980 1417 1006 τοῦ
1434 979 1576 1016 Ὑρκανοῦ,
1588 979 1635 1006 καὶ
1647 979 1695 1014 τὴν
1709 978 1788 1014 βασι-

1004 1028 1077 1055 λείαν
1108 1026 1291 1062 ἐλευθερώσας
1321 1026 1394 1061 αὐτῷ
1421 1026 1473 1052 ὑπὸ
1508 1024 1708 1060 Ἀριστοϐούλου
1736 1023 1786 1050 τοῦ

1004 1073 1117 1108 ἀδελφοῦ
1134 1072 1375 1108 περικοπτομένην,
1392 1071 1472 1103 αὐτὸς
1486 1071 1638 1107 ηὺτύχησεν
1655 1069 1787 1104 ἐπιμελη-

1005 1120 1054 1155 τὴς
1068 1119 1118 1154 τῆς
1135 1118 1314 1154 Παλαιστίνης
1328 1118 1493 1153 χρηματίσαι
1510 1117 1574 1152 (18).
1591 1116 1743 1152 Διαδέχεται
1756 1115 1787 1142 δὲ

1005 1164 1052 1190 τὸν
1080 1163 1254 1199 Ἀντίπατρον
1279 1162 1368 1197 φθόνῳ
1390 1162 1440 1196 τῆς
1456 1162 1555 1197 πολλῆς
1571 1161 1696 1196 εὐτυχίας
1711 1160 1787 1187 δολο-

1008 1209 1166 1244 φονηθέντα,
1184 1211 1198 1236 ὁ
1217 1209 1273 1240 υἱὸς
1294 1208 1431 1243 Ἡρώδης·
1447 1208 1476 1239 ὃς
1492 1207 1602 1244 ὕστερον
1623 1208 1667 1234 ὑπ’
1687 1208 1787 1234 Ἀντω-

1007 1255 1062 1282 νίου
1075 1256 1120 1282 καὶ
1134 1255 1180 1281 τοῦ
1197 1254 1343 1288 Σεϐαστοῦ,
1362 1254 1511 1289 συγκλήτου
1523 1254 1636 1288 δόγματι
1649 1253 1703 1280 τῶν
1721 1253 1790 1280 Ἰου-

1007 1301 1087 1328 δαίων
1101 1301 1196 1337 ἐκρίθη
1215 1300 1365 1335 βασιλεύειν
1376 1308 1383 1315 ·
1402 1296 1432 1326 οὗ
1449 1300 1553 1331 παῖδες,
1577 1299 1698 1336 Ἡρώδης
1716 1299 1745 1326 οἵ
1761 1300 1788 1325 τ’

1009 1344 1082 1371 ἄλλοι
1096 1344 1251 1380 τετράρχαι.
1273 1344 1365 1371 Ταῦτα
1380 1345 1429 1380 μὲν
1445 1343 1477 1380 δὴ
1499 1344 1576 1372 κοινὰ
1588 1344 1636 1372 καὶ
1649 1345 1709 1376 ταῖς
1728 1343 1786 1370 Ἐλ-

1008 1389 1094 1425 λήνων
1108 1390 1248 1426 ἱστορίαις.

176 1444 208 1472 Et
225 1444 282 1472 111εο
292 1445 400 1480 quidem
416 1445 553 1480 gentilium
568 1445 650 1472 etiam
666 1445 787 1472 historiae
803 1453 865 1472 cum
876 1444 990 1473 Judaica
1009 1448 1163 1475 communia
1180 1454 1252 1476 sunt.

211 1489 244 1516 ν.
260 1490 392 1517 Czeterum
409 1498 470 1518 cum
487 1490 520 1517 ad
537 1490 562 1517 id
578 1497 664 1524 usque
678 1489 807 1524 temporis
824 1489 850 1516 in
873 1489 953 1516 tabu—

1040 1493 1079 1518 E'.
1091 1493 1283 1528 Ἀναγράπτων
1295 1494 1323 1520 δὲ
1337 1494 1376 1526 είς
1389 1494 1449 1521 τότε
1461 1494 1489 1521 ὲν
1502 1495 1558 1525 τοῖς
1573 1492 1692 1529 ἀρχείοις
1703 1491 1789 1519 ὄντων

175 1535 251 1563 lariis
266 1536 381 1570 publicis
392 1536 535 1570 descripta:
560 1539 652 1563 essent
665 1536 784 1571 origines
797 1539 852 1562 tam
875 1534 957 1562 fami-

1019 1537 1060 1564 ’ὦν
1077 1538 1225 1574 Ἑϐραϊκῶν
1238 1539 1335 1573 γενῶν,
1348 1540 1458 1567 καὶτῶν
1469 1540 1532 1575 ἄχρι
1543 1538 1718 1575 προσηλύτων
1731 1539 1788 1575 (19)

210 1578 222 1594 ⁸
241 1578 307 1606 Luc.
329 1587 370 1611 111,
386 1579 430 1611 9.5,
445 1579 490 1606 24.

176 1623 346 1660 ᾂογβιιήξιογ
362 1625 469 1660 dixerit,
488 1625 525 1656 ὡς
548 1623 686 1660 ἐνομίζετο
708 1624 764 1656 υἱὸς
778 1659 781 1660 ν
794 1625 891 1660 Ἰωσὴφ
912 1625 959 1652 τοῦ

183 1659 242 1685 Ἠλὶ
257 1659 302 1685 τοῦ
320 1659 417 1694 Μελχί,
437 1664 503 1692 etc.,
522 1659 666 1687 Africanus
684 1668 763 1686 νοω-δ
777 1659 836 1686 illas
851 1659 887 1692 ὡς
901 1661 960 1686 ἑνο-

180 1694 273 1740 μίζετο
291 1694 466 1740 [θὼρ-1⁸111111
489 1702 540 1740 polii
566 1695 654 1721 solum
677 1695 710 1721 ad
728 1694 772 1721 illa
796 1696 877 1735 verba

193 1729 293 1764 Ιωσήφ,
309 1729 356 1756 sed
370 1729 450 1755 etiam
464 1729 496 1755 ad
515 1729 558 1755 illa
573 1738 632 1764 quae
648 1734 809 1764 sequuntur,
826 1730 871 1756 τοῦ
891 1731 958 1758 Ἡλί.

179 1763 255 1796 Quod
274 1764 322 1790 etsi
348 1769 456 1799 acutum
475 1764 590 1796 videtur,
609 1769 650 1791 est
671 1763 759 1791 tamen
779 1765 898 1799 ineptum
920 1770 961 1791 at-

178 1806 235 1840 que
245 1798 471 1840 insulsuin._Nat_n
483 1799 506 1826 si
520 1799 607 1840 _l_t_uc:ts
621 1800 782 1839 evangelista
796 1798 836 1826 bis
847 1800 959 1840 vocibus

179 1833 216 1864 ὡς
227 1833 374 1869 ἐνομίζετο,
391 1834 502 1868 legalem
520 1835 591 1860 illam
610 1835 811 1869 generationem
828 1842 875 1861 seu
892 1835 959 1861 ado-

181 1869 299 1903 ptionem
326 1869 460 1903 intelligit,
487 1874 516 1896 ut
540 1869 597 1895 \"ult
623 1869 779 1901 Africanus,
800 1875 961 1903 sequeretur

181 1903 317 1930 Christum
343 1904 426 1930 lilium
443 1904 528 1931 fuisse
549 1903 658 1938 Josepbi
673 1912 719 1938 per
736 1904 905 1938 adoptionem
923 1905 962 1931 le-

181 1938 277 1999 falcm,
293 1938 387 1978 eodem
403 1939 481 1972 plane
506 1939 584 1965 modo
600 1947 654 1979 quo
668 1939 802 1974 Joscpbus
825 1939 896 1965 ﬁlius
912 1939 962 1965 fuit.

192 1972 249 1999 lell.
271 1974 309 1999 Ita
325 1973 468 1999 dicendum
483 1979 562 1999 esset.
584 1973 695 1999 Mariam
712 1980 771 1999 uost
786 1979 901 1999 mmtcm
915 1974 962 1999 ,Ιο-

192 1972 249 1999 leli.
271 1974 309 2000 lta
325 1973 468 2000 dicendum
483 1979 563 2006 esset,
584 1972 695 2000 nariam
712 1972 771 2008 post
786 1979 901 2001 mortem
915 1974 962 2001 Jo-

181 2008 258 2042 sephi
273 2008 397 2041 nupsisse
408 2009 466 2042 ejus
478 2008 565 2040 lratri,
579 2014 658 2042 atque
670 2016 702 2035 ex
717 2017 749 2035 eo
763 2008 900 2035 Christum
916 2017 962 2043 pe-

181 2044 293 2077 perisse,
311 2043 382 2076 quod
400 2044 510 2076 impium
535 2050 576 2070 est
597 2049 623 2070 ct
647 2044 806 2070 absurdum.
826 2044 853 2070 Id
872 2048 961 2070 tamen

181 2078 336 2104 necessario
349 2079 471 2111 sequitur
488 2086 520 2104 ex
533 2079 622 2105 verbis
637 2078 767 2105 Africani.
783 2077 913 2105 Praeterea
939 2078 962 2105 si

181 2120 262 2139 voces
276 2113 338 2144 illae,
353 2112 390 2143 ὡς
411 2113 557 2147 ἐνομίζετο,
579 2114 760 2140 extenduntur
782 2114 815 2140 ad
834 2121 866 2139 ea
880 2113 962 2140 verba

179 2147 227 2174 τοῦ
248 2147 319 2177 Ἠλῖ,
343 2148 435 2173 eadem
466 2150 570 2175 ratione
591 2149 697 2175 extendi
728 2148 809 2174 etiam
837 2153 962 2182 poterunt

182 2183 215 2218 ad
238 2190 332 2218 omnes
363 2183 565 2217 generationum
596 2184 696 2218 gradus
728 2183 774 2217 qui
799 2188 961 2216 sequuntur.

1011 1625 1135 1657 Ruﬁnus.
1154 1629 1183 1652 ut
1199 1633 1231 1652 ex
1246 1626 1368 1652 versione
1380 1626 1440 1659 ejus
1457 1628 1577 1660 apparet.

1046 1660 1100 1696 (l5)
1121 1661 1307 1696 Ἀντίπατρον
1329 1658 1456 1694 Ἡρώδου
1474 1658 1791 1696 τινόςινΗκίξ-ηθτΐξῑίο

1011 1693 1122 1730 prorsus
1150 1693 1271 1722 fabulosa
1297 1700 1338 1722 est
1360 1693 1391 1722 et
1418 1695 1612 1730 commentitia.
1641 1693 1707 1730 Nam
1734 1693 1791 1721 Au-

1011 1728 1108 1764 iipater
1135 1735 1236 1763 patrem
1262 1731 1355 1757 habuit
1377 1737 1430 1757 non
1457 1728 1588 1756 Herodem
1617 1729 1791 1756 bierodulum

1012 1766 1103 1799 templi
1130 1765 1278 1799 Apollinis,
1303 1766 1349 1792 sed
1373 1765 1543 1800 Antipatrum
1571 1764 1735 1800 ldumaaum,
1761 1770 1793 1792 ut

1012 1800 1106 1828 scribit
1127 1799 1258 1834 Jusephus
1277 1801 1303 1826 in
1321 1801 1367 1826 lib.
1384 1807 1439 1832 xtv,
1454 1807 1513 1834 cap.
1527 1800 1554 1826 ‘2.
1569 1800 1654 1832 Quem
1676 1799 1794 1833 Antipa-

1014 1840 1085 1862 trum
1103 1835 1254 1861 Alexander
1274 1834 1427 1861 Judzrorum
1453 1842 1499 1861 rex
1525 1836 1679 1868 pra-lectum
1705 1839 1794 1861 totius

1013 1870 1135 1897 Idumam
1146 1870 1297 1897 constituit.
1311 1870 1470 1903 Primusque
1485 1869 1529 1896 bic
1542 1870 1682 1903 Antipater
1693 1874 1792 1896 auctor

1013 1905 1098 1932 fuisse
1111 1905 1217 1932 videtur
1235 1906 1315 1939 hujus
1331 1905 1466 1939 potentiae,
1481 1903 1514 1930 ad
1537 1912 1618 1938 quam
1636 1905 1735 1938 posteri
1753 1904 1792 1938 ip-

1013 1940 1070 1967 sius
1095 1946 1186 1974 postca
1204 1938 1391 1974 pervenerunt.
1407 1938 1474 1965 Nam
1490 1944 1516 1965 et
1531 1939 1717 1972 praefecturam
1733 1939 1793 1965 ldu-

1013 1983 1086 2001 micae
1101 1975 1192 2008 geSsit,
1208 1974 1361 2001 Alexandro
1385 1979 1412 2000 et
1427 1975 1578 2000 Alexandra
1595 1974 1790 2008 regnantibus;

1012 2015 1038 2036 et
1050 2010 1167 2044 hospitio
1178 2014 1257 2043 atque
1268 2009 1384 2036 amicitia
1398 2017 1459 2036 cum
1473 2009 1634 2035 Ascalonitis
1647 2015 1673 2035 et
1687 2008 1794 2036 Getieis

1012 2050 1040 2071 et
1066 2043 1198 2070 Arabibus
1214 2045 1289 2077 inita,
1307 2045 1438 2071 maximas
1463 2043 1513 2070 sibi
1531 2051 1595 2077 opes
1612 2044 1792 2077 comparavit.

1049 2079 1104 2113 (16)
1128 2079 1184 2105 Τὸν
1198 2079 1283 2112 ἱερέα.
1302 2078 1446 2113 Improprie
1458 2079 1623 2105 sacerdotem
1637 2083 1726 2113 vocat,
1743 2079 1794 2113 qui

1013 2112 1072 2140 erat
1088 2114 1254 2140 bierodulus.
1269 2112 1358 2147 Longe
1372 2112 1443 2140 enim
1456 2114 1512 2140 huic
1527 2114 1596 2139 inter
1611 2121 1640 2140 se
1652 2112 1792 2146 dill‘etunt,

1016 2154 1044 2175 ut
1063 2157 1144 2183 supra
1160 2149 1259 2175 notavi.
1276 2149 1345 2174 Fieri
1360 2152 1449 2175 tamen
1474 2149 1570 2182 potuit,
1586 2152 1614 2174 ut
1632 2148 1701 2175 idem
1719 2154 1795 2176 esset.

1017 2184 1143 2210 sacerdos
1158 2189 1184 2210 et
1202 2184 1373 2215 bierodulus;
1391 2188 1453 2218 puta
1468 2183 1490 2210 si
1515 2183 1572 2209 haec
1589 2189 1648 2210 erat
1671 2183 1795 2210 conditio

181 2216 260 2244 Nulla
288 2216 371 2244 etiith
387 2218 456 2245 ratio
480 2222 532 2250 est,
558 2216 608 2245 cur
626 2219 651 2245 111
681 2216 798 2244 secundo
811 2218 893 2252 gradu
904 2218 969 2244 sub-
984 2217 1006 2245 D
1020 2219 1216 2251 sacerdotii,.ut
1237 2226 1290 2246 non
1315 2219 1368 2245 nisi
1387 2216 1468 2246 exuta
1491 2218 1614 2245 libertate
1638 2219 1794 2246 sacerdotes

183 2253 330 2279 audiantur
345 2253 433 2286 potius
468 2261 549 2287 quam
567 2254 592 2279 in
609 2253 720 2286 reliquis
738 2253 824 2280 lineis.
841 2252 898 2279 Hoc
913 2253 962 2287 igi-

184 2292 228 2313 tur
237 2287 324 2321 primo
334 2287 540 2321 improbandqu
551 2292 593 2315 est
604 2288 630 2314 in
639 2287 818 2322 explicatione
830 2287 961 2314 Africani.

185 2322 311 2357 Secundo
325 2322 384 2348 loco
410 2324 558 2350 notandum
574 2329 626 2354 est,
644 2323 716 2357 quod
741 2322 778 2348 ait
802 2323 829 2348 in
852 2330 963 2357 genera-

185 2357 259 2392 tione
274 2356 318 2382 illa
336 2357 434 2384 Christi
456 2365 537 2392 quam
561 2356 755 2387 refertLucas.
771 2356 877 2384 tertium
904 2364 964 2383 esse

185 2391 281 2418 Metelli
297 2401 304 2418 :
318 2392 392 2425 atqui
408 2392 434 2418 in
448 2391 593 2426 Evangelio
607 2392 685 2419 Lucae
699 2392 795 2419 tertius
809 2392 964 2419 nominatur

185 2427 298 2459 Matbat,
311 2434 378 2453 avus
392 2427 496 2454 scilicet
506 2427 616 2461 Josepbi
629 2436 636 2460 ;
652 2427 747 2454 Melebi
761 2435 824 2453 vero
840 2428 962 2461 quintus,

185 2462 291 2497 abavus
303 2461 406 2488 scilicet
419 2461 541 2497 Josepbi.
559 2462 651 2496 Itaque
666 2467 713 2488 aut
728 2462 885 2488 Africanum
908 2469 965 2487 me-

187 2497 272 2536 moria
287 2496 390 2536 lapsum
406 2504 466 2524 esse
479 2497 622 2536 dicentlnin
636 2501 746 2536 cstzaut
757 2498 860 2536 certein
870 2496 964 2536 codice

188 2531 323 2566 Evangelii
338 2539 394 2566 quo
405 2540 470 2559 usus
487 2537 530 2559 est
548 2531 704 2564 Africanus,
720 2531 816 2558 Melcbi
833 2532 963 2566 scriptqu

187 2565 272 2593 fuisse
288 2574 336 2600 pro
348 2565 455 2593 Matbat
478 2575 485 2594 :
511 2574 571 2601 qua:
594 2572 636 2593 est
659 2567 812 2601 conjectura
836 2565 914 2593 Beda:
938 2568 963 2593 in

187 2606 268 2635 caput
289 2609 320 2628 111
347 2601 435 2628 Lucae.
459 2600 538 2628 Certe
562 2600 715 2636 Gregorius
734 2600 920 2628 Nazianzenus
937 2602 964 2628 in

188 2636 307 2662 carmine
319 2636 362 2671 _38
376 2637 409 2663 de
432 2636 534 2663 Christi
556 2635 724 2671 geneirlbgia,
740 2635 896 2663 Alricanum
923 2645 965 2664 se-

188 2678 285 2706 quens,
302 2669 398 2706 yielcbi
418 2679 467 2706 pro
484 2669 584 2698 Matbat
600 2669 704 2706 posuit;
724 2675 750 2698 et
760 2672 919 2700 Ambrosius
937 2673 965 2698 in

189 2704 237 2731 111).
250 2713 279 2730 111
295 2704 546 2733 Commentariorum
566 2704 723 2732 in’Lucam.

225 2739 281 2773 (14)
304 2739 376 2775 ᾜως
397 2741 450 2768 τοῦ
473 2740 558 2775 Ἀδὰμ
578 2741 629 2767 τοῦ
646 2741 728 2768 Θεοῦ.
746 2739 835 2768 Nostri
860 2743 965 2770 codices

192 2773 259 2801 Mal.
272 2782 304 2810 ae
316 2774 383 2802 llled.
403 2783 463 2802 cum
482 2773 549 2802 Fuk‘.
564 2783 595 2803 ac
611 2775 692 2802 Savil.
708 2777 867 2810 particulam
885 2778 966 2805 inter-

192 2813 285 2847 ser_u_nt
297 2809 516 2847 11οομ111011ο,7ἒως
527 2810 573 2847 τοῦ
592 2811 676 2847 Ἀδὰμ
687 2809 732 2839 καὶ
744 2811 791 2838 τοῦ
804 2812 882 2844 Θεοῦ,
893 2813 965 2847 quod

192 2843 300 2879 quidem
327 2843 392 2872 mihi
417 2845 522 2872 videtur
546 2843 704 2881 elegantius.
731 2847 818 2883 Atque
842 2843 880 2875 ita
903 2843 966 2884 legit

1013 2258 1183 2286 caperentur.

1049 2288 1104 2328 (17)
1118 2287 1422 2328 Ιῖιρκτρπῷριλίοῦταις
1440 2287 1496 2314 Hoc
1504 2295 1615 2328 quoque
1628 2287 1655 2313 in
1671 2288 1731 2328 loc'o
1746 2295 1795 2328 no-

1013 2319 1062 2350 stri
1075 2319 1181 2350 codices
1198 2319 1307 2358 Regius,
1321 2323 1484 2354 Malarinus,
1502 2319 1645 2358 Medicatus
1662 2330 1692 2350 ac
1708 2321 1795 2358 lj‘uke-

1015 2359 1103 2384 tianus
1118 2357 1272 2385 constanter
1285 2359 1414 2391 scriptum
1429 2359 1527 2384 habent
1549 2357 1692 2392 φιλιοῦται.
1705 2357 1794 2390 Quam

1015 2393 1179 2427 scripturam
1207 2394 1298 2420 nescio
1322 2401 1369 2419 cur
1393 2392 1528 2420 Robertus
1542 2393 1693 2427 btcpbanns
1715 2401 1797 2427 repu-

1014 2428 1099 2455 diavit
1117 2437 1123 2454 :
1139 2427 1264 2462 φιλοῦται
1279 2429 1350 2454 enim
1362 2428 1475 2463 dicitur,
1491 2433 1520 2453 ut
1532 2427 1685 2463 ὲκθροῡται.

1050 2463 1106 2497 (18)
1126 2463 1317 2497 Ἐπιμελητιὴς
1335 2462 1390 2496 τῆς
1409 2462 1612 2497 Ιιαλαιᾳτίνής
1625 2462 1794 2496 προκόψας.

1050 2472 1106 2497 (te)
1128 2472 1185 2489 ιπ]
1222 2472 1317 2497 νιητης
1335 2472 1390 2496 της
1409 2472 1612 2495 "matorium
1625 2472 1794 2496 apoxoy'ag.

1015 2499 1154 2532 Antipater
1170 2472 1283 2525 ligodis
1307 2504 1414 2532 parens,
1430 2499 1480 2524 sub
1494 2496 1618 2532 Hyrcano
1635 2497 1794 2524 Judaaorum

1016 2541 1078 2568 rege
1098 2534 1316 2567 procurationem
1333 2533 1421 2568 totius,
1435 2533 1510 2568 regni
1531 2533 1624 2568 gessit,
1644 2536 1671 2568 et
1685 2532 1794 2568 negotia

1016 2565 1070 2595 tam
1095 2565 1183 2595 civilia
1210 2576 1291 2602 quam
1316 2567 1441 2594 militaria
1466 2565 1674 2594 administravit.
1701 2565 1796 2602 Itaque

1015 2603 1180 2639 ἐπιμελητὴς
1196 2601 1243 2637 τῆς
1258 2601 1388 2639 Ἰουδαίας
1403 2607 1429 2628 et
1439 2602 1582 2639 επῐτροπος
1594 2607 1705 2639 vocatur
1718 2608 1733 2627 a
1747 2601 1796 2627 Jo-

1015 2636 1099 2672 sepbo
1114 2636 1141 2664 in
1155 2636 1227 2665 uicto
1238 2637 1284 2664 lib.
1302 2638 1388 2663 Porro
1403 2637 1487 2663 codex
1504 2636 1572 2664 Med.
1585 2641 1612 2672 et
1627 2636 1710 2672 Savil.
1724 2644 1796 2672 χρη-

1018 2670 1130 2708 ματίσας
1147 2674 1277 2705 scriptum
1295 2672 1406 2702 habent,
1433 2679 1487 2708 non
1511 2671 1658 2708 προκόψας.
1677 2670 1705 2708 111
1723 2671 1794 2698 M'az.

1016 2705 1105 2735 autem
1120 2713 1146 2734 et
1160 2708 1227 2734 Fuk.
1240 2707 1336 2742 legitur
1343 2705 1519 2742 χρηματίσαι.
1534 2705 1621 2738 Quum
1631 2706 1796 2742 scripturam

1016 2745 1159 2770 contirmat
1170 2740 1346 2775 Nicepliorus.
1364 2741 1409 2767 Sic
1419 2741 1491 2767 enim
1503 2742 1582 2767 babet
1593 2748 1652 2774 cap.
1669 2741 1685 2767 9
1698 2740 1760 2766 libri
1776 2748 1796 2773 t,

1015 2777 1167 2812 ηὑτύχησεν
1189 2775 1264 2808 οὗτος
1274 2775 1448 2812 ᾲὲπιμελητὴς
1463 2776 1510 2810 τῆς
1526 2775 1794 2812 Παλαιστίνης-γενέ-

1019 2809 1092 2851 5'01};
1096 2809 1250 2851 Eleganter
1267 2810 1351 2838 Grazci
1369 2809 1462 2851 dicunt
1477 2809 1596 2851 εὖτυχεῐν
1611 2811 1640 2836 τὸ
1655 2809 1795 2851 γενέσθαι.

1053 2848 1107 2882 (19)
1124 2845 1187 2874 Τῶν
1203 2846 1270 2881 ἄχρι
1289 2846 1488 2880 προσηλύτων
1513 2845 1606 2871 Mirum
1619 2851 1659 2871 est
1677 2845 1703 2871 in
1719 2845 1795 2872 codi-
