1883 3056
177 112 213 142 U5
855 106 942 136 IULll
961 105 1124 135 AFRICANI
1752 97 1786 124 64

178 173 218 200 ris
238 176 265 200 et
279 171 405 199 Cochaba
432 170 531 198 Iudaea:
546 168 613 196 vicis
629 168 656 195 in
672 167 762 195 varias
784 167 908 202 regiones
920 166 962 194 di-

1022 166 1048 197 b;
1061 166 1146 200 ἔγωγε
1164 162 1275 200 νομίζω,
1291 163 1343 194 πᾶς
1350 170 1380 188 τε
1393 161 1421 192 ὃς
1432 158 1577 194 εὐγνώμων
1584 155 1789 202 τυγχάνβιῖΚαὶ

179 219 265 253 spersi
280 217 460 252 supradiclam
478 215 584 250 generis
596 214 693 242 seriem
707 221 740 240 cx
754 213 956 248 ephemeridum

180 261 249 291 libro
263 270 343 298 quam
359 265 483 296 poterant
509 259 665 286 ﬁdelissime
683 262 874 293 exposuerunt.
896 257 958 284 Sive

179 310 262 345 igitur
281 310 316 336 ita
330 316 358 336 se
378 315 420 334 res
434 307 524 337 habet,
546 306 602 333 sive
618 306 706 336 aliter,
721 305 868 339 planiorem
885 308 958 332 certe

1010 212 1076 247 ἡμῖν
1089 210 1157 245 αὕτη
1176 209 1289 245 μελέτω,
1305 209 1330 234 ei.
1344 207 1390 234 καὶ
1409 205 1444 242 μὴ
1462 202 1633 240 ὲμμάρτυρός
1649 201 1703 237 (27)
1719 201 1789 247 licet,

1072 256 1108 292 μὴ
1134 255 1272 291 κρείττονα
1294 254 1310 290 ἢ
1335 251 1517 287 ἀληθεστέραν
1540 249 1609 284 ἔχειν
1630 248 1726 274 εἰπεῖν.
1753 245 1790 272 Τδ

1012 303 1101 338 μέντοι
1116 301 1291 335 Εὑαγγέλιον,
1307 299 1413 330 πάντως
1425 296 1559 332 ἀληθεύει.

180 341 438 391 interpretationem,
457 362 518 381 meo
531 354 639 389 quidem
654 353 768 388 judicio,
791 353 961 387 aliorumque
982 351 1028 386 qui
1048 349 1118 385 aequi
1137 357 1228 376 rerum
1256 348 1434 375 aestimatores
1461 352 1521 372 esse
1535 344 1635 394 volent,
1658 349 1739 394 nemo
1748 341 1791 373 fa-

179 403 229 429 cile
241 389 378 436 repererit.
406 401 522 428 Proinde
552 401 610 428 haec
633 400 710 427 nobis
731 399 845 427 sullieiat
856 420 863 432 ,
895 399 1002 426 tametsi
1019 398 1092 424 nullo
1109 395 1261 424 testimonio
1272 395 1353 427 fulta;
1364 393 1472 429 quando
1485 398 1534 418 nec
1545 391 1681 418 meliorem
1696 389 1789 421 aliam,

179 455 228 474 nec
239 447 370 474 veriorem
387 447 508 482 proferre
524 454 678 482 possumus.
695 446 825 473 Caeterum
836 445 901 480 quin
915 452 977 471 vera
993 444 1027 471 sit
1044 442 1181 477 Evangelii
1197 441 1324 472 narratio.
1338 439 1455 466 dubitari
1467 447 1518 466 non
1535 441 1631 473 potest.

213 494 257 521 Vl.
275 495 395 522 Matthan
410 503 424 521 a
439 494 583 521 Salomone
596 502 680 529 genus
696 494 808 524 ducens,
829 492 958 520 Iacobum

179 541 282 574 genuit.
303 540 408 568 Mortuo
424 541 521 568 deinde
537 540 690 572 Matthaue,
714 539 809 566 Melchi
829 539 959 566 oriundus

178 594 212 613 ex
230 585 361 613 Nathanis
377 587 470 620 stirpe,
486 593 519 612 ex
534 585 627 612 eadem
654 585 767 612 muliere
779 584 870 619 genuit
890 582 958 610 Heli.

180 631 312 665 Quocirca
329 631 447 660 Iacobus
462 636 488 658 et
503 631 559 658 lleli
576 631 674 658 fratres
690 635 766 657 erant
780 630 887 657 uterini.
903 628 961 656 Heli

180 679 276 706 deinde
288 679 346 706 sine
359 679 456 706 liberis
471 677 597 705 defuncto
609 698 616 710 ,
632 676 749 704 Iacobus
765 677 788 704 ei
807 684 896 703 semen
912 684 960 704 su-

181 725 300 757 scitavit,
315 724 433 760 Iosepho
445 724 534 759 genito
548 724 610 759 :qui
625 728 722 750 natura
736 723 844 758 quidem
855 722 959 755 Iacobi,

180 771 239 805 lege
254 775 343 797 autem
357 770 414 798 llcli
430 770 502 798 ﬁlius
519 770 579 797 fuit.
591 769 636 797 Sic
655 774 770 804 uterque
791 767 902 803 Iosephi
914 776 960 803 pa-

180 819 221 844 ter
237 820 309 843 recte
324 815 432 843 dicitur.

1048 490 1210 524 ς”.ὶὶίατοὰν
1225 488 1302 516 ὁὰπὸ
1324 487 1478 523 Σολομῶνος
1503 485 1570 521 (‘28),
1594 484 1721 519 ἐγέννησε
1744 481 1791 509 τὸν

1018 536 1125 564 Ἰακώϐ.
1142 535 1254 563 Mat-.sz
1277 534 1464 565 ἀποθανόντος,
1482 532 1567 567 Μελχὶ
1582 533 1595 558 ὁ
1611 530 1665 557 ἀπὸ
1681 529 1790 561 Νάθαν,

1012 584 1045 610 ὲκ
1066 583 1115 619 τῆς
1138 583 1221 618 αὐτῆς
1234 581 1370 616 γυναικὸς,
1389 581 1515 615 ἐγέννησε
1530 579 1575 604 τὸν
1592 577 1649 604 Ἥλι
1660 585 1666 591 ·
1684 575 1793 611 ὁμομή-

1011 639 1081 666 τριοι
1110 630 1163 665 ἄρα
1193 629 1302 663 ἀδελφοὶ
1333 628 1387 664 (29)
1424 626 1481 653 Ἠλὶ
1509 625 1555 652 καὶ
1591 622 1696 650 Ἰακώϐ.
1733 621 1794 648 Ἠλὶ

1011 676 1123 702 ἀτέκνου
1150 674 1343 707 ἀποθανόντος,
1363 674 1377 699 ὁ
1408 671 1502 699 Ἰακὼὸ
1544 670 1691 704 ἀνέστησεν
1717 666 1794 703 αὐτῷ

1012 721 1132 757 σπέρμα,
1147 721 1278 756 γεννήσας
1293 719 1338 746 τὸν
1360 718 1468 754 Ἰωσὴφ,
1484 716 1554 744 κατὰ
1570 715 1648 750 φύσιν
1665 714 1712 750 μὲν
1728 714 1793 740 tuo-

1009 767 1059 802 τῷ,
1073 767 1142 794 κατὰ
1157 766 1236 801 νόμον
1252 766 1280 792 δὲ
1293 765 1332 801 τῷ
1353 764 1422 791 Ἠλῖ.
1441 763 1534 794 Οὕτως
1557 760 1718 797 ἀμφοτέρων
1736 759 1794 791 υἱὸς

1009 811 1044 849 ἦν
1054 814 1068 840 ὁ
1087 813 1194 848 Ἰωσήφ.

200 907 1558 925 W

625 1002 872 1081 JULII
920 997 1361 1077 AFRICANI

841 1146 924 1181 QUAE
944 1145 1149 1175 SUPEBSUNT

282 1239 372 1295 EX
410 1238 724 1305 QUINQUE
768 1235 1001 1293 LIBRIS
1044 1231 1690 1321 CHRQNOGRAPHIE,

492 1350 542 1380 Ad
558 1358 621 1379 rem
635 1357 756 1378 sacram
771 1352 799 1377 et
815 1346 1053 1378 ecclesiasticam
1074 1345 1273 1385 potissimum
1290 1344 1474 1384 spectantia.

436 1504 457 1532 l.
476 1505 552 1540 Apud
568 1504 707 1540 Georgium
725 1504 876 1540 Syncellum
891 1504 1036 1540 Chronogr.
1051 1513 1112 1539 pag.
1129 1503 1162 1530 l7
1176 1503 1239 1530 edit.
1256 1503 1346 1530 Paris.
1358 1523 1366 1535 ,
1384 1502 1418 1530 14
1438 1501 1527 1529 Venet.

216 1560 254 1589 De
271 1563 457 1590 commentitia
473 1562 660 1599 @gyptiorum
686 1562 929 1599 Chaldaeorumque

476 1597 669 1631 Chronologia.

218 1651 336 1687 Egyptii
356 1656 428 1679 certe
442 1651 475 1679 de
492 1659 549 1679 suae
566 1652 652 1679 artatis
674 1651 835 1686 antiquitate
852 1652 959 1687 jactan—

1017 1563 1085 1599 Περὶ
1100 1562 1149 1598 τῆς
1172 1561 1226 1588 τῶν
1247 1561 1399 1599 Αἰγυπτίων
1427 1561 1472 1599 ttat
1491 1558 1630 1587 Χὰλδαιων
1657 1559 1798 1595 μυθώδους

1311 1596 1492 1632 χρονολογίας.

1046 1654 1187 1689 Αἰγύπτιοι
1212 1654 1261 1690 μὲν
1283 1651 1329 1680 οὖν
1353 1652 1399 1679 ἐπὶ
1416 1653 1470 1679 τῶν
1491 1652 1718 1688 κομπωδέστερον
1738 1652 1798 1688 (50)

185 1722 238 1748 hoc
255 1722 281 1758 in
295 1721 467 1758 locoaliquid
487 1721 579 1758 (leesse
594 1726 702 1756 apparet
725 1729 757 1749 ex
769 1722 899 1757 particula
914 1732 960 1755 τε,
976 1729 997 1756 Β
1011 1724 1131 1752 ﬂectunt.
1146 1724 1174 1751 In
1198 1724 1281 1758 Regio
1302 1731 1334 1751 ac
1355 1723 1424 1750 Med.
1453 1722 1550 1757 duplex
1580 1727 1622 1749 est
1654 1727 1798 1757 accentus,

183 1764 243 1791 qua:
253 1756 420 1792 inomnibus
433 1757 532 1783 nostris
546 1757 695 1792 codicibus,
707 1762 733 1783 et
744 1758 814 1791 apud
829 1757 961 1792 Nicepho—

183 1798 243 1818 rum
253 1791 374 1817 habetur.
383 1791 471 1824 Quare
480 1791 625 1825 supplenda
636 1792 759 1818 videntur
767 1793 822 1819 haec
829 1791 907 1820 verba
916 1795 962 1820 καὶ

182 1826 238 1852 ἀπὸ
254 1827 362 1862 μνήμης
378 1827 406 1858 ἐς
419 1827 480 1852 ὅσον
497 1825 708 1862 ἐξικνοῦντοηιιίι
725 1832 797 1854 certe
812 1828 909 1862 legisse
920 1830 961 1855 vi--

185 1861 264 1888 detur
277 1861 401 1893 Ruliuus,
415 1862 460 1896 qui
479 1862 518 1889 sic
541 1862 636 1889 vertit:
654 1861 777 1888 Ordinem
803 1861 962 1897 supradicta

185 1897 359 1929 generationis
385 1898 481 1931 partim
513 1900 670 1927 memoriter.
701 1898 798 1930 partim
827 1898 906 1924 etiam
930 1907 962 1926 ea:

187 1931 295 1991 Dierum
311 1931 402 1964 libris,
429 1934 457 1958 in
482 1938 606 1966 quantum
628 1936 685 1958 erat
702 1933 841 1966 possibile,
866 1935 961 1968 perdo-

187 1974 212 1991 ce
231 1971 287 1991 ant.

185 1971 287 1993 cenant.

222 2001 325 2038 (ΞΠ-Εἰ
339 2001 388 2038 zeal
399 2001 441 2036 μὴ
465 2001 657 2038 ἐμμάρτυρος.
679 2001 707 2038 lu
730 2002 822 2029 codice
839 2002 922 2038 Regio
936 2007 963 2030 et

186 2037 256 2073 apud
270 2035 450 2073 Nicephorum
467 2035 564 2072 legitur
584 2038 607 2063 εὶ
631 2037 868 2073 καὶλὰμάρτυρος,
880 2035 962 2072 νίιυοά

187 2071 256 2098 idem
286 2076 336 2098 est.
365 2071 518 2104 Creterum,
552 2072 646 2107 quanti
677 2071 813 2099 facienda'
831 2073 867 2100 sit
901 2071 964 2100 inec

185 2107 335 2141 evangelici
353 2107 404 2133 loci
419 2107 572 2141 explicatio,
585 2112 658 2142 patet
669 2115 702 2133 ex
714 2107 755 2134 his
769 2107 889 2135 Africani
905 2116 964 2135 ver-

187 2142 245 2168 bis:
261 2142 360 2176 quippe
383 2142 428 2176 qui
443 2142 539 2169 fatetur
561 2151 620 2170 eam
649 2143 723 2168 nullo
739 2143 893 2170 testimonio
910 2142 964 2170 ful—

187 2177 236 2202 ciri
255 2183 377 2203 veterum
400 2178 573 2211 scriptorum.
591 2177 699 2204 Admitti
715 2182 804 2204 tamen
822 2186 882 2205 eam
908 2179 964 2205 vult

187 2219 202 2237 a
217 2212 312 2244 nobis,
328 2220 360 2238 co
383 2213 454 2246 quod
479 2213 552 2238 nulla
571 2213 665 2239 melior
684 2212 771 2239 afferri
788 2214 881 2246 possit.
898 2213 964 2246 Qua:

189 2253 250 2273 cum
264 2247 299 2273 ita
313 2247 377 2278 sint,
392 2248 487 2274 nollem
500 2247 644 2274 Eusebium
658 2247 683 2273 in
696 2247 828 2274 vestibulo
837 2247 964 2275 Ilistoriw

189 2289 244 2317 suae
266 2283 428 2308 memionem
448 2283 528 2317 hujus
544 2282 581 2308 rei
597 2282 700 2317 fecisse.
726 2282 817 2309 Satius
842 2283 964 2316 profecto

187 2315 282 2352 fuisset
298 2325 329 2344 ac
344 2315 493 2345 consultius
511 2319 580 2344 hanc
601 2316 806 2352 Emugeliorum
822 2315 965 2345 dissonan-

189 2351 253 2377 tiam
278 2351 385 2379 silentio
408 2353 553 2383 involvere.
569 2360 602 2379 ue
617 2352 762 2379 lectoribus
776 2360 790 2378 a
807 2353 857 2379 lidc
871 2358 964 2380 nostra

189 2386 294 2418 alienis,
304 2387 454 2420 cujusmodi
468 2393 530 2414 tunc
540 2388 667 2421 temporis
674 2391 751 2414 erant
761 2388 964 2421 quamplurimi,

1015 1764 1071 1787 tum
1101 1759 1126 1786 in
1154 1760 1320 1793 penultima,
1344 1763 1414 1794 ilum
1443 1758 1709 1794 iurantepeuultima
1740 1760 1799 1794 syl-

1013 1795 1084 1822 laba.
1103 1794 1184 1828 ldque
1197 1795 1223 1820 in
1241 1794 1300 1821 aliis
1314 1793 1394 1820 etiam
1414 1793 1569 1820 nominibus
1589 1794 1736 1826 supradicti
1749 1793 1799 1821 co-

1014 1830 1088 1857 dices
1109 1827 1273 1861 observant,
1302 1828 1407 1862 quoties
1426 1827 1581 1862 ambiguum
1597 1832 1657 1859 est,
1673 1836 1796 1862 quonam

1014 1868 1126 1892 accentu
1154 1865 1270 1891 notanda
1295 1864 1349 1890 sint
1366 1863 1518 1895 vocabula,
1547 1867 1575 1888 ut
1601 1863 1745 1890 denotatur
1766 1864 1797 1892 in

1014 1900 1075 1927 aliis
1089 1899 1196 1933 quidem
1208 1898 1406 1932 exemplaribus
1421 1897 1492 1924 hunc
1511 1902 1651 1933 accentum
1661 1918 1669 1930 ,
1686 1898 1713 1925 in
1731 1899 1797 1926 aliis

1013 1942 1079 1961 vero
1094 1935 1169 1971 illum
1192 1934 1315 1971 reperiri.
1328 1933 1479 1971 Quinetiam
1493 1932 1577 1971 nostri
1589 1933 1696 1971 colliges
1712 1934 1797 1971 paulo

1015 1973 1077 1996 ante
1091 1967 1347 2002 scriptunrhabent,
1363 1967 1417 1994 ἀπὸ
1432 1967 1477 1993 τοῦ
1492 1967 1573 1994 Δαελδ
1596 1967 1639 1994 διὰ
1655 1967 1798 2002 Σολομῶν-

1014 2013 1060 2035 τος
1076 2004 1124 2035 τὰς
1138 2001 1234 2037 γενεὰς
1245 2001 1516 2038 καταριθμουμένοις.
1535 2002 1579 2038 Sic
1599 2002 1671 2029 enim
1696 2001 1798 2032 omnes

1015 2039 1101 2066 nostri
1115 2039 1230 2070 codices,
1248 2037 1369 2072 excepto
1388 2037 1481 2071 Regio,
1505 2037 1551 2072 qui
1567 2037 1722 2073 Σολόμωνος
1739 2039 1798 2066 illic

1015 2074 1107 2100 habet.

1052 2108 1107 2144 (29)
1126 2106 1307 2144 Ὀμομήῖριω
1321 2107 1380 2144 ᾷρα
1395 2107 1529 2142 ἀδελφοί.
1550 2107 1578 2134 1η
1598 2107 1649 2134 hac
1664 2109 1797 2136 concilia-

1018 2141 1090 2170 tione
1101 2141 1181 2176 quain
1194 2141 1278 2170 refert
1293 2143 1446 2174 Africanus,
1460 2141 1513 2169 duo
1529 2147 1591 2170 sunt
1612 2151 1672 2176 qu:c
1694 2145 1798 2171 nonni-

1017 2178 1054 2204 hil
1070 2178 1235 2205 difﬁcultatis
1251 2178 1349 2205 habere
1367 2178 1501 2204 videntur.
1520 2176 1640 2204 Primum
1654 2178 1726 2204 enim
1741 2181 1798 2205 du-

1017 2213 1135 2245 bito,an
1148 2213 1255 2239 licuerit
1280 2212 1387 2240 uterino
1410 2212 1487 2239 fratri
1507 2213 1616 2240 viduam
1635 2212 1726 2239 fratris
1750 2214 1796 2240 sui

1017 2255 1129 2274 uxorem
1146 2248 1255 2279 ducere,
1271 2253 1296 2274 et
1313 2255 1345 2274 ex
1364 2255 1395 2274 ca
1410 2248 1509 2274 liberos
1523 2255 1663 2281 procreare
1690 2248 1716 2274 in
1742 2256 1798 2275 no—

1017 2290 1078 2309 men
1094 2291 1126 2309 ac
1150 2282 1277 2309 familiam
1293 2282 1384 2309 fratris
1402 2283 1443 2309 sui
1461 2283 1631 2309 transituros.
1647 2282 1700 2309 Lex
1719 2284 1795 2310 enim

1017 2316 1216 2344 Deuteronomii
1227 2325 1286 2352 cap.
1301 2325 1353 2344 xxv
1368 2317 1486 2350 loquitur
1508 2318 1541 2344 dc
1563 2317 1661 2348 fratre,
1682 2319 1728 2352 qui
1746 2319 1797 2344 ha-

1019 2352 1086 2378 bitat
1099 2353 1124 2378 in
1140 2353 1232 2379 eadem
1245 2353 1325 2379 domo
1338 2372 1345 2383 ,
1369 2356 1395 2378 cl
1415 2352 1461 2387 qui
1482 2358 1522 2379 est
1544 2353 1686 2386 συγγενής.
1712 2353 1795 2385 Quod

1018 2387 1125 2422 quidem
1143 2387 1208 2414 solis
1222 2387 1356 2422 germanis
1368 2391 1414 2413 aut
1430 2388 1637 2422 consanguineis
1651 2388 1794 2422 competit.

193 2421 303 2447 occasio
316 2422 570 2448 sulnninistraretur
586 2422 619 2448 de
635 2422 839 2456 Evangeliorum
855 2423 965 2450 veritate
979 2424 999 2452 C
1016 2421 1083 2448 Nam
1100 2421 1323 2449 uteriuus’frater
1338 2430 1390 2454 non
1406 2427 1447 2448 est
1468 2430 1499 2448 ex
1524 2421 1616 2449 eadem
1633 2421 1724 2454 domo,
1741 2430 1795 2450 ne-

189 2456 338 2492 dubitandi.
357 2457 435 2492 certe
453 2456 577 2484 Iul-ianus
593 2458 729 2492 Augustus
745 2457 772 2483 iu
787 2457 856 2483 libro
870 2463 963 2485 contra

187 2491 354 2518 Christianos
376 2491 445 2518 hanc
465 2492 688 2526 evangelistarum
704 2492 897 2519 dissmsionem
915 2500 963 2518 uo-

189 2525 229 2566 bis
245 2527 347 2566 objicit,
368 2531 444 2566 _teste
468 2526 629 2566 Hieronymo
653 2527 679 2552 in
709 2526 909 2566 Conttnnentdr'iis
937 2528 962 2566 in

190 2559 353 2596 Matthaeum.
368 2561 456 2588 Locus
478 2559 578 2588 Iuliani
604 2565 692 2588 exstat
707 2562 777 2595 apud
791 2561 919 2596 Cyrillum
936 2563 962 2589 in

188 2595 257 2622 libro
269 2601 363 2623 oetavo
378 2602 469 2624 contra
495 2596 642 2622 Iulianum.
660 2597 760 2623 Auctor
784 2595 963 2628 anstiouum

197 2629 291 2657 Veteris
304 2636 328 2658 et
342 2631 410 2658 Novi
427 2631 593 2662 Teslmuettli,
612 2639 670 2665 cap.
687 2632 720 2658 56
732 2651 738 2662 ,
753 2632 786 2657 de
801 2632 851 2658 hac
874 2633 962 2658 disso-

191 2666 281 2701 nantia
301 2667 422 2701 loquens,
438 2666 557 2693 Africani
577 2667 730 2700 opinionem
751 2667 894 2701 improbat.
911 2666 963 2694 Sed

190 2700 245 2734 ipse
259 2700 342 2727 aliam
356 2702 432 2728 alfert
447 2702 535 2728 minus
551 2702 727 2734 probabilem.

225 2734 280 2768 (28)
292 2737 411 2763 Mat-0dr
425 2738 441 2763 ό
461 2736 519 2763 ἀπὸ
537 2736 718 2770 Σολομῶνος.
740 2736 805 2763 Mira
818 2741 859 2764 est
875 2737 962 2764 varic-

192 2774 370 2806 lasraccenlus
388 2772 413 2797 in
430 2772 480 2798 hoe
504 2773 621 2798 nurnine.
641 2771 707 2797 Maz.
732 2772 840 2806 quidem
854 2777 880 2799 et
893 2772 958 2799 Fuk.

191 2805 275 2832 codex
290 2810 428 2832 accentum
460 2807 557 2833 habent
580 2807 605 2832 in
629 2805 848 2840 antepeimltima.
881 2807 959 2834 Nice-

192 2841 294 2875 phorus
317 2847 380 2868 vero
401 2845 426 2868 et
451 2840 517 2869 Fuk.
540 2842 622 2869 codex
647 2842 821 2877 peuultimam
839 2843 956 2870 circum-

1017 2465 1069 2490 que
1080 2465 1112 2483 εχ
1126 2457 1219 2483 eodem
1231 2465 1328 2492 genere
1342 2465 1349 2489 ς
1364 2465 1424 2483 cum
1443 2465 1536 2491 genus,
1558 2457 1704 2491 prmsertim
1719 2458 1796 2491 apud

1016 2492 1133 2524 Iudaeos,
1148 2499 1179 2518 ex
1195 2491 1304 2526 paterna
1318 2492 1400 2525 stirpe
1409 2491 1534 2518 ducatur.
1549 2494 1627 2518 Certe
1646 2492 1795 2521 Africanus

1015 2528 1113 2554 diserte
1136 2531 1248 2554 testatur
1272 2527 1402 2554 Iacobum
1422 2531 1448 2553 et
1471 2526 1528 2553 llcli
1551 2526 1647 2554 fratres
1667 2528 1793 2555 uter-illos

1015 2562 1180 2589 contribules
1205 2562 1314 2596 quidem
1334 2561 1417 2587 fuisse
1430 2581 1437 2590 ,
1455 2569 1488 2588 ex
1505 2562 1613 2588 diverso
1639 2566 1726 2588 taliieu
1744 2570 1794 2595 ge-

1016 2604 1088 2628 nere,
1100 2598 1130 2623 ἐκ
1145 2597 1276 2632 διαφόρων
1286 2597 1332 2623 δύο
1342 2596 1435 2629 γενῶν.
1448 2597 1571 2623 Secundo
1587 2597 1644 2624 loco
1667 2597 1796 2625 dubitare

1015 2631 1076 2666 quis
1092 2640 1144 2658 nou
1155 2631 1290 2659 immerito
1302 2632 1402 2665 possit,
1417 2637 1506 2658 utrum
1527 2632 1553 2658 in
1571 2632 1794 2666 generatiOnibus

1016 2668 1185 2694 recensendis
1198 2667 1288 2694 ratioa
1302 2666 1400 2693 Iudmis
1412 2667 1501 2693 habita
1517 2667 1549 2694 sit
1565 2673 1669 2701 patrum
1685 2667 1796 2700 adopti-

1015 2709 1120 2728 vorum.
1140 2701 1296 2735 Exemplum
1311 2702 1440 2728 habemus
1454 2702 1556 2728 illustre
1569 2704 1595 2729 in
1613 2702 1697 2733 Obeil.
1712 2703 1796 2736 cujus

1014 2736 1040 2762 in
1060 2737 1216 2772 genealogia
1229 2737 1329 2764 Christi
1347 2737 1375 2763 lit
1389 2739 1500 2764 mentio.
1520 2736 1587 2764 Nam
1604 2746 1666 2764 cum
1684 2737 1792 2764 Maalon

1665 2777 1793 2799 mortuus

1048 2807 1100 2841 (50)
1127 2806 1314 2843 Κομπῳδέστ.
1347 2806 1409 2842 Leg.
1439 2808 1540 2843 χρόνων
1569 2807 1793 2843 κομπωδέστερον

1012 2842 1198 2878 φλυαροῦντες.
1211 2842 1295 2869 Gom.
