  <div class='ocr_page' id='page_1' title='image "/cluster/home/n/w/nwhite01/storage/ocr_20150623/10/njp.32101077772406/041.png"; bbox 0 0 1883 3056; ppageno 0'>
   <div class='ocr_carea' id='block_1_1' title="bbox 195 117 1125 147">
    <p class='ocr_par' dir='ltr' id='par_1_1' title="bbox 195 117 1125 147">
     <span class='ocr_line' id='line_1_1' title="bbox 195 117 1125 147; baseline 0.001 -1"><span class='ocrx_word' id='word_1_1' title='bbox 195 117 232 146; x_wconf 78' lang='lat'><strong>67</strong></span> <span class='ocrx_word' id='word_1_2' title='bbox 819 136 822 139; x_wconf 59' lang='grc' dir='ltr'>ν</span> <span class='ocrx_word' id='word_1_3' title='bbox 858 118 945 147; x_wconf 81' lang='lat' dir='ltr'><strong>JULll</strong></span> <span class='ocrx_word' id='word_1_4' title='bbox 962 119 1125 147; x_wconf 77' lang='lat' dir='ltr'><strong>AFRICANI</strong></span> 
     </span>
    </p>
   </div>
   <div class='ocr_carea' id='block_1_2' title="bbox 987 178 1647 215">
    <p class='ocr_par' dir='ltr' id='par_1_2' title="bbox 987 178 1647 215">
     <span class='ocr_line' id='line_1_2' title="bbox 987 178 1647 215; baseline 0.003 -11"><span class='ocrx_word' id='word_1_5' title='bbox 987 181 1010 207; x_wconf 74' lang='grc' dir='ltr'><strong>Α</strong></span> <span class='ocrx_word' id='word_1_6' title='bbox 1058 178 1162 205; x_wconf 81' lang='grc' dir='ltr'>Καῖνᾶν</span> <span class='ocrx_word' id='word_1_7' title='bbox 1176 178 1204 204; x_wconf 75' lang='grc' dir='ltr'><strong>δὲ</strong></span> <span class='ocrx_word' id='word_1_8' title='bbox 1217 179 1284 205; x_wconf 78' lang='grc' dir='ltr'>ἐτῶν</span> <span class='ocrx_word' id='word_1_9' title='bbox 1301 178 1337 214; x_wconf 82' lang='grc' dir='ltr'>ρο¹</span> <span class='ocrx_word' id='word_1_10' title='bbox 1350 179 1430 214; x_wconf 82' lang='grc' dir='ltr'>γεννᾷ</span> <span class='ocrx_word' id='word_1_11' title='bbox 1440 178 1484 205; x_wconf 77' lang='grc' dir='ltr'><strong>τὸν</strong></span> <span class='ocrx_word' id='word_1_12' title='bbox 1498 179 1647 215; x_wconf 84' lang='grc' dir='ltr'>Μαλελεήλ.</span> 
     </span>
    </p>
   </div>
   <div class='ocr_carea' id='block_1_3' title="bbox 230 176 915 212">
    <p class='ocr_par' dir='ltr' id='par_1_3' title="bbox 230 176 915 212">
     <span class='ocr_line' id='line_1_3' title="bbox 230 176 915 212; baseline 0 -8"><span class='ocrx_word' id='word_1_13' title='bbox 230 176 336 205; x_wconf 83' lang='lat' dir='ltr'><strong>Cainan</strong></span> <span class='ocrx_word' id='word_1_14' title='bbox 355 181 443 205; x_wconf 85' lang='lat' dir='ltr'><strong>autem</strong></span> <span class='ocrx_word' id='word_1_15' title='bbox 462 184 593 204; x_wconf 91' lang='lat' dir='ltr'><strong>annorum</strong></span> <span class='ocrx_word' id='word_1_16' title='bbox 612 177 662 203; x_wconf 84' lang='lat' dir='ltr'><strong>l70</strong></span> <span class='ocrx_word' id='word_1_17' title='bbox 677 176 770 212; x_wconf 88' lang='lat' dir='ltr'><strong>genuit</strong></span> <span class='ocrx_word' id='word_1_18' title='bbox 784 176 915 204; x_wconf 77' lang='lat' dir='ltr'><strong>Malalecl.</strong></span> 
     </span>
    </p>
   </div>
   <div class='ocr_carea' id='block_1_4' title="bbox 231 221 865 257">
    <p class='ocr_par' dir='ltr' id='par_1_4' title="bbox 231 221 865 257">
     <span class='ocr_line' id='line_1_4' title="bbox 231 221 865 257; baseline 0 -8"><span class='ocrx_word' id='word_1_19' title='bbox 231 222 353 250; x_wconf 82' lang='lat' dir='ltr'><strong>Malaleel</strong></span> <span class='ocrx_word' id='word_1_20' title='bbox 370 231 435 250; x_wconf 86' lang='lat' dir='ltr'><strong>vero</strong></span> <span class='ocrx_word' id='word_1_21' title='bbox 451 230 584 249; x_wconf 87' lang='lat' dir='ltr'><strong>annorum</strong></span> <span class='ocrx_word' id='word_1_22' title='bbox 602 222 652 249; x_wconf 81' lang='grc'><strong>165</strong></span> <span class='ocrx_word' id='word_1_23' title='bbox 666 223 759 257; x_wconf 77' lang='lat' dir='ltr'><strong>genuit</strong></span> <span class='ocrx_word' id='word_1_24' title='bbox 773 221 865 250; x_wconf 83' lang='lat' dir='ltr'><strong>Jared.</strong></span> 
     </span>
    </p>
   </div>
   <div class='ocr_carea' id='block_1_5' title="bbox 230 267 710 303">
    <p class='ocr_par' dir='ltr' id='par_1_5' title="bbox 230 267 710 303">
     <span class='ocr_line' id='line_1_5' title="bbox 230 267 710 303; baseline 0 -7"><span class='ocrx_word' id='word_1_25' title='bbox 230 268 311 297; x_wconf 81' lang='lat' dir='ltr'><strong>Jared</strong></span> <span class='ocrx_word' id='word_1_26' title='bbox 327 270 414 296; x_wconf 61' lang='lat' dir='ltr'><strong>aetatis</strong></span> <span class='ocrx_word' id='word_1_27' title='bbox 429 269 480 296; x_wconf 69' lang='grc'>16⁵2</span> <span class='ocrx_word' id='word_1_28' title='bbox 495 269 588 303; x_wconf 79' lang='lat' dir='ltr'><strong>genuit</strong></span> <span class='ocrx_word' id='word_1_29' title='bbox 605 267 710 296; x_wconf 86' lang='lat' dir='ltr'><strong>Enoch.</strong></span> 
     </span>
    </p>
   </div>
   <div class='ocr_carea' id='block_1_6' title="bbox 232 312 975 348">
    <p class='ocr_par' dir='ltr' id='par_1_6' title="bbox 232 312 975 348">
     <span class='ocr_line' id='line_1_6' title="bbox 232 312 975 348; baseline 0 -8"><span class='ocrx_word' id='word_1_30' title='bbox 232 314 325 341; x_wconf 87' lang='lat' dir='ltr'><strong>Enoch</strong></span> <span class='ocrx_word' id='word_1_31' title='bbox 343 321 406 341; x_wconf 88' lang='lat' dir='ltr'><strong>vero</strong></span> <span class='ocrx_word' id='word_1_32' title='bbox 420 321 553 340; x_wconf 89' lang='lat' dir='ltr'><strong>annorum</strong></span> <span class='ocrx_word' id='word_1_33' title='bbox 570 313 620 340; x_wconf 75' lang='grc'>165</span> <span class='ocrx_word' id='word_1_34' title='bbox 634 314 725 348; x_wconf 82' lang='lat' dir='ltr'><strong>genuit</strong></span> <span class='ocrx_word' id='word_1_35' title='bbox 737 312 888 341; x_wconf 85' lang='lat' dir='ltr'><strong>Mathusala</strong></span> <span class='ocrx_word' id='word_1_36' title='bbox 903 323 908 340; x_wconf 92' lang='lat'><strong><em>:</em></strong></span> <span class='ocrx_word' id='word_1_37' title='bbox 925 322 975 341; x_wconf 88' lang='lat' dir='ltr'><strong>an-</strong></span> 
     </span>
    </p>
   </div>
   <div class='ocr_carea' id='block_1_7' title="bbox 196 358 972 394">
    <p class='ocr_par' dir='ltr' id='par_1_7' title="bbox 196 358 972 394">
     <span class='ocr_line' id='line_1_7' title="bbox 196 358 972 394; baseline 0.001 -9"><span class='ocrx_word' id='word_1_38' title='bbox 196 359 294 394; x_wconf 81' lang='lat' dir='ltr'><strong>nisque</strong></span> <span class='ocrx_word' id='word_1_39' title='bbox 309 359 430 386; x_wconf 77' lang='lat' dir='ltr'><strong>ducentis</strong></span> <span class='ocrx_word' id='word_1_40' title='bbox 443 363 580 393; x_wconf 74' lang='lat' dir='ltr'><strong>superstes</strong></span> <span class='ocrx_word' id='word_1_41' title='bbox 592 367 653 386; x_wconf 88' lang='lat' dir='ltr'><strong>cum</strong></span> <span class='ocrx_word' id='word_1_42' title='bbox 668 358 724 387; x_wconf 80' lang='lat' dir='ltr'><strong>Deo</strong></span> <span class='ocrx_word' id='word_1_43' title='bbox 737 359 901 394; x_wconf 83' lang='lat' dir='ltr'><strong>placuisset,</strong></span> <span class='ocrx_word' id='word_1_44' title='bbox 919 367 972 387; x_wconf 89' lang='lat' dir='ltr'><strong>non</strong></span> 
     </span>
    </p>
   </div>
   <div class='ocr_carea' id='block_1_8' title="bbox 197 404 464 431">
    <p class='ocr_par' dir='ltr' id='par_1_8' title="bbox 197 404 464 431">
     <span class='ocr_line' id='line_1_8' title="bbox 197 404 464 431; baseline 0 0"><span class='ocrx_word' id='word_1_45' title='bbox 197 404 311 431; x_wconf 90' lang='lat' dir='ltr'><strong>ulterius</strong></span> <span class='ocrx_word' id='word_1_46' title='bbox 324 404 398 431; x_wconf 90' lang='lat' dir='ltr'><strong>visus</strong></span> <span class='ocrx_word' id='word_1_47' title='bbox 412 408 464 431; x_wconf 89' lang='lat' dir='ltr'><strong>est.</strong></span> 
     </span>
    </p>
   </div>
   <div class='ocr_carea' id='block_1_9' title="bbox 231 449 883 486">
    <p class='ocr_par' dir='ltr' id='par_1_9' title="bbox 231 449 883 486">
     <span class='ocr_line' id='line_1_9' title="bbox 231 449 883 486; baseline 0.002 -9"><span class='ocrx_word' id='word_1_48' title='bbox 231 450 380 477; x_wconf 81' lang='lat' dir='ltr'><strong>Mathusala</strong></span> <span class='ocrx_word' id='word_1_49' title='bbox 395 450 474 477; x_wconf 91' lang='lat' dir='ltr'><strong>annis</strong></span> <span class='ocrx_word' id='word_1_50' title='bbox 489 450 541 477; x_wconf 85' lang='grc'><strong>187</strong></span> <span class='ocrx_word' id='word_1_51' title='bbox 554 456 635 478; x_wconf 91' lang='lat' dir='ltr'><strong>natus</strong></span> <span class='ocrx_word' id='word_1_52' title='bbox 649 455 741 486; x_wconf 80' lang='lat' dir='ltr'><strong>genuit</strong></span> <span class='ocrx_word' id='word_1_53' title='bbox 757 449 883 478; x_wconf 86' lang='lat' dir='ltr'><strong>Lamech.</strong></span> 
     </span>
    </p>
   </div>
   <div class='ocr_carea' id='block_1_10' title="bbox 230 536 792 573">
    <p class='ocr_par' dir='ltr' id='par_1_10' title="bbox 230 536 792 573">
     <span class='ocr_line' id='line_1_10' title="bbox 230 536 792 573; baseline 0 -9"><span class='ocrx_word' id='word_1_54' title='bbox 230 537 346 565; x_wconf 86' lang='lat' dir='ltr'><strong>Lamecb</strong></span> <span class='ocrx_word' id='word_1_55' title='bbox 362 537 440 564; x_wconf 82' lang='lat' dir='ltr'><strong>annis</strong></span> <span class='ocrx_word' id='word_1_56' title='bbox 458 536 509 564; x_wconf 82' lang='lat'><strong>188</strong></span> <span class='ocrx_word' id='word_1_57' title='bbox 523 543 604 565; x_wconf 90' lang='lat' dir='ltr'><strong>natus</strong></span> <span class='ocrx_word' id='word_1_58' title='bbox 619 537 712 573; x_wconf 77' lang='lat' dir='ltr'><strong>genuit</strong></span> <span class='ocrx_word' id='word_1_59' title='bbox 726 537 792 564; x_wconf 80' lang='lat' dir='ltr'><strong>Noe.</strong></span> 
     </span>
    </p>
   </div>
   <div class='ocr_carea' id='block_1_11' title="bbox 1772 121 1812 148">
    <p class='ocr_par' dir='ltr' id='par_1_11' title="bbox 1772 121 1812 148">
     <span class='ocr_line' id='line_1_11' title="bbox 1772 121 1812 148; baseline 0 0"><span class='ocrx_word' id='word_1_60' title='bbox 1772 121 1812 148; x_wconf 75' lang='grc'><strong>68</strong></span> 
     </span>
    </p>
   </div>
   <div class='ocr_carea' id='block_1_12' title="bbox 1058 224 1656 262">
    <p class='ocr_par' dir='ltr' id='par_1_12' title="bbox 1058 224 1656 262">
     <span class='ocr_line' id='line_1_12' title="bbox 1058 224 1656 262; baseline 0.005 -12"><span class='ocrx_word' id='word_1_61' title='bbox 1058 224 1198 260; x_wconf 80' lang='grc' dir='ltr'>Μαλελεὴλ</span> <span class='ocrx_word' id='word_1_62' title='bbox 1213 224 1241 251; x_wconf 79' lang='grc' dir='ltr'><strong>δὲ</strong></span> <span class='ocrx_word' id='word_1_63' title='bbox 1257 225 1324 252; x_wconf 78' lang='grc' dir='ltr'>ἐτῶν</span> <span class='ocrx_word' id='word_1_64' title='bbox 1339 225 1390 262; x_wconf 85' lang='grc' dir='ltr'>ρξε’</span> <span class='ocrx_word' id='word_1_65' title='bbox 1404 227 1484 261; x_wconf 82' lang='grc' dir='ltr'>γεννᾷ</span> <span class='ocrx_word' id='word_1_66' title='bbox 1497 226 1543 253; x_wconf 83' lang='grc' dir='ltr'><strong>τὸν</strong></span> <span class='ocrx_word' id='word_1_67' title='bbox 1563 227 1656 262; x_wconf 84' lang='grc' dir='ltr'><strong>Ίάρεδ.</strong></span> 
     </span>
    </p>
   </div>
   <div class='ocr_carea' id='block_1_13' title="bbox 1065 269 1608 307">
    <p class='ocr_par' dir='ltr' id='par_1_13' title="bbox 1065 269 1608 307">
     <span class='ocr_line' id='line_1_13' title="bbox 1065 269 1608 307; baseline 0.006 -12"><span class='ocrx_word' id='word_1_68' title='bbox 1065 269 1152 304; x_wconf 74' lang='grc' dir='ltr'>Ἰἁρεδ</span> <span class='ocrx_word' id='word_1_69' title='bbox 1165 270 1192 296; x_wconf 78' lang='grc' dir='ltr'><strong>δὲ</strong></span> <span class='ocrx_word' id='word_1_70' title='bbox 1205 270 1272 297; x_wconf 81' lang='grc' dir='ltr'>ὲτῶν</span> <span class='ocrx_word' id='word_1_71' title='bbox 1291 270 1346 306; x_wconf 76' lang='grc' dir='ltr'><strong>ρξϐ¹</strong></span> <span class='ocrx_word' id='word_1_72' title='bbox 1358 272 1439 307; x_wconf 84' lang='grc' dir='ltr'>γεννᾷ</span> <span class='ocrx_word' id='word_1_73' title='bbox 1450 271 1496 297; x_wconf 87' lang='grc' dir='ltr'><strong>τὸν</strong></span> <span class='ocrx_word' id='word_1_74' title='bbox 1517 271 1608 307; x_wconf 81' lang='grc' dir='ltr'><strong>Ἑνώχ.</strong></span> 
     </span>
    </p>
   </div>
   <div class='ocr_carea' id='block_1_14' title="bbox 1063 315 1809 354">
    <p class='ocr_par' dir='ltr' id='par_1_14' title="bbox 1063 315 1809 354">
     <span class='ocr_line' id='line_1_14' title="bbox 1063 315 1809 354; baseline 0.007 -13"><span class='ocrx_word' id='word_1_75' title='bbox 1063 315 1148 351; x_wconf 82' lang='grc' dir='ltr'><strong>Ἑνὼχ</strong></span> <span class='ocrx_word' id='word_1_76' title='bbox 1164 316 1192 342; x_wconf 82' lang='grc' dir='ltr'>δε</span> <span class='ocrx_word' id='word_1_77' title='bbox 1215 316 1345 352; x_wconf 79' lang='grc' dir='ltr'><strong>ὑπάρχων</strong></span> <span class='ocrx_word' id='word_1_78' title='bbox 1365 317 1433 344; x_wconf 88' lang='grc' dir='ltr'><strong>ὲτῶν</strong></span> <span class='ocrx_word' id='word_1_79' title='bbox 1455 317 1507 352; x_wconf 77' lang='grc' dir='ltr'><strong>ρξε’</strong></span> <span class='ocrx_word' id='word_1_80' title='bbox 1529 319 1610 354; x_wconf 80' lang='grc' dir='ltr'>γεννᾷ</span> <span class='ocrx_word' id='word_1_81' title='bbox 1634 319 1680 345; x_wconf 83' lang='grc' dir='ltr'><strong>τὸν</strong></span> <span class='ocrx_word' id='word_1_82' title='bbox 1696 319 1809 346; x_wconf 81' lang='grc' dir='ltr'>Μαθου-</span> 
     </span>
    </p>
   </div>
   <div class='ocr_carea' id='block_1_15' title="bbox 1023 358 1807 399">
    <p class='ocr_par' dir='ltr' id='par_1_15' title="bbox 1023 358 1807 399">
     <span class='ocr_line' id='line_1_15' title="bbox 1023 358 1807 399; baseline 0.005 -13"><span class='ocrx_word' id='word_1_83' title='bbox 1023 358 1100 387; x_wconf 86' lang='grc' dir='ltr'>σάλα·</span> <span class='ocrx_word' id='word_1_84' title='bbox 1115 360 1161 387; x_wconf 76' lang='grc' dir='ltr'>καὶ</span> <span class='ocrx_word' id='word_1_85' title='bbox 1173 360 1356 396; x_wconf 76' lang='grc' dir='ltr'>εὐαρεστήσας</span> <span class='ocrx_word' id='word_1_86' title='bbox 1369 361 1408 397; x_wconf 84' lang='grc' dir='ltr'>τῷ</span> <span class='ocrx_word' id='word_1_87' title='bbox 1425 361 1493 397; x_wconf 85' lang='grc' dir='ltr'><strong>Θεῷ,</strong></span> <span class='ocrx_word' id='word_1_88' title='bbox 1512 362 1643 398; x_wconf 74' lang='grc' dir='ltr'>ἐπιζήσας</span> <span class='ocrx_word' id='word_1_89' title='bbox 1658 363 1704 399; x_wconf 74' lang='grc' dir='ltr'>ἐτη</span> <span class='ocrx_word' id='word_1_90' title='bbox 1723 367 1745 390; x_wconf 75' lang='grc' dir='ltr'>σι’</span> <span class='ocrx_word' id='word_1_91' title='bbox 1755 365 1807 399; x_wconf 80' lang='grc' dir='ltr'><strong>οὐχ</strong></span> 
     </span>
    </p>
   </div>
   <div class='ocr_carea' id='block_1_16' title="bbox 1022 404 1171 439">
    <p class='ocr_par' dir='ltr' id='par_1_16' title="bbox 1022 404 1171 439">
     <span class='ocr_line' id='line_1_16' title="bbox 1022 404 1171 439; baseline 0.007 -9"><span class='ocrx_word' id='word_1_92' title='bbox 1022 404 1171 439; x_wconf 78' lang='grc' dir='ltr'><strong>εὑρίσκετο.</strong></span> 
     </span>
    </p>
   </div>
   <div class='ocr_carea' id='block_1_17' title="bbox 1056 449 1807 488">
    <p class='ocr_par' dir='ltr' id='par_1_17' title="bbox 1056 449 1807 488">
     <span class='ocr_line' id='line_1_17' title="bbox 1056 449 1807 488; baseline 0.004 -12"><span class='ocrx_word' id='word_1_93' title='bbox 1056 449 1220 477; x_wconf 78' lang='grc' dir='ltr'>Μαθουσάλα</span> <span class='ocrx_word' id='word_1_94' title='bbox 1235 450 1378 485; x_wconf 83' lang='grc' dir='ltr'>γενόμενος</span> <span class='ocrx_word' id='word_1_95' title='bbox 1391 451 1457 478; x_wconf 81' lang='grc' dir='ltr'><strong>ὲτῶν</strong></span> <span class='ocrx_word' id='word_1_96' title='bbox 1470 454 1532 487; x_wconf 85' lang='grc' dir='ltr'>ρπη¹</span> <span class='ocrx_word' id='word_1_97' title='bbox 1549 452 1603 487; x_wconf 77' lang='grc'><strong>(58)</strong></span> <span class='ocrx_word' id='word_1_98' title='bbox 1618 453 1746 488; x_wconf 80' lang='grc' dir='ltr'><strong>ἐγέννησε</strong></span> <span class='ocrx_word' id='word_1_99' title='bbox 1760 452 1807 480; x_wconf 82' lang='grc' dir='ltr'><strong>τὸν</strong></span> 
     </span>
    </p>
   </div>
   <div class='ocr_carea' id='block_1_18' title="bbox 1022 495 1126 530">
    <p class='ocr_par' dir='ltr' id='par_1_18' title="bbox 1022 495 1126 530">
     <span class='ocr_line' id='line_1_18' title="bbox 1022 495 1126 530; baseline 0.01 -8"><span class='ocrx_word' id='word_1_100' title='bbox 1022 495 1126 530; x_wconf 81' lang='grc' dir='ltr'><strong>Λάμεχ.</strong></span> 
     </span>
    </p>
   </div>
   <div class='ocr_carea' id='block_1_19' title="bbox 1056 541 1689 580">
    <p class='ocr_par' dir='ltr' id='par_1_19' title="bbox 1056 541 1689 580">
     <span class='ocr_line' id='line_1_19' title="bbox 1056 541 1689 580; baseline 0.008 -13"><span class='ocrx_word' id='word_1_101' title='bbox 1056 541 1150 577; x_wconf 67' lang='grc' dir='ltr'>Λάμεχ</span> <span class='ocrx_word' id='word_1_102' title='bbox 1166 542 1294 578; x_wconf 82' lang='grc' dir='ltr'>ὑπάρχων</span> <span class='ocrx_word' id='word_1_103' title='bbox 1309 542 1376 570; x_wconf 81' lang='grc' dir='ltr'>ἑτῶν</span> <span class='ocrx_word' id='word_1_104' title='bbox 1392 547 1453 580; x_wconf 63' lang='lat' dir='ltr'><strong>pit-If</strong></span> <span class='ocrx_word' id='word_1_105' title='bbox 1470 545 1551 580; x_wconf 84' lang='grc' dir='ltr'>γεννᾷ</span> <span class='ocrx_word' id='word_1_106' title='bbox 1562 544 1607 572; x_wconf 84' lang='grc' dir='ltr'><strong>τὸν</strong></span> <span class='ocrx_word' id='word_1_107' title='bbox 1619 545 1689 572; x_wconf 82' lang='grc' dir='ltr'>Νῶε.</span> 
     </span>
    </p>
   </div>
   <div class='ocr_carea' id='block_1_20' title="bbox 735 603 1347 641">
    <p class='ocr_par' dir='ltr' id='par_1_20' title="bbox 735 603 1347 641">
     <span class='ocr_line' id='line_1_20' title="bbox 735 603 1347 641; baseline 0.016 -12"><span class='ocrx_word' id='word_1_108' title='bbox 735 603 780 631; x_wconf 83' lang='lat' dir='ltr'><strong>1V.</strong></span> <span class='ocrx_word' id='word_1_109' title='bbox 803 603 886 636; x_wconf 78' lang='lat' dir='ltr'><strong>lbid.,</strong></span> <span class='ocrx_word' id='word_1_110' title='bbox 906 612 967 640; x_wconf 79' lang='lat' dir='ltr'><strong>pag.</strong></span> <span class='ocrx_word' id='word_1_111' title='bbox 986 606 1037 641; x_wconf 72' lang='grc'><strong>21,</strong></span> <span class='ocrx_word' id='word_1_112' title='bbox 1055 609 1092 637; x_wconf 85' lang='lat' dir='ltr'><strong>al.</strong></span> <span class='ocrx_word' id='word_1_113' title='bbox 1114 610 1157 638; x_wconf 84' lang='grc'><strong>17.</strong></span> <span class='ocrx_word' id='word_1_114' title='bbox 1181 610 1218 638; x_wconf 89' lang='lat' dir='ltr'><strong>De</strong></span> <span class='ocrx_word' id='word_1_115' title='bbox 1237 611 1347 639; x_wconf 89' lang='lat' dir='ltr'><strong>diluvio.</strong></span> 
     </span>
    </p>
   </div>
   <div class='ocr_carea' id='block_1_21' title="bbox 233 659 972 695">
    <p class='ocr_par' dir='ltr' id='par_1_21' title="bbox 233 659 972 695">
     <span class='ocr_line' id='line_1_21' title="bbox 233 659 972 695; baseline 0 -7"><span class='ocrx_word' id='word_1_116' title='bbox 233 660 391 688; x_wconf 85' lang='lat' dir='ltr'><strong>Universum</strong></span> <span class='ocrx_word' id='word_1_117' title='bbox 407 659 585 687; x_wconf 89' lang='lat' dir='ltr'><strong>animantium</strong></span> <span class='ocrx_word' id='word_1_118' title='bbox 604 668 687 695; x_wconf 87' lang='lat' dir='ltr'><strong>genus</strong></span> <span class='ocrx_word' id='word_1_119' title='bbox 703 660 781 695; x_wconf 83' lang='lat' dir='ltr'><strong>aquis</strong></span> <span class='ocrx_word' id='word_1_120' title='bbox 794 660 888 688; x_wconf 89' lang='lat' dir='ltr'><strong>diluvii</strong></span> <span class='ocrx_word' id='word_1_121' title='bbox 905 668 972 688; x_wconf 84' lang='lat' dir='ltr'><strong>cou-</strong></span> 
     </span>
    </p>
   </div>
   <div class='ocr_carea' id='block_1_22' title="bbox 195 706 969 739">
    <p class='ocr_par' dir='ltr' id='par_1_22' title="bbox 195 706 969 739">
     <span class='ocr_line' id='line_1_22' title="bbox 195 706 969 739; baseline -0.001 -4"><span class='ocrx_word' id='word_1_122' title='bbox 195 715 332 735; x_wconf 82' lang='lat' dir='ltr'><strong>summare</strong></span> <span class='ocrx_word' id='word_1_123' title='bbox 342 706 460 734; x_wconf 80' lang='lat' dir='ltr'><strong>decrevit</strong></span> <span class='ocrx_word' id='word_1_124' title='bbox 473 706 544 734; x_wconf 83' lang='lat' dir='ltr'><strong>Deus</strong></span> <span class='ocrx_word' id='word_1_125' title='bbox 552 727 560 739; x_wconf 88' lang='lat'><strong>,</strong></span> <span class='ocrx_word' id='word_1_126' title='bbox 584 706 742 734; x_wconf 85' lang='lat' dir='ltr'><strong>vicesimum</strong></span> <span class='ocrx_word' id='word_1_127' title='bbox 754 710 781 733; x_wconf 86' lang='lat' dir='ltr'><strong>et</strong></span> <span class='ocrx_word' id='word_1_128' title='bbox 791 707 969 734; x_wconf 86' lang='lat' dir='ltr'><strong>centesimum</strong></span> 
     </span>
    </p>
   </div>
   <div class='ocr_carea' id='block_1_23' title="bbox 196 751 969 787">
    <p class='ocr_par' dir='ltr' id='par_1_23' title="bbox 196 751 969 787">
     <span class='ocr_line' id='line_1_23' title="bbox 196 751 969 787; baseline 0 -7"><span class='ocrx_word' id='word_1_129' title='bbox 196 761 296 781; x_wconf 88' lang='lat' dir='ltr'><strong>annum</strong></span> <span class='ocrx_word' id='word_1_130' title='bbox 314 753 438 780; x_wconf 81' lang='lat' dir='ltr'><strong>homines</strong></span> <span class='ocrx_word' id='word_1_131' title='bbox 454 760 507 780; x_wconf 93' lang='lat' dir='ltr'><strong>non</strong></span> <span class='ocrx_word' id='word_1_132' title='bbox 527 757 702 787; x_wconf 82' lang='lat' dir='ltr'><strong>superaturos</strong></span> <span class='ocrx_word' id='word_1_133' title='bbox 723 753 853 780; x_wconf 86' lang='lat' dir='ltr'><strong>minatus.</strong></span> <span class='ocrx_word' id='word_1_134' title='bbox 871 751 969 780; x_wconf 86' lang='lat' dir='ltr'><strong>Nullus</strong></span> 
     </span>
    </p>
   </div>
   <div class='ocr_carea' id='block_1_24' title="bbox 194 798 971 834">
    <p class='ocr_par' dir='ltr' id='par_1_24' title="bbox 194 798 971 834">
     <span class='ocr_line' id='line_1_24' title="bbox 194 798 971 834; baseline 0.001 -8"><span class='ocrx_word' id='word_1_135' title='bbox 194 807 279 834; x_wconf 87' lang='lat' dir='ltr'><strong>porro</strong></span> <span class='ocrx_word' id='word_1_136' title='bbox 299 799 398 827; x_wconf 92' lang='lat' dir='ltr'><strong>dubius</strong></span> <span class='ocrx_word' id='word_1_137' title='bbox 414 800 530 832; x_wconf 60' lang='lat' dir='ltr'><strong>bysitct,</strong></span> <span class='ocrx_word' id='word_1_138' title='bbox 547 803 594 826; x_wconf 91' lang='lat' dir='ltr'><strong>aut</strong></span> <span class='ocrx_word' id='word_1_139' title='bbox 612 799 787 834; x_wconf 60' lang='lat' dir='ltr'><strong>quaestionem</strong></span> <span class='ocrx_word' id='word_1_140' title='bbox 798 798 894 826; x_wconf 87' lang='lat' dir='ltr'><strong>anxius</strong></span> <span class='ocrx_word' id='word_1_141' title='bbox 910 807 971 827; x_wconf 87' lang='lat' dir='ltr'><strong>mo-</strong></span> 
     </span>
    </p>
   </div>
   <div class='ocr_carea' id='block_1_25' title="bbox 194 845 971 880">
    <p class='ocr_par' dir='ltr' id='par_1_25' title="bbox 194 845 971 880">
     <span class='ocr_line' id='line_1_25' title="bbox 194 845 971 880; baseline 0 -8"><span class='ocrx_word' id='word_1_142' title='bbox 194 850 276 877; x_wconf 86' lang='lat' dir='ltr'><strong>veat,</strong></span> <span class='ocrx_word' id='word_1_143' title='bbox 304 846 420 880; x_wconf 89' lang='lat' dir='ltr'><strong>spatium</strong></span> <span class='ocrx_word' id='word_1_144' title='bbox 444 846 496 873; x_wconf 93' lang='lat' dir='ltr'><strong>hoc</strong></span> <span class='ocrx_word' id='word_1_145' title='bbox 520 846 582 872; x_wconf 79' lang='lat' dir='ltr'><strong>vitae</strong></span> <span class='ocrx_word' id='word_1_146' title='bbox 608 845 740 880; x_wconf 85' lang='lat' dir='ltr'><strong>quosdam</strong></span> <span class='ocrx_word' id='word_1_147' title='bbox 766 849 971 880; x_wconf 76' lang='lat' dir='ltr'><strong>praetergressos</strong></span> 
     </span>
    </p>
   </div>
   <div class='ocr_carea' id='block_1_26' title="bbox 194 891 970 927">
    <p class='ocr_par' dir='ltr' id='par_1_26' title="bbox 194 891 970 927">
     <span class='ocr_line' id='line_1_26' title="bbox 194 891 970 927; baseline -0.003 -7"><span class='ocrx_word' id='word_1_148' title='bbox 194 893 400 927; x_wconf 86' lang='lat' dir='ltr'><strong>contemplatus.</strong></span> <span class='ocrx_word' id='word_1_149' title='bbox 426 891 527 919; x_wconf 60' lang='lat' dir='ltr'><strong>[Elatis</strong></span> <span class='ocrx_word' id='word_1_150' title='bbox 553 891 654 926; x_wconf 89' lang='lat' dir='ltr'><strong>quippe</strong></span> <span class='ocrx_word' id='word_1_151' title='bbox 674 891 882 926; x_wconf 88' lang='lat' dir='ltr'><strong>durationisque</strong></span> <span class='ocrx_word' id='word_1_152' title='bbox 909 892 970 919; x_wconf 65' lang='lat' dir='ltr'><strong>vitae</strong></span> 
     </span>
    </p>
   </div>
   <div class='ocr_carea' id='block_1_27' title="bbox 195 938 970 973">
    <p class='ocr_par' dir='ltr' id='par_1_27' title="bbox 195 938 970 973">
     <span class='ocr_line' id='line_1_27' title="bbox 195 938 970 973; baseline -0.001 -8"><span class='ocrx_word' id='word_1_153' title='bbox 195 939 310 973; x_wconf 80' lang='lat' dir='ltr'><strong>spatium</strong></span> <span class='ocrx_word' id='word_1_154' title='bbox 329 942 390 973; x_wconf 90' lang='lat' dir='ltr'><strong>post</strong></span> <span class='ocrx_word' id='word_1_155' title='bbox 407 938 480 966; x_wconf 88' lang='lat' dir='ltr'><strong>solos</strong></span> <span class='ocrx_word' id='word_1_156' title='bbox 499 943 606 965; x_wconf 86' lang='lat' dir='ltr'><strong>centum</strong></span> <span class='ocrx_word' id='word_1_157' title='bbox 624 945 711 965; x_wconf 86' lang='lat' dir='ltr'><strong>annos</strong></span> <span class='ocrx_word' id='word_1_158' title='bbox 730 938 833 965; x_wconf 87' lang='lat' dir='ltr'><strong>diluvio</strong></span> <span class='ocrx_word' id='word_1_159' title='bbox 852 938 970 965; x_wconf 82' lang='lat' dir='ltr'><strong>instante</strong></span> 
     </span>
    </p>
   </div>
   <div class='ocr_carea' id='block_1_28' title="bbox 195 984 970 1019">
    <p class='ocr_par' dir='ltr' id='par_1_28' title="bbox 195 984 970 1019">
     <span class='ocr_line' id='line_1_28' title="bbox 195 984 970 1019; baseline 0.001 -9"><span class='ocrx_word' id='word_1_160' title='bbox 195 984 394 1012; x_wconf 82' lang='lat' dir='ltr'><strong>terminandum</strong></span> <span class='ocrx_word' id='word_1_161' title='bbox 404 1005 410 1017; x_wconf 89' lang='lat'><strong>,</strong></span> <span class='ocrx_word' id='word_1_162' title='bbox 426 984 613 1019; x_wconf 83' lang='lat' dir='ltr'><strong>peccatoribus</strong></span> <span class='ocrx_word' id='word_1_163' title='bbox 627 984 785 1011; x_wconf 87' lang='lat' dir='ltr'><strong>vicesimum</strong></span> <span class='ocrx_word' id='word_1_164' title='bbox 799 984 855 1018; x_wconf 87' lang='lat' dir='ltr'><strong>jam</strong></span> <span class='ocrx_word' id='word_1_165' title='bbox 869 992 970 1011; x_wconf 91' lang='lat' dir='ltr'><strong>annum</strong></span> 
     </span>
    </p>
   </div>
   <div class='ocr_carea' id='block_1_29' title="bbox 194 1030 972 1065">
    <p class='ocr_par' dir='ltr' id='par_1_29' title="bbox 194 1030 972 1065">
     <span class='ocr_line' id='line_1_29' title="bbox 194 1030 972 1065; baseline 0 -8"><span class='ocrx_word' id='word_1_166' title='bbox 194 1030 353 1065; x_wconf 81' lang='lat' dir='ltr'><strong>agentibus,</strong></span> <span class='ocrx_word' id='word_1_167' title='bbox 371 1030 398 1057; x_wconf 93' lang='lat' dir='ltr'><strong>in</strong></span> <span class='ocrx_word' id='word_1_168' title='bbox 413 1030 547 1058; x_wconf 75' lang='lat' dir='ltr'><strong>scelerum</strong></span> <span class='ocrx_word' id='word_1_169' title='bbox 563 1037 670 1065; x_wconf 64' lang='lat' dir='ltr'><strong>poenam</strong></span> <span class='ocrx_word' id='word_1_170' title='bbox 682 1050 689 1062; x_wconf 94' lang='lat'><strong>,</strong></span> <span class='ocrx_word' id='word_1_171' title='bbox 706 1030 778 1057; x_wconf 86' lang='lat' dir='ltr'><strong>velut</strong></span> <span class='ocrx_word' id='word_1_172' title='bbox 792 1030 846 1057; x_wconf 89' lang='lat' dir='ltr'><strong>lata</strong></span> <span class='ocrx_word' id='word_1_173' title='bbox 863 1035 972 1057; x_wconf 82' lang='lat' dir='ltr'><strong>senten-</strong></span> 
     </span>
    </p>
   </div>
   <div class='ocr_carea' id='block_1_30' title="bbox 1059 666 1804 705">
    <p class='ocr_par' dir='ltr' id='par_1_30' title="bbox 1059 666 1804 705">
     <span class='ocr_line' id='line_1_30' title="bbox 1059 666 1804 705; baseline 0.008 -13"><span class='ocrx_word' id='word_1_174' title='bbox 1059 666 1149 700; x_wconf 86' lang='grc' dir='ltr'>Ἔγνω</span> <span class='ocrx_word' id='word_1_175' title='bbox 1169 668 1223 694; x_wconf 82' lang='grc' dir='ltr'><strong>πᾶν</strong></span> <span class='ocrx_word' id='word_1_176' title='bbox 1232 666 1252 694; x_wconf 80' lang='grc' dir='ltr'><strong>’ὁ</strong></span> <span class='ocrx_word' id='word_1_177' title='bbox 1267 668 1333 700; x_wconf 86' lang='grc' dir='ltr'>Θεὸς</span> <span class='ocrx_word' id='word_1_178' title='bbox 1346 668 1474 702; x_wconf 79' lang='grc' dir='ltr'><strong>ἀφανίσαι</strong></span> <span class='ocrx_word' id='word_1_179' title='bbox 1495 669 1571 702; x_wconf 77' lang='grc' dir='ltr'>ζώων</span> <span class='ocrx_word' id='word_1_180' title='bbox 1588 670 1664 705; x_wconf 84' lang='grc' dir='ltr'>γένος</span> <span class='ocrx_word' id='word_1_181' title='bbox 1677 671 1705 698; x_wconf 79' lang='grc' dir='ltr'>ἐν</span> <span class='ocrx_word' id='word_1_182' title='bbox 1721 680 1804 698; x_wconf 83' lang='grc' dir='ltr'>κατα-</span> 
     </span>
    </p>
   </div>
   <div class='ocr_carea' id='block_1_31' title="bbox 1020 712 1802 753">
    <p class='ocr_par' dir='ltr' id='par_1_31' title="bbox 1020 712 1802 753">
     <span class='ocr_line' id='line_1_31' title="bbox 1020 712 1802 753; baseline 0.008 -14"><span class='ocrx_word' id='word_1_183' title='bbox 1020 712 1142 749; x_wconf 83' lang='grc' dir='ltr'>κλυσμῷ,</span> <span class='ocrx_word' id='word_1_184' title='bbox 1160 714 1311 750; x_wconf 81' lang='grc' dir='ltr'>ἀπειλήσας</span> <span class='ocrx_word' id='word_1_185' title='bbox 1332 720 1374 752; x_wconf 76' lang='grc' dir='ltr'>ρκ’</span> <span class='ocrx_word' id='word_1_186' title='bbox 1389 717 1436 752; x_wconf 77' lang='grc' dir='ltr'>ἐτη</span> <span class='ocrx_word' id='word_1_187' title='bbox 1451 717 1499 752; x_wconf 83' lang='grc' dir='ltr'>οὐχ</span> <span class='ocrx_word' id='word_1_188' title='bbox 1519 717 1718 753; x_wconf 61' lang='grc' dir='ltr'>ὑπερϐήσεσθαι</span> <span class='ocrx_word' id='word_1_189' title='bbox 1738 719 1802 750; x_wconf 79' lang='grc' dir='ltr'>τοὺς</span> 
     </span>
    </p>
   </div>
   <div class='ocr_carea' id='block_1_32' title="bbox 1019 758 1802 798">
    <p class='ocr_par' dir='ltr' id='par_1_32' title="bbox 1019 758 1802 798">
     <span class='ocr_line' id='line_1_32' title="bbox 1019 758 1802 798; baseline 0.009 -15"><span class='ocrx_word' id='word_1_190' title='bbox 1019 758 1187 793; x_wconf 80' lang='grc' dir='ltr'>ἀνθρώπους.</span> <span class='ocrx_word' id='word_1_191' title='bbox 1202 760 1278 796; x_wconf 82' lang='grc' dir='ltr'>Μηδὲ</span> <span class='ocrx_word' id='word_1_192' title='bbox 1293 760 1442 797; x_wconf 66' lang='grc' dir='ltr'>νομιζέσθω</span> <span class='ocrx_word' id='word_1_193' title='bbox 1454 762 1573 798; x_wconf 81' lang='grc' dir='ltr'>ζήτημα,</span> <span class='ocrx_word' id='word_1_194' title='bbox 1589 763 1633 790; x_wconf 82' lang='grc' dir='ltr'>διὰ</span> <span class='ocrx_word' id='word_1_195' title='bbox 1647 763 1676 789; x_wconf 92' lang='grc' dir='ltr'><strong>τὸ</strong></span> <span class='ocrx_word' id='word_1_196' title='bbox 1691 763 1802 790; x_wconf 78' lang='grc' dir='ltr'><strong>πλείονα</strong></span> 
     </span>
    </p>
   </div>
   <div class='ocr_carea' id='block_1_33' title="bbox 1019 805 1800 846">
    <p class='ocr_par' dir='ltr' id='par_1_33' title="bbox 1019 805 1800 846">
     <span class='ocr_line' id='line_1_33' title="bbox 1019 805 1800 846; baseline 0.006 -15"><span class='ocrx_word' id='word_1_197' title='bbox 1019 805 1114 840; x_wconf 85' lang='grc' dir='ltr'>χρόνον</span> <span class='ocrx_word' id='word_1_198' title='bbox 1135 806 1210 838; x_wconf 74' lang='grc' dir='ltr'>τινας</span> <span class='ocrx_word' id='word_1_199' title='bbox 1226 806 1336 843; x_wconf 77' lang='grc' dir='ltr'>ὕστερον</span> <span class='ocrx_word' id='word_1_200' title='bbox 1352 808 1456 843; x_wconf 82' lang='grc' dir='ltr'><strong>βιῶναι.</strong></span> <span class='ocrx_word' id='word_1_201' title='bbox 1470 809 1506 835; x_wconf 88' lang='grc' dir='ltr'>Τὸ</span> <span class='ocrx_word' id='word_1_202' title='bbox 1519 809 1573 846; x_wconf 82' lang='grc' dir='ltr'><strong>γὰρ</strong></span> <span class='ocrx_word' id='word_1_203' title='bbox 1593 809 1729 845; x_wconf 83' lang='grc' dir='ltr'>διάστημα</span> <span class='ocrx_word' id='word_1_204' title='bbox 1753 809 1800 836; x_wconf 80' lang='grc' dir='ltr'>τοῦ</span> 
     </span>
    </p>
   </div>
   <div class='ocr_carea' id='block_1_34' title="bbox 1021 851 1800 891">
    <p class='ocr_par' dir='ltr' id='par_1_34' title="bbox 1021 851 1800 891">
     <span class='ocr_line' id='line_1_34' title="bbox 1021 851 1800 891; baseline 0.006 -13"><span class='ocrx_word' id='word_1_205' title='bbox 1021 851 1116 887; x_wconf 78' lang='grc' dir='ltr'>χρόνου</span> <span class='ocrx_word' id='word_1_206' title='bbox 1140 853 1250 888; x_wconf 83' lang='grc' dir='ltr'>γέγονεν</span> <span class='ocrx_word' id='word_1_207' title='bbox 1273 855 1368 882; x_wconf 78' lang='grc' dir='ltr'>ἑκατὸν</span> <span class='ocrx_word' id='word_1_208' title='bbox 1384 855 1430 891; x_wconf 79' lang='grc' dir='ltr'>ἔτη</span> <span class='ocrx_word' id='word_1_209' title='bbox 1448 856 1526 891; x_wconf 87' lang='grc' dir='ltr'>μέχρι</span> <span class='ocrx_word' id='word_1_210' title='bbox 1543 855 1589 882; x_wconf 80' lang='grc' dir='ltr'>τοῦ</span> <span class='ocrx_word' id='word_1_211' title='bbox 1608 856 1800 891; x_wconf 81' lang='grc' dir='ltr'><strong>κατακλυσμοῦ</strong></span> 
     </span>
    </p>
   </div>
   <div class='ocr_carea' id='block_1_35' title="bbox 1023 898 1801 937">
    <p class='ocr_par' dir='ltr' id='par_1_35' title="bbox 1023 898 1801 937">
     <span class='ocr_line' id='line_1_35' title="bbox 1023 898 1801 937; baseline 0.005 -13"><span class='ocrx_word' id='word_1_212' title='bbox 1023 898 1091 925; x_wconf 82' lang='grc' dir='ltr'>κατὰ</span> <span class='ocrx_word' id='word_1_213' title='bbox 1106 899 1159 925; x_wconf 80' lang='grc' dir='ltr'><strong>τῶν</strong></span> <span class='ocrx_word' id='word_1_214' title='bbox 1175 900 1343 936; x_wconf 82' lang='grc' dir='ltr'><strong>ἁμαρτωλῶν</strong></span> <span class='ocrx_word' id='word_1_215' title='bbox 1358 901 1412 928; x_wconf 83' lang='grc' dir='ltr'>τῶν</span> <span class='ocrx_word' id='word_1_216' title='bbox 1431 901 1500 928; x_wconf 85' lang='grc' dir='ltr'>τότε”</span> <span class='ocrx_word' id='word_1_217' title='bbox 1517 899 1586 936; x_wconf 82' lang='grc' dir='ltr'>ἦσαν</span> <span class='ocrx_word' id='word_1_218' title='bbox 1609 902 1663 937; x_wconf 79' lang='grc' dir='ltr'><strong>γὰρ</strong></span> <span class='ocrx_word' id='word_1_219' title='bbox 1679 903 1801 929; x_wconf 85' lang='grc' dir='ltr'>εἰκοσαε-</span> 
     </span>
    </p>
   </div>
   <div class='ocr_carea' id='block_1_36' title="bbox 1022 943 1799 982">
    <p class='ocr_par' dir='ltr' id='par_1_36' title="bbox 1022 943 1799 982">
     <span class='ocr_line' id='line_1_36' title="bbox 1022 943 1799 982; baseline 0.006 -14"><span class='ocrx_word' id='word_1_220' title='bbox 1022 944 1085 974; x_wconf 81' lang='grc' dir='ltr'>τεῑς.</span> <span class='ocrx_word' id='word_1_221' title='bbox 1104 943 1148 979; x_wconf 82' lang='grc' dir='ltr'><strong>Τῷ</strong></span> <span class='ocrx_word' id='word_1_222' title='bbox 1164 944 1225 970; x_wconf 84' lang='grc' dir='ltr'><strong>Νῶε</strong></span> <span class='ocrx_word' id='word_1_223' title='bbox 1242 945 1285 972; x_wconf 85' lang='grc' dir='ltr'>διὰ</span> <span class='ocrx_word' id='word_1_224' title='bbox 1300 945 1469 981; x_wconf 81' lang='grc' dir='ltr'>δικαιοσύνην</span> <span class='ocrx_word' id='word_1_225' title='bbox 1489 946 1699 982; x_wconf 79' lang='grc' dir='ltr'>εὐαρεστήσαντι</span> <span class='ocrx_word' id='word_1_226' title='bbox 1714 947 1799 973; x_wconf 73' lang='grc' dir='ltr'>κιϐω-</span> 
     </span>
    </p>
   </div>
   <div class='ocr_carea' id='block_1_37' title="bbox 1022 987 1801 1028">
    <p class='ocr_par' dir='ltr' id='par_1_37' title="bbox 1022 987 1801 1028">
     <span class='ocr_line' id='line_1_37' title="bbox 1022 987 1801 1028; baseline 0.006 -14"><span class='ocrx_word' id='word_1_227' title='bbox 1022 987 1067 1014; x_wconf 86' lang='grc' dir='ltr'><strong>τὸν</strong></span> <span class='ocrx_word' id='word_1_228' title='bbox 1081 988 1193 1016; x_wconf 81' lang='grc' dir='ltr'>ὑπέθετο</span> <span class='ocrx_word' id='word_1_229' title='bbox 1207 991 1407 1018; x_wconf 85' lang='grc' dir='ltr'>κατασκευάσαι</span> <span class='ocrx_word' id='word_1_230' title='bbox 1418 991 1492 1028; x_wconf 76' lang='grc' dir='ltr'>Θεός·</span> <span class='ocrx_word' id='word_1_231' title='bbox 1507 992 1552 1018; x_wconf 78' lang='grc' dir='ltr'>καὶ</span> <span class='ocrx_word' id='word_1_232' title='bbox 1567 992 1729 1028; x_wconf 81' lang='grc' dir='ltr'><strong>γενομένης,</strong></span> <span class='ocrx_word' id='word_1_233' title='bbox 1745 993 1801 1019; x_wconf 82' lang='grc' dir='ltr'>εἰσ-</span> 
     </span>
    </p>
   </div>
   <div class='ocr_carea' id='block_1_38' title="bbox 1022 1033 1799 1073">
    <p class='ocr_par' dir='ltr' id='par_1_38' title="bbox 1022 1033 1799 1073">
     <span class='ocr_line' id='line_1_38' title="bbox 1022 1033 1799 1073; baseline 0.006 -14"><span class='ocrx_word' id='word_1_234' title='bbox 1022 1033 1103 1067; x_wconf 81' lang='grc' dir='ltr'>ἦλοον</span> <span class='ocrx_word' id='word_1_235' title='bbox 1133 1035 1172 1066; x_wconf 85' lang='grc' dir='ltr'><strong>είς</strong></span> <span class='ocrx_word' id='word_1_236' title='bbox 1188 1035 1282 1071; x_wconf 83' lang='grc' dir='ltr'>αὐτὴν,</span> <span class='ocrx_word' id='word_1_237' title='bbox 1298 1036 1377 1068; x_wconf 83' lang='grc' dir='ltr'>αὑτός</span> <span class='ocrx_word' id='word_1_238' title='bbox 1392 1045 1420 1063; x_wconf 91' lang='grc' dir='ltr'><strong>τε</strong></span> <span class='ocrx_word' id='word_1_239' title='bbox 1434 1036 1505 1069; x_wconf 83' lang='grc' dir='ltr'><strong>Νῶε,</strong></span> <span class='ocrx_word' id='word_1_240' title='bbox 1515 1037 1561 1063; x_wconf 80' lang='grc' dir='ltr'>καὶ</span> <span class='ocrx_word' id='word_1_241' title='bbox 1572 1038 1596 1064; x_wconf 73' lang='lat' dir='ltr'><strong>ot</strong></span> <span class='ocrx_word' id='word_1_242' title='bbox 1611 1038 1672 1070; x_wconf 76' lang='grc' dir='ltr'>υίοὶ,</span> <span class='ocrx_word' id='word_1_243' title='bbox 1687 1039 1704 1073; x_wconf 84' lang='grc' dir='ltr'>ἡ</span> <span class='ocrx_word' id='word_1_244' title='bbox 1719 1038 1799 1073; x_wconf 78' lang='grc' dir='ltr'>γυνὴ,</span> 
     </span>
    </p>
   </div>
   <div class='ocr_carea' id='block_1_39' title="bbox 193 1074 968 1118">
    <p class='ocr_par' dir='ltr' id='par_1_39' title="bbox 193 1076 968 1111">
     <span class='ocr_line' id='line_1_39' title="bbox 193 1076 968 1111; baseline 0 -8"><span class='ocrx_word' id='word_1_245' title='bbox 193 1076 230 1103; x_wconf 90' lang='lat' dir='ltr'><strong>tia</strong></span> <span class='ocrx_word' id='word_1_246' title='bbox 245 1076 455 1111; x_wconf 78' lang='lat' dir='ltr'><strong>fuitprzetixum.</strong></span> <span class='ocrx_word' id='word_1_247' title='bbox 468 1076 524 1104; x_wconf 80' lang='lat' dir='ltr'><strong>Noe</strong></span> <span class='ocrx_word' id='word_1_248' title='bbox 531 1084 596 1104; x_wconf 87' lang='lat' dir='ltr'><strong>vero</strong></span> <span class='ocrx_word' id='word_1_249' title='bbox 612 1076 646 1103; x_wconf 92' lang='lat' dir='ltr'><strong>ob</strong></span> <span class='ocrx_word' id='word_1_250' title='bbox 661 1076 825 1110; x_wconf 77' lang='lat' dir='ltr'><strong>singularem</strong></span> <span class='ocrx_word' id='word_1_251' title='bbox 837 1077 968 1111; x_wconf 88' lang='lat' dir='ltr'><strong>justitiam</strong></span> 
     </span>
    </p>
   </div>
   <div class='ocr_carea' id='block_1_40' title="bbox 1032 1074 1800 1118">
    <p class='ocr_par' dir='ltr' id='par_1_40' title="bbox 1032 1078 1800 1118">
     <span class='ocr_line' id='line_1_40' title="bbox 1032 1078 1800 1118; baseline 0.004 -13"><span class='ocrx_word' id='word_1_252' title='bbox 1032 1078 1068 1105; x_wconf 80' lang='grc' dir='ltr'>ιαὶ</span> <span class='ocrx_word' id='word_1_253' title='bbox 1084 1079 1111 1105; x_wconf 71' lang='lat' dir='ltr'><strong>at</strong></span> <span class='ocrx_word' id='word_1_254' title='bbox 1127 1079 1239 1115; x_wconf 78' lang='grc' dir='ltr'>νύμφαι,</span> <span class='ocrx_word' id='word_1_255' title='bbox 1256 1081 1302 1107; x_wconf 79' lang='grc' dir='ltr'>καὶ</span> <span class='ocrx_word' id='word_1_256' title='bbox 1326 1081 1380 1108; x_wconf 83' lang='grc' dir='ltr'><strong>ἀπὸ</strong></span> <span class='ocrx_word' id='word_1_257' title='bbox 1403 1082 1502 1113; x_wconf 82' lang='grc' dir='ltr'>παντὸς</span> <span class='ocrx_word' id='word_1_258' title='bbox 1523 1081 1591 1114; x_wconf 81' lang='grc' dir='ltr'>ζώου</span> <span class='ocrx_word' id='word_1_259' title='bbox 1613 1082 1741 1118; x_wconf 80' lang='grc' dir='ltr'><strong>ἀπαρχὴ,</strong></span> <span class='ocrx_word' id='word_1_260' title='bbox 1759 1084 1800 1115; x_wconf 81' lang='grc' dir='ltr'><strong>είς</strong></span> 
     </span>
    </p>
   </div>
   <div class='ocr_carea' id='block_1_41' title="bbox 194 1122 970 1158">
    <p class='ocr_par' dir='ltr' id='par_1_41' title="bbox 194 1122 970 1158">
     <span class='ocr_line' id='line_1_41' title="bbox 194 1122 970 1158; baseline 0 -8"><span class='ocrx_word' id='word_1_261' title='bbox 194 1123 246 1150; x_wconf 88' lang='lat' dir='ltr'><strong>sibi</strong></span> <span class='ocrx_word' id='word_1_262' title='bbox 264 1128 370 1158; x_wconf 87' lang='lat' dir='ltr'><strong>gratum</strong></span> <span class='ocrx_word' id='word_1_263' title='bbox 391 1131 480 1150; x_wconf 81' lang='lat' dir='ltr'><strong>arcam</strong></span> <span class='ocrx_word' id='word_1_264' title='bbox 501 1128 660 1150; x_wconf 84' lang='lat' dir='ltr'><strong>construere</strong></span> <span class='ocrx_word' id='word_1_265' title='bbox 675 1123 758 1157; x_wconf 89' lang='lat' dir='ltr'><strong>jussit</strong></span> <span class='ocrx_word' id='word_1_266' title='bbox 775 1122 845 1150; x_wconf 89' lang='lat' dir='ltr'><strong>Deus</strong></span> <span class='ocrx_word' id='word_1_267' title='bbox 860 1132 867 1150; x_wconf 75' lang='grc' dir='ltr'>ε</span> <span class='ocrx_word' id='word_1_268' title='bbox 885 1131 970 1158; x_wconf 86' lang='lat' dir='ltr'><strong>eaque</strong></span> 
     </span>
    </p>
   </div>
   <div class='ocr_carea' id='block_1_42' title="bbox 193 1167 968 1204">
    <p class='ocr_par' dir='ltr' id='par_1_42' title="bbox 193 1167 968 1204">
     <span class='ocr_line' id='line_1_42' title="bbox 193 1167 968 1204; baseline 0 -9"><span class='ocrx_word' id='word_1_269' title='bbox 193 1168 335 1200; x_wconf 79' lang='lat' dir='ltr'><strong>absoluta,</strong></span> <span class='ocrx_word' id='word_1_270' title='bbox 357 1169 469 1204; x_wconf 83' lang='lat' dir='ltr'><strong>ingressi</strong></span> <span class='ocrx_word' id='word_1_271' title='bbox 494 1173 558 1195; x_wconf 90' lang='lat' dir='ltr'><strong>sunt</strong></span> <span class='ocrx_word' id='word_1_272' title='bbox 577 1169 604 1195; x_wconf 95' lang='lat' dir='ltr'><strong>in</strong></span> <span class='ocrx_word' id='word_1_273' title='bbox 625 1176 683 1196; x_wconf 89' lang='lat' dir='ltr'><strong>eam</strong></span> <span class='ocrx_word' id='word_1_274' title='bbox 706 1169 763 1203; x_wconf 88' lang='lat' dir='ltr'><strong>ipse</strong></span> <span class='ocrx_word' id='word_1_275' title='bbox 785 1167 841 1196; x_wconf 89' lang='lat' dir='ltr'><strong>Noe</strong></span> <span class='ocrx_word' id='word_1_276' title='bbox 862 1173 889 1196; x_wconf 89' lang='lat' dir='ltr'><strong>et</strong></span> <span class='ocrx_word' id='word_1_277' title='bbox 902 1169 968 1201; x_wconf 84' lang='lat' dir='ltr'><strong>ﬁlii,</strong></span> 
     </span>
    </p>
   </div>
   <div class='ocr_carea' id='block_1_43' title="bbox 195 1213 970 1248">
    <p class='ocr_par' dir='ltr' id='par_1_43' title="bbox 195 1213 970 1248">
     <span class='ocr_line' id='line_1_43' title="bbox 195 1213 970 1248; baseline -0.001 -8"><span class='ocrx_word' id='word_1_278' title='bbox 195 1221 264 1240; x_wconf 79' lang='lat' dir='ltr'><strong>uxor</strong></span> <span class='ocrx_word' id='word_1_279' title='bbox 280 1217 305 1240; x_wconf 88' lang='lat' dir='ltr'><strong>et</strong></span> <span class='ocrx_word' id='word_1_280' title='bbox 323 1221 424 1246; x_wconf 87' lang='lat' dir='ltr'><strong>nurus,</strong></span> <span class='ocrx_word' id='word_1_281' title='bbox 442 1217 468 1240; x_wconf 92' lang='lat' dir='ltr'><strong>et</strong></span> <span class='ocrx_word' id='word_1_282' title='bbox 488 1213 592 1240; x_wconf 67' lang='lat' dir='ltr'><strong>selectae</strong></span> <span class='ocrx_word' id='word_1_283' title='bbox 609 1213 730 1248; x_wconf 67' lang='lat' dir='ltr'><strong>quaedam</strong></span> <span class='ocrx_word' id='word_1_284' title='bbox 748 1213 781 1240; x_wconf 90' lang='lat' dir='ltr'><strong>ad</strong></span> <span class='ocrx_word' id='word_1_285' title='bbox 800 1213 905 1248; x_wconf 79' lang='lat' dir='ltr'><strong>generis</strong></span> <span class='ocrx_word' id='word_1_286' title='bbox 923 1220 970 1240; x_wconf 66' lang='lat' dir='ltr'><strong>eo~</strong></span> 
     </span>
    </p>
   </div>
   <div class='ocr_carea' id='block_1_44' title="bbox 194 1258 968 1294">
    <p class='ocr_par' dir='ltr' id='par_1_44' title="bbox 194 1258 968 1294">
     <span class='ocr_line' id='line_1_44' title="bbox 194 1258 968 1294; baseline -0.003 -8"><span class='ocrx_word' id='word_1_287' title='bbox 194 1267 255 1286; x_wconf 94' lang='lat' dir='ltr'><strong>rum</strong></span> <span class='ocrx_word' id='word_1_288' title='bbox 283 1259 404 1294; x_wconf 84' lang='lat' dir='ltr'><strong>cujusvis</strong></span> <span class='ocrx_word' id='word_1_289' title='bbox 432 1259 610 1287; x_wconf 87' lang='lat' dir='ltr'><strong>conservandi</strong></span> <span class='ocrx_word' id='word_1_290' title='bbox 637 1258 763 1286; x_wconf 87' lang='lat' dir='ltr'><strong>ﬁduciam</strong></span> <span class='ocrx_word' id='word_1_291' title='bbox 790 1258 968 1285; x_wconf 90' lang='lat' dir='ltr'><strong>animantium</strong></span> 
     </span>
    </p>
   </div>
   <div class='ocr_carea' id='block_1_45' title="bbox 193 1303 970 1340">
    <p class='ocr_par' dir='ltr' id='par_1_45' title="bbox 193 1303 970 1340">
     <span class='ocr_line' id='line_1_45' title="bbox 193 1303 970 1340; baseline -0.003 -8"><span class='ocrx_word' id='word_1_292' title='bbox 193 1306 330 1340; x_wconf 67' lang='lat' dir='ltr'><strong>primitiae.</strong></span> <span class='ocrx_word' id='word_1_293' title='bbox 346 1305 506 1333; x_wconf 88' lang='lat' dir='ltr'><strong>lmminente</strong></span> <span class='ocrx_word' id='word_1_294' title='bbox 519 1313 599 1340; x_wconf 88' lang='lat' dir='ltr'><strong>porro</strong></span> <span class='ocrx_word' id='word_1_295' title='bbox 617 1304 718 1332; x_wconf 90' lang='lat' dir='ltr'><strong>diluvio</strong></span> <span class='ocrx_word' id='word_1_296' title='bbox 733 1312 819 1331; x_wconf 88' lang='lat' dir='ltr'><strong>annos</strong></span> <span class='ocrx_word' id='word_1_297' title='bbox 833 1303 895 1331; x_wconf 66' lang='lat' dir='ltr'><strong>vita:</strong></span> <span class='ocrx_word' id='word_1_298' title='bbox 909 1311 970 1331; x_wconf 84' lang='lat' dir='ltr'><strong>sex-</strong></span> 
     </span>
    </p>
   </div>
   <div class='ocr_carea' id='block_1_46' title="bbox 193 1350 967 1387">
    <p class='ocr_par' dir='ltr' id='par_1_46' title="bbox 193 1350 967 1387">
     <span class='ocr_line' id='line_1_46' title="bbox 193 1350 967 1387; baseline -0.004 -7"><span class='ocrx_word' id='word_1_299' title='bbox 193 1357 286 1380; x_wconf 86' lang='lat' dir='ltr'><strong>centos</strong></span> <span class='ocrx_word' id='word_1_300' title='bbox 298 1351 353 1380; x_wconf 88' lang='lat' dir='ltr'><strong>Noe</strong></span> <span class='ocrx_word' id='word_1_301' title='bbox 365 1352 419 1387; x_wconf 88' lang='lat' dir='ltr'><strong>jam</strong></span> <span class='ocrx_word' id='word_1_302' title='bbox 434 1352 558 1387; x_wconf 78' lang='lat' dir='ltr'><strong>attigerat</strong></span> <span class='ocrx_word' id='word_1_303' title='bbox 570 1360 577 1385; x_wconf 82' lang='grc'><strong>;</strong></span> <span class='ocrx_word' id='word_1_304' title='bbox 591 1351 668 1386; x_wconf 89' lang='lat' dir='ltr'><strong>aquis</strong></span> <span class='ocrx_word' id='word_1_305' title='bbox 677 1358 741 1378; x_wconf 86' lang='lat' dir='ltr'><strong>vero</strong></span> <span class='ocrx_word' id='word_1_306' title='bbox 754 1350 967 1383; x_wconf 83' lang='lat' dir='ltr'><strong>subsidentibus,</strong></span> 
     </span>
    </p>
   </div>
   <div class='ocr_carea' id='block_1_47' title="bbox 193 1397 967 1432">
    <p class='ocr_par' dir='ltr' id='par_1_47' title="bbox 193 1397 967 1432">
     <span class='ocr_line' id='line_1_47' title="bbox 193 1397 967 1432; baseline -0.001 -7"><span class='ocrx_word' id='word_1_307' title='bbox 193 1398 221 1425; x_wconf 89' lang='lat' dir='ltr'><strong>in</strong></span> <span class='ocrx_word' id='word_1_308' title='bbox 238 1398 376 1425; x_wconf 84' lang='lat' dir='ltr'><strong>montibus</strong></span> <span class='ocrx_word' id='word_1_309' title='bbox 394 1397 507 1430; x_wconf 80' lang='lat' dir='ltr'><strong>Ararat,</strong></span> <span class='ocrx_word' id='word_1_310' title='bbox 523 1405 591 1432; x_wconf 79' lang='lat' dir='ltr'><strong>quos</strong></span> <span class='ocrx_word' id='word_1_311' title='bbox 609 1405 670 1425; x_wconf 87' lang='lat' dir='ltr'><strong>esse</strong></span> <span class='ocrx_word' id='word_1_312' title='bbox 687 1397 803 1424; x_wconf 80' lang='lat' dir='ltr'><strong>Parthiae</strong></span> <span class='ocrx_word' id='word_1_313' title='bbox 820 1397 945 1424; x_wconf 80' lang='lat' dir='ltr'><strong>novimus</strong></span> <span class='ocrx_word' id='word_1_314' title='bbox 960 1418 967 1430; x_wconf 91' lang='lat'><strong>,</strong></span> 
     </span>
    </p>
   </div>
   <div class='ocr_carea' id='block_1_48' title="bbox 193 1443 969 1479">
    <p class='ocr_par' dir='ltr' id='par_1_48' title="bbox 193 1443 969 1479">
     <span class='ocr_line' id='line_1_48' title="bbox 193 1443 969 1479; baseline -0.003 -7"><span class='ocrx_word' id='word_1_315' title='bbox 193 1445 304 1479; x_wconf 87' lang='lat' dir='ltr'><strong>quidam</strong></span> <span class='ocrx_word' id='word_1_316' title='bbox 324 1445 386 1472; x_wconf 89' lang='lat' dir='ltr'><strong>licet</strong></span> <span class='ocrx_word' id='word_1_317' title='bbox 402 1444 532 1476; x_wconf 72' lang='lat' dir='ltr'><strong>Celmnis,</strong></span> <span class='ocrx_word' id='word_1_318' title='bbox 550 1445 592 1472; x_wconf 87' lang='lat' dir='ltr'><strong>vel</strong></span> <span class='ocrx_word' id='word_1_319' title='bbox 609 1444 636 1471; x_wconf 94' lang='lat' dir='ltr'><strong>in</strong></span> <span class='ocrx_word' id='word_1_320' title='bbox 660 1444 736 1479; x_wconf 81' lang='lat' dir='ltr'><strong>nigra</strong></span> <span class='ocrx_word' id='word_1_321' title='bbox 762 1443 878 1479; x_wconf 78' lang='lat' dir='ltr'><strong>Phrygia</strong></span> <span class='ocrx_word' id='word_1_322' title='bbox 904 1451 969 1471; x_wconf 89' lang='lat' dir='ltr'><strong>con-</strong></span> 
     </span>
    </p>
   </div>
   <div class='ocr_carea' id='block_1_49' title="bbox 193 1490 968 1527">
    <p class='ocr_par' dir='ltr' id='par_1_49' title="bbox 193 1490 968 1527">
     <span class='ocr_line' id='line_1_49' title="bbox 193 1490 968 1527; baseline -0.003 -9"><span class='ocrx_word' id='word_1_323' title='bbox 193 1491 306 1519; x_wconf 86' lang='lat' dir='ltr'><strong>tendant</strong></span> <span class='ocrx_word' id='word_1_324' title='bbox 318 1496 424 1519; x_wconf 81' lang='lat' dir='ltr'><strong>exstare</strong></span> <span class='ocrx_word' id='word_1_325' title='bbox 441 1491 535 1527; x_wconf 88' lang='lat' dir='ltr'><strong>(locus</strong></span> <span class='ocrx_word' id='word_1_326' title='bbox 551 1495 665 1525; x_wconf 88' lang='lat' dir='ltr'><strong>uterque</strong></span> <span class='ocrx_word' id='word_1_327' title='bbox 681 1490 746 1517; x_wconf 88' lang='lat' dir='ltr'><strong>mibi</strong></span> <span class='ocrx_word' id='word_1_328' title='bbox 764 1490 797 1517; x_wconf 89' lang='lat' dir='ltr'><strong>de</strong></span> <span class='ocrx_word' id='word_1_329' title='bbox 815 1490 873 1517; x_wconf 86' lang='lat' dir='ltr'><strong>visu</strong></span> <span class='ocrx_word' id='word_1_330' title='bbox 887 1494 968 1517; x_wconf 87' lang='lat' dir='ltr'><strong>notus</strong></span> 
     </span>
    </p>
   </div>
   <div class='ocr_carea' id='block_1_50' title="bbox 191 1536 968 1573">
    <p class='ocr_par' dir='ltr' id='par_1_50' title="bbox 191 1536 968 1573">
     <span class='ocr_line' id='line_1_50' title="bbox 191 1536 968 1573; baseline -0.003 -8"><span class='ocrx_word' id='word_1_331' title='bbox 191 1538 265 1573; x_wconf 86' lang='lat' dir='ltr'><strong>cst),</strong></span> <span class='ocrx_word' id='word_1_332' title='bbox 281 1546 342 1565; x_wconf 87' lang='lat' dir='ltr'><strong>arca</strong></span> <span class='ocrx_word' id='word_1_333' title='bbox 357 1538 487 1565; x_wconf 85' lang='lat' dir='ltr'><strong>constitit.</strong></span> <span class='ocrx_word' id='word_1_334' title='bbox 512 1538 651 1572; x_wconf 84' lang='lat' dir='ltr'><strong>Aquarum</strong></span> <span class='ocrx_word' id='word_1_335' title='bbox 667 1537 725 1564; x_wconf 77' lang='lat' dir='ltr'><strong>haec</strong></span> <span class='ocrx_word' id='word_1_336' title='bbox 740 1536 882 1563; x_wconf 89' lang='lat' dir='ltr'><strong>inundatio</strong></span> <span class='ocrx_word' id='word_1_337' title='bbox 896 1544 968 1564; x_wconf 91' lang='lat' dir='ltr'><strong>anno</strong></span> 
     </span>
    </p>
   </div>
   <div class='ocr_carea' id='block_1_51' title="bbox 1019 1123 1798 1161">
    <p class='ocr_par' dir='ltr' id='par_1_51' title="bbox 1019 1123 1798 1161">
     <span class='ocr_line' id='line_1_51' title="bbox 1019 1123 1798 1161; baseline 0.006 -11"><span class='ocrx_word' id='word_1_338' title='bbox 1019 1123 1146 1161; x_wconf 73' lang='grc' dir='ltr'>διαμονὴν</span> <span class='ocrx_word' id='word_1_339' title='bbox 1160 1126 1207 1152; x_wconf 78' lang='grc' dir='ltr'>τοῦ</span> <span class='ocrx_word' id='word_1_340' title='bbox 1222 1126 1325 1160; x_wconf 78' lang='grc' dir='ltr'><strong>γένους.</strong></span> <span class='ocrx_word' id='word_1_341' title='bbox 1343 1125 1396 1153; x_wconf 84' lang='grc' dir='ltr'>Ἦν</span> <span class='ocrx_word' id='word_1_342' title='bbox 1409 1127 1436 1154; x_wconf 83' lang='grc' dir='ltr'><strong>δὲ</strong></span> <span class='ocrx_word' id='word_1_343' title='bbox 1451 1127 1518 1154; x_wconf 78' lang='grc' dir='ltr'>ἐτῶν</span> <span class='ocrx_word' id='word_1_344' title='bbox 1535 1127 1680 1160; x_wconf 79' lang='grc' dir='ltr'><strong>ἑξακοσίων</strong></span> <span class='ocrx_word' id='word_1_345' title='bbox 1693 1130 1707 1155; x_wconf 80' lang='grc' dir='ltr'><strong>ὁ</strong></span> <span class='ocrx_word' id='word_1_346' title='bbox 1724 1128 1798 1159; x_wconf 79' lang='grc' dir='ltr'><strong>Νῶε,</strong></span> 
     </span>
    </p>
   </div>
   <div class='ocr_carea' id='block_1_52' title="bbox 1020 1170 1798 1211">
    <p class='ocr_par' dir='ltr' id='par_1_52' title="bbox 1020 1170 1798 1211">
     <span class='ocr_line' id='line_1_52' title="bbox 1020 1170 1798 1211; baseline 0.006 -15"><span class='ocrx_word' id='word_1_347' title='bbox 1020 1170 1063 1197; x_wconf 79' lang='grc' dir='ltr'>ὅτε</span> <span class='ocrx_word' id='word_1_348' title='bbox 1080 1171 1093 1196; x_wconf 78' lang='grc' dir='ltr'><strong>ὁ</strong></span> <span class='ocrx_word' id='word_1_349' title='bbox 1106 1172 1295 1208; x_wconf 71' lang='grc' dir='ltr'>κατακλυσμὸς</span> <span class='ocrx_word' id='word_1_350' title='bbox 1309 1173 1424 1207; x_wconf 79' lang='grc' dir='ltr'>ἐγένετο.</span> <span class='ocrx_word' id='word_1_351' title='bbox 1443 1174 1485 1205; x_wconf 85' lang='grc' dir='ltr'>Ὠς</span> <span class='ocrx_word' id='word_1_352' title='bbox 1502 1174 1530 1200; x_wconf 75' lang='grc' dir='ltr'>δὲ</span> <span class='ocrx_word' id='word_1_353' title='bbox 1548 1173 1624 1209; x_wconf 75' lang='grc' dir='ltr'>ἔληξε</span> <span class='ocrx_word' id='word_1_354' title='bbox 1639 1174 1669 1200; x_wconf 86' lang='grc' dir='ltr'><strong>τὸ</strong></span> <span class='ocrx_word' id='word_1_355' title='bbox 1682 1174 1763 1211; x_wconf 75' lang='grc' dir='ltr'>ὕδωρ,</span> <span class='ocrx_word' id='word_1_356' title='bbox 1781 1176 1798 1210; x_wconf 86' lang='grc' dir='ltr'>ἡ</span> 
     </span>
    </p>
   </div>
   <div class='ocr_carea' id='block_1_53' title="bbox 1022 1217 1798 1256">
    <p class='ocr_par' dir='ltr' id='par_1_53' title="bbox 1022 1217 1798 1256">
     <span class='ocr_line' id='line_1_53' title="bbox 1022 1217 1798 1256; baseline 0.005 -13"><span class='ocrx_word' id='word_1_357' title='bbox 1022 1217 1136 1256; x_wconf 67' lang='grc' dir='ltr'>κιϐωτὸς</span> <span class='ocrx_word' id='word_1_358' title='bbox 1152 1217 1244 1254; x_wconf 78' lang='grc' dir='ltr'><strong>ἱδρύθη</strong></span> <span class='ocrx_word' id='word_1_359' title='bbox 1259 1220 1304 1245; x_wconf 74' lang='grc' dir='ltr'>ἐπὶ</span> <span class='ocrx_word' id='word_1_360' title='bbox 1319 1219 1353 1245; x_wconf 79' lang='grc' dir='ltr'><strong>τὰ</strong></span> <span class='ocrx_word' id='word_1_361' title='bbox 1368 1219 1417 1255; x_wconf 77' lang='grc' dir='ltr'>ὅρη</span> <span class='ocrx_word' id='word_1_362' title='bbox 1432 1219 1559 1255; x_wconf 77' lang='grc' dir='ltr'>Ἀραρὰτ,</span> <span class='ocrx_word' id='word_1_363' title='bbox 1572 1221 1589 1247; x_wconf 77' lang='grc' dir='ltr'><strong>ἆ</strong></span> <span class='ocrx_word' id='word_1_364' title='bbox 1602 1228 1662 1246; x_wconf 90' lang='grc' dir='ltr'>τινα</span> <span class='ocrx_word' id='word_1_365' title='bbox 1675 1220 1753 1256; x_wconf 75' lang='grc' dir='ltr'>ἴσμεν</span> <span class='ocrx_word' id='word_1_366' title='bbox 1768 1221 1798 1247; x_wconf 84' lang='grc' dir='ltr'>ὲν</span> 
     </span>
    </p>
   </div>
   <div class='ocr_carea' id='block_1_54' title="bbox 1022 1255 1798 1301">
    <p class='ocr_par' dir='ltr' id='par_1_54' title="bbox 1022 1255 1798 1301">
     <span class='ocr_line' id='line_1_54' title="bbox 1022 1255 1798 1301; baseline 0.005 -13"><span class='ocrx_word' id='word_1_367' title='bbox 1022 1255 1127 1298; x_wconf 58' lang='grc' dir='ltr'>Παρθῧζι.</span> <span class='ocrx_word' id='word_1_368' title='bbox 1139 1263 1202 1298; x_wconf 82' lang='grc'><strong>(59)·</strong></span> <span class='ocrx_word' id='word_1_369' title='bbox 1217 1264 1287 1295; x_wconf 83' lang='grc' dir='ltr'>τινὲς</span> <span class='ocrx_word' id='word_1_370' title='bbox 1300 1264 1328 1290; x_wconf 82' lang='grc' dir='ltr'><strong>δὲ</strong></span> <span class='ocrx_word' id='word_1_371' title='bbox 1343 1265 1371 1291; x_wconf 82' lang='grc' dir='ltr'>ὲν</span> <span class='ocrx_word' id='word_1_372' title='bbox 1384 1265 1589 1300; x_wconf 77' lang='grc' dir='ltr'>Κελαιναῖςτῆς</span> <span class='ocrx_word' id='word_1_373' title='bbox 1603 1265 1722 1301; x_wconf 82' lang='grc' dir='ltr'><strong>Φρυγίας</strong></span> <span class='ocrx_word' id='word_1_374' title='bbox 1742 1265 1798 1301; x_wconf 68' lang='grc'>(40)</span> 
     </span>
    </p>
   </div>
   <div class='ocr_carea' id='block_1_55' title="bbox 1021 1305 1799 1348">
    <p class='ocr_par' dir='ltr' id='par_1_55' title="bbox 1021 1305 1799 1348">
     <span class='ocr_line' id='line_1_55' title="bbox 1021 1305 1799 1348; baseline 0.009 -15"><span class='ocrx_word' id='word_1_375' title='bbox 1021 1305 1088 1334; x_wconf 79' lang='grc' dir='ltr'>εἶναί</span> <span class='ocrx_word' id='word_1_376' title='bbox 1106 1317 1194 1342; x_wconf 84' lang='grc' dir='ltr'>φασιν·</span> <span class='ocrx_word' id='word_1_377' title='bbox 1214 1307 1282 1336; x_wconf 77' lang='grc' dir='ltr'>εἶδον</span> <span class='ocrx_word' id='word_1_378' title='bbox 1298 1310 1325 1336; x_wconf 81' lang='grc' dir='ltr'><strong>δὲ</strong></span> <span class='ocrx_word' id='word_1_379' title='bbox 1341 1310 1386 1336; x_wconf 86' lang='grc' dir='ltr'><strong>τὸν</strong></span> <span class='ocrx_word' id='word_1_380' title='bbox 1405 1312 1484 1338; x_wconf 80' lang='grc' dir='ltr'>τόπον</span> <span class='ocrx_word' id='word_1_381' title='bbox 1507 1311 1644 1348; x_wconf 78' lang='grc' dir='ltr'>ἑκάτερον.</span> <span class='ocrx_word' id='word_1_382' title='bbox 1666 1312 1799 1348; x_wconf 76' lang='grc' dir='ltr'>Ἐπεκρά·</span> 
     </span>
    </p>
   </div>
   <div class='ocr_carea' id='block_1_56' title="bbox 1021 1353 1796 1394">
    <p class='ocr_par' dir='ltr' id='par_1_56' title="bbox 1021 1353 1796 1394">
     <span class='ocr_line' id='line_1_56' title="bbox 1021 1353 1796 1394; baseline 0.009 -16"><span class='ocrx_word' id='word_1_383' title='bbox 1021 1361 1086 1388; x_wconf 88' lang='grc' dir='ltr'>τησε</span> <span class='ocrx_word' id='word_1_384' title='bbox 1098 1353 1125 1379; x_wconf 82' lang='grc' dir='ltr'><strong>δὲ</strong></span> <span class='ocrx_word' id='word_1_385' title='bbox 1141 1355 1154 1380; x_wconf 88' lang='grc' dir='ltr'><strong>ὁ</strong></span> <span class='ocrx_word' id='word_1_386' title='bbox 1171 1355 1357 1391; x_wconf 82' lang='grc' dir='ltr'>κατακλυσμὸς</span> <span class='ocrx_word' id='word_1_387' title='bbox 1373 1357 1504 1384; x_wconf 66' lang='grc' dir='ltr'>ἐνιαυτόνθ</span> <span class='ocrx_word' id='word_1_388' title='bbox 1526 1358 1572 1384; x_wconf 76' lang='grc' dir='ltr'>καὶ</span> <span class='ocrx_word' id='word_1_389' title='bbox 1591 1357 1649 1384; x_wconf 86' lang='grc' dir='ltr'>τότε</span> <span class='ocrx_word' id='word_1_390' title='bbox 1663 1358 1796 1394; x_wconf 74' lang='grc' dir='ltr'><strong>ἐξηράνθη</strong></span> 
     </span>
    </p>
   </div>
   <div class='ocr_carea' id='block_1_57' title="bbox 1017 1399 1796 1438">
    <p class='ocr_par' dir='ltr' id='par_1_57' title="bbox 1017 1399 1796 1438">
     <span class='ocr_line' id='line_1_57' title="bbox 1017 1399 1796 1438; baseline 0.006 -13"><span class='ocrx_word' id='word_1_391' title='bbox 1017 1399 1033 1434; x_wconf 86' lang='grc' dir='ltr'>ἠ</span> <span class='ocrx_word' id='word_1_392' title='bbox 1049 1399 1094 1434; x_wconf 81' lang='grc' dir='ltr'><strong>γῆ.</strong></span> <span class='ocrx_word' id='word_1_393' title='bbox 1112 1400 1142 1426; x_wconf 83' lang='grc' dir='ltr'><strong>Οἱ</strong></span> <span class='ocrx_word' id='word_1_394' title='bbox 1160 1399 1187 1426; x_wconf 80' lang='grc' dir='ltr'><strong>δὲ</strong></span> <span class='ocrx_word' id='word_1_395' title='bbox 1202 1400 1352 1433; x_wconf 76' lang='grc' dir='ltr'>ἐξελθόντες</span> <span class='ocrx_word' id='word_1_396' title='bbox 1367 1402 1415 1437; x_wconf 85' lang='grc' dir='ltr'>τῆς</span> <span class='ocrx_word' id='word_1_397' title='bbox 1434 1402 1549 1429; x_wconf 79' lang='grc' dir='ltr'>κιϐωτοῦ</span> <span class='ocrx_word' id='word_1_398' title='bbox 1563 1403 1632 1430; x_wconf 84' lang='grc' dir='ltr'>κατὰ</span> <span class='ocrx_word' id='word_1_399' title='bbox 1656 1403 1796 1438; x_wconf 79' lang='grc' dir='ltr'>συζυγίας,</span> 
     </span>
    </p>
   </div>
   <div class='ocr_carea' id='block_1_58' title="bbox 1016 1444 1798 1485">
    <p class='ocr_par' dir='ltr' id='par_1_58' title="bbox 1016 1444 1798 1485">
     <span class='ocr_line' id='line_1_58' title="bbox 1016 1444 1798 1485; baseline 0.008 -14"><span class='ocrx_word' id='word_1_400' title='bbox 1016 1444 1054 1477; x_wconf 77' lang='grc' dir='ltr'>ὡς</span> <span class='ocrx_word' id='word_1_401' title='bbox 1070 1445 1142 1472; x_wconf 74' lang='grc' dir='ltr'>ἐστιν</span> <span class='ocrx_word' id='word_1_402' title='bbox 1157 1446 1256 1482; x_wconf 81' lang='grc' dir='ltr'>εὑρεῖν,</span> <span class='ocrx_word' id='word_1_403' title='bbox 1276 1448 1322 1474; x_wconf 75' lang='grc' dir='ltr'>καὶ</span> <span class='ocrx_word' id='word_1_404' title='bbox 1343 1448 1402 1483; x_wconf 74' lang='grc' dir='ltr'><strong>οὐχ,</strong></span> <span class='ocrx_word' id='word_1_405' title='bbox 1422 1448 1451 1475; x_wconf 83' lang='grc' dir='ltr'>ὃν</span> <span class='ocrx_word' id='word_1_406' title='bbox 1465 1449 1711 1485; x_wconf 79' lang='grc' dir='ltr'>είσῆλθον,τρόπον,</span> <span class='ocrx_word' id='word_1_407' title='bbox 1727 1450 1798 1477; x_wconf 79' lang='grc' dir='ltr'>κατὰ</span> 
     </span>
    </p>
   </div>
   <div class='ocr_carea' id='block_1_59' title="bbox 1017 1491 1797 1531">
    <p class='ocr_par' dir='ltr' id='par_1_59' title="bbox 1017 1491 1797 1531">
     <span class='ocr_line' id='line_1_59' title="bbox 1017 1491 1797 1531; baseline 0.006 -14"><span class='ocrx_word' id='word_1_408' title='bbox 1017 1491 1093 1526; x_wconf 84' lang='grc' dir='ltr'><strong>γένη,</strong></span> <span class='ocrx_word' id='word_1_409' title='bbox 1107 1491 1277 1526; x_wconf 77' lang='grc' dir='ltr'>εὐλογοῦνται</span> <span class='ocrx_word' id='word_1_410' title='bbox 1300 1493 1367 1529; x_wconf 77' lang='grc' dir='ltr'>πρὸς</span> <span class='ocrx_word' id='word_1_411' title='bbox 1388 1493 1434 1521; x_wconf 80' lang='grc' dir='ltr'><strong>τοῦ</strong></span> <span class='ocrx_word' id='word_1_412' title='bbox 1451 1494 1527 1521; x_wconf 85' lang='grc' dir='ltr'><strong>Θεοῦ.</strong></span> <span class='ocrx_word' id='word_1_413' title='bbox 1548 1495 1655 1522; x_wconf 83' lang='grc' dir='ltr'>Τούτων</span> <span class='ocrx_word' id='word_1_414' title='bbox 1679 1496 1727 1531; x_wconf 78' lang='grc' dir='ltr'>μὲν</span> <span class='ocrx_word' id='word_1_415' title='bbox 1750 1493 1797 1522; x_wconf 76' lang='grc' dir='ltr'>οὖν</span> 
     </span>
    </p>
   </div>
   <div class='ocr_carea' id='block_1_60' title="bbox 1016 1536 1585 1575">
    <p class='ocr_par' dir='ltr' id='par_1_60' title="bbox 1016 1536 1585 1575">
     <span class='ocr_line' id='line_1_60' title="bbox 1016 1536 1585 1575; baseline 0.007 -12"><span class='ocrx_word' id='word_1_416' title='bbox 1016 1536 1129 1564; x_wconf 81' lang='grc' dir='ltr'>’ἑκαστον</span> <span class='ocrx_word' id='word_1_417' title='bbox 1142 1537 1196 1564; x_wconf 85' lang='grc' dir='ltr'><strong>τῶν</strong></span> <span class='ocrx_word' id='word_1_418' title='bbox 1212 1538 1393 1575; x_wconf 79' lang='grc' dir='ltr'>διαφερόντων</span> <span class='ocrx_word' id='word_1_419' title='bbox 1408 1549 1434 1566; x_wconf 92' lang='grc' dir='ltr'><strong>τι</strong></span> <span class='ocrx_word' id='word_1_420' title='bbox 1451 1540 1585 1575; x_wconf 82' lang='grc' dir='ltr'>σημαίνει.</span> 
     </span>
    </p>
   </div>
   <div class='ocr_carea' id='block_1_61' title="bbox 192 1582 1798 1620">
    <p class='ocr_par' dir='ltr' id='par_1_61' title="bbox 192 1582 1798 1620">
     <span class='ocr_line' id='line_1_61' title="bbox 192 1582 1798 1620; baseline 0.002 -11"><span class='ocrx_word' id='word_1_421' title='bbox 192 1583 298 1617; x_wconf 80' lang='lat' dir='ltr'><strong>integro</strong></span> <span class='ocrx_word' id='word_1_422' title='bbox 323 1584 412 1613; x_wconf 86' lang='lat' dir='ltr'><strong>stetit,</strong></span> <span class='ocrx_word' id='word_1_423' title='bbox 441 1590 474 1610; x_wconf 90' lang='lat' dir='ltr'><strong>ac</strong></span> <span class='ocrx_word' id='word_1_424' title='bbox 490 1582 598 1609; x_wconf 88' lang='lat' dir='ltr'><strong>demum</strong></span> <span class='ocrx_word' id='word_1_425' title='bbox 625 1582 758 1609; x_wconf 78' lang='lat' dir='ltr'><strong>exsiccata</strong></span> <span class='ocrx_word' id='word_1_426' title='bbox 786 1585 827 1608; x_wconf 88' lang='lat' dir='ltr'><strong>est</strong></span> <span class='ocrx_word' id='word_1_427' title='bbox 857 1585 939 1608; x_wconf 89' lang='lat' dir='ltr'><strong>terra.</strong></span> <span class='ocrx_word' id='word_1_428' title='bbox 958 1582 1117 1610; x_wconf 82' lang='lat' dir='ltr'><strong>Combinata</strong></span> <span class='ocrx_word' id='word_1_429' title='bbox 1132 1583 1240 1610; x_wconf 89' lang='lat' dir='ltr'><strong>demqu</strong></span> <span class='ocrx_word' id='word_1_430' title='bbox 1257 1592 1316 1611; x_wconf 89' lang='lat' dir='ltr'><strong>mas</strong></span> <span class='ocrx_word' id='word_1_431' title='bbox 1331 1588 1358 1611; x_wconf 88' lang='lat' dir='ltr'><strong>et</strong></span> <span class='ocrx_word' id='word_1_432' title='bbox 1374 1584 1489 1616; x_wconf 81' lang='lat' dir='ltr'><strong>femina,</strong></span> <span class='ocrx_word' id='word_1_433' title='bbox 1505 1591 1584 1620; x_wconf 89' lang='lat' dir='ltr'><strong>prout</strong></span> <span class='ocrx_word' id='word_1_434' title='bbox 1600 1586 1711 1620; x_wconf 88' lang='lat' dir='ltr'><strong>reperiri</strong></span> <span class='ocrx_word' id='word_1_435' title='bbox 1728 1594 1798 1614; x_wconf 91' lang='lat' dir='ltr'><strong>con-</strong></span> 
     </span>
    </p>
   </div>
   <div class='ocr_carea' id='block_1_62' title="bbox 193 1624 1799 1667">
    <p class='ocr_par' dir='ltr' id='par_1_62' title="bbox 193 1624 1799 1667">
     <span class='ocr_line' id='line_1_62' title="bbox 193 1624 1799 1667; baseline 0.002 -12"><span class='ocrx_word' id='word_1_436' title='bbox 193 1629 268 1663; x_wconf 86' lang='lat' dir='ltr'><strong>tigit,</strong></span> <span class='ocrx_word' id='word_1_437' title='bbox 286 1636 337 1655; x_wconf 87' lang='lat' dir='ltr'><strong>non</strong></span> <span class='ocrx_word' id='word_1_438' title='bbox 355 1629 448 1656; x_wconf 90' lang='lat' dir='ltr'><strong>ordine</strong></span> <span class='ocrx_word' id='word_1_439' title='bbox 462 1636 514 1663; x_wconf 89' lang='lat' dir='ltr'><strong>quo</strong></span> <span class='ocrx_word' id='word_1_440' title='bbox 526 1628 603 1662; x_wconf 82' lang='lat' dir='ltr'><strong>juxta</strong></span> <span class='ocrx_word' id='word_1_441' title='bbox 628 1635 712 1663; x_wconf 87' lang='lat' dir='ltr'><strong>genus</strong></span> <span class='ocrx_word' id='word_1_442' title='bbox 736 1628 864 1655; x_wconf 85' lang='lat' dir='ltr'><strong>distincta</strong></span> <span class='ocrx_word' id='word_1_443' title='bbox 889 1627 997 1655; x_wconf 80' lang='lat' dir='ltr'><strong>fuerant</strong></span> <span class='ocrx_word' id='word_1_444' title='bbox 1027 1624 1165 1663; x_wconf 83' lang='lat' dir='ltr'><strong>ingressa,</strong></span> <span class='ocrx_word' id='word_1_445' title='bbox 1192 1637 1225 1657; x_wconf 81' lang='lat' dir='ltr'><strong>ex</strong></span> <span class='ocrx_word' id='word_1_446' title='bbox 1260 1638 1323 1657; x_wconf 86' lang='lat' dir='ltr'><strong>arca</strong></span> <span class='ocrx_word' id='word_1_447' title='bbox 1353 1631 1512 1666; x_wconf 88' lang='lat' dir='ltr'><strong>prodierunt</strong></span> <span class='ocrx_word' id='word_1_448' title='bbox 1541 1631 1711 1665; x_wconf 85' lang='lat' dir='ltr'><strong>animantia,</strong></span> <span class='ocrx_word' id='word_1_449' title='bbox 1736 1639 1799 1667; x_wconf 72' lang='lat' dir='ltr'><strong>quae</strong></span> 
     </span>
    </p>
   </div>
   <div class='ocr_carea' id='block_1_63' title="bbox 193 1673 1799 1712">
    <p class='ocr_par' dir='ltr' id='par_1_63' title="bbox 193 1673 1799 1712">
     <span class='ocr_line' id='line_1_63' title="bbox 193 1673 1799 1712; baseline 0.003 -12"><span class='ocrx_word' id='word_1_450' title='bbox 193 1674 307 1701; x_wconf 88' lang='lat' dir='ltr'><strong>subinde</strong></span> <span class='ocrx_word' id='word_1_451' title='bbox 330 1682 346 1701; x_wconf 88' lang='lat' dir='ltr'><strong>a</strong></span> <span class='ocrx_word' id='word_1_452' title='bbox 368 1673 422 1701; x_wconf 90' lang='lat' dir='ltr'><strong>Deo</strong></span> <span class='ocrx_word' id='word_1_453' title='bbox 445 1681 571 1708; x_wconf 87' lang='lat' dir='ltr'><strong>prospera</strong></span> <span class='ocrx_word' id='word_1_454' title='bbox 598 1673 814 1701; x_wconf 86' lang='lat' dir='ltr'><strong>benedictionum</strong></span> <span class='ocrx_word' id='word_1_455' title='bbox 842 1673 997 1702; x_wconf 85' lang='lat' dir='ltr'><strong>accessione</strong></span> <span class='ocrx_word' id='word_1_456' title='bbox 1011 1675 1204 1702; x_wconf 88' lang='lat' dir='ltr'><strong>cumulantur:</strong></span> <span class='ocrx_word' id='word_1_457' title='bbox 1220 1680 1247 1702; x_wconf 87' lang='lat' dir='ltr'><strong>et</strong></span> <span class='ocrx_word' id='word_1_458' title='bbox 1270 1683 1363 1703; x_wconf 91' lang='lat' dir='ltr'><strong>eorum</strong></span> <span class='ocrx_word' id='word_1_459' title='bbox 1381 1677 1490 1712; x_wconf 91' lang='lat' dir='ltr'><strong>quidem</strong></span> <span class='ocrx_word' id='word_1_460' title='bbox 1501 1697 1509 1710; x_wconf 96' lang='lat'><strong>,</strong></span> <span class='ocrx_word' id='word_1_461' title='bbox 1525 1684 1586 1712; x_wconf 66' lang='lat' dir='ltr'><strong>quze</strong></span> <span class='ocrx_word' id='word_1_462' title='bbox 1601 1677 1678 1705; x_wconf 89' lang='lat' dir='ltr'><strong>nobis</strong></span> <span class='ocrx_word' id='word_1_463' title='bbox 1692 1679 1799 1705; x_wconf 83' lang='lat' dir='ltr'><strong>condu—</strong></span> 
     </span>
    </p>
   </div>
   <div class='ocr_carea' id='block_1_64' title="bbox 192 1719 656 1754">
    <p class='ocr_par' dir='ltr' id='par_1_64' title="bbox 192 1719 656 1754">
     <span class='ocr_line' id='line_1_64' title="bbox 192 1719 656 1754; baseline 0 -8"><span class='ocrx_word' id='word_1_464' title='bbox 192 1723 275 1752; x_wconf 82' lang='lat' dir='ltr'><strong>cunt,</strong></span> <span class='ocrx_word' id='word_1_465' title='bbox 291 1719 414 1747; x_wconf 90' lang='lat' dir='ltr'><strong>nonnihil</strong></span> <span class='ocrx_word' id='word_1_466' title='bbox 429 1720 480 1747; x_wconf 88' lang='lat' dir='ltr'><strong>ista</strong></span> <span class='ocrx_word' id='word_1_467' title='bbox 496 1719 656 1754; x_wconf 74' lang='lat' dir='ltr'><strong>signiﬁcant.</strong></span> 
     </span>
    </p>
   </div>
   <div class='ocr_carea' id='block_1_65' title="bbox 803 1763 1210 1801">
    <p class='ocr_par' dir='ltr' id='par_1_65' title="bbox 803 1763 1210 1801">
     <span class='ocr_line' id='line_1_65' title="bbox 803 1763 1210 1801; baseline -0.002 -10"><span class='ocrx_word' id='word_1_468' title='bbox 803 1764 835 1793; x_wconf 82' lang='lat' dir='ltr'><strong>V.</strong></span> <span class='ocrx_word' id='word_1_469' title='bbox 854 1764 937 1798; x_wconf 83' lang='lat' dir='ltr'><strong>Ibid.,</strong></span> <span class='ocrx_word' id='word_1_470' title='bbox 957 1773 1017 1801; x_wconf 81' lang='lat' dir='ltr'><strong>pag.</strong></span> <span class='ocrx_word' id='word_1_471' title='bbox 1037 1764 1088 1796; x_wconf 82' lang='lat'><strong>85,</strong></span> <span class='ocrx_word' id='word_1_472' title='bbox 1109 1764 1146 1791; x_wconf 89' lang='lat' dir='ltr'><strong>al.</strong></span> <span class='ocrx_word' id='word_1_473' title='bbox 1166 1763 1210 1791; x_wconf 87' lang='lat'><strong>67.</strong></span> 
     </span>
    </p>
   </div>
   <div class='ocr_carea' id='block_1_66' title="bbox 228 1820 965 1858">
    <p class='ocr_par' dir='ltr' id='par_1_66' title="bbox 228 1820 965 1858">
     <span class='ocr_line' id='line_1_66' title="bbox 228 1820 965 1858; baseline -0.004 -8"><span class='ocrx_word' id='word_1_474' title='bbox 228 1821 372 1858; x_wconf 79' lang='lat' dir='ltr'><strong>Ingruente</strong></span> <span class='ocrx_word' id='word_1_475' title='bbox 392 1822 492 1850; x_wconf 87' lang='lat' dir='ltr'><strong>diluvio</strong></span> <span class='ocrx_word' id='word_1_476' title='bbox 513 1821 565 1849; x_wconf 85' lang='lat'><strong>600</strong></span> <span class='ocrx_word' id='word_1_477' title='bbox 591 1828 726 1849; x_wconf 89' lang='lat' dir='ltr'><strong>annorum</strong></span> <span class='ocrx_word' id='word_1_478' title='bbox 748 1825 806 1848; x_wconf 83' lang='lat' dir='ltr'><strong>erat</strong></span> <span class='ocrx_word' id='word_1_479' title='bbox 830 1820 897 1848; x_wconf 88' lang='lat' dir='ltr'><strong>Noe.</strong></span> <span class='ocrx_word' id='word_1_480' title='bbox 923 1820 965 1847; x_wconf 78' lang='lat' dir='ltr'><strong>Ab</strong></span> 
     </span>
    </p>
   </div>
   <div class='ocr_carea' id='block_1_67' title="bbox 193 1866 966 1903">
    <p class='ocr_par' dir='ltr' id='par_1_67' title="bbox 193 1866 966 1903">
     <span class='ocr_line' id='line_1_67' title="bbox 193 1866 966 1903; baseline -0.001 -8"><span class='ocrx_word' id='word_1_481' title='bbox 193 1868 297 1895; x_wconf 80' lang='lat' dir='ltr'><strong>Adamo</strong></span> <span class='ocrx_word' id='word_1_482' title='bbox 311 1869 393 1903; x_wconf 78' lang='lat' dir='ltr'><strong>igitur</strong></span> <span class='ocrx_word' id='word_1_483' title='bbox 411 1876 505 1896; x_wconf 90' lang='lat' dir='ltr'><strong>versus</strong></span> <span class='ocrx_word' id='word_1_484' title='bbox 520 1866 576 1896; x_wconf 89' lang='lat' dir='ltr'><strong>Noe</strong></span> <span class='ocrx_word' id='word_1_485' title='bbox 591 1872 619 1896; x_wconf 88' lang='lat' dir='ltr'><strong>et</strong></span> <span class='ocrx_word' id='word_1_486' title='bbox 640 1867 772 1895; x_wconf 90' lang='lat' dir='ltr'><strong>diluvium</strong></span> <span class='ocrx_word' id='word_1_487' title='bbox 789 1870 966 1895; x_wconf 84' lang='lat' dir='ltr'><strong>numerantur</strong></span> 
     </span>
    </p>
   </div>
   <div class='ocr_carea' id='block_1_68' title="bbox 193 1913 352 1941">
    <p class='ocr_par' dir='ltr' id='par_1_68' title="bbox 193 1913 352 1941">
     <span class='ocr_line' id='line_1_68' title="bbox 193 1913 352 1941; baseline 0 -1"><span class='ocrx_word' id='word_1_488' title='bbox 193 1913 257 1941; x_wconf 79' lang='lat' dir='ltr'><strong>anni</strong></span> <span class='ocrx_word' id='word_1_489' title='bbox 271 1913 352 1940; x_wconf 69' lang='lat'><strong>2263.</strong></span> 
     </span>
    </p>
   </div>
   <div class='ocr_carea' id='block_1_69' title="bbox 1051 1817 1799 1856">
    <p class='ocr_par' dir='ltr' id='par_1_69' title="bbox 1051 1817 1799 1856">
     <span class='ocr_line' id='line_1_69' title="bbox 1051 1817 1799 1856; baseline 0 -10"><span class='ocrx_word' id='word_1_490' title='bbox 1051 1819 1112 1846; x_wconf 83' lang='grc' dir='ltr'><strong>Νῶε</strong></span> <span class='ocrx_word' id='word_1_491' title='bbox 1126 1817 1159 1854; x_wconf 85' lang='grc' dir='ltr'>ἦν</span> <span class='ocrx_word' id='word_1_492' title='bbox 1171 1819 1239 1845; x_wconf 76' lang='grc' dir='ltr'>ἐτῶν</span> <span class='ocrx_word' id='word_1_493' title='bbox 1253 1822 1275 1854; x_wconf 86' lang='grc' dir='ltr'>χ’</span> <span class='ocrx_word' id='word_1_494' title='bbox 1292 1819 1336 1845; x_wconf 85' lang='grc' dir='ltr'>ὅτε</span> <span class='ocrx_word' id='word_1_495' title='bbox 1355 1820 1369 1845; x_wconf 85' lang='grc' dir='ltr'><strong>ὸ</strong></span> <span class='ocrx_word' id='word_1_496' title='bbox 1385 1820 1573 1856; x_wconf 77' lang='grc' dir='ltr'>κατακλυσμὸς</span> <span class='ocrx_word' id='word_1_497' title='bbox 1592 1820 1708 1854; x_wconf 76' lang='grc' dir='ltr'>ἐγένετο.</span> <span class='ocrx_word' id='word_1_498' title='bbox 1720 1820 1799 1847; x_wconf 82' lang='grc' dir='ltr'>Γίνε-</span> 
     </span>
    </p>
   </div>
   <div class='ocr_carea' id='block_1_70' title="bbox 1017 1864 1798 1902">
    <p class='ocr_par' dir='ltr' id='par_1_70' title="bbox 1017 1864 1798 1902">
     <span class='ocr_line' id='line_1_70' title="bbox 1017 1864 1798 1902; baseline 0.001 -10"><span class='ocrx_word' id='word_1_499' title='bbox 1017 1873 1062 1892; x_wconf 87' lang='grc' dir='ltr'><strong>ται</strong></span> <span class='ocrx_word' id='word_1_500' title='bbox 1077 1865 1165 1892; x_wconf 81' lang='grc' dir='ltr'>τοίνυν</span> <span class='ocrx_word' id='word_1_501' title='bbox 1183 1864 1236 1891; x_wconf 83' lang='grc' dir='ltr'><strong>ἀπὸ</strong></span> <span class='ocrx_word' id='word_1_502' title='bbox 1256 1865 1340 1900; x_wconf 78' lang='grc' dir='ltr'>Ἀδὰμ</span> <span class='ocrx_word' id='word_1_503' title='bbox 1359 1865 1438 1902; x_wconf 85' lang='grc' dir='ltr'>μέχρι</span> <span class='ocrx_word' id='word_1_504' title='bbox 1452 1865 1514 1892; x_wconf 82' lang='grc' dir='ltr'><strong>Νῶε</strong></span> <span class='ocrx_word' id='word_1_505' title='bbox 1532 1866 1578 1892; x_wconf 77' lang='grc' dir='ltr'>καὶ</span> <span class='ocrx_word' id='word_1_506' title='bbox 1599 1865 1644 1892; x_wconf 80' lang='grc' dir='ltr'>τοῦ</span> <span class='ocrx_word' id='word_1_507' title='bbox 1661 1866 1798 1893; x_wconf 84' lang='grc' dir='ltr'>κατακλυ-</span> 
     </span>
    </p>
   </div>
   <div class='ocr_carea' id='block_1_71' title="bbox 1020 1910 1257 1946">
    <p class='ocr_par' dir='ltr' id='par_1_71' title="bbox 1020 1910 1257 1946">
     <span class='ocr_line' id='line_1_71' title="bbox 1020 1910 1257 1946; baseline -0.004 -9"><span class='ocrx_word' id='word_1_508' title='bbox 1020 1910 1089 1946; x_wconf 84' lang='grc' dir='ltr'>σμοῦ</span> <span class='ocrx_word' id='word_1_509' title='bbox 1107 1910 1188 1946; x_wconf 80' lang='grc' dir='ltr'><strong>,βσξβ’</strong></span> <span class='ocrx_word' id='word_1_510' title='bbox 1200 1910 1257 1946; x_wconf 78' lang='grc' dir='ltr'>ἔτη.</span> 
     </span>
    </p>
   </div>
   <div class='ocr_carea' id='block_1_72' title="bbox 775 1968 1193 2005">
    <p class='ocr_par' dir='ltr' id='par_1_72' title="bbox 775 1968 1193 2005">
     <span class='ocr_line' id='line_1_72' title="bbox 775 1968 1193 2005; baseline -0.002 -8"><span class='ocrx_word' id='word_1_511' title='bbox 775 1969 820 1997; x_wconf 87' lang='lat' dir='ltr'><strong>Vl.</strong></span> <span class='ocrx_word' id='word_1_512' title='bbox 841 1969 924 2004; x_wconf 81' lang='lat' dir='ltr'><strong>lbid.,</strong></span> <span class='ocrx_word' id='word_1_513' title='bbox 942 1978 1002 2005; x_wconf 78' lang='lat' dir='ltr'><strong>pag.</strong></span> <span class='ocrx_word' id='word_1_514' title='bbox 1019 1969 1070 2003; x_wconf 83' lang='lat'><strong>86,</strong></span> <span class='ocrx_word' id='word_1_515' title='bbox 1090 1969 1128 1996; x_wconf 84' lang='lat' dir='ltr'><strong>al.</strong></span> <span class='ocrx_word' id='word_1_516' title='bbox 1149 1968 1193 1996; x_wconf 80' lang='lat'><strong>68.</strong></span> 
     </span>
    </p>
   </div>
   <div class='ocr_carea' id='block_1_73' title="bbox 226 2026 792 2062">
    <p class='ocr_par' dir='ltr' id='par_1_73' title="bbox 226 2026 792 2062">
     <span class='ocr_line' id='line_1_73' title="bbox 226 2026 792 2062; baseline -0.002 -7"><span class='ocrx_word' id='word_1_517' title='bbox 226 2027 293 2056; x_wconf 86' lang='lat' dir='ltr'><strong>Post</strong></span> <span class='ocrx_word' id='word_1_518' title='bbox 306 2027 436 2055; x_wconf 88' lang='lat' dir='ltr'><strong>diluvium</strong></span> <span class='ocrx_word' id='word_1_519' title='bbox 452 2026 513 2055; x_wconf 89' lang='lat' dir='ltr'><strong>Sem</strong></span> <span class='ocrx_word' id='word_1_520' title='bbox 528 2027 621 2062; x_wconf 78' lang='lat' dir='ltr'><strong>genuit</strong></span> <span class='ocrx_word' id='word_1_521' title='bbox 635 2027 792 2062; x_wconf 81' lang='lat' dir='ltr'><strong>Arphaxad.</strong></span> 
     </span>
    </p>
   </div>
   <div class='ocr_carea' id='block_1_74' title="bbox 226 2072 966 2109">
    <p class='ocr_par' dir='ltr' id='par_1_74' title="bbox 226 2072 966 2109">
     <span class='ocr_line' id='line_1_74' title="bbox 226 2072 966 2109; baseline -0.001 -9"><span class='ocrx_word' id='word_1_522' title='bbox 226 2074 370 2109; x_wconf 81' lang='lat' dir='ltr'><strong>Arphaxad</strong></span> <span class='ocrx_word' id='word_1_523' title='bbox 395 2073 474 2101; x_wconf 88' lang='lat' dir='ltr'><strong>annis</strong></span> <span class='ocrx_word' id='word_1_524' title='bbox 493 2073 543 2101; x_wconf 79' lang='grc'><strong>155</strong></span> <span class='ocrx_word' id='word_1_525' title='bbox 566 2078 646 2101; x_wconf 86' lang='lat' dir='ltr'><strong>natus</strong></span> <span class='ocrx_word' id='word_1_526' title='bbox 669 2073 761 2108; x_wconf 90' lang='lat' dir='ltr'><strong>genuit</strong></span> <span class='ocrx_word' id='word_1_527' title='bbox 785 2072 848 2100; x_wconf 89' lang='lat' dir='ltr'><strong>Sala</strong></span> <span class='ocrx_word' id='word_1_528' title='bbox 864 2092 872 2104; x_wconf 89' lang='lat'><strong>,</strong></span> <span class='ocrx_word' id='word_1_529' title='bbox 895 2079 966 2100; x_wconf 89' lang='lat' dir='ltr'><strong>anno</strong></span> 
     </span>
    </p>
   </div>
   <div class='ocr_carea' id='block_1_75' title="bbox 191 2119 272 2146">
    <p class='ocr_par' dir='ltr' id='par_1_75' title="bbox 191 2119 272 2146">
     <span class='ocr_line' id='line_1_75' title="bbox 191 2119 272 2146; baseline 0 0"><span class='ocrx_word' id='word_1_530' title='bbox 191 2119 272 2146; x_wconf 76' lang='lat'><strong>2397.</strong></span> 
     </span>
    </p>
   </div>
   <div class='ocr_carea' id='block_1_76' title="bbox 227 2119 966 2200">
    <p class='ocr_par' dir='ltr' id='par_1_76' title="bbox 227 2119 966 2200">
     <span class='ocr_line' id='line_1_76' title="bbox 247 2119 272 2146; baseline 0.04 -1"><span class='ocrx_word' id='word_1_531' title='bbox 247 2119 272 2146; x_wconf 89' lang='lat'><strong>7.</strong></span> 
     </span>
     <span class='ocr_line' id='line_1_77' title="bbox 227 2119 966 2200; baseline -0.003 -7"><span class='ocrx_word' id='word_1_532' title='bbox 227 2119 290 2193; x_wconf 61' lang='grc' dir='ltr'><strong>ἔθη</strong></span> <span class='ocrx_word' id='word_1_533' title='bbox 325 2165 405 2192; x_wconf 87' lang='lat' dir='ltr'><strong>annis</strong></span> <span class='ocrx_word' id='word_1_534' title='bbox 439 2164 492 2193; x_wconf 82' lang='grc'><strong>150</strong></span> <span class='ocrx_word' id='word_1_535' title='bbox 525 2173 604 2192; x_wconf 72' lang='lat' dir='ltr'><strong>natus</strong></span> <span class='ocrx_word' id='word_1_536' title='bbox 633 2164 726 2200; x_wconf 78' lang='lat' dir='ltr'><strong>genuit</strong></span> <span class='ocrx_word' id='word_1_537' title='bbox 756 2163 860 2198; x_wconf 85' lang='lat' dir='ltr'><strong>Ileber,</strong></span> <span class='ocrx_word' id='word_1_538' title='bbox 893 2171 966 2192; x_wconf 90' lang='lat' dir='ltr'><strong>anno</strong></span> 
     </span>
    </p>
   </div>
   <div class='ocr_carea' id='block_1_77' title="bbox 190 2212 270 2239">
    <p class='ocr_par' dir='ltr' id='par_1_77' title="bbox 190 2212 270 2239">
     <span class='ocr_line' id='line_1_78' title="bbox 190 2212 270 2239; baseline -0.013 0"><span class='ocrx_word' id='word_1_539' title='bbox 190 2212 270 2239; x_wconf 69' lang='lat'><strong>2527.</strong></span> 
     </span>
    </p>
   </div>
   <div class='ocr_carea' id='block_1_78' title="bbox 228 2255 969 2292">
    <p class='ocr_par' dir='ltr' id='par_1_78' title="bbox 228 2255 969 2292">
     <span class='ocr_line' id='line_1_79' title="bbox 228 2255 969 2292; baseline -0.001 -8"><span class='ocrx_word' id='word_1_540' title='bbox 228 2257 316 2284; x_wconf 77' lang='lat' dir='ltr'><strong>[leber</strong></span> <span class='ocrx_word' id='word_1_541' title='bbox 341 2257 421 2284; x_wconf 88' lang='lat' dir='ltr'><strong>annis</strong></span> <span class='ocrx_word' id='word_1_542' title='bbox 448 2257 499 2283; x_wconf 74' lang='grc'><strong>154</strong></span> <span class='ocrx_word' id='word_1_543' title='bbox 525 2259 624 2288; x_wconf 90' lang='lat' dir='ltr'><strong>natus,</strong></span> <span class='ocrx_word' id='word_1_544' title='bbox 654 2263 726 2283; x_wconf 90' lang='lat' dir='ltr'><strong>anno</strong></span> <span class='ocrx_word' id='word_1_545' title='bbox 751 2255 817 2283; x_wconf 72' lang='lat' dir='ltr'><strong>266l</strong></span> <span class='ocrx_word' id='word_1_546' title='bbox 834 2276 841 2289; x_wconf 91' lang='lat'><strong>,</strong></span> <span class='ocrx_word' id='word_1_547' title='bbox 876 2256 969 2292; x_wconf 86' lang='lat' dir='ltr'><strong>genuit</strong></span> 
     </span>
    </p>
   </div>
   <div class='ocr_carea' id='block_1_79' title="bbox 192 2302 968 2338">
    <p class='ocr_par' dir='ltr' id='par_1_79' title="bbox 192 2302 968 2338">
     <span class='ocr_line' id='line_1_80' title="bbox 192 2302 968 2338; baseline 0.001 -7"><span class='ocrx_word' id='word_1_548' title='bbox 192 2303 307 2335; x_wconf 84' lang='lat' dir='ltr'><strong>Phalec,</strong></span> <span class='ocrx_word' id='word_1_549' title='bbox 326 2303 365 2331; x_wconf 81' lang='lat' dir='ltr'><strong>sic</strong></span> <span class='ocrx_word' id='word_1_550' title='bbox 380 2307 506 2331; x_wconf 87' lang='lat' dir='ltr'><strong>vocatum</strong></span> <span class='ocrx_word' id='word_1_551' title='bbox 519 2322 527 2335; x_wconf 92' lang='lat'><strong>,</strong></span> <span class='ocrx_word' id='word_1_552' title='bbox 544 2303 617 2338; x_wconf 90' lang='lat' dir='ltr'><strong>quod</strong></span> <span class='ocrx_word' id='word_1_553' title='bbox 632 2302 692 2337; x_wconf 89' lang='lat' dir='ltr'><strong>ejus</strong></span> <span class='ocrx_word' id='word_1_554' title='bbox 708 2307 787 2331; x_wconf 67' lang='lat' dir='ltr'><strong>aetate</strong></span> <span class='ocrx_word' id='word_1_555' title='bbox 805 2303 890 2332; x_wconf 87' lang='lat' dir='ltr'><strong>divisa</strong></span> <span class='ocrx_word' id='word_1_556' title='bbox 908 2303 968 2332; x_wconf 78' lang='lat' dir='ltr'><strong>fue-</strong></span> 
     </span>
    </p>
   </div>
   <div class='ocr_carea' id='block_1_80' title="bbox 193 2350 325 2377">
    <p class='ocr_par' dir='ltr' id='par_1_80' title="bbox 193 2350 325 2377">
     <span class='ocr_line' id='line_1_81' title="bbox 193 2350 325 2377; baseline -0.008 0"><span class='ocrx_word' id='word_1_557' title='bbox 193 2350 229 2377; x_wconf 87' lang='lat' dir='ltr'><strong>rit</strong></span> <span class='ocrx_word' id='word_1_558' title='bbox 243 2354 325 2377; x_wconf 86' lang='lat' dir='ltr'><strong>terra.</strong></span> 
     </span>
    </p>
   </div>
   <div class='ocr_carea' id='block_1_81' title="bbox 226 2393 968 2430">
    <p class='ocr_par' dir='ltr' id='par_1_81' title="bbox 226 2393 968 2430">
     <span class='ocr_line' id='line_1_82' title="bbox 226 2393 968 2430; baseline 0.001 -8"><span class='ocrx_word' id='word_1_559' title='bbox 226 2395 326 2422; x_wconf 87' lang='lat' dir='ltr'><strong>Phalec</strong></span> <span class='ocrx_word' id='word_1_560' title='bbox 350 2395 428 2422; x_wconf 91' lang='lat' dir='ltr'><strong>annis</strong></span> <span class='ocrx_word' id='word_1_561' title='bbox 448 2395 499 2422; x_wconf 77' lang='lat' dir='ltr'><strong>I30</strong></span> <span class='ocrx_word' id='word_1_562' title='bbox 530 2399 610 2422; x_wconf 89' lang='lat' dir='ltr'><strong>natus</strong></span> <span class='ocrx_word' id='word_1_563' title='bbox 630 2394 723 2430; x_wconf 87' lang='lat' dir='ltr'><strong>genuit</strong></span> <span class='ocrx_word' id='word_1_564' title='bbox 741 2393 836 2430; x_wconf 80' lang='lat' dir='ltr'><strong>Bagau</strong></span> <span class='ocrx_word' id='word_1_565' title='bbox 849 2416 857 2430; x_wconf 89' lang='lat'><strong>,</strong></span> <span class='ocrx_word' id='word_1_566' title='bbox 875 2400 903 2423; x_wconf 89' lang='lat' dir='ltr'><strong>et</strong></span> <span class='ocrx_word' id='word_1_567' title='bbox 921 2403 968 2423; x_wconf 88' lang='lat' dir='ltr'><strong>su-</strong></span> 
     </span>
    </p>
   </div>
   <div class='ocr_carea' id='block_1_82' title="bbox 192 2440 761 2476">
    <p class='ocr_par' dir='ltr' id='par_1_82' title="bbox 192 2440 761 2476">
     <span class='ocr_line' id='line_1_83' title="bbox 192 2440 761 2476; baseline 0 -8"><span class='ocrx_word' id='word_1_568' title='bbox 192 2445 296 2476; x_wconf 83' lang='lat' dir='ltr'><strong>perstes</strong></span> <span class='ocrx_word' id='word_1_569' title='bbox 311 2441 390 2468; x_wconf 89' lang='lat' dir='ltr'><strong>annis</strong></span> <span class='ocrx_word' id='word_1_570' title='bbox 402 2440 454 2468; x_wconf 76' lang='lat'><strong>209</strong></span> <span class='ocrx_word' id='word_1_571' title='bbox 469 2445 556 2468; x_wconf 86' lang='lat' dir='ltr'><strong>morte</strong></span> <span class='ocrx_word' id='word_1_572' title='bbox 572 2441 694 2468; x_wconf 83' lang='lat' dir='ltr'><strong>sublatus</strong></span> <span class='ocrx_word' id='word_1_573' title='bbox 710 2445 761 2469; x_wconf 88' lang='lat' dir='ltr'><strong>est.</strong></span> 
     </span>
    </p>
   </div>
   <div class='ocr_carea' id='block_1_83' title="bbox 227 2518 967 2555">
    <p class='ocr_par' dir='ltr' id='par_1_83' title="bbox 227 2518 967 2555">
     <span class='ocr_line' id='line_1_84' title="bbox 227 2518 967 2555; baseline 0 -9"><span class='ocrx_word' id='word_1_574' title='bbox 227 2519 282 2555; x_wconf 79' lang='lat'><strong>(38)</strong></span> <span class='ocrx_word' id='word_1_575' title='bbox 297 2518 480 2555; x_wconf 68' lang='grc' dir='ltr'>Μαθουσάλα</span> <span class='ocrx_word' id='word_1_576' title='bbox 495 2519 568 2545; x_wconf 76' lang='grc' dir='ltr'><strong>ἑτῶν</strong></span> <span class='ocrx_word' id='word_1_577' title='bbox 578 2522 656 2555; x_wconf 79' lang='grc' dir='ltr'>ρπη’.</span> <span class='ocrx_word' id='word_1_578' title='bbox 678 2519 828 2555; x_wconf 80' lang='lat' dir='ltr'><strong>Legendum</strong></span> <span class='ocrx_word' id='word_1_579' title='bbox 849 2518 920 2555; x_wconf 55' lang='lat' dir='ltr'><strong>pati”,</strong></span> <span class='ocrx_word' id='word_1_580' title='bbox 934 2526 967 2555; x_wconf 77' lang='lat' dir='ltr'><strong>ex</strong></span> 
     </span>
    </p>
   </div>
   <div class='ocr_carea' id='block_1_84' title="bbox 194 2553 965 2588">
    <p class='ocr_par' dir='ltr' id='par_1_84' title="bbox 194 2553 965 2588">
     <span class='ocr_line' id='line_1_85' title="bbox 194 2553 965 2588; baseline -0.003 -6"><span class='ocrx_word' id='word_1_581' title='bbox 194 2553 308 2588; x_wconf 82' lang='lat' dir='ltr'><strong>Syncelli</strong></span> <span class='ocrx_word' id='word_1_582' title='bbox 327 2554 480 2581; x_wconf 87' lang='lat' dir='ltr'><strong>testimonio</strong></span> <span class='ocrx_word' id='word_1_583' title='bbox 496 2555 605 2581; x_wconf 86' lang='lat' dir='ltr'><strong>suadeo.</strong></span> <span class='ocrx_word' id='word_1_584' title='bbox 626 2553 724 2581; x_wconf 84' lang='lat' dir='ltr'><strong>Scribit</strong></span> <span class='ocrx_word' id='word_1_585' title='bbox 741 2554 812 2581; x_wconf 87' lang='lat' dir='ltr'><strong>enim</strong></span> <span class='ocrx_word' id='word_1_586' title='bbox 830 2553 891 2588; x_wconf 78' lang='lat' dir='ltr'><strong>pag.</strong></span> <span class='ocrx_word' id='word_1_587' title='bbox 911 2553 944 2581; x_wconf 86' lang='grc'><strong>16</strong></span> <span class='ocrx_word' id='word_1_588' title='bbox 959 2563 965 2581; x_wconf 89' lang='lat'><strong>:</strong></span> 
     </span>
    </p>
   </div>
   <div class='ocr_carea' id='block_1_85' title="bbox 192 2563 968 2624">
    <p class='ocr_par' dir='ltr' id='par_1_85' title="bbox 192 2563 968 2624">
     <span class='ocr_line' id='line_1_86' title="bbox 194 2563 965 2588; baseline -0.003 -6"><span class='ocrx_word' id='word_1_589' title='bbox 194 2563 213 2582; x_wconf 70' lang='grc' dir='ltr'>δ</span> <span class='ocrx_word' id='word_1_590' title='bbox 233 2563 308 2582; x_wconf 83' lang='lat' dir='ltr'><strong>ncetn</strong></span> <span class='ocrx_word' id='word_1_591' title='bbox 327 2563 480 2581; x_wconf 82' lang='lat' dir='ltr'><strong>testimonio</strong></span> <span class='ocrx_word' id='word_1_592' title='bbox 496 2563 605 2581; x_wconf 80' lang='lat' dir='ltr'><strong>suadeo.</strong></span> <span class='ocrx_word' id='word_1_593' title='bbox 626 2563 724 2581; x_wconf 67' lang='lat' dir='ltr'><strong>acriori.</strong></span> <span class='ocrx_word' id='word_1_594' title='bbox 741 2563 812 2581; x_wconf 84' lang='lat' dir='ltr'><strong>enim</strong></span> <span class='ocrx_word' id='word_1_595' title='bbox 830 2563 862 2588; x_wconf 85' lang='lat' dir='ltr'><strong>pa</strong></span> <span class='ocrx_word' id='word_1_596' title='bbox 885 2574 891 2580; x_wconf 91' lang='lat'><strong>.</strong></span> <span class='ocrx_word' id='word_1_597' title='bbox 911 2563 965 2581; x_wconf 78' lang='lat' dir='ltr'><strong>ll):</strong></span> 
     </span>
     <span class='ocr_line' id='line_1_87' title="bbox 192 2563 968 2624; baseline 0 -8"><span class='ocrx_word' id='word_1_598' title='bbox 192 2563 358 2617; x_wconf 54' lang='grc' dir='ltr'>Μίκϐουσάλα</span> <span class='ocrx_word' id='word_1_599' title='bbox 379 2589 521 2624; x_wconf 85' lang='grc' dir='ltr'>γενόμενος</span> <span class='ocrx_word' id='word_1_600' title='bbox 543 2589 638 2615; x_wconf 79' lang='grc' dir='ltr'>ἑκατὸν</span> <span class='ocrx_word' id='word_1_601' title='bbox 663 2588 792 2624; x_wconf 80' lang='grc' dir='ltr'>ἑξήκοντα</span> <span class='ocrx_word' id='word_1_602' title='bbox 811 2563 881 2615; x_wconf 56' lang='grc' dir='ltr'>ἑπτξ</span> <span class='ocrx_word' id='word_1_603' title='bbox 900 2589 968 2616; x_wconf 73' lang='grc' dir='ltr'>ἑτῶν</span> 
     </span>
    </p>
   </div>
   <div class='ocr_carea' id='block_1_86' title="bbox 193 2623 967 2660">
    <p class='ocr_par' dir='ltr' id='par_1_86' title="bbox 193 2623 967 2660">
     <span class='ocr_line' id='line_1_88' title="bbox 193 2623 967 2660; baseline -0.001 -9"><span class='ocrx_word' id='word_1_604' title='bbox 193 2624 319 2659; x_wconf 76' lang='grc' dir='ltr'>ἐγέννησε</span> <span class='ocrx_word' id='word_1_605' title='bbox 341 2623 386 2660; x_wconf 76' lang='grc' dir='ltr'><strong>τὸν</strong></span> <span class='ocrx_word' id='word_1_606' title='bbox 408 2624 517 2659; x_wconf 84' lang='grc' dir='ltr'>Λάμεχ,</span> <span class='ocrx_word' id='word_1_607' title='bbox 536 2624 581 2660; x_wconf 70' lang='grc' dir='ltr'>τῷ</span> <span class='ocrx_word' id='word_1_608' title='bbox 605 2623 732 2660; x_wconf 75' lang='grc' dir='ltr'>χιλιαστῴ</span> <span class='ocrx_word' id='word_1_609' title='bbox 754 2624 967 2660; x_wconf 83' lang='grc' dir='ltr'>τετρακοσιοστῷ</span> 
     </span>
    </p>
   </div>
   <div class='ocr_carea' id='block_1_87' title="bbox 193 2659 966 2700">
    <p class='ocr_par' dir='ltr' id='par_1_87' title="bbox 193 2659 966 2700">
     <span class='ocr_line' id='line_1_89' title="bbox 193 2659 966 2700; baseline 0.003 -16"><span class='ocrx_word' id='word_1_610' title='bbox 193 2659 366 2700; x_wconf 59' lang='grc' dir='ltr'>τιεντηκρστῷ</span> <span class='ocrx_word' id='word_1_611' title='bbox 387 2659 507 2700; x_wconf 54' lang='grc' dir='ltr'>τεξόιρτῳ</span> <span class='ocrx_word' id='word_1_612' title='bbox 528 2659 581 2699; x_wconf 63' lang='grc' dir='ltr'>ἔτει</span> <span class='ocrx_word' id='word_1_613' title='bbox 598 2659 648 2700; x_wconf 48' lang='grc' dir='ltr'><strong>ςτοῇ</strong></span> <span class='ocrx_word' id='word_1_614' title='bbox 666 2659 857 2700; x_wconf 51' lang='grc' dir='ltr'>κόσμου-,ἳινὰ</span> <span class='ocrx_word' id='word_1_615' title='bbox 869 2659 896 2685; x_wconf 82' lang='grc' dir='ltr'><strong>δὲ</strong></span> <span class='ocrx_word' id='word_1_616' title='bbox 912 2659 966 2700; x_wconf 62' lang='grc' dir='ltr'>’τῶν</span> 
     </span>
    </p>
   </div>
   <div class='ocr_carea' id='block_1_88' title="bbox 193 2693 966 2765">
    <p class='ocr_par' dir='ltr' id='par_1_88' title="bbox 193 2693 966 2765">
     <span class='ocr_line' id='line_1_90' title="bbox 193 2693 966 2754; baseline 0.001 -34"><span class='ocrx_word' id='word_1_617' title='bbox 193 2693 373 2734; x_wconf 55' lang='grc' dir='ltr'>ἀντιγράφων,</span> <span class='ocrx_word' id='word_1_618' title='bbox 390 2693 431 2754; x_wconf 42' lang='grc' dir='ltr'><strong>τεῇ</strong></span> <span class='ocrx_word' id='word_1_619' title='bbox 444 2693 578 2729; x_wconf 71' lang='grc' dir='ltr'>ἑκατοστῷ</span> <span class='ocrx_word' id='word_1_620' title='bbox 594 2693 761 2728; x_wconf 80' lang='grc' dir='ltr'>ὀγδοηκοστῷ</span> <span class='ocrx_word' id='word_1_621' title='bbox 783 2693 887 2729; x_wconf 76' lang='grc' dir='ltr'>ἑϐδόμῳ</span> <span class='ocrx_word' id='word_1_622' title='bbox 911 2694 966 2721; x_wconf 76' lang='grc' dir='ltr'>ἔτει</span> 
     </span>
     <span class='ocr_line' id='line_1_91' title="bbox 193 2727 966 2765; baseline 0.001 -11"><span class='ocrx_word' id='word_1_623' title='bbox 193 2728 275 2765; x_wconf 79' lang='grc' dir='ltr'>αὐτου</span> <span class='ocrx_word' id='word_1_624' title='bbox 288 2728 417 2765; x_wconf 81' lang='grc' dir='ltr'>Μαθουσά</span> <span class='ocrx_word' id='word_1_625' title='bbox 432 2730 587 2765; x_wconf 18' lang='grc' dir='ltr'>αγφέρουσιν</span> <span class='ocrx_word' id='word_1_626' title='bbox 601 2729 648 2765; x_wconf 77' lang='grc' dir='ltr'>τῂν</span> <span class='ocrx_word' id='word_1_627' title='bbox 662 2729 784 2763; x_wconf 84' lang='grc' dir='ltr'>γέννησιν</span> <span class='ocrx_word' id='word_1_628' title='bbox 799 2729 902 2765; x_wconf 85' lang='grc' dir='ltr'><strong>Λάμεχ.</strong></span> <span class='ocrx_word' id='word_1_629' title='bbox 919 2727 966 2761; x_wconf 81' lang='grc' dir='ltr'><strong>Οἷς</strong></span> 
     </span>
    </p>
   </div>
   <div class='ocr_carea' id='block_1_89' title="bbox 193 2763 694 2799">
    <p class='ocr_par' dir='ltr' id='par_1_89' title="bbox 193 2763 694 2799">
     <span class='ocr_line' id='line_1_92' title="bbox 193 2763 694 2799; baseline 0.006 -11"><span class='ocrx_word' id='word_1_630' title='bbox 193 2764 208 2788; x_wconf 71' lang='grc' dir='ltr'>ὁ</span> <span class='ocrx_word' id='word_1_631' title='bbox 229 2763 387 2799; x_wconf 81' lang='grc' dir='ltr'>Ἀφρικανὸς</span> <span class='ocrx_word' id='word_1_632' title='bbox 403 2763 593 2799; x_wconf 76' lang='grc' dir='ltr'>ἀκολουθήσας.</span> <span class='ocrx_word' id='word_1_633' title='bbox 609 2764 694 2791; x_wconf 73' lang='lat' dir='ltr'><strong>Com.</strong></span> 
     </span>
    </p>
   </div>
   <div class='ocr_carea' id='block_1_90' title="bbox 229 2798 963 2833">
    <p class='ocr_par' dir='ltr' id='par_1_90' title="bbox 229 2798 963 2833">
     <span class='ocr_line' id='line_1_93' title="bbox 229 2798 963 2833; baseline 0.003 -9"><span class='ocrx_word' id='word_1_634' title='bbox 229 2798 333 2833; x_wconf 57' lang='grc' dir='ltr'><strong>(59)]Ἀ</strong></span> <span class='ocrx_word' id='word_1_635' title='bbox 347 2806 412 2833; x_wconf 67' lang='grc' dir='ltr'>τινα</span> <span class='ocrx_word' id='word_1_636' title='bbox 426 2798 514 2833; x_wconf 76' lang='grc' dir='ltr'>ἴσμεν</span> <span class='ocrx_word' id='word_1_637' title='bbox 526 2799 560 2825; x_wconf 79' lang='grc' dir='ltr'>ἐν</span> <span class='ocrx_word' id='word_1_638' title='bbox 573 2800 694 2833; x_wconf 82' lang='grc' dir='ltr'>Παρθίᾳ.</span> <span class='ocrx_word' id='word_1_639' title='bbox 707 2799 764 2826; x_wconf 83' lang='lat' dir='ltr'><strong>lmo</strong></span> <span class='ocrx_word' id='word_1_640' title='bbox 777 2799 804 2826; x_wconf 89' lang='lat' dir='ltr'><strong>in</strong></span> <span class='ocrx_word' id='word_1_641' title='bbox 817 2799 942 2826; x_wconf 78' lang='lat' dir='ltr'><strong>Armenia</strong></span> <span class='ocrx_word' id='word_1_642' title='bbox 956 2808 963 2826; x_wconf 72' lang='grc' dir='ltr'>ε</span> 
     </span>
    </p>
   </div>
   <div class='ocr_carea' id='block_1_91' title="bbox 194 2832 965 2862">
    <p class='ocr_par' dir='ltr' id='par_1_91' title="bbox 194 2832 965 2862">
     <span class='ocr_line' id='line_1_94' title="bbox 194 2832 965 2862; baseline 0.003 -3"><span class='ocrx_word' id='word_1_643' title='bbox 194 2832 247 2860; x_wconf 87' lang='lat' dir='ltr'><strong>nisi</strong></span> <span class='ocrx_word' id='word_1_644' title='bbox 272 2832 396 2860; x_wconf 81' lang='lat' dir='ltr'><strong>librarius</strong></span> <span class='ocrx_word' id='word_1_645' title='bbox 419 2832 524 2860; x_wconf 85' lang='lat' dir='ltr'><strong>cunctis</strong></span> <span class='ocrx_word' id='word_1_646' title='bbox 546 2834 701 2862; x_wconf 84' lang='lat' dir='ltr'><strong>auctoribus</strong></span> <span class='ocrx_word' id='word_1_647' title='bbox 719 2835 819 2862; x_wconf 87' lang='lat' dir='ltr'><strong>certior</strong></span> <span class='ocrx_word' id='word_1_648' title='bbox 837 2834 965 2862; x_wconf 87' lang='lat' dir='ltr'><strong>vaticiue-</strong></span> 
     </span>
    </p>
   </div>
   <div class='ocr_carea' id='block_1_92' title="bbox 979 2022 1798 2061">
    <p class='ocr_par' dir='ltr' id='par_1_92' title="bbox 979 2022 1798 2061">
     <span class='ocr_line' id='line_1_95' title="bbox 979 2022 1798 2061; baseline 0 -11"><span class='ocrx_word' id='word_1_649' title='bbox 979 2022 1000 2050; x_wconf 91' lang='lat' dir='ltr'><strong><em>C</em></strong></span> <span class='ocrx_word' id='word_1_650' title='bbox 1050 2026 1128 2053; x_wconf 82' lang='grc' dir='ltr'>Μετὰ</span> <span class='ocrx_word' id='word_1_651' title='bbox 1143 2026 1173 2052; x_wconf 77' lang='grc' dir='ltr'><strong>δὲ</strong></span> <span class='ocrx_word' id='word_1_652' title='bbox 1188 2032 1233 2052; x_wconf 75' lang='grc' dir='ltr'><strong>τον</strong></span> <span class='ocrx_word' id='word_1_653' title='bbox 1252 2025 1440 2061; x_wconf 83' lang='grc' dir='ltr'>κατακλυσμὸν</span> <span class='ocrx_word' id='word_1_654' title='bbox 1453 2025 1512 2061; x_wconf 83' lang='grc' dir='ltr'>Σὴμ</span> <span class='ocrx_word' id='word_1_655' title='bbox 1527 2024 1654 2060; x_wconf 80' lang='grc' dir='ltr'>ἐγέννησε</span> <span class='ocrx_word' id='word_1_656' title='bbox 1669 2024 1714 2051; x_wconf 85' lang='grc' dir='ltr'><strong>τὸν</strong></span> <span class='ocrx_word' id='word_1_657' title='bbox 1735 2026 1798 2058; x_wconf 78' lang='grc' dir='ltr'><strong>Ἆρ-</strong></span> 
     </span>
    </p>
   </div>
   <div class='ocr_carea' id='block_1_93' title="bbox 1088 2072 1112 2099">
    <p class='ocr_par' dir='ltr' id='par_1_93' title="bbox 1088 2072 1112 2099">
     <span class='ocr_line' id='line_1_96' title="bbox 1088 2072 1112 2099; baseline 0.042 -1"><span class='ocrx_word' id='word_1_658' title='bbox 1088 2072 1112 2099; x_wconf 85' lang='grc' dir='ltr'><strong>δ.</strong></span> 
     </span>
    </p>
   </div>
   <div class='ocr_carea' id='block_1_94' title="bbox 1016 2072 1798 2153">
    <p class='ocr_par' dir='ltr' id='par_1_94' title="bbox 1016 2072 1798 2153">
     <span class='ocr_line' id='line_1_97' title="bbox 1088 2072 1112 2099; baseline 0.042 -1"><span class='ocrx_word' id='word_1_659' title='bbox 1088 2072 1112 2099; x_wconf 86' lang='grc' dir='ltr'><strong>δ.</strong></span> 
     </span>
     <span class='ocr_line' id='line_1_98' title="bbox 1016 2072 1798 2153; baseline -0.004 -9"><span class='ocrx_word' id='word_1_660' title='bbox 1016 2072 1194 2153; x_wconf 56' lang='grc' dir='ltr'>φαξῗρφαξὰδ</span> <span class='ocrx_word' id='word_1_661' title='bbox 1218 2117 1363 2153; x_wconf 85' lang='grc' dir='ltr'>γενόμενος</span> <span class='ocrx_word' id='word_1_662' title='bbox 1389 2117 1457 2144; x_wconf 82' lang='grc' dir='ltr'><strong>ὲτῶν</strong></span> <span class='ocrx_word' id='word_1_663' title='bbox 1482 2117 1535 2153; x_wconf 90' lang='grc' dir='ltr'>ρλε¹</span> <span class='ocrx_word' id='word_1_664' title='bbox 1543 2117 1624 2151; x_wconf 87' lang='grc' dir='ltr'>γεννᾷ</span> <span class='ocrx_word' id='word_1_665' title='bbox 1646 2115 1691 2142; x_wconf 87' lang='grc' dir='ltr'><strong>τὸν</strong></span> <span class='ocrx_word' id='word_1_666' title='bbox 1713 2115 1798 2149; x_wconf 57' lang='grc' dir='ltr'>Σαλὰι</span> 
     </span>
    </p>
   </div>
   <div class='ocr_carea' id='block_1_95' title="bbox 1014 2164 1108 2200">
    <p class='ocr_par' dir='ltr' id='par_1_95' title="bbox 1014 2164 1108 2200">
     <span class='ocr_line' id='line_1_99' title="bbox 1014 2164 1108 2200; baseline -0.043 -4"><span class='ocrx_word' id='word_1_667' title='bbox 1014 2164 1108 2200; x_wconf 59' lang='grc' dir='ltr'><strong>,βτιιξκ</strong></span> 
     </span>
    </p>
   </div>
   <div class='ocr_carea' id='block_1_96' title="bbox 1052 2207 1795 2246">
    <p class='ocr_par' dir='ltr' id='par_1_96' title="bbox 1052 2207 1795 2246">
     <span class='ocr_line' id='line_1_100' title="bbox 1052 2207 1795 2246; baseline -0.004 -9"><span class='ocrx_word' id='word_1_668' title='bbox 1052 2210 1125 2237; x_wconf 80' lang='grc' dir='ltr'>Σαλὰ</span> <span class='ocrx_word' id='word_1_669' title='bbox 1142 2210 1284 2246; x_wconf 89' lang='grc' dir='ltr'>γενόμενος</span> <span class='ocrx_word' id='word_1_670' title='bbox 1303 2209 1370 2236; x_wconf 82' lang='grc' dir='ltr'>ἐτῶν</span> <span class='ocrx_word' id='word_1_671' title='bbox 1389 2209 1426 2245; x_wconf 91' lang='grc' dir='ltr'>ρλ¹</span> <span class='ocrx_word' id='word_1_672' title='bbox 1445 2210 1525 2245; x_wconf 88' lang='grc' dir='ltr'>γεννᾷ</span> <span class='ocrx_word' id='word_1_673' title='bbox 1538 2208 1583 2235; x_wconf 90' lang='grc' dir='ltr'><strong>τὸν</strong></span> <span class='ocrx_word' id='word_1_674' title='bbox 1599 2208 1687 2244; x_wconf 76' lang='grc' dir='ltr'>Ἐὁὲρ,</span> <span class='ocrx_word' id='word_1_675' title='bbox 1706 2207 1795 2243; x_wconf 64' lang='grc' dir='ltr'><strong>βφκξ.</strong></span> 
     </span>
    </p>
   </div>
   <div class='ocr_carea' id='block_1_97' title="bbox 1057 2252 1796 2292">
    <p class='ocr_par' dir='ltr' id='par_1_97' title="bbox 1057 2252 1796 2292">
     <span class='ocr_line' id='line_1_101' title="bbox 1057 2252 1796 2292; baseline -0.005 -9"><span class='ocrx_word' id='word_1_676' title='bbox 1057 2256 1134 2292; x_wconf 79' lang='grc' dir='ltr'><strong>Ἐὃὲρ</strong></span> <span class='ocrx_word' id='word_1_677' title='bbox 1143 2256 1284 2291; x_wconf 84' lang='grc' dir='ltr'>γενόμενος</span> <span class='ocrx_word' id='word_1_678' title='bbox 1295 2254 1361 2282; x_wconf 79' lang='grc' dir='ltr'><strong>ὲτῶν</strong></span> <span class='ocrx_word' id='word_1_679' title='bbox 1376 2254 1427 2291; x_wconf 83' lang='grc' dir='ltr'>ρλδ¹</span> <span class='ocrx_word' id='word_1_680' title='bbox 1441 2254 1522 2290; x_wconf 81' lang='grc' dir='ltr'>γεννᾷ</span> <span class='ocrx_word' id='word_1_681' title='bbox 1532 2254 1577 2280; x_wconf 83' lang='grc' dir='ltr'><strong>τὸν</strong></span> <span class='ocrx_word' id='word_1_682' title='bbox 1591 2253 1687 2284; x_wconf 57' lang='lat' dir='ltr'><strong>eam,</strong></span> <span class='ocrx_word' id='word_1_683' title='bbox 1697 2252 1776 2288; x_wconf 78' lang='grc' dir='ltr'><strong>,βχξα’</strong></span> <span class='ocrx_word' id='word_1_684' title='bbox 1786 2260 1796 2267; x_wconf 78' lang='grc'><strong>⁸</strong></span> 
     </span>
    </p>
   </div>
   <div class='ocr_carea' id='block_1_98' title="bbox 1016 2297 1799 2337">
    <p class='ocr_par' dir='ltr' id='par_1_98' title="bbox 1016 2297 1799 2337">
     <span class='ocr_line' id='line_1_102' title="bbox 1016 2297 1799 2337; baseline -0.006 -8"><span class='ocrx_word' id='word_1_685' title='bbox 1016 2301 1100 2334; x_wconf 81' lang='grc' dir='ltr'>οὕτως</span> <span class='ocrx_word' id='word_1_686' title='bbox 1114 2301 1293 2337; x_wconf 80' lang='grc' dir='ltr'>ἐπικληθέντα</span> <span class='ocrx_word' id='word_1_687' title='bbox 1308 2301 1352 2329; x_wconf 86' lang='grc' dir='ltr'>διὰ</span> <span class='ocrx_word' id='word_1_688' title='bbox 1370 2301 1415 2328; x_wconf 86' lang='grc' dir='ltr'><strong>τὸν</strong></span> <span class='ocrx_word' id='word_1_689' title='bbox 1430 2297 1589 2336; x_wconf 63' lang='grc' dir='ltr'>ὲνῗήμέραις</span> <span class='ocrx_word' id='word_1_690' title='bbox 1603 2297 1685 2326; x_wconf 78' lang='grc' dir='ltr'>αὑτοῦ</span> <span class='ocrx_word' id='word_1_691' title='bbox 1717 2306 1799 2334; x_wconf 73' lang='grc' dir='ltr'>μερι-</span> 
     </span>
    </p>
   </div>
   <div class='ocr_carea' id='block_1_99' title="bbox 1017 2347 1255 2384">
    <p class='ocr_par' dir='ltr' id='par_1_99' title="bbox 1017 2347 1255 2384">
     <span class='ocr_line' id='line_1_103' title="bbox 1017 2347 1255 2384; baseline -0.004 -10"><span class='ocrx_word' id='word_1_692' title='bbox 1017 2348 1112 2384; x_wconf 84' lang='grc' dir='ltr'>σθῆναι</span> <span class='ocrx_word' id='word_1_693' title='bbox 1129 2347 1177 2384; x_wconf 81' lang='grc' dir='ltr'>τὴν</span> <span class='ocrx_word' id='word_1_694' title='bbox 1193 2347 1255 2382; x_wconf 84' lang='grc' dir='ltr'>γῆν.</span> 
     </span>
    </p>
   </div>
   <div class='ocr_carea' id='block_1_100' title="bbox 1050 2387 1800 2429">
    <p class='ocr_par' dir='ltr' id='par_1_100' title="bbox 1050 2387 1800 2429">
     <span class='ocr_line' id='line_1_104' title="bbox 1050 2387 1800 2429; baseline -0.008 -9"><span class='ocrx_word' id='word_1_695' title='bbox 1050 2393 1137 2420; x_wconf 77' lang='grc' dir='ltr'>Φαλὲκ</span> <span class='ocrx_word' id='word_1_696' title='bbox 1150 2393 1217 2420; x_wconf 75' lang='grc' dir='ltr'>ἐτῶν</span> <span class='ocrx_word' id='word_1_697' title='bbox 1233 2393 1271 2429; x_wconf 90' lang='grc' dir='ltr'>ρλ¹</span> <span class='ocrx_word' id='word_1_698' title='bbox 1292 2391 1420 2428; x_wconf 76' lang='grc' dir='ltr'>ἐγέννησε</span> <span class='ocrx_word' id='word_1_699' title='bbox 1436 2391 1480 2419; x_wconf 87' lang='grc' dir='ltr'><strong>τὸν</strong></span> <span class='ocrx_word' id='word_1_700' title='bbox 1497 2389 1615 2425; x_wconf 81' lang='grc' dir='ltr'><strong>Ῥαγαῦ,</strong></span> <span class='ocrx_word' id='word_1_701' title='bbox 1636 2388 1683 2416; x_wconf 78' lang='grc' dir='ltr'>καὶ</span> <span class='ocrx_word' id='word_1_702' title='bbox 1700 2387 1800 2424; x_wconf 74' lang='grc' dir='ltr'><strong>ἐπιζή-</strong></span> 
     </span>
    </p>
   </div>
   <div class='ocr_carea' id='block_1_101' title="bbox 1017 2439 1368 2476">
    <p class='ocr_par' dir='ltr' id='par_1_101' title="bbox 1017 2439 1368 2476">
     <span class='ocr_line' id='line_1_105' title="bbox 1017 2439 1368 2476; baseline -0.003 -9"><span class='ocrx_word' id='word_1_703' title='bbox 1017 2449 1066 2472; x_wconf 85' lang='grc' dir='ltr'><strong>σας</strong></span> <span class='ocrx_word' id='word_1_704' title='bbox 1078 2439 1124 2476; x_wconf 74' lang='grc' dir='ltr'>ἐτη</span> <span class='ocrx_word' id='word_1_705' title='bbox 1138 2440 1176 2466; x_wconf 82' lang='grc' dir='ltr'><strong>σθ⁴</strong></span> <span class='ocrx_word' id='word_1_706' title='bbox 1186 2439 1368 2476; x_wconf 76' lang='grc' dir='ltr'>ἐτελεύτησεν.</span> 
     </span>
    </p>
   </div>
   <div class='ocr_carea' id='block_1_102' title="bbox 1016 2515 1799 2555">
    <p class='ocr_par' dir='ltr' id='par_1_102' title="bbox 1016 2515 1799 2555">
     <span class='ocr_line' id='line_1_106' title="bbox 1016 2515 1799 2555; baseline -0.008 -9"><span class='ocrx_word' id='word_1_707' title='bbox 1016 2523 1069 2555; x_wconf 86' lang='lat' dir='ltr'><strong>tur.</strong></span> <span class='ocrx_word' id='word_1_708' title='bbox 1081 2518 1221 2555; x_wconf 64' lang='lat' dir='ltr'><strong>Qedrenus</strong></span> <span class='ocrx_word' id='word_1_709' title='bbox 1231 2526 1264 2555; x_wconf 56' lang='lat' dir='ltr'><strong>ea</strong></span> <span class='ocrx_word' id='word_1_710' title='bbox 1278 2517 1393 2555; x_wconf 85' lang='lat' dir='ltr'><strong>Georgio</strong></span> <span class='ocrx_word' id='word_1_711' title='bbox 1398 2516 1459 2555; x_wconf 68' lang='lat' dir='ltr'><strong>_:_Td</strong></span> <span class='ocrx_word' id='word_1_712' title='bbox 1474 2516 1524 2553; x_wconf 75' lang='grc' dir='ltr'>ὅρη</span> <span class='ocrx_word' id='word_1_713' title='bbox 1544 2515 1660 2555; x_wconf 48' lang='grc' dir='ltr'>ἶΑραρριτ</span> <span class='ocrx_word' id='word_1_714' title='bbox 1672 2515 1752 2555; x_wconf 81' lang='grc' dir='ltr'>ῐσμεν</span> <span class='ocrx_word' id='word_1_715' title='bbox 1763 2515 1799 2555; x_wconf 67' lang='grc' dir='ltr'><strong>ξεν</strong></span> 
     </span>
    </p>
   </div>
   <div class='ocr_carea' id='block_1_103' title="bbox 1016 2551 1798 2590">
    <p class='ocr_par' dir='ltr' id='par_1_103' title="bbox 1016 2551 1798 2590">
     <span class='ocr_line' id='line_1_107' title="bbox 1016 2551 1798 2590; baseline -0.008 -10"><span class='ocrx_word' id='word_1_716' title='bbox 1016 2553 1122 2590; x_wconf 81' lang='grc' dir='ltr'>Παρθίᾳ</span> <span class='ocrx_word' id='word_1_717' title='bbox 1144 2554 1296 2590; x_wconf 80' lang='grc' dir='ltr'>Ἀρμενίας·</span> <span class='ocrx_word' id='word_1_718' title='bbox 1311 2551 1381 2590; x_wconf 57' lang='grc' dir='ltr'>τινες</span> <span class='ocrx_word' id='word_1_719' title='bbox 1396 2552 1424 2590; x_wconf 60' lang='grc' dir='ltr'><strong>δέ</strong></span> <span class='ocrx_word' id='word_1_720' title='bbox 1442 2551 1523 2590; x_wconf 57' lang='grc' dir='ltr'>φασιν</span> <span class='ocrx_word' id='word_1_721' title='bbox 1545 2551 1729 2590; x_wconf 58' lang='grc' dir='ltr'>ἐνιςελαιναῖς</span> <span class='ocrx_word' id='word_1_722' title='bbox 1745 2551 1798 2590; x_wconf 65' lang='grc' dir='ltr'>τῆς</span> 
     </span>
    </p>
   </div>
   <div class='ocr_carea' id='block_1_104' title="bbox 1015 2585 1796 2632">
    <p class='ocr_par' dir='ltr' id='par_1_104' title="bbox 1015 2585 1796 2632">
     <span class='ocr_line' id='line_1_108' title="bbox 1015 2585 1796 2632; baseline -0.006 -17"><span class='ocrx_word' id='word_1_723' title='bbox 1015 2585 1144 2632; x_wconf 53' lang='grc' dir='ltr'>φρὺγίόις.</span> <span class='ocrx_word' id='word_1_724' title='bbox 1166 2585 1307 2632; x_wconf 49' lang='lat' dir='ltr'><strong>Sjin‘ce&#39;llus</strong></span> <span class='ocrx_word' id='word_1_725' title='bbox 1332 2585 1607 2632; x_wconf 47' lang='lat' dir='ltr'><strong>ipse.inferi’us:‘ent</strong></span> <span class='ocrx_word' id='word_1_726' title='bbox 1628 2586 1662 2612; x_wconf 83' lang='grc' dir='ltr'><strong>τὰ</strong></span> <span class='ocrx_word' id='word_1_727' title='bbox 1677 2585 1727 2620; x_wconf 73' lang='grc' dir='ltr'>ὅρη</span> <span class='ocrx_word' id='word_1_728' title='bbox 1745 2585 1796 2610; x_wconf 82' lang='grc' dir='ltr'>τοῦ</span> 
     </span>
    </p>
   </div>
   <div class='ocr_carea' id='block_1_105' title="bbox 1052 2622 1795 2697">
    <p class='ocr_par' dir='ltr' id='par_1_105' title="bbox 1052 2622 1795 2697">
     <span class='ocr_line' id='line_1_109' title="bbox 1052 2622 1587 2694; baseline -0.006 -44"><span class='ocrx_word' id='word_1_729' title='bbox 1052 2622 1150 2694; x_wconf 49' lang='lat' dir='ltr'><strong>{dapem</strong></span> <span class='ocrx_word' id='word_1_730' title='bbox 1162 2622 1232 2650; x_wconf 74' lang='grc' dir='ltr'>τοῦτ’</span> <span class='ocrx_word' id='word_1_731' title='bbox 1247 2623 1303 2649; x_wconf 67' lang='grc' dir='ltr'>ἐστι</span> <span class='ocrx_word' id='word_1_732' title='bbox 1315 2624 1364 2658; x_wconf 84' lang='grc' dir='ltr'>τῆς</span> <span class='ocrx_word' id='word_1_733' title='bbox 1381 2622 1533 2662; x_wconf 64' lang='grc' dir='ltr'>Ἀρμενίας.</span> <span class='ocrx_word' id='word_1_734' title='bbox 1548 2623 1587 2647; x_wconf 85' lang='grc' dir='ltr'><strong>Ιι).</strong></span> 
     </span>
     <span class='ocr_line' id='line_1_110' title="bbox 1063 2656 1795 2697; baseline -0.001 -12"><span class='ocrx_word' id='word_1_735' title='bbox 1063 2660 1077 2685; x_wconf 73' lang='lat' dir='ltr'><strong>ll</strong></span> <span class='ocrx_word' id='word_1_736' title='bbox 1097 2660 1111 2697; x_wconf 80' lang='grc'><strong>)¹</strong></span> <span class='ocrx_word' id='word_1_737' title='bbox 1123 2658 1203 2697; x_wconf 62' lang='grc' dir='ltr'>Τινξσς</span> <span class='ocrx_word' id='word_1_738' title='bbox 1221 2657 1255 2685; x_wconf 78' lang='grc' dir='ltr'><strong>δὲ</strong></span> <span class='ocrx_word' id='word_1_739' title='bbox 1268 2657 1302 2684; x_wconf 82' lang='grc' dir='ltr'><strong>ὲν</strong></span> <span class='ocrx_word' id='word_1_740' title='bbox 1314 2659 1470 2697; x_wconf 64' lang='grc' dir='ltr'>Κελᾳινςιις</span> <span class='ocrx_word' id='word_1_741' title='bbox 1489 2665 1542 2690; x_wconf 83' lang='grc' dir='ltr'><strong>της</strong></span> <span class='ocrx_word' id='word_1_742' title='bbox 1560 2656 1696 2697; x_wconf 47' lang='grc' dir='ltr'>Φρυγίαςλ</span> <span class='ocrx_word' id='word_1_743' title='bbox 1714 2656 1795 2690; x_wconf 85' lang='lat' dir='ltr'><strong>Quod</strong></span> 
     </span>
    </p>
   </div>
   <div class='ocr_carea' id='block_1_106' title="bbox 1015 2691 1796 2728">
    <p class='ocr_par' dir='ltr' id='par_1_106' title="bbox 1015 2691 1796 2728">
     <span class='ocr_line' id='line_1_111' title="bbox 1015 2691 1796 2728; baseline -0.003 -8"><span class='ocrx_word' id='word_1_744' title='bbox 1015 2691 1137 2728; x_wconf 59' lang='lat' dir='ltr'><strong>Phrygia:</strong></span> <span class='ocrx_word' id='word_1_745' title='bbox 1158 2694 1241 2728; x_wconf 73' lang='lat' dir='ltr'><strong>nigrae</strong></span> <span class='ocrx_word' id='word_1_746' title='bbox 1261 2700 1340 2728; x_wconf 71' lang='lat' dir='ltr'><strong>mons</strong></span> <span class='ocrx_word' id='word_1_747' title='bbox 1362 2691 1396 2728; x_wconf 88' lang='lat' dir='ltr'><strong>sit</strong></span> <span class='ocrx_word' id='word_1_748' title='bbox 1416 2693 1522 2724; x_wconf 78' lang='lat' dir='ltr'><strong>Ararat,</strong></span> <span class='ocrx_word' id='word_1_749' title='bbox 1543 2699 1576 2718; x_wconf 76' lang='lat' dir='ltr'><strong>ex</strong></span> <span class='ocrx_word' id='word_1_750' title='bbox 1596 2691 1796 2728; x_wconf 39' lang='lat' dir='ltr'><strong>quonMarsyas</strong></span> 
     </span>
    </p>
   </div>
   <div class='ocr_carea' id='block_1_107' title="bbox 1016 2726 1797 2762">
    <p class='ocr_par' dir='ltr' id='par_1_107' title="bbox 1016 2726 1797 2762">
     <span class='ocr_line' id='line_1_112' title="bbox 1016 2726 1797 2762; baseline -0.003 -7"><span class='ocrx_word' id='word_1_751' title='bbox 1016 2726 1113 2756; x_wconf 77' lang='lat' dir='ltr'><strong>ﬂuvius</strong></span> <span class='ocrx_word' id='word_1_752' title='bbox 1126 2726 1243 2759; x_wconf 78' lang='lat' dir='ltr'><strong>emanat,</strong></span> <span class='ocrx_word' id='word_1_753' title='bbox 1263 2732 1299 2758; x_wconf 86' lang='lat' dir='ltr'><strong>et,</strong></span> <span class='ocrx_word' id='word_1_754' title='bbox 1314 2726 1413 2753; x_wconf 85' lang='lat' dir='ltr'><strong>Ortelio</strong></span> <span class='ocrx_word' id='word_1_755' title='bbox 1430 2730 1506 2758; x_wconf 86' lang='lat' dir='ltr'><strong>teste,</strong></span> <span class='ocrx_word' id='word_1_756' title='bbox 1519 2734 1551 2753; x_wconf 73' lang='lat' dir='ltr'><strong>ex</strong></span> <span class='ocrx_word' id='word_1_757' title='bbox 1571 2726 1687 2762; x_wconf 74' lang='lat' dir='ltr'><strong>oraculis</strong></span> <span class='ocrx_word' id='word_1_758' title='bbox 1703 2726 1797 2762; x_wconf 79' lang='lat' dir='ltr'><strong>Sibyl-</strong></span> 
     </span>
    </p>
   </div>
   <div class='ocr_carea' id='block_1_108' title="bbox 1016 2761 1796 2790">
    <p class='ocr_par' dir='ltr' id='par_1_108' title="bbox 1016 2761 1796 2790">
     <span class='ocr_line' id='line_1_113' title="bbox 1016 2761 1796 2790; baseline -0.004 0"><span class='ocrx_word' id='word_1_759' title='bbox 1016 2763 1079 2790; x_wconf 92' lang='lat' dir='ltr'><strong>linis</strong></span> <span class='ocrx_word' id='word_1_760' title='bbox 1095 2763 1202 2790; x_wconf 87' lang='lat' dir='ltr'><strong>dicatur</strong></span> <span class='ocrx_word' id='word_1_761' title='bbox 1219 2763 1246 2789; x_wconf 94' lang='lat' dir='ltr'><strong>in</strong></span> <span class='ocrx_word' id='word_1_762' title='bbox 1267 2770 1300 2789; x_wconf 89' lang='lat' dir='ltr'><strong>eo</strong></span> <span class='ocrx_word' id='word_1_763' title='bbox 1323 2769 1385 2788; x_wconf 85' lang='lat' dir='ltr'><strong>arca</strong></span> <span class='ocrx_word' id='word_1_764' title='bbox 1405 2761 1567 2788; x_wconf 88' lang='lat' dir='ltr'><strong>constitisse.</strong></span> <span class='ocrx_word' id='word_1_765' title='bbox 1580 2761 1796 2788; x_wconf 44' lang='lat' dir='ltr'><strong>Conciliatas’de</strong></span> 
     </span>
    </p>
   </div>
   <div class='ocr_carea' id='block_1_109' title="bbox 1016 2796 1795 2838">
    <p class='ocr_par' dir='ltr' id='par_1_109' title="bbox 1016 2796 1795 2838">
     <span class='ocr_line' id='line_1_114' title="bbox 1016 2796 1795 2838; baseline -0.004 -13"><span class='ocrx_word' id='word_1_766' title='bbox 1016 2798 1129 2838; x_wconf 74' lang='lat' dir='ltr'><strong>diversis</strong></span> <span class='ocrx_word' id='word_1_767' title='bbox 1143 2798 1247 2838; x_wconf 44' lang='lat' dir='ltr'><strong>quibus.</strong></span> <span class='ocrx_word' id='word_1_768' title='bbox 1255 2803 1322 2838; x_wconf 64' lang='lat' dir='ltr'><strong>arca</strong></span> <span class='ocrx_word' id='word_1_769' title='bbox 1330 2796 1463 2838; x_wconf 74' lang='lat' dir='ltr'><strong>resedisse</strong></span> <span class='ocrx_word' id='word_1_770' title='bbox 1475 2796 1579 2838; x_wconf 53' lang='lat' dir='ltr'><strong>dicitur</strong></span> <span class='ocrx_word' id='word_1_771' title='bbox 1592 2796 1663 2838; x_wconf 55' lang='lat' dir='ltr'><strong>locis</strong></span> <span class='ocrx_word' id='word_1_772' title='bbox 1679 2800 1795 2838; x_wconf 69' lang='lat' dir='ltr'><strong>senten-</strong></span> 
     </span>
    </p>
   </div>
   <div class='ocr_carea' id='block_1_110' title="bbox 1017 2830 1717 2867">
    <p class='ocr_par' dir='ltr' id='par_1_110' title="bbox 1017 2830 1717 2867">
     <span class='ocr_line' id='line_1_115' title="bbox 1017 2830 1717 2867; baseline -0.004 -7"><span class='ocrx_word' id='word_1_773' title='bbox 1017 2834 1068 2860; x_wconf 90' lang='lat' dir='ltr'><strong>tias</strong></span> <span class='ocrx_word' id='word_1_774' title='bbox 1083 2834 1138 2867; x_wconf 84' lang='lat' dir='ltr'><strong>lege</strong></span> <span class='ocrx_word' id='word_1_775' title='bbox 1150 2830 1221 2859; x_wconf 84' lang='lat' dir='ltr'><strong>inter</strong></span> <span class='ocrx_word' id='word_1_776' title='bbox 1233 2831 1324 2858; x_wconf 79' lang='lat' dir='ltr'><strong>Allatii</strong></span> <span class='ocrx_word' id='word_1_777' title='bbox 1340 2836 1418 2858; x_wconf 85' lang='lat' dir='ltr'><strong>notas</strong></span> <span class='ocrx_word' id='word_1_778' title='bbox 1429 2830 1462 2858; x_wconf 87' lang='lat' dir='ltr'><strong>ad</strong></span> <span class='ocrx_word' id='word_1_779' title='bbox 1475 2830 1610 2858; x_wconf 88' lang='lat' dir='ltr'><strong>Eustathii</strong></span> <span class='ocrx_word' id='word_1_780' title='bbox 1621 2830 1665 2857; x_wconf 70' lang='grc'>19.</span> <span class='ocrx_word' id='word_1_781' title='bbox 1680 2830 1717 2857; x_wconf 85' lang='lat' dir='ltr'><strong>In.</strong></span> 
     </span>
    </p>
   </div>
  </div>
