1883 3056
83 98 113 126 69
575 101 656 135 ΟΠΞ
678 100 884 130 SUPERSUNT

903 100 949 128 EX
970 100 1082 130 LlBRlS
1101 100 1298 131 CHRONOGR.
1679 105 1715 133 τη

696 162 754 190 ἮΙ,
776 162 997 198 Ibid.,pag.,95,
1016 162 1053 190 al.
1075 163 1118 190 τι.

125 217 169 254 τῷ
183 218 260 254 ,γσοζν
288 221 350 248 ἔτει
381 222 433 249 τοῦ
463 222 561 258 κόσμου
586 222 671 258 ὲπέϐη
692 222 816 258 ’Δϐραὰμ
838 222 886 258 τῆς

103 265 298 303 ἐπηγγελμένης
313 268 498 300 Χανανίτιδος
515 271 576 306 γῆς.

970 222 1050 249 Anno
1079 222 1174 249 mundi
1193 222 1273 254 3277,
1304 227 1402 249 terram
1429 221 1635 250 Chananitidem
1661 222 1713 251 sibi

936 267 1099 303 promissam
1114 267 1252 302 ingressus
1264 272 1306 295 est
1322 268 1470 295 Abraham.

899 246 922 276 A

684 338 750 366 Vill.
772 338 855 371 lbid.,
875 345 935 373 pag.
955 336 1009 369 99,
1029 336 1066 363 al.
1088 335 1132 363 79.

372 386 445 422 Περὶ
476 386 607 422 Ἀϐραάμ.

134 440 231 468 Ἔνθεν
257 442 374 478 ἄρχεται
402 443 458 469 τῶν
487 443 619 479 Ἐϐραίων
647 443 664 478 ὴ
695 441 882 478 προσωνυμία.

103 485 225 522 Ἑϐραῖοι
239 488 294 523 γὰρ
321 489 347 514 οἱ
361 488 484 522 Περάται
498 489 707 525 ἐρμηνεύονται,
723 489 747 515 οἳ
761 487 886 523 διεπερά-

98 539 182 558 ο-αντο
199 533 344 568 Εὐφράτην
367 534 437 568 μετὰ
460 534 598 570 Ἀϐραάμ’
617 535 662 561 καὶ
682 535 740 570 οὐχ,
764 534 801 565 ὡς
816 533 885 560 οἷον-

97 577 142 603 ui
163 586 246 611 τινες,
268 579 321 605 ἀπὸ
343 579 422 614 Ἐϐὲρ
441 579 488 606 τοῦ
507 580 713 616 προειρημένου.
737 578 885 613 Συνάγεται

95 622 188 648 τοίνυν
217 623 257 654 εἰς
282 623 330 658 τὴν
357 623 484 650 ἐπίϐασιν
512 624 562 658 τῆς
588 623 809 659 κατηγγελμένης
831 623 884 658 γῆς

102 667 233 703 Ἀϐραὰμ
248 689 254 700 ,
276 669 329 695 ἀπὸ
357 669 408 705 μὲν
427 669 474 695 τοῦ
506 669 697 705 κατακλυσμοῦ
727 669 774 695 καὶ
800 668 861 695 Νῶε
875 688 883 700 ,

95 713 201 746 γενεῶν
222 713 287 740 δέκα
311 713 356 750 ἐτη
373 718 445 746 ,ats"
463 715 554 741 ἀπὺδὲ
570 714 654 750 Ἀδὰμ
671 714 771 749 γενεῶν
798 715 886 741 εἴκοσι

96 758 148 793 sm
164 759 230 792 ,γσς
245 758 310 794 (ιι).

1224 383 1262 411 De
1278 383 1424 410 Abraham.

967 439 1018 467 Hic
1044 439 1163 474 primum
1192 447 1290 466 nomen
1316 439 1490 467 Hebraeorum
1514 439 1636 467 auditum
1663 443 1714 466 est.

935 484 1040 513 Hebraei
1061 493 1177 520 namque
1203 485 1439 520 Transmigrantes
1463 490 1644 520 exponuntur.
1668 486 1714 519 qui

935 539 998 559 cum
1014 531 1152 558 Abraham
1169 530 1337 565 traiecerunt
1350 530 1512 565 Euphratem
1527 540 1534 564 ;
1551 536 1578 558 et
1594 539 1647 558 non
1659 551 1667 564 ,
1685 535 1716 557 ut

936 576 1050 612 quidam
1070 580 1226 609 autumant,
1246 576 1280 603 ab
1296 575 1403 603 Heher:
1420 576 1452 603 de
1468 584 1521 611 quo
1541 577 1604 604 alibi
1624 585 1714 604 sermo

937 622 1056 649 habitus.
1076 622 1100 648 A
1116 622 1252 656 praeterito
1273 621 1365 655 itaque
1383 621 1504 653 diluvio.
1520 621 1630 657 Noeque
1644 626 1713 649 tem-

937 668 1066 703 poribus,
1085 675 1173 703 usque
1193 668 1226 695 ad
1242 668 1395 702 ingressum
1419 667 1536 694 Abrahae
1561 668 1587 694 in
1611 672 1711 696 terram

935 714 1115 748 promissam,
1136 713 1340 749 generationum
1361 712 1458 748 decem
1474 713 1538 740 anni
1559 713 1628 741 1015
1657 714 1714 741 ch-

934 759 1074 794 liguntur:
1102 759 1136 786 ab
1159 758 1264 786 Adamo
1285 766 1365 791 vero,
1389 759 1592 794 generationum
1619 758 1713 794 viginti

936 805 1000 832 anni
1015 805 1094 832 5277.

679 861 724 888 ix.
746 861 829 893 Μία..
849 871 907 898 ρας.
930 863 1044 896 ιοο,αι.
1060 863 1104 891 80.

744 908 782 936 De
802 909 937 937 Abraham
954 915 980 938 et
999 910 1059 938 Lot.

132 957 222 993 Λιμοῦ
239 957 419 993 κατασχόντος
433 957 481 992 τὴν
496 957 547 992 γῆν
566 957 615 993 τὴν
636 956 800 983 Χανανετιδα
819 965 885 983 κατρ

94 1002 178 1038 ἦλθεν
200 1004 240 1034 εἰς
265 1003 402 1037 Αἴγυπτον
421 1003 560 1038 Ἀϐραὰμο
578 1002 625 1029 καὶ
639 1001 730 1033 δεδιὼς
748 1001 784 1037 μὴ
798 1001 841 1028 διὰ
854 1002 884 1028 τὺ

93 1048 195 1080 κάλλος
208 1048 260 1083 τῆς
276 1048 402 1082 γυναικὸς
418 1048 557 1084 ἀναιρεθῇ,
568 1048 679 1082 ἁδελφὸς
694 1045 762 1073 εἶναι
774 1047 886 1074 σκέπτε-

95 1103 142 1121 ται
155 1094 235 1129 (H').
245 1094 448 1121 Ἐπαινεθεῖσαν
460 1094 488 1120 δὲ
501 1095 618 1129 ἠγάγετο
627 1092 725 1129 Φαραώ
733 1100 741 1107 ·
753 1092 823 1119 οὕτω
831 1093 885 1129 γὰρ

94 1140 242 1174 Αἰγύπτιοι
265 1141 327 1172 τοὺς
354 1140 473 1176 βασιλεῖς
501 1140 690 1176 ἑρμηνεύουσι.
717 1142 772 1168 Καὶ
793 1142 807 1168 ὁ
837 1140 885 1176 μὲν

94 1185 171 1217 δίκας
195 1186 270 1212 ἔτισε
293 1185 332 1221 τῷ
352 1185 412 1220 Θεῷ
423 1194 429 1201 ·
456 1185 470 1211 ὁ
484 1185 506 1211 δ’
522 1185 580 1220 ἅμα
595 1186 650 1217 τοῖς
667 1186 741 1218 ῑδὶοις
763 1185 886 1221 Ἀϐραὰμ

94 1231 147 1266 ἠδη
165 1231 291 1257 πλουτῶν
313 1230 509 1265 ἀπηλλάσσετο.
539 1230 582 1257 Ἐν
604 1231 714 1258 Χαναὰν
730 1231 886 1267 διεπληκτί-

95 1285 176 1304 eam
201 1277 332 1311 ποιμένες
353 1276 401 1303 τοῦ
429 1276 569 1312 Ἀϐραὰμ,
603 1276 651 1302 καὶ
669 1276 716 1303 τοῦ
733 1276 810 1309 Λὼτ,
824 1277 884 1310 καὶ,

92 1323 220 1355 δόξαντος
233 1322 336 1354 αὐτοῖς,
354 1322 555 1357 ἐχωρίσθησαν,
574 1321 700 1357 ἑλομένου
719 1321 780 1348 Λὼτ
795 1322 823 1348 ὲν
836 1322 885 1348 Σο-

92 1369 184 1403 δόμοις
203 1369 290 1394 οἰκεῖν
304 1367 337 1394 δι’
355 1367 454 1403 ἀρετὴν
470 1368 516 1394 καὶ
530 1368 626 1399 κάλλος
641 1368 690 1403 τῆς
702 1368 754 1402 γῆς
770 1367 884 1403 ἐχούσης

93 1415 172 1441 πέντε
189 1414 293 1444 πόλεις,
315 1413 435 1448 Σόδομα,
452 1413 594 1449 Γόμορρα,
622 1412 726 1448 Ἀδαμὰ
737 1432 744 1444 ,
760 1412 885 1448 Σεϐοεὶμ,

92 1458 202 1495 Σηγὼρ,
217 1459 266 1486 καὶ
278 1459 422 1490 τοσούτους
435 1458 562 1493 βασιλεῖς.
575 1458 686 1490 Τούτοις
696 1460 719 1485 οἱ
731 1458 885 1494 πλησιόχω-

91 1513 133 1540 ροι
145 1505 283 1539 τέσσαρες
300 1504 417 1538 βασιλεῖς
439 1503 534 1540 Σύρων
547 1504 729 1540 ἐπολέμησαν,
745 1502 782 1531 ὧν
793 1505 884 1539 ἡγεῖτο

91 1550 300 1585 Χοδολλογόμορ
323 1549 449 1584 βασιλεὺς
468 1549 573 1585 Αἰλάμ·
597 1549 741 1577 συνέϐαλον
762 1550 790 1576 δὲ
810 1550 884 1587 παρὰ

89 1597 140 1632 τὴν
157 1596 300 1623 θάλασσαν
324 1595 372 1630 τὴν
397 1595 502 1631 ἁλικὴν,
522 1595 539 1630 ἡ
554 1595 676 1622 καλεῖται
695 1595 743 1622 νῦν
766 1595 883 1623 θάλαττα

91 1642 200 1678 Νεκρὰ.
208 1642 256 1668 Ἑν
268 1641 355 1678 ταύτῃ
371 1641 483 1668 πλεῖστα
495 1641 547 1668 τῶν
563 1641 721 1676 θαυμασίων
732 1640 863 1677 τεθέαμαι
872 1649 881 1657 ·

89 1687 167 1721 ζώων
181 1697 213 1714 τε
228 1688 285 1723 γὰρ
300 1688 376 1714 οὐδὲν
386 1688 473 1714 ἐκεῖνο
485 1687 516 1714 τὸ
529 1687 598 1723 ὓδωρ
615 1687 691 1723 φέρει
703 1695 710 1703 ο
729 1687 775 1714 καὶ
790 1687 882 1723 νεκροὶ

91 1734 141 1770 μὶν
159 1733 322 1769 ὑποϐρύχιοι
337 1733 479 1768 φέρονται,
503 1733 601 1766 ζῶντες
620 1733 649 1759 δὲ
665 1733 718 1759 οὐδ’
735 1733 768 1759 ἂν
786 1732 882 1768 ῥᾳδίως

91 1780 281 1814 βαπτίσαιντο.
316 1779 415 1814 Λύχνοι
445 1779 492 1814 μὲν
522 1778 662 1814 καιόμενοι
696 1778 880 1814 ἐπιφέρονται,

91 1826 270 1860 σϐεννύμενοι
283 1825 312 1852 δὲ
323 1824 510 1852 καταδύουσιν.
531 1824 663 1851 Ἐνταῦθα
672 1824 701 1850 δὲ
714 1825 780 1851 εἰσὶν
791 1825 819 1850 αἱ
831 1824 881 1860 τῆς

90 1872 229 1906 ἀσφάλτου
247 1870 350 1906 πηγαί·
369 1870 446 1906 φέρει
464 1870 492 1896 δὲ
515 1869 682 1905 στυπτηρεαν
697 1869 744 1896 καὶ
761 1869 812 1896 ἇλα
828 1869 881 1896 ὀλί-

89 1926 137 1952 γον
161 1917 261 1943 τιτῶν
277 1916 364 1943 ἄλλων
381 1916 559 1951 διαφέροντα·
584 1915 672 1951 πικρά
697 1924 727 1941 τε
749 1915 802 1951 γάρ
823 1916 880 1942 ἐστι

90 1963 136 1990 καὶ
147 1963 250 1998 διαυγῆ
260 1971 267 1978 ·
284 1962 349 1989 ἔνθα
363 1962 385 1989 δ’
397 1962 430 1989 ἂν
445 1961 549 1998 καρπὸς
562 1961 670 1997 εὑρεθῇ,
682 1961 786 1988 κάπνου
801 1962 880 1989 πλέον

89 2010 251 2046 εὑρίσκεται
264 2008 458 2045 θολερωτάτου.
470 2008 512 2034 ’Τὸ
523 2007 550 2034 δὲ
565 2007 636 2044 ὕδωρ
654 2008 726 2034 ἰᾶται
737 2008 799 2040 τοὺς
809 2017 880 2045 χρωο

91 2055 190 2091 μένους
216 2054 302 2090 αὐτῷ,
325 2054 404 2089 λήγει
432 2062 461 2080 τε
483 2053 566 2080 παντὶ
599 2052 675 2080 ὕδατι
705 2052 816 2088 πάσχων
845 2053 878 2081 τὰ

88 2101 211 2128 ἐναντία.
229 2101 262 2127 Et
276 2100 305 2126 δὲ
327 2100 366 2135 μὴ
388 2099 523 2134 Ἰορδάνην
545 2097 601 2134 εἶχε
617 2098 662 2125 τὸν
685 2099 806 2133 ποταμὸν
817 2108 879 2135 τρο-

89 2147 152 2182 φὴν,
167 2146 207 2178 ὡς
224 2145 370 2181 πορφύραν
389 2145 576 2180 διατρέφοντα,
596 2144 642 2170 καὶ
659 2144 705 2170 ἐπὶ
721 2144 788 2170 πολὺ
803 2144 880 2171 ἀντέ-

87 2201 181 2227 χοντα,
202 2191 299 2227 ἔληξεν
322 2192 356 2218 ἂν
372 2190 467 2217 θᾶττον
486 2190 502 2226 ἢ
519 2190 652 2224 φαίνεται.
678 2191 756 2217 Ἔστι
769 2190 797 2217 δὲ
813 2191 877 2226 παρ’

88 2237 156 2273 αὐτῇ
180 2236 312 2272 πάμπολυ
334 2235 382 2262 τοῦ
407 2235 543 2270 βαλσάμου
565 2235 664 2270 φυτόν·
685 2235 836 2262 ὑπονοεῖται
849 2235 876 2261 δὲ

88 2282 294 2318 ἀνατετράφθαι
316 2281 370 2308 ὑπὸ
384 2281 431 2308 τοῦ
442 2281 507 2307 Θεοῦ
522 2280 566 2308 διὰ
578 2281 625 2317 τὴν
636 2280 691 2308 τῶν
708 2280 876 2316 περιοικούν-

90 2337 142 2355 των
155 2328 296 2355 ἀσέϐειαν,

899 962 920 989 Β
969 957 1051 985 Fame
1063 966 1110 993 per
1124 962 1221 985 terram
1234 957 1439 985 Chananilidem
1453 964 1594 993 grassante
1604 978 1611 991 ,
1627 958 1713 985 Abra-

934 1003 996 1031 ham
1009 1004 1147 1032 dcscendit
1158 1005 1184 1031 in
1200 1004 1347 1040 Egyptum
1361 1014 1367 1032 :
1383 1009 1410 1032 at
1426 1012 1459 1031 ne
1472 1004 1508 1031 ob
1520 1004 1616 1031 uxoris
1628 1011 1712 1031 venu-

934 1055 1003 1077 stam
1018 1051 1134 1085 speciem
1155 1051 1333 1084 occideretur,
1353 1051 1444 1078 fratris
1458 1051 1567 1078 nomine
1585 1050 1712 1077 simulate

934 1100 1046 1130 acceplo
1067 1101 1202 1123 Servatur.
1222 1096 1317 1123 Saram
1338 1096 1426 1123 forma
1446 1096 1581 1122 laudatam
1601 1095 1712 1122 abducit

933 1139 1039 1168 Pharao
1052 1151 1058 1168 :
1075 1141 1127 1168 hoc
1143 1142 1243 1176 quippe
1259 1141 1369 1168 nomine
1383 1149 1461 1176 reges
1475 1142 1612 1175 appellant
1626 1139 1710 1176 Egy-

933 1187 993 1222 ptii.
1011 1186 1043 1214 Et
1064 1187 1109 1214 ille
1128 1188 1237 1222 quidem
1258 1187 1340 1215 simul
1357 1195 1419 1214 cum
1439 1187 1598 1214 domesticis
1616 1194 1711 1221 poenas

933 1231 989 1259 Dco
1003 1233 1085 1260 solvit
1098 1242 1105 1266 ;
1119 1233 1255 1260 Abraham
1272 1241 1336 1260 vero
1349 1241 1410 1260 cum
1426 1232 1558 1260 famulitio
1571 1233 1663 1260 multis
1674 1232 1713 1259 di-

933 1275 1007 1303 vitiis
1023 1280 1120 1304 auctus
1136 1276 1291 1304 dimittitur.
1308 1276 1435 1304 Pastores
1451 1277 1586 1304 Abraham
1601 1281 1628 1304 et
1641 1276 1711 1304 Loth

933 1320 1001 1348 rixis
1018 1321 1170 1357 pugnisque
1186 1323 1373 1356 contendunt;
1392 1323 1444 1357 ipsi
1464 1329 1554 1350 tamen
1572 1323 1709 1350 communi

934 1367 1066 1394 sententia
1093 1372 1254 1402 separantur
1279 1368 1314 1395 ab
1338 1369 1474 1396 invicem:
1503 1368 1571 1395 Loth
1599 1373 1712 1403 propter

933 1416 1012 1439 terrae
1038 1411 1158 1447 quinque
1183 1413 1339 1441 civitatibus
1366 1414 1511 1447 Sodomis,
1540 1414 1710 1447 Gomorrha,

933 1456 1054 1490 Adamn,
1073 1457 1182 1485 Sehoim
1202 1463 1228 1486 et
1248 1459 1341 1494 Segor,
1360 1459 1528 1493 totidemque
1543 1459 1652 1493 regibus
1668 1459 1711 1486 in—

934 1502 1036 1537 signis,
1062 1503 1212 1531 ubertatem
1231 1508 1259 1531 et
1279 1509 1382 1539 gratam
1402 1504 1560 1538 planitiem,
1582 1504 1710 1531 Sodomis

932 1547 1057 1576 habitare
1075 1549 1213 1584 seligente.
1235 1548 1283 1576 His
1301 1550 1382 1577 vicini
1404 1549 1533 1584 Syrorum
1549 1557 1625 1584 reges
1641 1557 1710 1584 qua~

934 1597 1007 1627 tuor,
1027 1602 1142 1629 quorum
1159 1596 1213 1622 dux
1235 1596 1388 1631 praecipuus
1407 1600 1465 1623 erat
1482 1595 1710 1630 Chodollogomor

895 1638 917 1669 C
932 1647 980 1667 rex
1001 1639 1106 1674 Aelam,
1117 1641 1217 1669 bellum
1239 1642 1406 1674 intulerunt;
1420 1646 1448 1670 et
1468 1642 1502 1669 ad
1526 1649 1600 1669 mare
1613 1641 1684 1668 Salis
1695 1662 1704 1674 ,

930 1692 1004 1712 nunc
1017 1685 1152 1713 Mortuum
1162 1705 1169 1717 .
1192 1694 1290 1713 manus
1305 1690 1510 1714 conseruerunt.
1526 1686 1554 1713 ln
1570 1686 1624 1713 isto
1639 1687 1709 1713 mari

929 1732 1127 1766 quamplurima
1143 1737 1266 1767 portenta
1281 1733 1341 1760 visu
1365 1733 1445 1768 digna
1467 1733 1619 1760 observavi.
1643 1732 1709 1760 Nul-

929 1776 985 1803 lum
1002 1777 1127 1805 animans
1142 1778 1228 1806 nutrit
1240 1779 1300 1813 ejus
1315 1786 1407 1813 aqua;
1428 1782 1456 1805 et
1477 1783 1582 1806 mortua
1598 1778 1706 1813 quidem

929 1821 1058 1849 cadavera
1073 1822 1100 1848 in
1116 1829 1175 1849 eam
1190 1823 1244 1851 cito
1257 1827 1428 1859 merguntur,
1442 1823 1502 1850 viva
1514 1831 1579 1850 vero
1591 1831 1705 1858 corpora

929 1871 1058 1899 enatant,
1074 1875 1124 1895 nec
1140 1868 1224 1895 imum
1248 1868 1327 1896 facile
1349 1873 1463 1903 petunt;
1487 1868 1559 1895 faces
1583 1869 1708 1898 ardentes

929 1912 956 1939 in
979 1919 1011 1940 ea
1032 1920 1142 1940 sursum
1160 1913 1295 1946 feruntur,
1321 1914 1462 1941 exstinctae
1483 1919 1653 1949 merguntur.
1677 1915 1706 1943 lu

928 1957 1021 1986 eadem
1043 1958 1185 1987 bituminis
1207 1959 1283 1995 origo
1305 1965 1331 1987 et
1351 1960 1477 1987 officina:
1502 1961 1626 1995 producit
1648 1962 1707 1988 alu-

928 2011 990 2031 men
1002 2025 1009 2038 ,
1026 2009 1052 2031 et
1068 2012 1185 2039 paucum
1202 2005 1295 2035 salem.
1310 2005 1456 2033 nonnihila
1469 2006 1581 2041 reliquis
1600 2006 1704 2034 discre-

928 2052 1020 2085 pantia
1034 2060 1041 2083 ;
1058 2059 1150 2079 amara
1166 2056 1230 2079 sunt
1245 2052 1317 2079 enim
1333 2056 1360 2080 et
1375 2052 1519 2087 pellucida.
1545 2051 1706 2087 Ubicunque

927 2096 998 2123 circa
1016 2104 1075 2124 eam
1092 2096 1196 2124 fructus
1210 2097 1357 2130 enascitur,
1381 2097 1488 2125 turbido
1509 2101 1614 2125 tantum
1630 2097 1705 2125 fumo

927 2148 1027 2179 turget.
1043 2144 1120 2179 Aqua
1136 2144 1193 2171 haec
1204 2145 1342 2172 utentibus
1355 2143 1499 2171 admodum
1516 2143 1632 2171 salubris
1644 2149 1685 2172 est
1695 2165 1703 2177 ,

928 2197 960 2217 ac
973 2197 1048 2217 more
1062 2190 1174 2217 cuilibet
1187 2198 1264 2224 aqua;
1278 2190 1416 2217 contrario
1429 2189 1580 2217 exsiccatur
1592 2197 1598 2216 :
1613 2193 1640 2216 et
1652 2189 1704 2217 nisi

926 2235 1071 2263 Iordanem
1085 2236 1118 2263 ad
1131 2236 1217 2263 instar
1229 2236 1338 2264 concha:
1352 2235 1494 2262 nutritium
1507 2238 1534 2261 et
1545 2234 1702 2262 continuum

927 2281 1066 2309 humorem
1087 2282 1337 2309 subministrantem
1354 2281 1473 2313 haberet,
1488 2288 1520 2308 ac
1535 2281 1607 2308 velut
1616 2281 1704 2308 exsic-

891 2321 912 2348 Ῑ)
926 2327 1038 2354 cationis
1049 2327 1170 2362 periculo
1182 2327 1356 2355 obsistentem
1366 2346 1373 2358 ,
1386 2326 1467 2354 citius
1479 2334 1559 2362 quam
1570 2327 1701 2360 videatur,

90 2377 243 2405 defecisset.
270 2375 490 2410 Circumquaque
517 2382 571 2402 non
603 2373 717 2401 minima
747 2373 862 2402 balsami
886 2374 986 2409 plantae
1010 2376 1088 2410 copia
1118 2379 1179 2408 est;
1207 2382 1288 2410 quam
1316 2374 1425 2410 quidem
1440 2375 1476 2403 ob
1491 2375 1643 2404 vicinorum
1658 2375 1703 2402 iu-

91 2423 208 2451 colarutn
224 2421 427 2458 improbitatem
441 2428 457 2449 a
473 2421 527 2449 Deo
538 2421 631 2449 dicunt
649 2420 817 2456 proﬂigatam
834 2420 941 2455 penitus
958 2425 985 2449 et
999 2421 1186 2456 exstirpatam.

685 2467 719 2495 Χ.
738 2467 821 2498 Ibid.,
842 2476 903 2503 pag.
923 2468 985 2500 107,
1006 2468 1043 2498 al.
1063 2468 1108 2496 86.

726 2515 764 2542 De
782 2515 936 2551 patriarcha
955 2516 1050 2544 Jacob.

124 2575 154 2603 Ἥ
171 2574 326 2612 ποιμενικὴ
340 2573 397 2610 (42)
420 2573 505 2609 σκηνὴ
523 2573 569 2600 τοῦ
590 2572 687 2600 Ἰακὼϐ
705 2573 734 2600 ὲν
761 2573 871 2609 Ἐδέσσῃ

118 2633 168 2668 (Η)
188 2633 264 2665 Ἔτη
287 2629 369 2665 ιτσε-
392 2629 550 2668 Μθηὰρευηι
577 2637 720 2668 numerum
746 2629 811 2668 ,γεξι
840 2629 868 2656 in

86 2664 405 2702 ﬁant'commutandum
420 2665 491 2702 cogit
505 2667 561 2692 hinc
570 2665 650 2692 ratio.
662 2664 790 2702 Amundi
807 2668 870 2702 ortu

84 2699 112 2732 ad
122 2699 260 2732 diluvium
276 2704 410 2728 numerat
425 2699 568 2727 Africanus
582 2706 668 2726 annos
678 2699 758 2730 2262,
769 2699 869 2732 quibus

83 2740 110 2767 ad
131 2738 258 2766 Abrahze
283 2735 409 2763 natalem
431 2735 502 2761 diem
530 2734 603 2761 addit
627 2734 695 2761 alios
726 2733 804 2760 1015.
829 2733 870 2760 Ex

82 2779 186 2806 utraque
206 2772 301 2806 igitur
321 2776 433 2798 summa
449 2769 555 2806 collegit
568 2768 646 2806 ,γσοζι
665 2767 844 2796 5271mm.

108 2783 130 2802 1⁵³
151 2783 186 2801 ue
206 2783 301 2806 Igitur
321 2783 433 2798 summa
449 2783 555 2804 υυιιεξειι
568 2783 638 2802 ,μων⁵
665 2783 696 2795 ιη

108 2783 176 2846 (41’)
189 2808 284 2836 Forte
303 2806 471 2832 σκήπτεται.
486 2804 563 2832 Em-r.
578 2804 696 2832 ΡΛτιιοι..

958 2574 980 2602 1.
999 2574 1139 2602 Pastorale
1153 2574 1237 2602 Iacob
1254 2574 1400 2603 tentorium
1418 2581 1505 2609 usque
1521 2573 1555 2601 ad
1571 2573 1699 2601 Antonini

958 2631 1012 2667 (42)
1040 2632 1070 2659 Ἡ
1094 2639 1208 2666 ποιμεν.
1233 2631 1295 2659 Haec
1316 2635 1343 2659 et
1366 2631 1504 2667 sequentia
1518 2630 1650 2667 deﬂJacoh
1664 2631 1699 2660 ah

920 2665 1050 2702 Africano
1072 2665 1207 2702 enarrata,
1238 2671 1345 2694 exstant
1368 2665 1439 2702 apud
1461 2665 1616 2702 §yncellum
1633 2666 1651 2693 Ι.
1671 2674 1698 2694 c.

920 2701 1056 2742 refertque
1070 2700 1222 2743 §caliger_in
1235 2703 1293 2743 snuis
1306 2700 1445 2743 excerptis'
1455 2700 1555 2729 Graecis
1566 2701 1697 2743 Eusebia-

919 2736 1051 2777 πίσυρες.
1076 2736 1121 2769 22,
1141 2737 1223 2777 tacito
1239 2737 1354 2769 Svncelli
1373 2736 1483 2763 nomine
1507 2745 1513 2763 :
1536 2737 1607 2771 quod
1630 2744 1700 2772 prae-

919 2775 993 2799 terut
1005 2770 1206 2800 Ttllemontium
1221 2768 1301 2800 Μέηι.
1313 2773 1375 2801 eccl.
1389 2776 1455 2800 tom.
1470 2768 1515 2806 ΙΙΙ,
1526 2779 1553 2807 p.
1563 2771 1627 2800 255.
