1883 3056
167 98 204 128 95
770 97 892 126 JULIUS
914 98 1124 126 AFRICANUS.

1771 97 1808 125 95

167 167 229 188 rum
245 166 307 187 cum
332 159 358 186 id
378 166 447 194 Opus
466 158 626 194 jamdudum
646 158 770 193 perierit,
789 167 822 186 an
848 167 875 186 re
891 168 954 186 vera
970 162 992 189 Α
1007 168 1081 194 pore,
1098 165 1126 186 ut
1143 165 1219 186 notat
1235 159 1283 186 Dio
1300 158 1423 191 Cassius,
1435 158 1486 186 iste
1501 158 1651 193 imperator
1663 156 1805 193 plurimas

143 206 146 210 '
169 206 228 234 haec
241 205 307 232 Acta
327 204 454 232 Africano
479 205 533 231 sint
556 204 727 236 ascriheiida,
753 213 875 233 asserere
901 215 955 233 non

168 251 276 284 ausim;
302 251 426 286 quamvis
445 250 478 276 de
502 257 596 276 eorum
624 250 780 278 sinceritate
806 252 896 279 nullus
917 252 957 278 vi-

169 295 265 323 deatur
292 294 431 322 dubitandi
461 294 547 321 locus.
573 293 611 321 Ea
639 303 702 322 vero
732 295 896 329 proferimus
923 305 954 323 ex

171 341 329 373 Monibritii,
348 341 418 367 Surii
441 344 468 366 ct
483 340 593 366 Cartluli
617 341 791 373 editionibiis,
811 350 871 369 cum
888 342 956 369 diio-

170 387 221 414 bus
237 395 302 414 mss.
323 386 462 414 codicibus
485 387 649 415 Colbertiiiis
671 393 697 414 et
722 397 776 415 uno
801 388 957 415 Sorhonica':

169 433 339 460 bibliothecae
356 433 474 460 collatis.

204 477 235 504 ll.
262 487 271 502 ‹
290 477 391 504 Horum
407 484 563 505 sanctorum
580 479 638 505 neci
655 480 826 506 occasionem
843 480 957 514 praebuit

169 523 267 550 vicinia
289 524 458 550 celeberrimi
485 525 557 551 illius
579 525 680 559 palatii,
695 526 766 559 quod
791 526 817 552 iii
836 526 897 552 villa
913 525 958 553 Ti-

169 570 276 596 burtina
298 569 332 596 ab
352 570 473 596 Adriano
501 570 662 597 aediﬁcatum
699 571 782 598 fuisse
815 572 891 598 testis
916 577 958 599 est

169 613 341 649 Spartianus.
370 614 437 641 Cum
469 615 541 641 enim
576 616 723 650 imperator
756 617 826 642 hanc
854 617 956 651 regiam

168 660 280 687 domum
295 668 377 695 quam
400 661 451 687 sibi
472 661 504 688 ad
518 661 628 688 delicias
645 666 847 693 construxerat,
867 663 958 689 nescio

168 706 269 740 quibus
284 705 469 740 piacularibus
489 706 659 734 cmreniiiiiiis
685 707 792 733 lustraii
816 708 955 742 jussisset,

169 751 239 778 hanc
259 752 431 779 occasionem
456 753 596 786 arripuere
618 753 772 780 sacerdotes
788 752 957 789 Symphoro—

169 805 228 824 sam
251 797 393 824 iiicnsaiidi
404 818 411 830 ,
430 797 497 824 nihil
514 797 626 824 omnino
642 797 693 824 diis
709 798 887 832 placiturum,
904 801 955 827 nisi

170 842 245 877 prius
262 843 446 878 Symphorosa
463 848 508 871 aut
528 844 561 871 iis
579 843 756 877 sacriﬁcaret,
776 850 823 872 aut
839 845 896 880 ipsa
913 855 956 874 sa-
972 835 994 862 Β

170 889 349 917 crificaretur.
364 891 442 924 Quod
460 891 587 917 ultimum
602 890 747 922 Adrianus,
764 899 844 926 quem
862 900 956 927 supcr-

171 935 348 963 slitiosioreiti
376 945 407 964 ex
436 937 497 964 aliis
521 937 582 972 ejus
607 937 731 971 pluribus
758 937 838 966 factis
871 939 957 966 fuisse

170 986 287 1012 constat,
304 987 448 1009 exsecutus
470 987 512 1009 est
536 982 646 1009 circiter
662 990 764 1010 annum
777 983 879 1012 Christi
895 985 956 1019 120,

170 1027 250 1055 idest
264 1029 316 1056 sub
333 1029 436 1064 imperii
459 1029 501 1057 sui
516 1029 664 1064 primordia
678 1037 685 1056 :
701 1037 755 1064 quo
769 1030 873 1058 scilicet
889 1036 960 1059 tem-

1008 207 1094 233 caidcs
1111 205 1184 233 fecit.

1046 251 1090 280 Ill.
1113 261 1122 278 ‹
1146 252 1280 278 (Ireterum
1309 251 1407 278 horum
1437 254 1587 285 martyrum
1612 249 1747 276 memoria
1774 248 1801 276 in

1009 298 1207 332 antiquissimis
1229 297 1383 331 quibusque
1406 295 1607 331 Martyrologiis
1632 295 1800 327 celebratur,

1008 343 1133 378 quamvis
1160 343 1274 376 diversis
1295 343 1401 369 diebus.
1430 341 1583 368 Romanum
1608 342 1708 375 quippe
1735 348 1800 367 cum

1008 389 1126 416 Notkci‘o
1146 397 1193 416 eos
1215 384 1310 415 recolit
1330 388 1373 415 die
1398 387 1432 414 18
1449 387 1528 418 Julii,
1549 387 1677 414 Babaiiiis
1700 386 1746 413 die
1765 386 1797 412 21

1008 435 1130 469 ejusdem
1150 435 1265 466 mensis,
1283 433 1424 460 L'siiardus
1449 437 1475 460 et
1499 433 1558 459 Ado
1578 433 1621 459 dic
1645 432 1676 458 2|
1695 432 1801 459 mensis

1009 481 1092 508 Junii.
1121 480 1148 507 ln
1175 481 1217 507 via
1238 479 1380 506 Tiburtina
1411 483 1558 514 supersunt
1582 479 1672 505 adhuc
1697 478 1801 504 rudera

1010 527 1108 554 veteris
1126 527 1257 557 ccelesia‘,
1279 530 1307 552 ut
1324 530 1414 552 monet
1434 525 1552 559 Ariiigus
1570 524 1636 559 (δῖ),
1650 531 1712 558 qua:
1733 524 1800 550 olim

1009 573 1060 600 sub
1076 581 1169 600 eorum
1190 575 1298 598 nomine
1316 571 1370 598 Deo
1389 575 1548 597 consecrata
1569 569 1665 601 fuerat,
1681 576 1803 604 qua:un

1009 619 1142 646 hactenus
1156 619 1196 645 Ad
1208 624 1304 652 septeni
1319 618 1415 652 fratres
1428 616 1589 644 vocabulum
1607 615 1714 642 retinct.
1732 614 1802 641 Eam

1009 668 1098 690 autem
1123 664 1149 689 iii
1171 671 1204 689 eo
1226 663 1285 690 loco
1299 666 1484 689 constructam
1511 660 1594 688 fuisse
1618 668 1671 686 non
1689 659 1800 690 dubito,

1008 718 1088 745 quem
1108 710 1249 744 pontiﬁces
1266 711 1292 735 in
1314 708 1405 740 Actis,
1429 707 1442 742 §
1461 715 1496 738 :v,
1510 707 1551 733 Ad
1570 711 1667 740 septem
1685 705 1802 731 Biotlia-

1009 761 1098 788 natos,
1125 756 1150 783 id
1169 755 1212 783 est
1233 756 1349 782 violenta
1376 760 1462 782 morte
1485 759 1649 788 peremptos,
1668 756 1700 794 ut_
1722 757 1802 779 notat

1009 802 1144 830 Baronius
1157 802 1224 837 (85),
1239 802 1420 836 appellarunt.
1440 811 1448 826 I
1785 821 1789 823 _

1044 848 1102 875 lluc
1117 856 1203 883 usque
1219 849 1259 875 vir
1276 848 1409 875 eruditus.
1426 846 1508 873 Plura
1525 854 1600 878 vero,
1627 850 1725 880 printer
1742 843 1785 871 Til

1005 894 1166 922 leinontium
1181 894 1247 929 (84),
1272 893 1439 929 priestabunt
1462 891 1648 924 Bollandiani;
1667 891 1714 926 qui
1737 890 1801 918 fuse

1007 949 1056 976 pro
1082 948 1159 968 more
1185 945 1266 975 atque
1289 943 1416 966 accurate
1444 939 1510 966 satis
1534 945 1565 964 ea
1587 937 1680 964 omnia
1704 936 1801 964 discu-

1008 987 1079 1014 tiunt
1091 987 1157 1022 (83),
1175 994 1235 1021 quae
1250 986 1283 1013 ad
1296 985 1394 1012 horum
1410 989 1560 1020 martyrum
1574 984 1641 1011 Acta
1659 983 1801 1018 pertinere

1010 1036 1173 1059 noscuntur.

176 1127 1568 1139 Ἥ

533 1212 779 1270 PASSIO
820 1214 880 1270 S.
929 1207 1430 1270 SYMPHOROS/E

1010 1330 1047 1350 ΕΤ

587 1409 819 1454 SEPTEM
859 1409 1162 1456 FILIORUM
1200 1409 1361 1454 EJUS.

241 1503 261 1530 l.
289 1504 356 1531 Cum
382 1503 544 1532 fabricasset
566 1505 703 1533 Adrianus
727 1506 868 1540 palatium,
890 1510 917 1533 et
932 1506 958 1532 id
973 1514 993 1542 ο
1011 1507 1157 1541 phorosam
1173 1513 1180 1532 :
1197 1506 1260 1540 Aut.)
1274 1513 1334 1532 cum
1360 1506 1423 1540 filiis
1439 1505 1491 1531 iiiis
1506 1505 1628 1539 sacri/ica
1645 1505 1696 1531 diis
1709 1507 1799 1532 omni-

172 1551 297 1580 dedicarc
309 1551 389 1577 vellet
408 1553 460 1577 ritu
482 1552 529 1578 illo
542 1550 657 1582 nefario,
674 1552 856 1586 empissetqiie
871 1553 956 1579 sacris

173 1599 241 1626 ficiis
262 1598 395 1624 idolorum
411 1604 442 1623 ac
455 1597 608 1624 dicmonuin
622 1599 668 1630 qui
686 1599 713 1625 in
731 1599 810 1626 idolis
825 1599 957 1630 habitant,

172 1644 292 1678 ﬂagitare
316 1651 461 1677 respousa.
483 1643 680 1677 responderunt
703 1648 729 1670 et
743 1644 798 1677 (86)
817 1645 958 1671 dixerunt:

176 1699 185 1715 σ
205 1690 390 1724 Syniphorosa
411 1689 491 1715 vidua
508 1697 568 1715 cum
582 1695 683 1724 septem
712 1690 773 1717 ﬁliis
798 1690 855 1717 suis
877 1689 960 1716 laniat

173 1743 224 1762 nos
244 1735 365 1770 quotidie
389 1734 541 1761 invocanda
559 1735 643 1762 Deum
672 1742 763 1762 suum.
790 1735 843 1762 Ista
869 1736 960 1769 itaque

173 1781 196 1808 si
218 1789 279 1808 cum
298 1781 361 1807 filiis
383 1781 441 1808 suis
462 1782 669 1813 sacrificaverit,
698 1781 883 1816 promittimus
909 1788 960 1808 nos

173 1827 265 1855 omnia
277 1831 476 1861 priestarequr
487 1827 588 1861 petitis.
607 1838 616 1852 ι
636 1829 711 1855 Tune
728 1827 864 1854 Adrianus
879 1826 963 1861 jussit

173 1880 233 1899 eam
252 1873 334 1899 teneri
359 1880 420 1899 cuin
439 1873 517 1904 filiis,
542 1879 568 1900 ct
588 1874 696 1901 blandis
719 1881 766 1901 cos
787 1873 960 1900 sermonibus

175 1918 334 1944 hortabatur
351 1922 379 1944 ut
394 1918 425 1944 ad
441 1918 650 1945 sacrificandum
671 1919 749 1946 idolis
763 1918 959 1945 consentirent.

175 1963 224 1989 (iiii
257 1963 334 1989 beata
360 1962 543 1998 Syinphorusa
575 1964 644 1990 dixit
670 1972 676 1989 :
709 1963 754 1990 Vir
779 1971 850 1990 meus
877 1962 959 1990 Gelu-

174 2006 227 2034 lias
244 2007 309 2041 (87),
328 2016 386 2034 cum
403 2008 488 2041 fratre
505 2016 552 2034 suo
568 2009 703 2040 Amantio,
720 2009 820 2035 tribuni
842 2009 881 2035 tui
900 2017 959 2034 tum

175 2057 270 2081 essent,
283 2061 330 2087 pro
345 2053 445 2080 Clu-isti
465 2055 568 2080 nomine
578 2055 651 2089 passi
667 2060 726 2081 sunt
739 2055 841 2081 diversa
860 2054 961 2089 suppli-

175 2099 227 2129 cia,
244 2106 276 2124 ne
290 2098 369 2124 idolis
383 2099 559 2125 consentirent
577 2100 610 2125 ad
624 2099 826 2131 immolandum,
843 2104 867 2125 et
883 2099 960 2133 quasi

175 2143 236 2170 boni
254 2143 357 2170 athleta:
371 2137 502 2170 dwnmnes
523 2149 580 2170 tuos
601 2145 734 2170 moriendo
753 2145 879 2171 vicerunt.
899 2143 968 2170 Elei

175 2195 268 2224 gerunt
287 2191 357 2216 enim
373 2190 457 2223 magis
473 2189 600 2216 decollari
616 2198 694 2224 quam
711 2190 790 2221 vinci,
803 2191 874 2221 passi
891 2198 961 2215 mor-
977 2181 998 2208 Ῑ)

176 2238 243 2266 tem;
263 2243 321 2269 qute
336 2243 383 2269 pro
397 2235 502 2260 nomine
515 2234 614 2261 Christi
638 2240 766 2268 sttscepta,
789 2235 856 2261 inter
875 2234 961 2260 Iionti-

177 2287 220 2306 nes
241 2285 356 2306 terrenos
372 2280 475 2314 quidem
499 2280 670 2314 ignominiam
692 2281 729 2306 eis
745 2281 842 2314 peperit
862 2284 962 2314 (ειηρο-

177 2325 269 2356 ralem,
290 2326 358 2351 inter
372 2325 477 2360 angelos
495 2333 555 2352 vero
569 2326 646 2352 decus
658 2330 682 2352 et
697 2325 810 2360 gloriam
825 2327 962 2356 sempiter-

177 2378 254 2402 nam,
278 2371 346 2396 inter
361 2379 425 2404 quos
446 2379 515 2397 nunc
534 2371 692 2405 gradientes,
704 2377 727 2398 et
747 2375 846 2405 tropa'a
859 2372 962 2404 passio-

176 2424 240 2443 num
263 2424 372 2442 suarum
395 2416 487 2442 dantes
513 2416 580 2450 (88),
605 2425 664 2442 cum
690 2421 786 2442 arteriio
814 2415 879 2449 Rege
906 2415 962 2441 vita

177 2467 278 2490 (eterna
292 2462 417 2496 fruuntur
431 2463 458 2487 in
471 2462 552 2488 uelis.

213 2507 246 2535 ll.
266 2508 402 2535 Adrianus
427 2507 574 2543 imperator
595 2508 663 2535 dixit
685 2507 719 2534 ad
740 2511 861 2534 sanctam
884 2506 962 2542 Sym-

214 2575 269 2609 (82)
291 2575 396 2609 Aring.,
416 2574 490 2601 liam.
510 2574 609 2601 subter.
623 2574 670 2602 lib.
684 2582 719 2606 tv,
735 2581 794 2609 cap.
812 2573 852 2600 i7.

225 2610 269 2644 8.3)
290 2610 388 2637 Baron.
407 2610 440 2636 atl
458 2618 503 2636 aii.
522 2610 582 2640 158.
601 2610 614 2644 §

225 2643 270 2672 84)
291 2645 409 2678 Tillan,
425 2645 502 2671 Illém.
522 2644 583 2670 ραι.
602 2650 667 2671 tum.
685 2643 714 2676 ll,
733 2652 810 2678 pagg.
822 2645 884 2676 ΞΗ,
899 2645 961 2671 595.

214 2679 270 2714 (85)
290 2680 424 2711 Bnll:iiid.,
437 2680 496 2706 Act.
517 2679 567 2706 SS.
589 2679 660 2706 Junii
684 2685 748 2705 toni.
765 2679 808 2711 IV,
825 2689 885 2714 pag.
900 2681 960 2706 530.

177 2715 270 2778 50(86)
288 2715 389 2745 ,tlonfer
406 2715 505 2742 Euseb.
522 2715 568 2741 lih.
589 2723 607 2742 ii
629 2715 693 2742 Vita:
708 2715 886 2747 Coiistantin.,
902 2723 962 2749 cap.

214 2784 270 2816 (87)
292 2783 391 2820 Eorum
420 2786 579 2812 memoriam
606 2785 744 2813 celebrant
767 2785 962 2820 Martyrologia

178 2820 211 2849 ad
227 2821 298 2848 diem
315 2820 346 2848 10
358 2819 442 2855 Junii,
463 2829 517 2857 quo
535 2822 617 2850 etiam
633 2821 676 2850 die
691 2821 790 2850 Surius
809 2819 846 2848 et'
857 2820 960 2848 Bollan-

1009 1552 1168 1588 potentibus,
1187 1557 1233 1579 aut
1261 1557 1285 1579 te
1308 1553 1392 1587 ipsum
1409 1560 1469 1578 cum
1490 1551 1554 1585 ﬁliis
1573 1552 1624 1578 tuis
1647 1552 1799 1586 sacriﬁcari

1010 1597 1120 1632 faciam.
1137 1597 1218 1624 Beata
1236 1596 1419 1632 Symphorosa
1435 1596 1490 1631 (89)
1505 1596 1662 1630 respondit:
1676 1596 1708 1622 Et
1728 1597 1801 1623 unde

1011 1643 1074 1669 milii
1099 1647 1200 1669 tantum
1226 1643 1297 1675 boni,
1322 1648 1350 1669 nt
1375 1651 1420 1678 ego
1443 1651 1545 1669 merear
1563 1651 1621 1669 cum
1643 1643 1707 1677 filiis
1733 1644 1799 1670 meis

1010 1689 1101 1723 offerri
1124 1689 1209 1715 liostia
1224 1689 1301 1715 Deo?
1317 1689 1453 1716 Adrianus
1474 1688 1621 1722 imperator
1635 1688 1700 1715 dixit
1717 1698 1723 1716 :
1741 1688 1798 1724 Ego

1008 1739 1033 1761 te
1063 1734 1114 1760 diis
1139 1735 1202 1761 meis
1219 1734 1366 1768 sacrificari
1381 1734 1489 1767 faciant.
1513 1733 1593 1761 Beata
1610 1733 1797 1768 Syinphorosa

1008 1779 1147 1814 respondit
1162 1789 1168 1806 :
1183 1779 1227 1806 Dii
1247 1780 1284 1806 tui
1308 1788 1348 1805 me
1370 1780 1398 1806 in
1418 1779 1581 1812 sacriﬁcia»:
1606 1780 1723 1813 acripere
1744 1788 1799 1806 non

1008 1830 1115 1860 possunt
1129 1833 1138 1851 :
1152 1825 1197 1851 sed
1210 1825 1233 1851 si
1246 1833 1294 1859 pro
1313 1825 1416 1850 nomine
1436 1823 1537 1850 Christi
1551 1823 1598 1850 Dei
1615 1824 1665 1850 mei
1687 1825 1799 1851 incensa

1009 1870 1096 1905 fuero,
1118 1870 1179 1896 illos
1198 1870 1329 1896 dri'mones
1354 1874 1411 1896 tuos
1433 1870 1516 1905 magis
1543 1877 1634 1896 exaro.
1660 1869 1800 1897 Adrianus

1009 1915 1155 1949 imperator
1175 1915 1243 1941 dixit
1260 1923 1267 1940 :
1289 1914 1364 1949 Elige
1392 1915 1440 1941 tibi
1464 1923 1546 1941 unum
1560 1922 1593 1940 ea:
1613 1914 1715 1940 duobus
1730 1920 1798 1941 :uut

1011 1961 1134 1994 sacriﬁca
1148 1960 1200 1986 diis
1216 1961 1289 1990 meis.
1312 1965 1358 1986 atit
1376 1959 1445 1986 malo
1459 1960 1566 1987 interitu
1583 1959 1692 1993 ﬁnieris.
1717 1959 1798 1986 Beata

1013 2005 1196 2041 Syinpliorosa
1217 2004 1378 2038 respondit:
1403 2003 1442 2030 Tu
1463 2005 1600 2031 exis/imas
1621 2004 1691 2039 quod
1714 2005 1799 2038 possit

1012 2054 1116 2079 animus
1130 2060 1201 2078 mens
1213 2052 1302 2086 aliqua
1321 2056 1419 2078 terrore
1437 2051 1547 2082 titillari,
1561 2059 1619 2077 cum
1636 2058 1682 2084 ego
1695 2050 1801 2077 deside-

1014 2106 1067 2124 rem
1089 2105 1148 2124 cam
1168 2097 1223 2123 viro
1246 2105 1302 2123 meo
1318 2096 1420 2123 Geni/io
1441 2096 1514 2131 (90),
1532 2105 1607 2130 quem
1628 2104 1675 2130 pro
1697 2095 1802 2123 Christi

1014 2144 1118 2170 nomine
1131 2142 1296 2177 interfecisti,
1312 2143 1479 2178 requiescere.
1504 2141 1580 2168 Tunc
1594 2141 1730 2169 Adrianus
1746 2142 1802 2168 iiii-

1011 2194 1121 2225 perator
1137 2189 1220 2223 jussit
1242 2196 1301 2214 eain
1322 2188 1384 2215 duci
1405 2187 1439 2214 ad
1460 2187 1552 2214 fanum
1569 2187 1702 2218 Herculis,
1716 2191 1743 2213 et
1760 2186 1800 2213 ibi

1011 2236 1100 2269 primo
1124 2235 1211 2269 alapis
1226 2235 1310 2267 credi,
1327 2239 1353 2261 et
1371 2239 1431 2269 post
1452 2234 1510 2261 hwc
1531 2234 1636 2268 capillis
1657 2233 1800 2268 suspendi.

1012 2280 1065 2307 Sed
1082 2288 1143 2307 cum
1162 2280 1234 2307 nulla
1251 2281 1356 2307 ratione
1373 2280 1504 2314 nulloque
1520 2281 1616 2306 timore
1631 2284 1722 2313 posset
1736 2286 1800 2306 eam

1012 2334 1026 2353 a
1042 2326 1113 2352 bono
1127 2326 1265 2360 proposito
1291 2333 1431 2357 revocare,
1445 2325 1528 2360 jussit
1549 2333 1607 2350 eam
1635 2324 1744 2359 alligato
1763 2325 1800 2352 ad

1012 2371 1111 2398 collum
1131 2371 1231 2405 ingenti
1248 2379 1315 2398 saxo
1341 2372 1367 2398 in
1383 2371 1484 2398 ﬂumen
1508 2371 1682 2405 principitari.
1708 2370 1797 2406 Cujus

1013 2426 1113 2452 corpus
1139 2418 1270 2452 colligens
1293 2418 1376 2444 frater
1400 2418 1460 2452 ejus
1474 2417 1622 2453 Eugenius,
1639 2417 1800 2452 principalis

1012 2464 1096 2490 curia:
1110 2463 1274 2496 ΤιιιιιιΊὶιιίιε,
1300 2465 1326 2490 iii
1351 2464 1508 2491 suburbana
1533 2463 1655 2499 ejusdem
1681 2464 1801 2492 civitatis

1013 2509 1147 2544 sepelivit.

1012 2576 1086 2603 (liani
1102 2585 1196 2603 eorum
1210 2577 1273 2603 Acta
1293 2576 1429 2602 exhibent.
1444 2575 1472 2602 lii
1490 2583 1541 2601 ms.
1558 2575 1716 2602 C(tllM‘l'llth
1730 2585 1736 2602 :
1754 2576 1800 2603 Vir

1013 2620 1084 2638 incus
1099 2611 1205 2638 Zuticns
1226 2620 1285 2638 rniit
1309 2612 1392 2645 fratre
1412 2619 1459 2637 suo
1474 2611 1599 2637 Amantio
1626 2611 1731 2638 tribuno
1755 2617 1801 2638 tuo

1012 2655 1070 2673 cum
1087 2654 1171 2673 essent
1186 2647 1272 2677 ambo,
1285 2651 1337 2673 etc.

1014 2716 1023 2743 Ι
1051 2682 1105 2742 (ἓὸ)
1125 2682 1192 2709 Cod.
1219 2682 1357 2712 CulbcrL,
1385 2685 1484 2716 tropa‘a
1509 2681 1663 2716 passionum
1689 2690 1800 2708 suarum

1025 2726 1058 2743 an
1080 2721 1164 2743 antes.

1025 2726 1164 2743 anaaiitcs.

1051 2752 1105 2786 (85))
1128 2752 1188 2778 ΙΙειείξ
1208 2752 1350 2785 responsio
1369 2759 1430 2778 cum
1447 2753 1570 2787 sequenti
1589 2751 1801 2786 interrogatione

1015 2786 1090 2813 deest
1107 2787 1133 2813 iii
1151 2787 1211 2813 cod.
1226 2787 1392 2814 (Iolbertiiin.

1052 2822 1106 2857 (90)
1129 2822 1202 2854 Sina,
1230 2823 1363 2851 Cardulus
1394 2827 1420 2851 et
1447 2823 1506 2851 cod.
1522 2820 1800 2854 Colbcrtin.,Zoti‘co.
