1883 3056
162 107 216 134 ’107

198 165 324 193 Diximus
333 167 422 191 autem
439 169 490 188 nos
504 160 536 187 ad
550 159 622 186 illam
641 166 647 184 :
664 157 758 188 Mater,
776 160 872 186 mater,
890 163 948 181 om-
965 158 986 184 Α

163 220 214 240 nes
232 210 377 238 Persarum
404 208 442 235 (lii
464 207 571 234 beatam
589 209 615 232 te
638 203 830 239 praedicarunt.
851 201 946 235 Magna

164 262 208 286 est
222 257 307 292 gloria
321 260 376 283 tua.
390 254 508 281 Cunctas
526 250 646 278 illustres
662 249 777 277 feminas
796 247 946 279 antecellis,

166 303 308 338 majorque
323 305 364 327 est
388 298 506 333 dignitas
535 301 590 328 tua,
613 303 695 330 quam
722 295 844 322 omnium
864 294 948 320 totius

166 349 259 377 mundi
272 346 438 381 reginarum.

144 401 151 413 ι’
200 394 292 422 Infans
304 400 385 428 porro
403 392 461 426 ipse
475 389 551 417 humi
568 388 688 420 sedebat,
706 386 911 420 secundumque
922 386 945 412 ei

165 448 266 468 annum
281 439 324 466 illa
346 444 406 465 esse
419 436 518 468 aiebat,
536 434 616 462 matri
636 433 710 461 vultu
729 440 784 459 non
803 432 945 459 absimilis.

164 485 230 512 Erat
244 488 335 511 autem
347 483 406 518 ipsa
415 481 593 516 longiusculis
607 479 744 511 manibus,
764 485 877 513 corpore
899 479 947 505 de-

163 531 295 562 licatiore,
310 529 343 556 ad
357 527 486 555 frumenti
504 526 623 554 colorem
641 525 799 557 accedente,
816 523 886 551 facie
906 531 949 550 ro-

163 576 257 609 tunda,
273 581 379 602 comam
391 573 494 600 habens
505 571 670 606 colligalam.
683 569 753 597 Cum
768 577 833 596 vero
855 569 948 596 nobis-

163 627 226 647 cum
238 619 401 647 haberemus
411 625 520 645 servum
534 616 661 652 pingendi
677 615 799 650 apprime
818 615 946 649 peritum,

161 666 306 693 amborum
322 663 466 698 imaginem
480 662 589 689 domum
603 661 755 693 retulimus,
771 668 832 695 qua:
843 661 870 687 in
893 660 948 695 pri—

163 710 252 737 mario
265 709 365 743 templo
383 715 466 735 manu
480 707 579 742 jnostra
602 713 665 733 cum
688 705 740 733 hac
768 705 947 740 inscriptione

161 757 251 783 dicata
265 759 307 783 est
324 763 330 781 :
346 754 405 782 .l'ovi
416 753 531 786 Mithrae,
542 752 598 780 Deo
610 760 719 788 magno,
732 752 789 787 regi
804 751 881 785 Jesu,
895 752 947 779 im-

160 801 268 836 perium
280 799 422 827 Persicum
436 798 578 826 dedicavit.

197 857 333 886 Tollentes
350 856 447 885 deinde
468 856 598 883 infantem
613 855 713 891 singuli
726 861 808 890 atque
829 855 856 882 in
873 855 944 883 ulnis

162 908 309 939 gestantes,
331 910 394 931 cum
417 901 532 929 osculati
550 909 672 929 essemus
692 905 719 928 et
742 902 943 931 adorassemus.

162 949 287 977 dedimus
311 949 349 976 illi
367 956 476 981 aurum,
498 947 636 983 myrrham
660 952 687 974 et
710 947 784 981 thus,
799 947 943 975 dicentes:

162 995 246 1022 Donis
269 994 323 1022 tuis
345 998 371 1022 te
389 1001 575 1026 muneramur,
599 993 755 1020 dominator
777 993 848 1025 caeli,
868 991 943 1020 Jesu.

161 1040 221 1070 Non
232 1041 301 1069 bene
311 1041 536 1075 gubernarentur,
546 1047 606 1074 qua:
620 1039 805 1074 gubernalioni
820 1039 944 1066 humanae

159 1095 217 1114 non
233 1087 359 1120 subsunt,
373 1086 425 1113 nisi
439 1090 495 1113 tute
509 1085 629 1113 adesses.
650 1084 710 1111 Non
731 1085 809 1112 aliter
827 1091 944 1119 superna

161 1132 276 1160 infernis
294 1132 484 1167 jungerentur,
513 1131 566 1158 nisi
592 1131 650 1166 ipse
669 1131 866 1158 descendisses.
885 1130 943 1158 Non

159 1182 266 1205 tantum
282 1177 362 1205 eflicit
377 1177 507 1210 famulus,
519 1184 534 1204 a
547 1177 658 1204 domino
673 1177 785 1208 missus,
800 1184 882 1212 quam
899 1177 944 1203 do-

162 1223 255 1250 minus
276 1223 349 1258 ipse;
370 1229 424 1249 non
448 1226 552 1248 tantum
576 1229 635 1254 rex,
654 1221 677 1248 si
701 1221 801 1248 bellum
827 1221 943 1256 satrapis

161 1268 315 1300 demandet,
331 1275 413 1303 quam
435 1268 459 1295 si
475 1267 588 1302 imperio
611 1267 669 1302 ipse
690 1267 828 1302 fungatur.
849 1267 944 1295 Decuit

160 1314 215 1342 hoc
225 1314 387 1349 sapientiam
399 1319 484 1347 tuam,
501 1315 538 1342 ita
549 1322 610 1342 cum
625 1314 781 1342 hominibus
793 1321 881 1349 agere.

196 1402 288 1430 Infans
304 1407 394 1430 autem
409 1403 576 1436 exsultabat,
588 1407 616 1430 et
630 1400 853 1438 ridebat‘propter
864 1403 943 1430 blan-

159 1450 241 1478 ditias
262 1453 289 1476 et
313 1456 453 1477 sermones
468 1444 586 1477 nostros.
611 1448 738 1484 Regressi
754 1456 818 1476 vero
835 1448 869 1476 ad
885 1456 943 1476 ma-

709 96 829 126 JULIUS
846 94 1052 124 AFRICANUS.
1069 112 1101 116 —
1120 95 1254 124 SPURIA.

1740 92 1791 120 £08

1042 157 1136 190 Ἡμεῖς
1158 156 1186 182 δὲ
1201 155 1318 189 εἴπαμεν
1332 155 1410 189 αὐτῇ·
1429 153 1534 189 Μῆτερ,
1552 152 1649 188 μῆτερ,
1667 152 1791 182 ἅπαντες

997 203 1021 228 ot
1047 201 1103 228 θεοὶ
1124 200 1236 237 Περσῶν
1259 200 1430 236 ἐμακάρισάν
1459 207 1498 226 σε.
1525 199 1561 225 To
1582 197 1714 233 καύχημά
1743 205 1791 223 σου

999 246 1078 282 μέγα.
1101 246 1268 281 Ὑπερῆρσαι
1286 245 1341 280 (56)
1357 245 1410 280 γὰρ
1427 245 1516 275 πάσας
1531 243 1581 275 τὰς
1597 243 1719 275 ἐνδόξους
1741 250 1788 276 τυ-

997 293 1103 324 ναῐκας,
1120 291 1168 318 καὶ
1187 290 1281 318 πασῶν
1299 290 1439 325 βασιλίδων
1459 288 1655 324 βασιλικωτέρα
1671 287 1791 322 ἐφάνης.

1032 380 1068 406 Τὸ
1086 380 1114 406 δέ
1141 379 1245 407 παιδίον
1265 379 1294 406 ἐν
1317 379 1350 414 τῇ
1369 379 1404 414 γῇ
1424 376 1576 409 ἐκαθέζετο,
1596 376 1733 412 δεύτερον,
1752 375 1792 406 ὼς

997 426 1088 460 ἔλεγεν
1102 425 1181 460 αὐτὴ,
1200 424 1258 456 ἔτος
1281 424 1364 458 αὐτῷ,
1383 423 1494 458 μερικδν
1509 422 1559 457 τῆς
1578 422 1711 456 τεκούσης
1723 421 1788 455 ἔχον

995 473 1042 498 τὸν
1057 471 1227 507 χαρακτῆρα.
1243 468 1296 496 Ἦν
1312 469 1341 496 δὲ
1354 468 1422 504 αὓτη
1439 468 1545 504 μακρὰς
1558 467 1606 499 τὰς
1620 468 1715 502 χεῖρας
1729 466 1787 501 (57)

996 517 1104 552 ἔχουσα,
1128 516 1158 542 τὸ
1180 516 1257 551 σῶμα
1279 514 1494 551 τρυφερώτερον,
1519 513 1666 548 σιτόχροος,
1688 519 1788 546 στρογ-

996 562 1216 598 γυλοπρόσωπος,
1233 561 1332 597 ἐχουσα
1341 561 1390 596 τὴν
1406 560 1503 595 χαίτην
1519 559 1672 594 δεδεμένην.
1692 558 1789 592 Ἔχον-

997 617 1041 641 τες
1053 610 1080 636 δέ
1093 609 1151 644 μεθ’
1168 608 1270 635 ἑαυτῶν
1287 608 1373 642 εὐφυῆ
1394 606 1477 633 παῖδα
1499 605 1654 640 ζωγράφον,
1664 604 1789 639 ἀμφοτέ-

999 664 1052 690 ρων
1069 655 1117 690 τὴν
1133 654 1262 688 ὁμοίωσιν
1277 654 1310 688 τῇ
1328 651 1404 688 χώρᾳ
1420 650 1498 686 ἡμῶν
1506 650 1655 685 ἠγάγομεν,
1667 649 1714 676 καὶ
1728 649 1788 675 ἐνε-

997 700 1060 736 τέθη
1079 701 1107 726 ἐν
1121 701 1153 734 τῇ
1169 699 1241 734 χειρὶ
1254 698 1343 733 ἡμῶν,
1398 696 1615 732 ἐχρηματίζομεν
1633 695 1788 730 γράφοντες

997 746 1084 777 οὕτως
1100 745 1154 780 (58)
1176 745 1205 771 ἐν
1222 744 1260 779 τῷ
1279 744 1397 770 διοπετεῖ
1417 741 1490 778 ἱερῷ·
1507 740 1720 776 ΔιὶξἮλίῳβεῷ
1737 748 1788 774 με-

997 791 1081 826 γάλῳ,
1096 790 1199 826 βασιλεῖ
1216 789 1314 825 Ἰησοῦ,
1330 789 1361 815 τὸ
1372 788 1504 823 Περσικὸν
1525 787 1624 823 κράτος
1639 785 1785 822 ἀνέθηκεν.

1030 849 1161 885 ⁸Ἄραντες
1175 847 1204 873 δὲ
1226 846 1255 872 τὸ
1271 845 1376 872 παιδίον
1395 845 1508 876 ἕκαστος
1528 843 1608 879 ἡμῶν
1623 843 1669 869 καὶ
1683 843 1712 869 ἐν
1735 843 1789 874 ἀγ-

996 893 1089 924 κάλαις
1107 891 1300 927 βαστάσαντες,
1318 890 1505 924 ἀσπασάμενοι
1519 888 1586 915 αὐτὸ
1602 887 1650 914 καὶ
1667 895 1790 922 προσκυ-

995 942 1134 976 νήσαντες,
1152 937 1305 972 δεδώκαμεν
1326 935 1399 970 αὐτῷ
1419 935 1528 971 χρυσὸν,
1544 933 1665 969 σμύρναν
1680 933 1728 959 καὶ
1743 932 1787 959 λί-

996 985 1084 1016 ϐανον,
1099 983 1220 1015 εἰπόντες
1236 982 1318 1017 αὐτῷ·
1331 982 1377 1008 Σοὶ
1387 981 1421 1007 τά
1437 981 1471 1007 σὰ
1486 979 1690 1014 φιλοτιμοῦμεν,
1705 979 1789 1013 οὐρα-

994 1029 1126 1064 νοδύναμε
1142 1027 1240 1063 Ἰησοῦ.
1258 1027 1295 1054 Οὐ
1311 1027 1401 1058 καλῶς
1420 1025 1476 1061 (59)
1500 1025 1624 1051 διοικεῖτο
1648 1024 1682 1050 τὰ
1701 1024 1788 1050 ἀδιοί-

995 1083 1075 1111 κητα,
1089 1075 1113 1101 εἰ
1131 1074 1168 1110 μὴ
1185 1074 1218 1100 σὺ
1241 1073 1366 1108 παρείης.
1392 1071 1448 1106 Οὐχ
1477 1070 1577 1106 ἑτέρως
1599 1069 1728 1105 ἐμίσγετο
1750 1069 1788 1095 τὰ

994 1120 1050 1146 ἀνω
1070 1121 1127 1151 τοῖς
1150 1119 1235 1150 κάτω,
1257 1119 1282 1144 ει
1299 1117 1335 1153 μὴ
1360 1116 1439 1148 αὐτὸς
1455 1115 1583 1150 κατέϐης.
1604 1114 1641 1141 Οὐ
1657 1114 1788 1141 τοσοῦτον

995 1164 1105 1192 ἀνύεται
1129 1164 1263 1195 διακονία,
1285 1164 1310 1189 εί
1331 1162 1377 1189 τόν
1397 1170 1427 1188 τε
1443 1160 1535 1188 δοῦλον
1555 1160 1703 1196 ἀποστείλῃ
1727 1159 1786 1194 (40)

993 1220 1045 1243 τις,
1064 1211 1102 1243 ὡς
1122 1212 1183 1238 ὅσον
1211 1210 1305 1236 ἑαυτὸν
1334 1206 1545 1243 παραγενέσθαι,
1569 1205 1629 1232 οὐδὲ
1655 1204 1788 1240 βασιλεὺς

995 1258 1111 1293 πέμπων
1134 1257 1179 1283 ἐπὶ
1199 1256 1314 1290 πόλεμον
1341 1254 1491 1289 σατράπας,
1508 1252 1545 1283 ὡς
1561 1252 1622 1278 ὅσον
1641 1251 1670 1276 τὸ
1687 1250 1787 1276 ἑαυτὸν

994 1302 1151 1338 ἐνδημῆσαι.
1168 1302 1290 1336 Ἔπρεπε
1302 1299 1380 1326 τοῦτο
1394 1300 1427 1334 τῇ
1444 1299 1512 1333 σοφῇ
1526 1306 1572 1323 σου
1588 1296 1702 1332 μεθόδῳ,
1719 1296 1787 1327 τοὺς

995 1347 1042 1373 ἀνθ
1048 1346 1153 1382 ρώπους
1167 1345 1222 1381 (41)
1241 1343 1399 1380 μεθοδεῦσαι
1413 1342 1549 1374 τοιούτως.

1030 1391 1066 1418 Τὸ
1080 1391 1108 1417 δέ
1124 1390 1229 1417 παιδίον
1243 1389 1366 1424 ἐσκίρτα,
1389 1389 1435 1415 καὶ
1451 1387 1531 1425 ἐγέλα
1550 1388 1610 1418 ταῖς
1626 1385 1786 1417 κολακείαις

993 1438 1110 1468 καὶτοῖς
1127 1436 1214 1470 λόγοις
1231 1435 1318 1470 ἡμῶν.
1342 1434 1397 1460 Καὶ
1422 1432 1617 1467 συνταξάμενοι
1639 1433 1672 1467 τῇ
1697 1432 1786 1466 μητρὶ

159 1501 241 1530 trem,
256 1495 379 1524 exhibito
394 1495 443 1528 illi,
460 1499 554 1530 utpar
574 1476 785 1527 erat,uhonore,
808 1501 889 1529 quem
917 1501 932 1521 e

1027 1484 1040 1510 ,ἱ
1063 1482 1131 1518 αὑτὴ
1154 1482 1227 1517 ἡμᾶς
1247 1481 1384 1516 τιμήσασα
1400 1479 1446 1505 καὶ
1462 1480 1542 1514 ἡμεῖς
1556 1477 1726 1510 δοξάσαντες,
1744 1476 1787 1508 ὡς

159 1541 218 1575 ipsa
234 1540 313 1567 nobis
329 1539 462 1571 exhibuit,
478 1539 582 1566 reversi
599 1546 694 1566 sumus
715 1538 743 1565 in
762 1538 943 1566 diversorium

158 1589 295 1612 nostrum.
312 1584 395 1612 Facto
411 1591 476 1611 vero
497 1591 608 1618 vespere
629 1584 715 1611 astitit
731 1583 811 1611 nobis
835 1583 943 1611 terribi-

158 1631 194 1659 lis
212 1635 239 1658 et
256 1630 463 1666 expavefaciens
478 1630 600 1665 quidam,
617 1630 711 1657 dicens
727 1629 761 1657 ad
776 1637 827 1657 nos
843 1639 850 1656 :
868 1629 943 1657 Con-

159 1675 251 1703 festim
269 1676 351 1709 exite,
366 1683 400 1702 ne
414 1675 521 1702 insidiis
541 1675 743 1710 opprimemini.
760 1674 811 1702 Cui
823 1683 873 1703 nos
890 1679 943 1702 tre-

159 1724 264 1748 mentes
278 1720 450 1754 reposuimus
466 1729 473 1746 :
487 1719 619 1753 Quisnam
639 1725 690 1752 est,
707 1720 754 1754 qui
777 1724 859 1747 tantae
874 1720 943 1754 lega-

160 1766 227 1793 tioni
243 1765 355 1793 insidias
366 1770 471 1794 struere
491 1766 573 1799 ausit,
594 1766 684 1793 divine
703 1766 838 1794 bellidux!
856 1766 942 1794 Hero-

159 1811 217 1842 des,
236 1810 325 1839 aiebat
343 1811 397 1839 ille.
414 1810 515 1838 Verum
531 1815 653 1839 actutum
668 1812 815 1847 exsurgite,
831 1816 858 1839 et
874 1813 940 1839 salvi

159 1857 187 1884 in
198 1864 265 1892 pace
281 1857 394 1884 domum
410 1857 506 1885 redite.

192 1901 248 1930 Nos
264 1907 354 1930 autem
374 1903 517 1930 celerrime
536 1903 611 1930 omni
629 1903 718 1931 studio
736 1911 785 1931 nos
799 1903 862 1931 inde
877 1911 940 1938 pro-

157 1948 291 1983 ripuimus
301 1953 328 1976 et
343 1949 444 1982 omnia,
457 1956 518 1984 quae
534 1949 662 1982 vidimus,
676 1949 851 1984 Jerosolymis
866 1957 939 1976 nun-

159 1994 297 2023 tiavimus.
317 1994 387 2022 Ecce
402 1995 494 2030 igitur,
512 1995 569 2022 haec
589 1995 666 2022 vobis
683 1995 716 2022 de
735 1995 844 2022 Christo
863 1999 937 2022 retu-

156 2039 249 2071 limus,
267 2044 295 2067 et
313 2039 431 2068 vidimus
451 2039 600 2072 Christum,
618 2040 784 2067 Salvatorem
803 2045 936 2073 nostrum,

157 2085 204 2119 qui
220 2093 250 2112 se
265 2089 295 2112 ut
316 2085 398 2112 Deum
417 2086 518 2120 pariter
537 2090 564 2113 et
584 2086 721 2113 [nominem
745 2086 824 2113 nobis
849 2086 937 2113 mani-

995 1531 1057 1563 ἔδει,
1072 1529 1197 1565 ἤλθομεν,
1213 1529 1241 1554 ἐν
1253 1526 1275 1562 ᾧ
1288 1527 1363 1561 τόπῳ
1374 1524 1539 1559 κατελύομεν
1554 1523 1619 1558 (4-2).
1632 1523 1687 1549 Καὶ
1703 1523 1786 1548 ἐσπέ-

995 1585 1044 1613 ρας
1054 1575 1203 1610 γενομένης
1219 1573 1320 1607 ἐπέστη
1335 1572 1399 1606 ἡμῖν
1416 1579 1458 1601 τις
1475 1569 1588 1605 φοϐερὸς
1610 1568 1657 1594 καὶ
1679 1567 1786 1593 ἐκπλας-

993 1622 1055 1658 γὴς,
1075 1622 1162 1655 λέγων
1188 1620 1263 1655 ἡμῖν’
1281 1617 1317 1645 Τὸ
1333 1618 1414 1652 τάχος
1431 1614 1551 1648 ἐξέλθετε
1573 1613 1639 1649 (45),
1659 1613 1695 1648 μή
1718 1621 1786 1639 τινα

993 1667 1138 1703 ἐπιϐουλὴν
1160 1666 1305 1700 ὑποστῆτε.
1329 1664 1424 1698 Ἡμεῖς
1445 1662 1473 1688 δὲ
1495 1661 1564 1696 μετά
1580 1659 1681 1691 δειλίας
1700 1659 1784 1685 εἴπα-

995 1723 1053 1750 μεν·
1071 1713 1126 1740 Καὶ
1140 1713 1181 1744 τίς
1196 1713 1270 1737 ἐστιν
1287 1711 1301 1736 ὁ
1314 1707 1494 1736 ἐπιϐουλεύων
1514 1708 1547 1742 τῇ
1564 1704 1682 1741 τοσαύτῃ
1696 1712 1784 1739 πρεσ-

993 1748 1064 1795 θείᾳ,
1082 1759 1136 1786 θεῖε
1153 1755 1302 1792 στρατηγέ;
1336 1753 1366 1781 ’0
1383 1754 1421 1780 δέ’
1450 1751 1581 1787 Ἡρώδης.
1606 1748 1684 1776 Ἀλλὰ
1709 1749 1783 1783 πάρ-

992 1810 1067 1841 αυταξ
1082 1804 1245 1834 ἀναστάντες
1267 1799 1415 1836 πορεύεσθε
1426 1801 1453 1825 ἐν
1467 1799 1563 1834 εἰρήνῃ
1572 1795 1780 1829 διασωζόμενοι.

1033 1895 1128 1929 Ἡμεῖς
1151 1892 1180 1919 δὲ
1205 1892 1370 1927 ταχύναντες
1399 1887 1543 1922 ἀπήραμεν
1569 1884 1672 1912 ἐκεῖθεν
1702 1883 1782 1919 πάσῃ

991 1941 1101 1976 σπουδῇ,
1128 1939 1174 1966 καὶ
1203 1940 1309 1966 ἃπαντα
1330 1935 1541 1970 ἐπηγγείλαμεν,
1562 1931 1580 1958 ἃ
1602 1930 1782 1976 εἴδομενηέν

997 1973 1147 2023 Ἰερουσαλή
1153 1994 1180 2020 μ.
1212 1984 1276 2010 Ἰδοὺ
1287 1981 1333 2009 οὖν
1346 1981 1464 2008 τοσαῦτα
1480 1979 1544 2014 περὶ
1556 1974 1674 2012 Χριστοῦ
1688 1973 1775 2007 ἐλέξα-

992 2021 1039 2069 μεν
1052 2033 1115 2068 ὑμῖν
1138 2031 1184 2058 καὶ
1203 2030 1308 2065 εἰῶμεν
1326 2026 1452 2069 Χριστὸν,
1468 2025 1581 2061 Σωτῇρα
1603 2022 1691 2058 ἠμρν,
1709 2021 1780 2059 Θεὸν

989 2067 1035 2106 καὶ
1046 2078 1186 2113 ἄνθρωπον
1198 2067 1406 2115 γνωριζόμενονξ
1420 2071 1498 2106 Αὐτῷ
1512 2072 1528 2106 ἡ
1540 2069 1602 2102 δόξα
1615 2069 1661 2096 καὶ
1672 2069 1703 2095 τὸ
1713 2068 1775 2102 κρά-

158 2129 274 2157 festavit.
303 2129 355 2164 Ipsi
377 2130 461 2165 gloria
485 2135 511 2158 et
527 2131 668 2165 imperium
687 2132 714 2157 in
733 2131 832 2159 saecula
848 2138 933 2159 saecu-

1027 2119 1086 2156 ἶείς
1099 2124 1161 2155 τοὺς
1175 2122 1274 2153 αἰῶνας
1290 2116 1343 2148 τῶν
1362 2119 1475 2146 αἰώνων.
1498 2116 1593 2152 Ἀμήν.

156 2175 254 2203 lorum.
270 2178 365 2203 Amen.

203 2254 247 2324 ὅδὲ
266 2254 317 2282 Ms.
328 2259 453 2291 uterque,
471 2255 617 2291 ὕπερῆραι.

203 2288 236 2324 37
266 2289 317 2316 Ms.
334 2295 455 2324 uterque,
471 2291 569 2324 μακρὶν
579 2291 617 2324 τὴ·

203 2288 247 2326 Ξῖ)
266 2289 317 2326 Ms.
334 2288 455 2325 uterdue,
471 2288 569 2326 μακρὶν
579 2291 627 2326 τὴν
642 2290 729 2326 κῆραν
743 2290 849 2325 ἔχουσα.

202 2323 247 2358 58)
277 2324 327 2361 _M_s.
353 2323 477 2361 uterque
492 2323 648 2361 perturbato
672 2323 785 2361 prorsus
806 2334 899 2358 sensu,
916 2323 938 2359 ᾧ

154 2358 334 2394 ἐχριματίσθη
351 2358 463 2394 γράφων
474 2358 568 2392 οὕτως.

598 2395 662 2430 Leg.
678 2395 810 2432 διῳκεῖτο.

190 2428 246 2463 (40)
266 2428 314 2456 Hs.
333 2433 456 2465 uterque,
467 2430 630 2457 άποστείλει.

1026 2258 1081 2294 (Μ)
1099 2256 1278 2294 Ms._ut_erque
1292 2252 1436 2294 άντάρτας,
1455 2255 1591 2294 tyrannos.
1606 2246 1776 2294 glori—enm

990 2281 1250 2320 liid-lo'cum'habere
1266 2296 1319 2315 non
1334 2281 1434 2322 possit,
1447 2281 1549 2322 niutavi
1564 2283 1589 2309 in
1603 2281 1776 2318 ἀνθρώπους.

990 2328 1030 2354 An
1047 2327 1116 2354 forte
1132 2325 1273 2360 legendum
1288 2321 1475 2360 ἀντεργᾲταςῖ

1036 2362 1081 2394 42)
1099 2361 1149 2388 Ms.
1159 2356 1286 2394 iterque,
1305 2356 1489 2394 κατελύωμεν.

1036 2365 1081 2394 42)
1099 2365 1149 2388 Ms.
1166 2365 1286 2394 uterque,
1305 2365 1438 2390 κατεΛυωι

1023 2365 1078 2431 διδ)
1098 2395 1149 2422 Ms.
1163 2399 1286 2430 uterque,
1302 2391 1438 2425 ἐξέλθατε.
