1883 3056
171 91 220 120 Hi

806 93 834 120 S.
851 93 1007 122 (ZALLISTI
1027 96 1037 122 1
1053 95 1152 123 ΡΔΡιλΕ

1741 101 1795 129 1Ιί

343 168 1790 185 —___._____________________

724 244 981 290 NOTITIA
1016 246 1268 291 ALTERA.

566 350 608 381 (D.
621 351 754 381 Cous-run,
767 350 881 384 Epistolte
893 353 960 377 Rom.
974 355 1050 385 pont.,
1063 355 1123 378 tom.
1137 353 1149 378 Ι
1162 356 1189 379 et
1200 354 1277 383 unic.,
1290 360 1316 384 p.
1327 353 1394 384 tu.)

205 510 269 538 Post
282 509 469 545 Zephyrinum
490 511 637 544 Callistus,
656 513 702 548 qui
717 517 743 540 et
762 514 796 540 ab
812 513 910 548 Optato
926 520 953 541 et
967 519 990 546 Α
1004 515 1151 542 constituit.
1168 514 1204 541 Ita
1217 514 1289 541 enim
1304 521 1367 541 eum
1391 513 1552 541 scribentem
1570 514 1673 542 inducit
1689 524 1696 542 :
1710 514 1794 550 Jeju-

169 555 322 591 Augustino
343 555 466 582 Calixtus
484 561 667 592 nuncupatur,
690 565 763 585 anno
785 558 950 594 lleliogaliali

167 602 273 637 primo,
292 602 364 629 circa
385 601 492 629 initium
517 603 581 630 anni
605 603 705 630 Christi
726 604 778 631 219
799 605 949 638 ordinatus,

167 647 356 682 quinquennio
374 655 429 674 non
449 647 558 682 penitus
577 647 680 682 elapso,
706 655 778 675 anno
791 649 854 682 2'25,
866 648 948 676 Octo-

166 692 224 719 bris
239 699 283 718 xtv
298 691 352 725 die,
367 699 422 726 quo
443 695 470 718 et
491 691 592 719 festum
613 691 673 726 ejus
693 692 800 725 colitur,
818 694 949 728 martyrio

165 737 249 763 vitam
265 736 351 762 finivit
363 737 381 762 ι.
393 735 422 762 ln
434 735 542 763 Eusebii
557 735 686 763 Chronico
699 737 857 771 simpliciter
869 737 950 772 quin-

165 788 218 815 que
234 780 406 815 pontilicatus
422 780 485 807 anni
495 780 520 807 ei
535 780 700 807 tribuuntur.
716 778 746 807 In
760 781 883 816 catalogo
898 789 948 809 au-

165 831 218 852 tem
232 825 413 858 Bucheriano,
425 825 468 852 cui
482 829 509 852 et
520 825 681 859 pontiﬁcalis
692 825 855 861 snﬂ‘ragatur
869 826 947 860 liber,

164 878 251 898 annos
263 870 290 903 5,
307 877 416 897 menses
433 870 477 903 11,
491 870 549 897 dies
569 870 603 896 10
619 870 770 898 Ecclesiam
783 871 948 906 gubernasse

163 915 320 942 adnotatur.
343 914 395 942 Sed
417 922 470 941 non
494 916 612 942 cohaeret
624 915 675 943 sibi
692 916 836 950 przedictus
847 917 948 944 catalo-

163 970 224 997 gus,
239 961 285 988 ubi
304 961 408 989 Callisti
425 961 610 995 episcopatum
626 970 641 988 a
665 962 803 988 consulatu
816 963 948 994 Antonini

162 1011 187 1033 et
202 1006 313 1033 Adventi
326 1015 407 1042 usque
424 1006 556 1034 Antonino
571 1005 620 1032 111
643 1007 704 1041 (leg.
718 1006 771 1042 IV)
790 1011 815 1034 et
831 1007 947 1034 Alexan—

161 1052 220 1084 dro,
242 1052 293 1079 hoc
311 1056 352 1079 est
372 1052 407 1078 ab
424 1059 496 1078 anno
514 1051 616 1078 Christi
630 1052 683 1078 218
702 1052 736 1079 ad
753 1051 816 1084 222,
842 1052 945 1079 deﬁnit.

161 1097 254 1133 Neque
272 1097 354 1125 etiam
375 1097 412 1129 id,
431 1098 501 1132 quod
522 1098 549 1124 in
567 1097 637 1124 libro
652 1095 803 1124 Pontiﬁcali
821 1097 945 1129 habetur,

162 1143 227 1170 Fuit
243 1143 400 1178 temporibus
417 1143 532 1170 Macriui
552 1148 577 1170 et
592 1143 759 1178 lleliogabali
778 1151 794 1170 a
808 1143 946 1170 consulatu

161 1189 224 1223 (leg.
247 1189 281 1215 ad
306 1188 482 1222 consulatum)
500 1188 628 1215 Antonini
652 1193 676 1214 et
698 1188 861 1221 Alexandri,
883 1196 944 1216 cum
960 1183 982 1210 Β

160 1234 269 1262 Eusebii
287 1242 334 1262 seu
352 1234 479 1262 Chronico
495 1234 678 1267 seujliistoria
692 1235 849 1262 concordat.
864 1233 945 1262 Utro-

159 1280 242 1315 bique
255 1279 327 1307 enim
342 1279 516 1315 Heliogabalo
530 1280 558 1307 in
572 1279 684 1307 Macrini
703 1279 839 1307 demortui
854 1280 943 1308 locum

159 1327 321 1366 imperante,
337 1331 364 1354 et
384 1326 555 1362 Zephyrinus
574 1327 687 1357 abiisse,
700 1330 727 1354 et
747 1326 876 1354 Callistus
893 1325 943 1353 Ec-

159 1372 248 1400 clesia:
260 1373 380 1407 regimen
395 1373 548 1407 suscepisse
561 1376 758 1399 memorantur.

245 1428 283 1455 De
298 1429 410 1462 decreto,
426 1433 450 1456 et
463 1428 579 1464 epistolis
596 1427 708 1455 Callisto
722 1428 854 1462 ascriptis.

194 1484 219 1511 1.
235 1483 263 1511 Si
278 1485 388 1519 vulgato
400 1484 551 1512 Pontiﬁcali
565 1484 634 1511 libro
647 1484 769 1511 habenda
784 1483 861 1516 ﬁdes,
878 1482 942 1509 Cal-

156 1530 237 1557 listus
250 1530 386 1557 constituit
405 1529 539 1564 jejunium
563 1533 656 1564 quater
671 1529 697 1555 in
717 1536 786 1554 anno
798 1527 868 1562 ﬁeri,
885 1527 943 1562 fru-

156 1576 248 1609 menti,
265 1575 318 1602 vini
340 1579 366 1602 et
383 1574 434 1601 olei
459 1574 708 1609 gratia,secuudum
725 1573 899 1607 prophetiam.
912 1572 941 1599 In

156 1621 313 1649 Fossatensi
332 1628 384 1647 ms.
406 1627 479 1647 nunc
496 1619 666 1647 bibliothecae
678 1619 755 1645 Colb.
773 1626 834 1646 cum
848 1626 902 1653 quo
914 1622 942 1646 et

156 1667 223 1694 alter
242 1667 342 1701 regina:
357 1665 507 1693 Succorum
523 1665 594 1700 apud
609 1664 728 1692 Bolland.
742 1669 807 1692 tom.
824 1664 834 1691 l
854 1665 939 1700 April.

154 1713 254 1748 propil.
267 1713 412 1744 consentit,
438 1712 509 1740 idem
532 1712 670 1739 decretum
696 1712 737 1739 sic
754 1712 912 1740 enuntiatur
930 1720 936 1737 :

156 1757 208 1785 Hic
220 1758 356 1785 constituit
366 1758 499 1792 jejunium
510 1758 551 1784 die
567 1757 677 1784 Sabbati
691 1762 730 1784 ter
744 1758 771 1784 in
786 1766 855 1784 anno
869 1758 938 1792 ﬁeri,

155 1803 292 1837 frumenti,
313 1803 365 1830 vini
388 1808 412 1830 et
429 1803 490 1833 olei.
506 1803 648 1829 secundum
667 1802 830 1837 prophetam,
846 1803 938 1837 quarti

1002 560 1085 590 nium,
1097 559 1166 593 quod
1178 563 1216 584 ter
1232 559 1260 585 in
1277 565 1345 585 anno
1356 558 1426 592 apud
1441 566 1488 586 nos
1508 558 1639 586 celebrare
1650 559 1785 591 didicisti,

1001 604 1191 630 conuenientius
1208 611 1276 630 nunc
1293 611 1339 636 per
1352 607 1466 637 quatuor
1485 608 1601 637 tempora
1616 602 1677 637 fieri
1695 603 1791 630 decer—

1000 649 1097 676 nimus.

1033 706 1060 734 ‘2.
1076 706 1198 739 Quatuor
1218 705 1282 732 anni
1306 704 1473 739 temporibus
1493 704 1560 732 feria
1576 709 1688 739 quarta,
1709 709 1792 732 sexta

999 756 1025 779 et
1041 751 1160 779 Sabbato
1182 750 1324 786 jejuuandi
1346 757 1449 777 morem
1474 750 1501 777 in
1523 750 1645 778 Ecclesia
1660 750 1791 778 Romana

998 797 1093 824 saltem
1119 796 1214 831 quinto
1242 795 1343 823 saeculo
1373 795 1533 830 generaliter
1559 800 1698 830 receptum
1724 803 1792 823 esse

998 841 1096 868 Leonis
1109 848 1249 868 sermones
1264 840 1342 867 [idem
1357 839 1470 867 faciunt.
1486 839 1564 867 Hunc
1573 846 1662 868 autem
1679 848 1790 867 morem

998 894 1013 913 a
1033 886 1166 921 legalibus
1181 885 1312 913 institutis
1323 885 1497 919 desumptum
1513 886 1594 912 etiam
1612 885 1683 920 apud
1701 885 1789 912 Chri—

997 932 1102 959 stianos
1126 932 1274 966 apostolica
1298 931 1460 958 auctoritate
1482 938 1684 970 perseverasse,
1711 931 1790 957 idem

997 977 1052 1004 Leo
1072 977 1159 1004 docet.
1183 976 1256 1004 Unde
1271 977 1375 1009 merito,
1392 976 1480 1011 inquit
1496 984 1579 1003 serm.
1596 976 1612 1003 9
1632 976 1665 1003 de
1675 976 1791 1010 jejunio

997 1023 1095 1050 decimi
1118 1023 1230 1054 mensis,
1245 1023 1429 1057 disposuerunt
1452 1023 1602 1057 apostolicw
1622 1023 1788 1055 sanctiones,

996 1073 1025 1094 ut
1039 1072 1151 1094 veterum
1165 1067 1328 1102 jejuniorum
1351 1067 1456 1095 utilitas
1478 1072 1656 1102 permaneret:
1679 1072 1703 1094 et
1720 1069 1789 1094 licet

997 1112 1122 1139 Ecclesiae
1137 1113 1297 1139 consuetudo
1312 1111 1502 1146 prolixioribus
1517 1120 1544 1138 se
1562 1111 1790 1146 castigationibus

995 1165 1113 1186 exercere
1127 1157 1276 1189 didicisset,
1294 1157 1493 1191 amplecteretur
1509 1161 1595 1183 tamen
1612 1157 1790 1184 continentur

996 1203 1231 1238 sanctiﬁcationem
1243 1210 1275 1229 ex
1292 1203 1346 1237 lege
1358 1203 1500 1229 venientem
1520 1210 1528 1228 :
1542 1202 1635 1236 quibus
1649 1202 1718 1228 enim
1732 1203 1766 1227 do
1777 1215 1790 1221 ο

996 1242 1087 1276 natum
1101 1253 1158 1276 erat
1173 1257 1247 1283 posse
1261 1249 1329 1283 quod
1353 1248 1439 1283 majus
1458 1253 1507 1281 est,
1526 1248 1644 1274 indecens
1660 1247 1711 1282 fuit
1729 1255 1789 1274 non

995 1293 1124 1321 celebrare
1136 1294 1204 1328 quod
1226 1294 1314 1320 minus
1335 1300 1382 1320 est.
1399 1293 1431 1320 Et
1445 1301 1528 1320 serm.
1543 1292 1560 1320 8
1574 1293 1607 1320 de
1617 1293 1723 1328 jejunio
1737 1299 1790 1319 se-

994 1340 1071 1374 ptimi
1086 1340 1199 1372 mensis,
1213 1347 1237 1366 c.
1250 1340 1267 1366 5
1278 1339 1315 1366 ait
1333 1348 1339 1366 :
1355 1339 1428 1366 Licet
1444 1344 1544 1373 tempus
1556 1347 1630 1365 omne
1645 1338 1788 1373 (jejuniis)

994 1386 1028 1411 sit
1042 1393 1195 1420 congruum,
1215 1385 1263 1411 hoc
1282 1390 1368 1412 tamen
1383 1385 1506 1411 habemus
1524 1384 1692 1418 aptissimum
1708 1383 1786 1418 quod

993 1436 1017 1457 et
1030 1431 1179 1465 apostolicis
1192 1435 1215 1457 et
1231 1430 1360 1465 legalibus
1376 1430 1505 1457 institutis
1520 1429 1637 1456 videmus
1652 1429 1782 1456 eiectans.

994 1472 1022 1499 In
1037 1481 1163 1500 sermone
1186 1478 1274 1500 autem
1298 1473 1324 1504 4,
1348 1481 1371 1500 c.
1391 1473 1420 1504 2.
1437 1474 1487 1500 hoc
1509 1473 1642 1508 jejunium
1656 1473 1785 1507 generale

993 1527 1025 1546 ac
1039 1521 1119 1545 totius
1137 1518 1262 1545 Ecclesia
1274 1525 1332 1546 esse
1350 1519 1431 1546 tradit
1446 1526 1454 1544 :
1473 1518 1545 1553 quod
1562 1518 1656 1546 saltem
1671 1518 1705 1545 de
1722 1517 1785 1545 ﬂo-

992 1572 1073 1593 mana
1099 1564 1312 1599 intelligendum.
1336 1563 1470 1597 Quocirca
1493 1571 1576 1592 serm.
1595 1564 1621 1595 5,
1650 1571 1675 1590 c.
1696 1564 1725 1596 ἓ,
1745 1564 1784 1591 de

992 1609 1085 1638 eodem
1098 1610 1226 1644 praedicat
1240 1618 1246 1635 :
1265 1609 1402 1644 Jejuuium
1414 1617 1472 1636 vero
1483 1631 1490 1642 ,
1506 1610 1575 1644 quod
1588 1609 1708 1635 universa
1722 1608 1781 1635 Ec-

991 1656 1071 1682 clesia
1085 1656 1204 1690 suscipit,
1221 1656 1350 1682 neminem
1365 1663 1381 1681 a
1402 1654 1516 1690 generali
1535 1655 1721 1688 puriﬁcatione
1737 1662 1782 1680 se-

985 1703 1092 1738 jungit;
1104 1707 1128 1728 et
1140 1707 1200 1729 tunc
1213 1702 1243 1736 fit
1259 1701 1456 1736 potentissimus
1469 1699 1517 1726 Dei
1531 1699 1654 1734 populus,
1668 1699 1781 1734 quando

990 1749 1017 1774 in
1047 1749 1175 1774 unitatem
1207 1751 1305 1774 sunctte
1327 1746 1481 1774 obedientiae
1507 1745 1622 1771 omnium
1655 1744 1780 1778 ﬁdelium

990 1794 1069 1821 corda
1084 1793 1248 1820 conveniunt.

154 1848 260 1882 mensis,
274 1848 378 1883 septimi
391 1852 416 1874 et
433 1848 537 1874 decimi.
555 1847 709 1875 Lectionem
721 1852 866 1882 utramque
879 1855 939 1882 per-
951 1843 972 1872 C
1025 1850 1052 1877 5.
1070 1850 1183 1877 Callisto
1197 1848 1315 1877 Isidorus
1331 1847 1462 1875 Mercator
1473 1846 1542 1874 duas
1556 1844 1700 1880 supposuit
1715 1844 1777 1879 epi—

155 1891 218 1919 inde
240 1892 378 1927 componit
404 1891 525 1920 Isidorus
547 1891 695 1925 Mercator,
710 1899 742 1918 ac
763 1893 786 1919 si
803 1892 936 1927 legisset.-

153 1935 299 1971 Jejunium,
312 1937 380 1972 quod
397 1940 435 1963 ter
449 1937 476 1963 in
496 1945 564 1963 anno
579 1937 638 1971 ﬁeri
651 1936 760 1969 solebat,
776 1942 868 1971 quater
879 1937 938 1971 ﬁeri

191 2004 201 2020 ⁸
214 2004 314 2034 Euseb.
330 2005 378 2033 lib.
390 2013 416 2032 νι
442 2013 502 2040 cap.
517 2005 562 2033 21.

989 1895 1090 1927 stolas,
1119 1895 1236 1930 genuino
1262 1893 1367 1928 parenti
1395 1891 1542 1926 aliquando
1567 1898 1630 1918 cum
1661 1890 1779 1925 reliquis

989 1941 1074 1975 ipsius
1090 1939 1192 1968 fetibus
1206 1939 1365 1967 reddendas.

157 2095 1765 2108 Μ

451 2178 667 2248 ACTA
715 2183 779 2246 S.
829 2182 942 2246 CA]

1037 2182 1192 2246 ISTI
1240 2181 1461 2245 ΡΑΡλίΕ

637 2309 1008 2367 MARTYRIS
1051 2308 1291 2366 ROMZE.

525 2422 596 2453 (Acta
606 2421 753 2446 Sanctorum
764 2418 888 2450 Bolland.,
901 2417 1014 2444 Octobris
1026 2421 1084 2442 tom.
1099 2417 1141 2448 VI,
1159 2419 1200 2443 die
1216 2417 1255 2449 14,
1266 2424 1290 2448 p.
1304 2416 1371 2449 θοι.)

800 2577 1110 2623 MONITUM.

180 2690 329 2719 Callistiani
356 2689 490 2726 martyrii
507 2689 589 2726 Acta,
605 2695 669 2726 eum
683 2686 767 2714 variis
778 2685 1142 2726 vetu_s.tis_qne_ms_s.collataz
1159 2687 1470 2726 magnampartemjam
1492 2682 1720 2726 pridcmmedidit,
1733 2691 1767 2712 ac

144 2718 347 2755 Commentario
360 2718 506 2753 illustravit
517 2718 706 2751 Henschenius
721 2726 788 2749 tom.
801 2721 822 2748 ll
838 2718 912 2753 Maii,
929 2721 961 2747 ad
981 2720 1051 2747 diem
1066 2720 1187 2757 ejusdem
1205 2718 1308 2757 mensis
1315 2718 1629 2757 Jlecimumhpagsldil}
1646 2723 1673 2757 et
1686 2726 1766 2757 seqq.

164 2751 278 2792 diuisi";
290 2751 346 2787 non
360 2751 469 2796 quidem
483 2760 598 2794 integra,
609 2757 656 2796 sed
673 2751 914 2796 ea_t_enus__tantum_,
927 2760 1061 2796 quatenus
1078 2751 1127 2796 SS:
1140 2753 1294 2796 Galcpmlii,
1311 2752 1437 2796 .Palniati‘i
1447 2773 1454 2785 ,
1469 2751 1611 2796 "Simplicii
1622 2772 1630 2785 ,
1653 2751 1766 2796 Felicis.

167 2787 252 2824 lauda!
264 2787 434 2830 aliorumque
444 2787 605 2830 martyrium,
618 2793 652 2830 de
665 2792 764 2830 quibus
780 2787 953 2830 illicagebat',
968 2794 1045 2830 gesta
1055 2787 1246 2830 continebant;
1263 2787 1454 2830 omissapartc
1462 2787 1577 2830 reliqua,
1590 2795 1644 2822 qua
1654 2788 1766 2830 reliqua

144 2831 174 2858 S.
201 2830 305 2858 (Tallisti
330 2823 405 2865 gesta
431 2834 458 2858 ct
483 2823 648 2860 S.'Asterii,
664 2823 711 2862 qui
743 2826 771 2854 S.
795 2823 937 2854 Callistum
961 2823 1123 2858 tumulavit,
1141 2829 1168 2852 et
1192 2823 1293 2850 Privati
1309 2823 1400 2850 militis
1419 2823 1578 2857 martyrium
1600 2823 1763 2858 explicatur.
