1883 3056
175 148 226 175 115

806 145 833 171 S.
853 143 1009 173 CALLlSTl
1027 143 1036 170 l
1056 142 1155 169 PAPIE

1734 140 1798 167 -116

175 206 376 234 multitudinem
388 206 604 233 Christianorum
620 206 778 241 psallentem
790 213 795 230 ;
807 206 877 232 inter
887 211 955 239 quos
971 204 992 231 A
1007 201 1116 233 milites,
1130 201 1214 236 coepit
1227 201 1344 228 clamare
1361 209 1367 226 :
1385 199 1407 227 0
1425 199 1498 227 cives
1511 198 1619 234 optimi!
1641 197 1736 225 Videte
1750 205 1799 224 ar-

173 257 232 278 erat
257 251 376 279 Calixtus
402 253 543 287 episcopus
568 261 629 280 cum
659 253 730 279 clero
754 261 813 280 suo.
839 254 960 281 Audiens

173 301 264 323 autem
286 297 337 324 hoc
355 306 424 324 unus
443 306 474 324 ex
496 299 651 325 consulibus
673 298 740 334 (5),
766 299 873 326 nomine
897 299 959 326 Pal-

174 341 291 374 matius,
311 342 510 369 multitudinem
538 343 752 370 Christianorum
773 344 911 371 collectam
932 345 958 371 in

171 385 288 418 quodam
310 386 380 418 loco,
399 388 534 415 nuntiavit
552 388 703 415 Alexandro
722 389 816 416 dicens
838 399 844 416 :
866 390 959 425 Magne

174 429 313 464 Princeps,
324 430 376 458 hoc
390 430 497 466 signum
513 431 573 458 ideo
589 431 687 459 factum
712 437 763 466 est,
779 433 844 467 quia
859 433 955 460 civitas

174 475 313 502 sordescit.
342 475 370 502 Si
396 483 460 510 ergo
484 476 626 511 puriﬁcata
655 476 746 510 fuerit,
777 478 955 513 gaudebimus

173 520 254 547 simul
265 521 298 548 de
308 521 394 555 gloria
411 522 538 549 culminis
555 523 637 550 vestri
649 528 675 550 et
690 522 859 557 Respublica
873 524 956 558 fulge-

172 568 222 594 bit.
236 567 386 595 Alexander
401 568 470 595 dixit
487 578 493 595 ε
515 568 686 596 Purilicetur.
705 569 825 597 Tandem
849 571 956 598 declara

172 615 263 646 nobis,
277 623 338 650 qua:
359 620 400 642 est
417 615 469 642 ista
491 616 663 650 purificatio?
681 616 832 652 Respondit
849 608 955 645 Palma-

173 661 242 688 tius:
263 660 299 688 Ut
324 663 430 696 profani
454 670 507 689 non
524 663 587 689 sint.
616 663 768 691 Alexander
791 664 875 691 dixit:
903 664 954 698 Qui

173 710 237 732 sunt
250 706 375 741 profani?
386 707 691 743 ResponditPahnatius
703 719 708 736 :
721 709 880 738 Christiani.
892 712 956 739 Ale-

173 752 276 779 xander
288 752 371 779 dixit:
386 752 443 787 Ego
458 754 572 788 praecepi
585 754 669 781 semel
694 759 775 790 atque
796 756 904 789 iterum,
927 762 954 784 ut

173 797 328 832 ubicunque
340 798 439 826 inventi
454 799 564 831 fuerint,
577 800 727 834 puniantur
737 822 744 834 ,
769 807 816 829 aut
840 802 954 831 oﬂerant

172 843 225 870 diis
240 844 439 872 immortalibus
456 845 586 873 libamina
602 846 651 881 (6).
675 846 825 882 Respondit
845 847 952 876 Palma-

174 889 237 921 tius,
250 889 343 917 dicens
353 899 359 916 :
371 891 420 918 Per
431 891 578 918 claritatem
587 897 703 920 vestram
716 901 766 928 ego
780 894 880 927 audivi,
892 902 954 921 cum

173 935 259 962 tristis
273 943 360 962 essem
375 941 486 971 propter
499 937 605 971 signum
618 938 690 972 quod
707 938 807 966 factum
824 944 874 972 est,
888 948 956 974 qun-

172 980 254 1007 modo
276 982 389 1010 canticis
410 987 436 1009 et
456 983 688 1011 incantationibus
712 985 743 1022 in.
760 986 876 1020 quodam
896 987 956 1013 loco

173 1025 302 1053 clamaret
318 1026 344 1053 in
364 1027 474 1061 regione
492 1031 568 1055 trans
581 1027 699 1055 Tiberim
717 1030 861 1057 multitudo
873 1030 955 1056 Chri—

174 1072 341 1099 stianorum:
359 1073 429 1100 unde
441 1081 496 1101 non
510 1073 619 1107 mirum,
633 1075 655 1102 si
669 1083 752 1103 causa
762 1076 818 1103 haec
831 1076 956 1105 fecithoc

173 1117 290 1152 signum.

207 1164 235 1190 2.
256 1163 328 1191 Dixit
339 1165 363 1191 ei
374 1165 542 1193 Alexander:
554 1166 653 1202 Accipe
665 1171 837 1202 potestatem,
849 1173 879 1197 ut
895 1169 955 1196 ubi-

173 1218 282 1244 cunque
297 1217 345 1237 eos
356 1210 501 1244 inveneris,
516 1212 607 1240 trahas
622 1213 655 1240 ad
673 1213 879 1242 sacrificandum
892 1234 899 1246 ,
921 1215 953 1242 ad

174 1255 321 1289 placandos
332 1255 414 1282 deos:
436 1261 481 1283 aut
497 1261 569 1284 certe
587 1257 730 1292 exquisitis
744 1266 793 1286 eos
814 1260 955 1287 tormentis

174 1299 260 1335 amige
273 1299 322 1335 (7).
334 1299 410 1328 Tunc
429 1300 589 1334 Palmatius,
601 1307 712 1337 accepta
733 1307 873 1338 potestate,
898 1305 955 1332 col-

173 1344 241 1371 lecta
259 1345 431 1373 multitudine
442 1347 567 1378 militum,
584 1348 658 1375 venit
671 1353 747 1376 trans
764 1348 893 1382 Tiberim,
909 1349 954 1376 ubi

172 1390 284 1418 collecta
299 1395 357 1418 erat
377 1392 521 1419 multitudo
534 1392 752 1420 Christianorum
768 1401 829 1420 cum
850 1393 880 1420 B.
903 1393 956 1421 Ca-

172 1435 240 1462 lixto
259 1446 264 1463 :
279 1435 348 1463 inter
357 1444 427 1471 quos
442 1442 500 1464 erat
511 1437 730 1473 Calepodius(8),
744 1446 826 1465 senex
843 1439 956 1474 presby-

173 1487 232 1508 ter:
257 1486 284 1510 et
303 1483 441 1510 venientes
467 1483 493 1510 in
507 1483 643 1518 quoddam
659 1485 831 1512 cmnaculum
844 1485 893 1519 (9),
914 1485 956 1512 in-

173 1528 257 1562 gressi
272 1532 335 1555 sunt
350 1528 443 1556 decem
460 1529 560 1556 milites
576 1538 583 1555 :
597 1533 624 1556 et
639 1537 700 1557 cum
714 1531 829 1565 ingreSst
840 1530 957 1558 fuissent
969 1541 990 1569 ρ

172 1580 279 1605 omnes,
292 1573 320 1599 hi
335 1573 426 1600 decem
444 1574 542 1601 milites
554 1575 644 1601 subito
658 1575 721 1602 caci
735 1575 796 1602 facti
815 1580 889 1603 sunt.
905 1575 957 1603 Re-

174 1618 285 1653 spondit
297 1619 460 1653 Calepodius
479 1626 562 1646 senex
581 1620 721 1655 presbyter
738 1624 765 1647 et
781 1620 870 1647 dixit:
896 1620 956 1648 Filii

174 1664 238 1696 mei,
249 1671 329 1698 quem
343 1664 481 1698 quaritis?
492 1663 530 1690 llli
543 1669 632 1691 autem
648 1664 800 1692 clamabant
814 1665 933 1693 dicentes
948 1675 954 1692 :

174 1708 319 1735 Accendite
330 1709 408 1735 nobis
422 1708 576 1739 luminaria,
592 1709 655 1743 quia
669 1709 830 1737 obscuratus
842 1714 883 1736 est
895 1715 957 1737 ante

175 1761 226 1780 nos
237 1753 313 1780 locus
332 1754 395 1780 iste.
414 1753 487 1781 Dixit
510 1759 600 1781 autem
613 1755 775 1789 Calepodius
790 1756 931 1790 presbyter
948 1764 955 1783 :

175 1799 247 1826 Deus
258 1799 304 1834 qui
315 1800 389 1827 videt
405 1800 507 1832 omnia,
525 1800 582 1834 ipse
604 1801 715 1828 caacavit
732 1802 825 1829 oculos
840 1807 955 1829 vestros.

175 1844 252 1872 Tunc
264 1845 405 1879 palpantes
417 1845 455 1872 illi
467 1845 666 1872 descenderunt
675 1847 779 1873 caecati.
793 1846 855 1874 Haec
866 1851 956 1874 autem

174 1898 238 1918 cum
261 1890 373 1918 vidisset
395 1889 563 1923 Palmatius,
584 1891 682 1919 timore
705 1891 825 1924 territus,
851 1892 958 1928 fugiens

175 1939 310 1967 nuntiavit
326 1940 418 1967 omnia
441 1940 604 1968 Alexandro.
625 1941 726 1969 Eodem
740 1941 823 1977 igitur
839 1942 883 1970 die
896 1942 959 1969 Ale-

176 1986 278 2014 xander
289 1985 372 2020 jussit
383 1986 492 2018 milites,
504 1987 550 2022 qui
566 1987 630 2015 catci
646 1986 710 2015 facti
733 1986 851 2021 fuerant,
876 1992 906 2015 ut
930 1988 957 2015 in

175 2036 323 2067 conspectu
344 2039 396 2060 suo
424 2032 597 2062 ducerentur.
627 2032 662 2060 Et
693 2033 758 2061 dum
784 2033 959 2069 cognovisset

971 872 990 899 Β

211 2110 250 2144 (5)
266 2110 399 2138 Consules
419 2118 491 2138 anno
507 2111 560 2137 222
579 2110 710 2138 ordinarii
734 2111 844 2139 fuerunt
865 2111 957 2140 Helio-

176 2145 289 2181 gabalus
302 2150 329 2181 et
341 2145 508 2175 Alexander:
525 2146 571 2181 sed
595 2145 769 2181 Heliogaban
789 2147 878 2181 potuit
893 2147 959 2174 sub-

176 2179 251 2207 stitui
266 2179 425 2212 Palmatius,
441 2181 513 2214 quod
526 2180 721 2212 llenschenius,
735 2181 777 2208 vel
790 2179 816 2208 id
836 2181 958 2208 muneris

176 2219 255 2242 antea
270 2215 397 2249 gessisse,
407 2215 479 2249 quod
495 2215 541 2241 alii
558 2220 686 2248 censent;
701 2215 743 2242 vel
762 2216 880 2250 denique
894 2223 959 2243 con-
976 2214 996 2240 D

177 2250 245 2276 sulis
255 2250 398 2283 appellatio
408 2250 488 2283 paulo
501 2250 583 2276 latius
594 2250 721 2282 sumitur,
730 2258 791 2284 quae
803 2251 865 2277 aliis
876 2251 958 2277 etiam

177 2284 356 2324 dignitatibus
372 2285 399 2311 in
415 2285 490 2312 Actis
501 2284 664 2312 Sanctorum
678 2285 814 2312 interdum
830 2285 958 2312 attributa

177 2324 323 2346 Invenitur.

214 2353 250 2388 (6)
268 2353 427 2388 Hujusmodi
442 2362 604 2389 responsum
613 2353 771 2386 Alexandri,
790 2354 865 2381 nullo
888 2354 959 2389 juris

177 2389 272 2417 ordine
285 2395 403 2422 servato,
420 2397 470 2416 nec
486 2390 540 2416 ullo
556 2389 695 2422 speciatim
711 2389 817 2423 objecto
835 2389 959 2422 crimine,

177 2424 232 2451 nisi
259 2424 331 2457 quod
360 2424 475 2458 profani,
503 2432 551 2450 seu
567 2424 715 2450 Christiani
741 2428 843 2454 essent,
864 2425 960 2451 mortis

177 2459 349 2490 sententiam,
364 2459 414 2485 nisi
429 2459 481 2486 diis
495 2458 689 2491 sacrificarent,
703 2458 822 2489 ferentis,
844 2458 958 2484 nitnium

177 2494 213 2521 ab
222 2493 367 2520 Alexandri
381 2493 551 2520 humanitate
558 2499 583 2519 et
592 2494 718 2526 aequitate
730 2493 958 2527 abhorret,quam

177 2533 209 2555 ut
222 2535 255 2554 ex
275 2528 333 2562 ejus
347 2536 394 2555 ore
409 2528 558 2563 profectum
572 2528 665 2563 fuerit:
683 2528 788 2563 illatum
805 2528 913 2563 quidem
929 2527 957 2554 S.

176 2561 294 2590 Callisto
302 2561 462 2597 ueterisque
477 2562 634 2589 memoratis
650 2561 676 2588 in
691 2562 765 2597 hisee
776 2562 849 2588 Actis
860 2562 959 2597 Marty-

178 2598 255 2624 ribus
267 2599 366 2632 mortis
381 2596 544 2632 supplicium
561 2601 614 2627 est,
629 2597 686 2628 sed,
699 2596 852 2632 Alexandro
874 2596 960 2623 invito

178 2639 210 2658 ac
222 2632 249 2658 in
267 2631 375 2667 Ulpiani
388 2631 480 2667 ejusve
496 2631 627 2658 similium
638 2631 894 2667 machinationibus,
908 2632 959 2658 etsi

178 2670 273 2693 contra
295 2665 378 2694 animi
401 2665 609 2702 propensionem
623 2686 630 2698 ,
657 2665 819 2693 connivente
847 2667 936 2701 potius
950 2686 960 2697 ,η

178 2708 260 2734 quam
275 2701 409 2735 jubente.’
458 2706 462 2709 '

227 2735 253 2771 7)
272 2734 343 2771 idem
359 2741 418 2763 esto
434 2736 467 2763 de
482 2737 532 2762 hoc
546 2742 678 2769 responso
692 2734 835 2771 judicium.

226 2769 254 2802 8)
267 2770 372 2798 Colitur
385 2772 427 2798 die
446 2779 461 2797 x
478 2771 550 2802 Maii,
564 2772 597 2797 ad
613 2777 693 2804 quem
709 2769 848 2797 Passionis
861 2770 919 2804 ejus
933 2776 959 2797 ct

180 2803 324 2832 sociorum
351 2808 415 2833 Acta
439 2807 584 2833 illustravit
609 2803 796 2832 licuscheuius
816 2803 897 2840 supra
925 2806 960 2833 ri-

179 2843 259 2869 tatus.

1006 251 1058 274 tem
1072 246 1203 281 magicam
1220 245 1286 281 (10).
1309 245 1458 281 Respondit
1471 244 1631 276 Palmatius,
1649 247 1677 271 et
1694 242 1766 270 dixit
1787 252 1797 270 :

1007 291 1034 318 Si
1046 298 1094 326 per
1105 291 1237 326 magicam
1258 296 1344 319 artem
1368 291 1441 319 istud
1456 290 1558 318 factum
1579 293 1632 322 est,
1658 289 1705 316 ubi
1729 292 1800 315 sunt

1005 336 1120 363 virtutes
1142 336 1256 363 deorum
1284 335 1460 363 nostrorum?
1475 334 1572 362 lubeat
1591 335 1683 369 itaque
1704 333 1798 369 pietas

1006 385 1095 408 vestra
1117 380 1204 407 aﬂerri
1222 385 1249 408 et
1266 380 1398 407 immolari
1411 380 1474 414 diis,
1488 387 1522 406 ne
1532 383 1625 414 pereat
1640 378 1797 413 respublica

1006 431 1115 460 propter
1131 433 1225 453 eorum
1239 426 1449 453 incantationes.
1470 424 1503 452 Et
1521 424 1650 460 praecepit
1670 424 1798 460 Alexan-

1006 472 1054 499 der
1065 477 1094 499 ut
1106 472 1292 499 immolaretur
1304 471 1448 503 Mercurio,
1464 474 1491 498 et
1501 477 1631 505 responsa
1642 476 1798 505 cognosce—

1007 522 1056 544 ret.
1088 517 1231 544 Emanavit
1258 522 1348 544 autem
1384 520 1548 551 prteceptum
1574 515 1636 550 (ll)
1662 515 1799 542 universo

1007 563 1097 598 vulgo,
1112 568 1141 590 ut
1152 570 1246 590 omnes
1256 562 1289 590 ad
1303 560 1466 597 Capitolium
1480 564 1654 589 accurrerent
1670 559 1706 587 de
1724 559 1800 586 urbe

1007 608 1109 641 Roma,
1136 608 1172 636 ita
1199 613 1229 635 ut
1248 608 1294 643 qui
1317 607 1417 635 inventi
1439 606 1557 634 fuissent
1579 606 1607 633 in
1628 605 1798 632 habitaculis

1007 654 1064 681 suis
1083 653 1128 681 die
1147 653 1273 681 Mercurii
1294 654 1361 688 (12),
1385 660 1480 681 omnes
1501 653 1737 685 interﬁcerentur;
1765 655 1799 678 et

1006 699 1092 726 misso
1103 707 1227 734 praecone
1238 700 1276 726 ita
1291 699 1458 726 declaratum
1479 701 1531 730 est,
1550 702 1580 725 ut
1598 704 1678 724 omne
1693 696 1799 731 vulgus

1006 745 1050 772 die
1062 745 1186 773 Mercurii
1203 745 1262 774 sine
1279 745 1408 773 dilatione
1421 745 1455 772 ad
1469 743 1630 779 Capitolium
1643 750 1706 771 cum
1719 742 1801 777 prin-

1005 790 1065 825 cipe
1079 791 1221 818 conveniat
1235 800 1243 817 :
1255 791 1301 825 qui
1312 798 1377 818 vero
1393 797 1445 817 non
1459 789 1618 822 accurrerit,
1636 787 1725 822 capite
1741 795 1798 822 pu-

1006 836 1134 864 niendum
1154 844 1183 864 se
1197 843 1257 863 esse
1275 840 1428 870 cognoscat.
1450 835 1615 862 Occurrente
1633 833 1676 861 die
1695 840 1799 868 supra-

1006 882 1077 910 dicto
1097 882 1187 909 omnis
1197 882 1313 916 populus
1324 881 1464 908 Romanus
1475 881 1509 908 ad
1519 877 1684 914 Capitolium
1694 886 1799 906 accur-

1006 928 1051 955 rit.
1069 927 1217 955 Palmatius
1230 934 1339 962 quoque
1360 934 1421 954 cum
1443 926 1517 954 omni
1543 925 1624 953 domo
1645 932 1695 952 sua
1717 924 1800 951 venit

1007 972 1039 1000 ad
1049 973 1210 1008 Capitolium
1218 979 1280 1000 cum
1295 971 1384 1006 porcis
1393 976 1420 999 et
1435 972 1526 999 vitulis
1538 971 1604 1006 (15).

1040 1017 1067 1045 5.
1079 1017 1113 1045 Ει
1124 1017 1226 1046 factum
1238 1021 1279 1045 est
1294 1017 1359 1045 dum
1373 1018 1510 1045 occisione
1523 1017 1657 1051 pecudum
1669 1016 1800 1044 effunde-

1005 1068 1081 1091 retur
1097 1057 1220 1099 sanguis,
1242 1069 1269 1091 et
1293 1064 1464 1092 incantarent
1484 1063 1651 1091 carminibus
1664 1061 1802 1090 sacerdo-

1006 1114 1063 1143 tes;
1089 1110 1169 1145 virgo
1184 1111 1276 1145 templi
1297 1111 1407 1138 nomine
1431 1110 1548 1142 Juliana,
1569 1114 1675 1144 arrepta
1696 1117 1711 1136 a
1734 1109 1799 1136 da:-

1006 1155 1109 1188 monio,
1122 1156 1455 1184 clamabatdiccns:Deus
1469 1155 1578 1188 Calixti,
1592 1155 1648 1190 ipse
1662 1160 1704 1182 est
1719 1154 1801 1182 Deus

1005 1201 1083 1228 vivus
1097 1205 1124 1228 et
1138 1209 1220 1228 verus
1238 1210 1244 1228 :
1268 1202 1326 1236 ipse
1349 1202 1505 1236 indignatus
1526 1206 1568 1228 est
1597 1201 1801 1235 pollutionibus

1006 1246 1169 1281 Reipublic:
1185 1252 1290 1279 vestrm,
1304 1252 1330 1274 et
1349 1252 1468 1274 cei-teret
1485 1255 1597 1281 regnum
1617 1247 1729 1274 mortale
1748 1253 1799 1272 ve-

1006 1295 1103 1324 strum,
1123 1292 1186 1326 quia
1207 1301 1259 1320 non
1285 1293 1405 1320 adoratis
1425 1293 1573 1319 veritatem.
1598 1292 1718 1319 Audiens
1739 1292 1800 1319 hoc

1005 1337 1164 1369 Palmatius,
1180 1339 1256 1366 solus
1267 1339 1389 1366 cucurrit
1402 1340 1434 1365 ad
1451 1338 1481 1365 B.
1495 1339 1628 1365 Calixtum
1643 1339 1669 1365 in
1682 1338 1800 1372 regione

1006 1387 1081 1409 trans
1095 1382 1212 1409 Tiberim
1240 1383 1266 1409 in
1295 1383 1362 1409 urbe
1381 1382 1595 1415 Ravennatium;
1621 1387 1647 1408 et
1668 1382 1743 1409 misit
1764 1390 1800 1409 se

1005 1428 1176 1462 praecipitans
1190 1433 1217 1455 et
1233 1429 1354 1455 introivit
1369 1429 1395 1455 in
1416 1429 1526 1455 domum
1544 1429 1589 1455 ubi
1606 1429 1718 1455 collecta
1733 1433 1799 1455 erat

1006 1473 1155 1510 multitudo
1178 1472 1413 1505 Christianorum,
1440 1478 1466 1500 et
1496 1474 1592 1500 cecidit
1621 1479 1682 1501 ante
1712 1475 1801 1508 pedes

1009 1517 1039 1544 Β.
1054 1517 1162 1549 Calixti,
1182 1518 1295 1545 dicens:
1315 1519 1434 1554 Cognovi
1457 1518 1550 1546 Jesum
1570 1519 1709 1546 Christum
1733 1527 1800 1546 esse

1008 1564 1093 1591 Deum
1109 1571 1214 1596 verum,
1227 1571 1306 1598 quem
1321 1564 1457 1591 daemones
1472 1565 1589 1592 confessi
1603 1570 1667 1592 sunt
1682 1565 1764 1592 hodie
1789 1575 1798 1592 :

1007 1615 1055 1643 per
1071 1607 1161 1643 ipsum
1188 1612 1214 1635 te
1233 1609 1342 1643 adjuro,
1366 1614 1396 1635 ut
1412 1609 1510 1636 liberes
1525 1617 1568 1637 me
1585 1617 1599 1636 a
1613 1609 1718 1636 cultura
1739 1609 1800 1638 da:-

1007 1662 1118 1681 menum
1143 1659 1171 1681 et
1191 1654 1331 1689 lapidum:
1354 1654 1460 1690 baptiza
1485 1663 1529 1682 me
1551 1656 1622 1684 sicut
1645 1656 1796 1690 praedicas,

1008 1699 1080 1726 Dixit
1099 1699 1123 1726 ei
1139 1699 1261 1726 Calixtus
1275 1699 1418 1734 cpiscopus
1433 1708 1440 1726 :
1459 1699 1519 1726 Noli
1537 1700 1660 1727 deridere
1676 1700 1801 1727 errando

1007 1745 1158 1772 veritatem.
1173 1744 1320 1779 Respondit
1337 1744 1486 1772 Palmatius
1500 1753 1562 1772 cum
1591 1746 1730 1780 lacrymis,
1753 1746 1800 1773 di-

1007 1796 1072 1816 cens
1089 1797 1095 1815 :
1114 1788 1239 1822 Domine,
1258 1796 1311 1816 non
1328 1789 1438 1816 derideo
1456 1797 1463 1816 :
1479 1789 1543 1823 quia
1559 1789 1674 1823 cognovi
1691 1789 1717 1816 in
1742 1797 1799 1816 ca:-

1008 1834 1089 1861 citate
1103 1833 1231 1866 militum,
1243 1838 1271 1861 et
1289 1834 1318 1861 in
1332 1835 1511 1869 responsione
1523 1835 1645 1869 virginis,
1661 1834 1725 1869 quia
1738 1833 1798 1863 Do.-

1007 1878 1099 1905 minus
1120 1885 1198 1905 meus
1215 1878 1340 1906 Christus
1358 1883 1421 1905 tuus
1437 1884 1488 1905 est.
1512 1877 1662 1913 Respondit
1679 1878 1799 1914 Calepo-

1007 1923 1069 1950 dius
1084 1930 1167 1950 senex
1183 1927 1210 1950 et
1221 1923 1288 1950 dixit
1299 1923 1332 1950 ad
1349 1923 1457 1950 beatum
1479 1923 1642 1958 Episcopum
1661 1933 1667 1951 :
1686 1924 1798 1952 Beatis—

1008 1969 1076 1996 sime
1085 1968 1177 2001 Pater,
1197 1969 1297 2003 petenti
1312 1969 1480 2003 baptismum
1494 1969 1550 1996 noli
1571 1970 1714 2005 denegare.
1741 1970 1800 1998 Eo-

1008 2014 1068 2041 dem
1085 2018 1205 2049 tempore
1225 2014 1322 2042 indixit
1339 2015 1473 2050 jejunium
1492 2014 1549 2050 (14)
1565 2015 1589 2043 ei
1606 2023 1660 2042 uno
1677 2016 1738 2048 die,
1768 2021 1800 2044 ct

1045 2091 1083 2127 (9)
1094 2090 1202 2127 Partem
1216 2091 1383 2127 superiorem
1399 2091 1502 2127 templi,
1518 2092 1551 2118 de
1566 2100 1621 2127 quo
1636 2092 1670 2118 ad
1685 2096 1742 2119 not.
1766 2093 1797 2120 4.

1045 2126 1102 2160 (10)
1117 2125 1393 2161 Palmatiusquidcm
1406 2147 1414 2159 ,
1430 2125 1491 2161 quae
1506 2125 1581 2153 facta
1591 2126 1697 2153 fuerant
1708 2147 1715 2158 ,
1731 2127 1800 2154 Ale-

1010 2161 1113 2188 xandro
1129 2160 1293 2187 nuntiaverit
1306 2169 1312 2186 :
1327 2166 1354 2187 at
1369 2161 1392 2188 is
1410 2160 1507 2189 ntellus
1518 2161 1552 2189 de
1573 2161 1798 2189 ChriStianorum

1012 2195 1143 2222 institutis
1160 2195 1346 2229 moribusque,
1365 2196 1447 2229 probe
1460 2196 1510 2223 sibi
1534 2195 1667 2231 cognitis,
1685 2196 1800 2230 judica—

1013 2231 1067 2265 bat,
1086 2237 1170 2265 quam
1191 2234 1221 2255 ut
1241 2237 1272 2255 ea
1303 2231 1415 2265 magicis
1440 2231 1659 2258 Christianorum
1687 2231 1799 2260 artibus

1011 2264 1081 2291 facta
1099 2263 1230 2290 continuo
1241 2263 1371 2292 credet-el.

1046 2298 1102 2332 (11)
1130 2298 1295 2332 Praeceptum
1320 2299 1484 2334 hujusmodi,
1503 2305 1532 2327 ut
1557 2307 1590 2326 ex
1617 2300 1800 2333 sequentibus

1012 2338 1094 2367 patet,
1121 2337 1148 2368 et
1172 2334 1308 2367 publicum
1324 2339 1350 2361 et
1365 2336 1488 2368 generale
1505 2334 1618 2366 fuisset,
1637 2335 1732 2361 saltent
1752 2343 1799 2362 rc—

1011 2373 1102 2402 spectu
1121 2367 1332 2404 Romanorum:
1359 2367 1387 2395 at
1406 2369 1431 2395 id
1450 2371 1483 2396 ab
1508 2371 1624 2404 ipsontet
1640 2369 1799 2397 Alexandro

1010 2403 1101 2429 datum
1119 2402 1203 2429 fuisse
1215 2423 1222 2434 ,
1249 2404 1357 2430 ditlicilc
1379 2404 1482 2431 ereditu
1498 2402 1552 2431 est:
1576 2412 1656 2431 secus
1667 2412 1732 2430 vero
1747 2405 1800 2431 da-

1011 2443 1067 2464 tum
1083 2436 1167 2464 fuisse
1183 2437 1243 2473 ejus
1258 2438 1366 2464 nomine
1379 2438 1413 2464 ab
1428 2439 1470 2470 iis,
1481 2439 1526 2473 qui
1537 2444 1563 2465 et
1573 2438 1802 2467 Christianorum

1010 2473 1160 2506 flagrabant
1172 2472 1245 2508 odio,
1257 2477 1293 2502 et.
1305 2480 1357 2506 qua
1371 2474 1442 2507 apud
1456 2474 1645 2508 imperatorem
1657 2473 1798 2506 valebant,

1011 2507 1171 2534 auctoritate
1183 2507 1373 2533 abutebantur.

1046 2541 1101 2576 (12)
1121 2540 1185 2568 Vide
1199 2540 1267 2568 infra
1283 2547 1338 2568 not.
1359 2542 1404 2568 '24.

1046 2587 1102 2622 (15)
1116 2605 1124 2622 .
1141 2605 1147 2612 .
1164 2606 1170 2612 .
1190 2605 1196 2612 .
1213 2606 1220 2612 .
1235 2585 1371 2622 Mactatur
1387 2594 1463 2612 vacca
1482 2586 1617 2619 Minervw,

1077 2621 1180 2655 Alipedi
1194 2621 1300 2654 vitulus,
1318 2625 1409 2647 taurus
1426 2621 1484 2652 tibi,
1503 2630 1602 2648 summe
1616 2622 1737 2648 deorum.

1341 2655 1419 2682 Ovm.
1436 2656 1482 2682 lib.
1500 2664 1525 2683 ιν
1540 2656 1797 2690 Μειαηιυνρῐωεροη.

1046 2701 1100 2735 (14)
1114 2701 1243 2728 Advertat
1258 2701 1343 2727 lector
1357 2701 1486 2736 animum
1514 2702 1547 2728 ad
1570 2702 1697 2736 antiquos
1726 2703 1800 2730 ritus

1012 2736 1036 2762 iu
1052 2736 1189 2771 baptismo
1203 2740 1333 2771 servatos.
1352 2735 1528 2771 Mense/lenius
1554 2737 1599 2762 cit.
1613 2735 1673 2763 Act.
1707 2743 1797 2771 apost.

1010 2779 1069 2804 cap.
1088 2771 1104 2796 '2
1120 2778 1145 2797 v.
1162 2770 1206 2802 58,
1219 2770 1313 2797 Petrus
1328 2771 1379 2796 ait:
1398 2770 1602 2798 tl’tenitentiam
1616 2772 1687 2804 agite
1709 2776 1737 2798 et
1752 2772 1799 2798 ba-

1011 2806 1322 2845 ptizeturututsquisquc
1335 2811 1453 2833 vestrum
1470 2806 1495 2832 in
1510 2806 1618 2834 nomine
1635 2806 1699 2834 Jcsu
1720 2807 1802 2835 Chri-

1011 2846 1054 2867 διι.
1073 2850 1082 2866 t
