1883 3056
84 132 137 161 H7

858 129 960 157 ACTA.

1667 125 1727 151 ΗΒ·

85 192 271 222 catechizavit
282 201 347 222 eum
362 202 372 221 ι
383 198 414 221 et
433 194 541 221 allatam
555 199 654 227 aquam
666 191 699 219 de
710 189 819 227 lympha
834 196 885 224 pu-
900 192 924 220 Α
936 187 1055 223 peccavi.
1070 186 1170 214 Eadem
1188 187 1256 214 hora
1269 185 1413 214 subridens
1427 184 1588 213 Alexander.
1609 183 1721 211 tradidit

87 241 136 272 tei.
148 240 271 275 quierat
282 240 310 267 in
324 240 423 268 eadem
440 241 531 271 domo.
544 238 682 266 benedixit
698 259 703 264 .
721 241 747 264 et
761 236 884 270 deposito

86 283 225 312 Palmatio
239 284 268 311 in
280 285 384 319 pelvim
399 284 469 319 (i5),
482 283 550 311 dixit
560 283 583 310 ei
597 282 625 310 S.
640 282 761 310 Calixtus
775 281 882 316 episco-

86 336 159 363 pus:
174 327 276 356 Credis
292 337 327 357 ex
343 333 402 357 toto
417 329 499 357 corde
515 329 541 356 in
561 328 644 355 Deum
666 327 773 354 Patrem
792 326 882 353 omni-

85 378 242 409 potentem,
257 373 393 402 factorem
407 374 556 402 visibilium
570 378 597 400 et
617 372 813 400 invisibiiium?
830 370 883 398 Re-

83 419 200 453 spondit
211 419 368 447 Palmatius
385 429 391 446 :
408 419 506 446 Credo.
530 418 561 446 Et
580 418 648 445 dixit
661 418 685 444 ei
703 427 710 444 :
733 417 766 444 Et
788 417 815 443 in
839 415 882 443 Je-

83 471 147 491 sum
165 463 326 495 Christum,
344 464 442 491 Filium
459 464 520 498 ejus
535 463 605 498 (i6)?
616 463 752 493 Etitcrum
768 469 880 496 respon-

80 509 125 536 dit
150 519 157 536 :
187 509 290 537 Credo.
308 510 340 537 Et
356 509 424 537 dixit
435 509 460 537 ei
478 519 485 536 :
501 509 534 536 Et
549 509 576 540 in
595 508 725 544 Spiritum
744 511 880 541 sanctum,

80 555 242 583 Ecclesiam
271 555 459 587 Catholicam,
484 554 670 582 remissionem
697 559 880 588 peccatorum,

79 601 180 628 carnis
199 601 454 628 resurrectionem?
471 600 503 627 Et
519 600 681 627 exclamavit
698 607 764 627 voce
783 607 880 635 magna

78 654 146 673 cum
176 646 313 681 lacrymis
338 646 486 673 Palmatius
504 655 510 672 :
532 645 630 678 Credo,
644 645 767 672 Domine.
780 644 879 673 Eadem

78 692 151 719 hora
170 692 260 726 coepit
273 691 391 719 clamare
412 696 438 718 et
451 691 542 719 dicere
557 700 563 717 :
579 688 648 718 Vere
663 690 718 718 vidi
736 690 878 717 Dominum

77 736 179 764 Jesum
204 736 348 764 Christum
372 744 466 763 verum
495 735 598 767 lumen,
619 734 665 769 qui
685 741 727 761 me
747 734 881 760 illumina-

79 783 121 809 vit
138 782 211 817 (ΓΙ).
227 782 381 817 Baptizavit
396 786 488 809 autem
510 786 538 808 et
556 788 664 808 omnem
683 780 793 807 domum
815 779 878 806 Pal-

80 828 171 860 matii,
190 832 218 854 et
233 835 350 854 uxorem
371 831 398 854 et
421 827 501 859 ﬁlios,
516 831 542 854 et
558 825 706 861 promiscui
727 832 808 852 sexus
828 832 878 852 nu-

79 879 161 898 mero
183 872 370 906 quadraginta
388 872 467 899 duos.
483 870 524 898 Ab
541 859 637 898 eadem
655 869 699 896 die
719 869 802 903 coepit
817 868 878 896 Pal-
894 859 914 886 Β

80 917 187 945 matius
200 924 315 945 omnem
332 916 491 944 facultatem
505 923 582 944 suam
609 914 775 950 pauperibus
796 914 876 941 Chri-

81 962 184 990 stianis
207 970 333 997 erogare,
349 962 508 997 perquirens
524 961 649 996 regiones
662 963 690 988 et
710 964 829 995 eryptas,
847 964 877 986 ut

82 1009 246 1043 ubicunque
258 1009 393 1035 inveniret
410 1012 458 1035 aut
470 1008 497 1034 in
514 1007 638 1034 custodia
658 1011 705 1034 aut
727 1006 877 1033 absconsos

81 1054 271 1086 Christianos,
299 1055 333 1082 de
356 1054 533 1082 facultatibus
551 1053 609 1081 suis
624 1052 726 1080 victum
739 1051 781 1080 vel
800 1056 876 1088 tegu-

83 1104 207 1128 mentum
228 1100 410 1127 ministraret.

116 1146 144 1173 ι.
160 1146 231 1174 Post
246 1147 306 1174 dies
319 1154 383 1174 vero
408 1146 521 1180 triginta
549 1146 619 1173 duos
640 1144 707 1180 (18),
729 1144 875 1179 requiritur

83 1192 236 1219 Palmatius
251 1192 286 1219 ab
312 1191 478 1223 Alexandro,
496 1191 539 1218 cui
561 1191 714 1218 nuntiatum
738 1195 790 1222 est,
811 1191 874 1224 quia

84 1236 260 1264 Christianus
290 1242 342 1270 est,
366 1241 393 1264 et
418 1237 479 1264 aliis
502 1237 607 1264 suadet.
626 1235 702 1263 Tunc
721 1235 874 1263 Alexander

81 1281 163 1316 jussit
175 1289 241 1309 eum
258 1282 432 1316 praesentari.
459 1282 511 1314 Qui
534 1289 596 1309 cum
619 1285 710 1309 tentus
738 1280 834 1308 luisset
858 1288 874 1308 a

83 1327 204 1361 quodam
221 1327 362 1362 Torquato
376 1327 495 1359 tribuno,
511 1331 538 1354 et
555 1327 657 1354 missus
676 1326 704 1353 in
719 1326 873 1354 custodiam

82 1365 238 1398 Mamertini
251 1371 323 1407 (l9);
335 1376 398 1406 post
410 1371 529 1399 triduum
545 1371 602 1406 (20)
613 1371 741 1398 indicavit
754 1371 873 1398 Alexan-

83 1414 132 1443 dro
147 1415 318 1450 Torquatus,
334 1416 497 1444 Palmatium
523 1417 551 1444 in
578 1417 702 1444 custodia
734 1417 873 1452 mancipa-

84 1465 151 1488 tum.
170 1461 251 1489 Tunc
266 1462 420 1490 Alexander
431 1465 551 1497 gaudens
562 1463 644 1497 jussit
659 1470 722 1490 eum
738 1461 789 1489 sibi
804 1469 873 1497 prae-

81 1506 196 1532 sentari.
211 1505 247 1533 Et
255 1507 363 1534 vinctus
373 1508 478 1534 catenis
492 1507 641 1534 Palmatius
652 1507 803 1542 ingreditur
811 1510 873 1534 ante

80 1551 281 1578 Alexandrum.
294 1551 379 1585 Quem
392 1560 454 1580 cum
475 1553 598 1585 vidisset,
614 1552 697 1587 jussit
712 1560 774 1579 eum
791 1552 870 1585 solvi,

79 1601 106 1623 et
119 1596 191 1623 dixit
205 1597 233 1623 ei
250 1606 257 1624 :
282 1597 328 1624 Sic
343 1605 437 1625 amens
452 1597 540 1625 factus
556 1606 598 1630 es,
611 1605 628 1625 ο
643 1598 767 1630 Palmati,
786 1602 816 1625 ut
829 1598 873 1626 de-

79 1650 155 1669 seras
186 1643 264 1674 deos,
290 1648 317 1670 et
340 1651 446 1678 quaeras
471 1648 498 1671 et
530 1645 605 1672 colas
635 1645 774 1672 hominem
800 1652 873 1672 mor-

79 1692 156 1714 tuum
174 1688 254 1724 (2i)?
268 1688 418 1717 Palmatius
435 1689 528 1717 tacuit.
552 1690 625 1717 Dixit
647 1691 671 1717 ei
694 1690 846 1718 Alexander
863 1700 870 1717 :

78 1731 206 1766 Loquere
220 1733 381 1761 ﬁducialiler
395 1744 401 1761 :
421 1744 455 1762 ne
475 1736 582 1762 timeas.
598 1735 748 1770 Respondit
762 1735 871 1763 Palma-

78 1777 134 1804 tius
149 1778 268 1805 dicens:
283 1778 310 1805 Si
325 1779 396 1807 datis
408 1780 555 1811 licentiam,
570 1780 707 1814 loquimur
721 1781 868 1807 veritatem.

79 1821 156 1849 Dixit
176 1823 201 1850 ei
230 1823 404 1852 Alexander:
431 1825 547 1860 Excepta
569 1826 682 1853 deorum
701 1826 810 1860 injuria,
828 1827 870 1853 lo-

75 1875 175 1902 quere.
190 1868 266 1896 Dixit
279 1870 304 1896 ei
317 1869 469 1898 Palmatius
483 1880 490 1897 :
505 1870 612 1906 Optime
624 1871 759 1906 princeps,
776 1871 798 1898 si
821 1871 870 1899 ad-

72 1919 178 1948 vertas,
189 1922 246 1942 non
259 1919 323 1942 sunt
335 1915 383 1949 dii,
391 1916 440 1944 sed
452 1921 517 1944 sunt
526 1916 631 1945 factura
641 1918 784 1945 hominum
796 1926 870 1945 mor-

73 1960 184 1988 talium.
198 1959 281 1988 Modo
292 1960 403 1996 quidem
416 1963 562 1996 cognoscat
574 1963 755 1991 mansuetudo
767 1968 867 1996 vestra,

70 2006 119 2037 qui
133 2006 238 2033 debent
251 2006 306 2033 coli
321 2016 329 2033 :
343 2007 391 2041 qui
408 2011 473 2034 sunt
484 2012 531 2035 aut
545 2008 717 2036 fabricantur
730 2016 745 2036 a
766 2014 869 2036 morta-

70 2050 159 2083 libus,
169 2051 266 2086 ‘juales
283 2051 349 2084 sint,
364 2059 413 2080 vos
430 2052 560 2087 judicate.
579 2053 632 2082 Sed
646 2062 743 2089 precor
760 2062 811 2089 ego
825 2056 867 2082 iu-

70 2096 138 2123 felix
155 2097 311 2124 claritatem
326 2102 446 2124 vestram
463 2107 470 2125 :
486 2099 562 2127 dicas
576 2099 628 2127 dco
648 2104 695 2127 tuo
716 2104 746 2127 ut
769 2100 866 2135 loqua-

68 2145 126 2173 tur,
142 2145 172 2168 et
185 2149 249 2168 eum
265 2142 479 2176 interrogavere,
493 2145 655 2179 respondeat
671 2154 677 2172 :
693 2150 719 2173 et
733 2153 795 2173 cum
814 2146 866 2174 hoc

68 2185 176 2213 factum
191 2185 286 2220 fuerit,
300 2195 354 2214 non
371 2188 467 2215 desero
479 2189 544 2216 deos
563 2194 634 2222 tuos,
649 2197 718 2224 quos
737 2195 763 2217 tu
778 2191 867 2218 dicis?
881 2201 903 2228 ι)

70 2230 145 2258 Dixit
164 2231 189 2259 ei
212 2232 369 2260 Alexander
385 2242 392 2260 :
407 2233 441 2261 Et
458 2235 595 2269 quomodo
608 2243 623 2262 a
639 2236 784 2264 cunabulis
808 2237 863 2264 tuis

71 2275 140 2304 istos
158 2277 293 2309 adorasti,
324 2283 351 2305 et
374 2279 456 2306 modo
481 2280 613 2315 relinquis
633 2281 698 2307 eos?
715 2281 863 2316 Respondit

71 2320 243 2349 Palmatius:
262 2321 326 2349 Feci
349 2323 429 2357 quasi
453 2323 547 2351 infelix
569 2334 575 2351 :
600 2326 681 2353 modo
705 2331 795 2353 autem
820 2334 864 2353 co-

74 2368 152 2400 gnovi
167 2368 243 2402 quod
260 2375 358 2395 verum
372 2372 425 2401 est,
441 2369 474 2396 de
489 2377 543 2403 qua
558 2377 587 2397 re
604 2378 701 2405 precor
717 2371 862 2398 Dominum

74 2411 161 2441 Iesum
173 2414 330 2447 Christum,
353 2418 384 2441 ut
400 2415 522 2449 ignoscat
542 2415 620 2448 mihi,
645 2416 708 2451 quia
733 2416 863 2452 ignorans

111 2481 164 2516 (l5)
181 2481 220 2509 Ita
234 2481 438 2509 Constantinus
457 2481 570 2515 Magnus
590 2481 660 2517 apud
684 2481 861 2510 Anastasium

80 2514 315 2541 Bibliothecarium
333 2516 362 2541 in
377 2515 438 2541 Vita
457 2515 485 2541 S.
507 2516 629 2541 Silvestri
646 2517 719 2541 dedit
739 2526 748 2541 ι
764 2517 861 2541 nelvim

81 2515 315 2544 Bibliothecarium
333 2516 362 2542 in
377 2515 438 2542 Vita
457 2515 485 2543 S.
507 2515 629 2544 Silvestri
646 2517 719 2544 dedit
739 2526 748 2542 ι
764 2517 862 2551 pelvim

81 2557 108 2577 ex
118 2559 145 2578 ar
162 2557 224 2579 cuto
237 2554 272 2578 ad
285 2550 467 2585 baptismum,
476 2556 632 2585 pensantem
643 2552 726 2578 libras
740 2552 859 2587 viginti.»

81 2583 117 2612 Ita
130 2560 205 2613 ﬁgam.
222 2586 311 2613 Plura
329 2585 354 2613 si
372 2585 462 2613 cunis.
479 2586 540 2613 vide
553 2586 696 2613 Morcltum
709 2587 755 2613 cit.

80 2583 117 2612 Ita
130 2583 205 2614 idem.
222 2586 311 2613 Plura
323 2583 354 2613 'si
372 2585 462 2619 cupis,
477 2583 540 2613 vide
553 2586 696 2613 Morcltum
709 2587 755 2614 cit.

103 2622 151 2658 (i6)
161 2622 242 2657 Apud
254 2620 561 2658 Morottunradduntur
573 2622 671 2658 ᾕρεε-ε
689 2620 721 2658 Et
734 2621 806 2658 dixit
820 2621 843 2649 ei
854 2630 859 2658 ς

75 2654 114 2702 Qui
130 2654 273 2702 natu-9'95}
287 2654 454 2702 de‘_Spiriltu
473 2661 567 2702 sJancto
583 2664 614 2683 ex
632 2655 717 2682 Maria
734 2655 863 2692 Virgine?

72 2692 202 2729 Respondit
213 2690 384 2719 Palmatius
398 2690 519 2729 :.(,‘redo.
539 2700 547 2715 I
785 2690 795 2692 ‘

96 2730 143 2766 (i7)
158 2729 272 2757 Lumen
300 2726 360 2753 hoc
390 2724 498 2751 videtur
523 2725 605 2753 fuisse
621 2725 730 2753 caeleste
746 2730 772 2752 et
790 2726 862 2754 inso-

66 2765 133 2839 111ῗῖἕῇ
151 2801 207 2829 Ms.
242 2794 387 2839 Viimerii
419 2803 429 2819 ι
450 2793 541 2828 viginti
569 2795 653 2822 duos:
674 2805 683 2821 ›
701 2795 758 2822 Ado
785 2805 793 2822 ι
811 2796 860 2824 ιι·ἰ-

64 2831 131 2875 ginta.’
138 2849 148 2865 ι
163 2833 298 2865 [lente/1.
318 2831 368 2857 cit.

935 241 997 260 eum
1014 232 1121 261 cuidam
1137 231 1276 267 Simplicio
1294 231 1424 263 senatori,
1441 231 1534 259 dicens
1549 239 1556 257 :
1570 229 1645 256 Habe
1656 236 1716 257 eum

933 285 1016 312 penes
1028 282 1054 305 te
1066 277 1126 305 sine
1141 278 1233 312 aliquo
1257 276 1354 303 timore
1376 284 1385 303 :
1399 280 1425 303 et
1441 276 1568 303 mollibus
1582 274 1718 303 sermoni-

933 324 985 351 bus
997 331 1093 351 revoca
1106 331 1168 351 eum
1187 324 1219 351 ad
1242 323 1376 351 culturam
1393 322 1522 353 deorum;
1542 321 1623 349 talem
1645 320 1718 348 enim

933 369 1072 397 hominem
1091 369 1255 404 Respublica
1274 368 1458 396 necessarium
1482 367 1574 395 habet.
1599 367 1718 402 Accepto

933 414 1083 448 Palmatio,
1111 414 1268 449 Simplicius
1294 417 1405 442 senator
1428 413 1589 441 vestimenta
1615 412 1717 440 nobilia
1740 414 1752 427 κ

932 461 1012 488 allata
1037 461 1125 488 induit
1148 468 1222 492 eum,
1242 464 1269 487 et
1288 460 1365 487 duxit
1387 460 1414 486 in
1430 459 1541 487 domum
1561 466 1649 486 suam.
1663 457 1716 490 Qui

932 507 1090 541 Simplicius
1106 505 1234 542 praecepit
1248 505 1325 533 uxori
1339 513 1404 538 suae,
1417 510 1443 533 et
1458 505 1607 540 majoribus
1618 503 1716 531 domus

932 560 998 585 sum,
1016 556 1046 579 ut
1062 560 1170 580 omnem
1194 551 1306 579 domum
1328 551 1458 585 Simplicii
1474 551 1501 578 in
1515 558 1565 578 sua
1584 554 1716 585 potestate

931 598 1051 626 haberet.
1069 599 1147 626 Tunc
1166 598 1314 625 Palmatius
1327 597 1440 632 jejuniis
1453 601 1479 624 et
1490 597 1659 624 orationibus
1679 597 1719 624 vi-

930 645 1055 679 giliarum
1075 652 1186 678 vacans,
1199 651 1253 672 non
1268 644 1391 671 cessabat
1411 650 1472 670 cum
1486 643 1613 678 lacrymis
1630 642 1714 669 Deum

929 690 1037 717 Patrem
1046 690 1259 724 omnipotentem
1273 696 1362 722 orare,
1375 692 1402 716 et
1413 688 1506 716 Iesum
1520 688 1657 715 Christum
1669 687 1714 716 Fi-

929 736 993 762 lium
1010 735 1080 769 ejus,
1092 739 1121 762 ut
1130 734 1314 769 paenitentiam
1326 737 1416 770 ageret
1431 733 1464 761 de
1475 740 1568 761 errore
1582 741 1642 761 suo.

964 781 990 808 5.
1011 780 1126 808 Veniens
1140 785 1229 807 autem
1245 780 1278 807 ad
1291 787 1352 808 eum
1370 779 1480 815 quidam
1495 779 1571 807 Felix
1593 779 1712 810 nomine,

929 827 1007 862 cujus
1022 834 1090 853 uxor
1107 825 1203 853 clinica
1218 825 1327 860 iacebat
1348 825 1427 853 annis
1448 829 1567 860 quatuor
1588 824 1615 851 iu
1632 823 1712 855 lecto,

929 873 1003 901 misit
1016 879 1046 900 se
1059 872 1092 898 ad
1108 872 1190 906 pedes
1204 871 1342 904 Palmatii,
1353 871 1464 899 dicens:
1490 870 1637 898 Coufessor
1658 868 1713 897 Do-

927 919 992 945 mini
1011 918 1096 946 nostri
1112 917 1177 946 Jesu
1190 917 1302 950 Christi,
1312 925 1393 944 exora
1407 924 1456 951 pro
1468 916 1566 943 ancilla
1575 919 1619 942 tua
1628 922 1714 942 uxore

928 972 987 992 mea
1013 964 1125 997 Blanda,
1145 968 1175 991 ut
1201 963 1330 991 liberetur
1346 962 1380 989 de
1401 962 1471 990 lecto
1496 961 1599 989 doloris
1621 964 1647 988 et
1662 968 1712 996 ego

926 1010 1071 1044 percipiam
1090 1009 1265 1044 baptismum,
1277 1016 1339 1036 cum
1352 1016 1400 1041 ea;
1414 1008 1478 1043 quia
1491 1007 1538 1035 diu
1557 1012 1617 1041 est,
1638 1007 1715 1043 quod

926 1055 1022 1082 morbo
1032 1055 1179 1090 paralytico
1194 1058 1303 1081 tenetur
1314 1058 1341 1081 et
1350 1053 1407 1088 jam
1422 1052 1537 1080 facultas
1556 1058 1649 1080 nostra
1663 1053 1710 1080 de-

925 1099 995 1127 fecit.
1014 1099 1091 1127 Tunc
1109 1099 1276 1132 Palmatius,
1299 1103 1432 1134 praesente
1453 1106 1539 1125 uxore
1559 1097 1691 1133 Simplicii
1700 1119 1713 1131 ,,

925 1144 1023 1172 cecidit
1033 1145 1059 1171 in
1071 1149 1182 1176 terram,
1198 1150 1225 1171 et
1238 1151 1300 1171 cum
1321 1143 1448 1178 lacrymis
1459 1151 1538 1171 orare
1552 1144 1634 1178 ccepit
1647 1152 1714 1172 cum

925 1189 1013 1216 Felice
1026 1189 1137 1217 dicens:
1151 1189 1264 1216 Domine
1279 1189 1363 1221 Deus,
1375 1189 1421 1224 qui
1431 1189 1591 1217 illuminasti
1601 1198 1708 1218 servum

925 1239 1013 1267 tuum,
1037 1235 1071 1262 da
1097 1235 1163 1262 mihi
1190 1235 1278 1262 lucem
1296 1240 1425 1262 aeternam
1443 1234 1534 1262 Jesum
1550 1235 1707 1269 Christum:

924 1280 997 1307 salva
1012 1280 1138 1307 ancillam
1153 1284 1226 1307 tuam
1236 1279 1378 1312 Blandam,
1390 1286 1416 1307 et
1427 1280 1512 1308 alleva
1524 1288 1583 1308 eam
1595 1281 1627 1309 de
1640 1282 1715 1309 lecto

924 1325 1043 1353 doloris:
1060 1329 1090 1352 ut
1104 1329 1269 1360 cognoscant
1283 1333 1377 1353 omnes
1391 1345 1399 1358 ,
1423 1326 1489 1360 quia
1508 1331 1537 1353 tu
1556 1334 1586 1354 es
1602 1331 1709 1355 creator

924 1371 1045 1398 omnium
1059 1379 1161 1398 rerum.
1176 1371 1275 1398 Eadem
1295 1371 1363 1398 hora
1382 1371 1456 1398 venit
1476 1371 1577 1399 Blanda
1594 1373 1713 1407 pedibus

925 1417 982 1444 suis
998 1424 1111 1444 currens
1133 1417 1166 1444 ad
1187 1417 1299 1444 domum
1322 1415 1454 1451 Simplicii
1473 1418 1607 1445 senatoris
1628 1423 1654 1445 ct
1666 1418 1714 1446 di--

924 1470 1004 1490 cens:
1019 1462 1129 1497 Baptiza
1152 1470 1195 1489 me
1215 1462 1243 1488 in
1260 1461 1369 1489 nomine
1386 1461 1493 1489 Domini
1511 1461 1575 1490 Iesu
1594 1463 1707 1496 Christi,

924 1508 970 1542 qui
985 1508 1073 1535 tenuit
1088 1515 1198 1535 manum
1213 1515 1301 1534 meam
1314 1510 1341 1534 et
1352 1507 1458 1534 sanavit
1468 1515 1520 1535 me.
1535 1508 1611 1536 Tunc
1632 1508 1713 1536 Felix.

924 1554 1004 1588 cepit
1015 1560 1112 1588 urgere
1128 1552 1158 1578 Β.
1173 1552 1334 1580 Palmatium
1351 1557 1381 1580 ut
1398 1553 1591 1587 baptizaretur.
1606 1553 1705 1581 Eadem

924 1599 990 1626 hora
1005 1599 1037 1625 B.
1049 1598 1200 1626 Palmatius
1214 1598 1289 1626 misit
1302 1599 1336 1626 ad
1348 1599 1376 1627 S.
1388 1599 1522 1626 Calixtum
1535 1599 1705 1635 episcopum:

922 1649 949 1672 et
960 1645 1070 1672 veniens
1078 1643 1226 1679 baptizavit
1237 1644 1353 1672 Felicem
1366 1654 1428 1673 cum
1437 1653 1523 1673 uxore
1534 1652 1583 1673 sua
1592 1646 1704 1674 Blanda.

925 1690 1024 1718 Videns
1043 1691 1095 1718 hoc
1105 1689 1273 1724 Simplicius,
1294 1691 1392 1719 cecidit
1404 1692 1438 1719 ad
1452 1692 1534 1727 pedes
1548 1692 1644 1720 Calixti
1664 1693 1706 1720 di-

922 1745 995 1768 cens.
1013 1741 1043 1763 ut
1055 1743 1116 1763 cum
1134 1735 1207 1762 omni
1222 1736 1304 1763 domo
1317 1745 1369 1764 sua-
1379 1737 1571 1772 baptizaretur.
1583 1737 1659 1765 Tunc
1673 1737 1704 1766 Β,

921 1783 1043 1809 Calixtus
1059 1782 1203 1816 episcopus
1217 1781 1378 1810 fiducialiter
1385 1783 1470 1811 dixit:
1487 1783 1639 1819 Cougreget
1652 1783 1705 1812 Do-

922 1827 1012 1854 minus
1030 1826 1148 1853 triticum
1164 1826 1191 1853 in
1209 1826 1337 1854 horreum
1353 1835 1433 1855 suum
1448 1828 1515 1863 (22),
1538 1833 1565 1856 et
1582 1829 1705 1856 catechi-

921 1872 991 1899 zavit
1002 1879 1109 1899 omnem
1122 1872 1233 1899 domum
1248 1872 1393 1907 Simplicii,
1409 1878 1436 1901 et
1458 1881 1571 1901 uxorem
1586 1878 1614 1901 et
1633 1874 1705 1902 filios

919 1922 946 1944 et
964 1917 1094 1944 familiam
1108 1917 1179 1952 ejus,
1203 1919 1309 1946 animas
1325 1919 1472 1954 promiscui
1488 1927 1570 1948 sexus
1588 1920 1645 1947 fere
1660 1928 1704 1948 se-

920 1962 1028 1997 xaginta
1043 1967 1115 1990 octo.
1129 1962 1159 1990 Β.
1179 1963 1340 1998 Calepodius
1356 1965 1497 2000 presbyter
1507 1966 1606 2000 gaudio
1614 1967 1702 2002 reple-

920 2012 973 2039 tus,
987 2007 1071 2041 coepit
1084 2007 1202 2034 clamare
1213 2007 1240 2034 in
1256 2007 1340 2036 domo
1351 2008 1495 2044 Simplicii,
1513 2011 1619 2038 dicens:
1637 2010 1702 2038 Glo-

918 2052 1026 2084 riatibi,
1042 2052 1154 2080 Domine
1167 2052 1233 2080 Jesu
1244 2053 1362 2086 Christe,
1377 2055 1424 2089 qui
1434 2055 1467 2082 de
1475 2057 1594 2085 tenebris
1607 2057 1703 2091 digna-

917 2098 956 2125 ris
967 2098 1000 2125 ad
1014 2098 1101 2125 lucem
1118 2098 1266 2132 perducere
1277 2098 1410 2127 facturam
1426 2105 1512 2132 tuam,
1527 2106 1555 2128 et
1568 2103 1601 2129 de
1609 2109 1702 2129 errore

916 2147 1041 2175 liberare.
1063 2148 1120 2176 Hoc
1147 2149 1261 2177 audiens
1274 2149 1438 2181 Alexander,
1468 2149 1532 2184 quia
1557 2147 1701 2174 multitudo

917 2192 1058 2220 hominum
1083 2194 1248 2229 baptismum
1265 2196 1432 2230 percepisset
1445 2202 1493 2229 per
1515 2194 1544 2221 Β.
1563 2194 1700 2220 Calixtum

916 2238 1084 2273 episcopum,
1097 2239 1173 2266 misit
1188 2240 1340 2267 exercitum
1352 2240 1480 2270 militum,
1496 2247 1528 2266 ac
1545 2238 1631 2266 tenuit
1642 2246 1702 2266 om-

915 2291 963 2310 nes
977 2283 1022 2317 qui
1037 2283 1201 2318 baptismum
1217 2289 1404 2319 perceperant,
1424 2291 1493 2319 quos
1506 2283 1634 2318 pi'wcepit
1652 2291 1701 2311 ca-

914 2328 977 2362 pitis
993 2329 1084 2356 subire
1097 2329 1268 2362 sententiam,
1280 2334 1308 2356 et
1325 2337 1374 2363 per
1385 2329 1508 2356 diversas
1519 2333 1612 2364 portas
1624 2329 1700 2356 urbis

915 2373 1008 2401 Romae
1022 2374 1109 2408 capita
1124 2382 1219 2401 eorum
1233 2373 1372 2408 suspendi,
1389 2373 1423 2401 ad
1438 2374 1591 2408 exemplum
1620 2373 1700 2400 Chri-

913 2419 1073 2446 stianorum.

913 2486 915 2496 '
933 2481 1059 2521 _(l9)‘Ad
1067 2482 1194 2521 hragice‘m
1214 2482 1338 2521 Capitolii
1361 2488 1402 2521 est
1418 2483 1495 2510 locus
1508 2503 1515 2515 ,
1539 2482 1706 2521 nobilitatus

913 2517 1030 2544 vinculis
1044 2516 1093 2543 SS.
1103 2516 1175 2544 Petri
1189 2523 1216 2552 et
1228 2516 1304 2544 Pauli
1316 2523 1343 2545 et
1354 2518 1470 2546 aliorum
1483 2522 1645 2552 martyrum,
1660 2516 1704 2543 uti

914 2553 1013 2586 saepius
1033 2551 1162 2579 diximus.
1181 2551 1294 2579 Hense/1.
1307 2553 1352 2579 cit.

948 2587 1005 2621 (20)
1024 2586 1090 2614 Vide
1103 2587 1173 2613 infra
1190 2591 1246 2614 not.
1267 2587 1312 2614 24.

949 2620 1004 2656 (21)
1023 2622 1105 2656 Atqui
1121 2621 1259 2648 Christum
1275 2622 1345 2649 inter
1365 2621 1431 2650 deos
1445 2622 1528 2649 coluit
1537 2620 1697 2656 iAlexander

914 2656 989 2690 ipse:
1009 2663 1064 2682 non
1090 2656 1172 2691 igitur
1197 2657 1342 2684 amentiam
1361 2657 1494 2684 Palmatio
1515 2656 1697 2691 exprobrarit,

914 2699 963 2717 nec
977 2691 1013 2717 ita
1025 2692 1200 2720 contemptim
1220 2691 1253 2718 de
1269 2692 1377 2720 Christo
1393 2692 1502 2719 locutus
1517 2691 1609 2718 fuerit.

949 2725 1005 2759 (22)
1031 2725 1118 2752 Verba
1134 2725 1191 2753 lucc
1202 2746 1209 2759 ,
1226 2727 1289 2753 licet
1313 2727 1340 2753 in
1362 2726 1391 2754 S.
1407 2727 1511 2754 C'allisti
1529 2726 1616 2754 ollicio
1633 2727 1704 2754 olim.

914 2761 1038 2793 recitata,
1050 2761 1159 2796 exicjus
1178 2761 1251 2791 Actis
1270 2762 1340 2788 sumi
1364 2766 1492 2796 potuere;
1521 2769 1571 2789 nec
1589 2769 1621 2788 ex
1639 2762 1697 2796 ejus

914 2803 961 2832 ore
977 2796 1064 2832 magis
1083 2795 1199 2832 fortasse
1216 2795 1413 2832 processerint,
1441 2805 1521 2832 quam
1547 2804 1579 2824 ea
1593 2805 1632 2832 _cx
1651 2795 1703 2824 ore

914 2830 1071 2863 Alexandri,
1084 2830 1117 2858 de
1131 2831 1230 2866 quibus
1243 2831 1324 2867 paulo
1338 2837 1409 2859 ante.
