1883 3056
163 129 214 156 “9

784 126 812 153 S.
833 125 990 153 CALLISTI
1011 125 1019 152 l
1040 125 1140 154 ΡΛΡᾸίῖ

1734 126 1784 153 £20

199 187 226 215 6.
243 186 342 214 Tenuit
351 189 477 214 autemet
488 186 518 212 Β.
528 184 804 219 Calepodium,quem
815 183 879 211 fecit
889 183 945 218 (25)
961 183 984 211 Δ
997 181 1056 210 lixti
1065 183 1198 218 episcopi,
1211 182 1304 210 dicens
1323 191 1328 207 :
1348 182 1427 210 Salva
1441 190 1484 211 me
1498 183 1532 211 ab
1541 183 1681 211 ulceribus
1704 183 1781 215 meis,

164 232 252 260 occidi
270 232 369 267 gladio,
385 236 411 259 et
421 238 521 265 corpus
533 229 604 256 trahi
621 236 669 264 per
680 228 818 256 civitatem
838 228 889 255 sub
904 228 948 256 die

165 275 346 303 Kalendarum
362 275 421 302 Maii
438 274 513 309 (24):
535 273 614 309 cujus
627 281 727 308 corpus
737 273 833 308 jactari
846 272 910 300 fecit
921 273 947 299 in

165 321 285 350 Tiberim
299 326 361 348 ante
377 321 494 348 insulam
507 319 672 355 Lycaoniam
685 320 752 354 (25).
768 319 797 346 ln
812 319 878 354 ipsis
892 319 949 346 die—

165 364 218 392 bus
231 364 300 399 fugit
324 363 354 390 B.
371 363 495 391 Calixtus
522 371 584 391 cum
603 363 698 391 decem
717 363 825 390 clericis
838 363 907 395 suis,
923 367 950 390 et

164 409 308 437 abscondit
319 417 350 437 se
363 409 390 436 in
404 409 517 436 domum
531 408 588 444 (‘26)
603 409 746 444 cujusdam
759 408 884 437 Pontiani
897 417 948 436 no-

164 459 221 487 ctu,
238 463 340 490 rogans
354 455 503 490 piscatores
519 463 640 490 quaerere
654 463 755 490 corpus
767 455 798 482 Β.
810 455 948 490 Calepodii

164 500 326 535 presbyteri.
339 499 419 532 Quod
433 500 574 527 inventum
587 500 710 527 levantes
728 499 762 527 de
773 499 894 530 ﬂumine,
907 507 949 525 rc.-

163 545 356 572 nuutiavcrunt
370 545 400 572 Β.
413 545 521 573 Calixto
531 546 670 581 episcopo.
686 545 763 572 Tunc
784 545 884 580 gaudio
906 552 949 571 re—

163 591 252 626 pletus
264 597 315 619 est.
333 591 412 624 Quod
430 599 529 628 corpus
540 597 664 620 sanctum
675 597 814 627 acceptum
830 592 951 620 condivit

162 644 226 665 cum
241 638 411 665 aromatibus
425 643 451 665 et
470 639 684 671 linleaminibus,
697 642 724 666 et
739 646 802 666 cum
823 638 931 673 hymnis
941 658 948 670 ,

163 686 190 708 et
201 682 324 716 sepelivit
338 689 400 709 eum
413 682 440 710 in
456 683 614 711 cmeterio
630 683 753 719 ejusdem
773 683 847 718 (27),
873 688 950 711 sexto

162 727 227 756 ldus
239 727 331 755 Maiim

199 773 226 801 7.
246 773 288 801 Ab
306 775 403 802 eodem
427 775 470 804 die
483 776 540 811 (28)
565 777 654 811 coepit.
670 775 823 804 Alexander
843 776 951 803 curiose

164 826 287 853 quaerere
300 820 330 847 Β.
350 821 487 849 Calixtum
501 823 670 857 episcopum.
683 823 716 850 Et
729 824 898 858 divulgatum
909 828 951 851 est

163 865 200 899 ei,
218 866 292 900 quod
308 867 416 894 essetin
437 853 525 895 domo.
535 868 660 896 Pontiani
681 869 758 904 juxta
782 853 876 897 urbem
898 869 949 897 Ra-
966 853 986 880 Β

163 914 338 941 venantium:
353 916 481 950 misitque
492 917 596 944 occulte
604 924 679 944 trans
687 917 807 945 Tiberim
823 922 850 945 et
864 918 951 945 tenuit

164 965 242 985 eum:
259 959 420 994 praecipiens
434 965 462 987 ut
480 961 507 988 in
522 962 617 989 eodem
640 962 701 990 loco
724 961 797 990 fame
813 963 951 990 cruciare-

164 1007 218 1030 tur.
236 1003 288 1036 Qui
303 1009 394 1032 tamen
410 1014 472 1033 cum
488 1012 586 1041 quarto
607 1008 652 1034 die
674 1007 742 1034 nihil
764 1009 852 1035 victus
871 1016 951 1035 acce-

165 1049 260 1084 pisset,
268 1050 382 1085 jejuniis
390 1056 416 1078 et
431 1052 601 1080 orationibus
614 1054 699 1088 magis
709 1054 949 1082 corroborabatur.

163 1093 222 1122 Hoc
242 1096 357 1123 audiens
380 1096 544 1130 Alexander,
566 1098 648 1133 jussit
661 1107 724 1126 eum
750 1099 868 1128 fustibus
884 1100 950 1127 caedi

163 1141 291 1168 omnibus
305 1142 411 1175 diebus,
426 1143 491 1170 etin
507 1144 600 1171 eodem
617 1144 677 1172 loco
699 1146 833 1173 custodite
847 1147 951 1173 manci-

163 1187 234 1221 pari,
253 1193 281 1214 ut
297 1188 393 1222 siquis
409 1189 443 1216 ad
459 1197 521 1216 eum
533 1195 615 1217 noctu
632 1191 747 1224 veniret,
769 1192 949 1219 occideretur.

163 1233 288 1268 Cumque
300 1235 393 1262 multis
410 1235 505 1263 diebus
517 1236 574 1270 (29)
593 1237 621 1263 in
636 1237 760 1265 custodia
774 1243 848 1265 esset
862 1246 951 1266 mace-

163 1285 250 1312 ratus,
263 1281 336 1308 venit
346 1281 380 1308 ad
396 1288 457 1308 eum
473 1281 503 1308 Β.
514 1281 677 1317 Calepodius
698 1288 780 1311 noctu
801 1291 850 1318 per
864 1284 951 1311 visio-

163 1331 271 1360 nern,et
279 1328 436 1355 consolatus
448 1335 490 1356 est
501 1337 562 1356 eum
577 1330 671 1357 dicens
681 1339 687 1355 :
697 1329 807 1357 Firmus
818 1335 887 1362 esto,
897 1331 950 1358 Pa-

163 1375 223 1398 ter:
240 1372 304 1406 quia
318 1380 418 1400 corona
430 1378 476 1400 tua
491 1375 548 1408 jam
571 1375 691 1409 perfecta
709 1381 767 1403 est:
784 1380 814 1403 ut
833 1375 952 1410 accipias

163 1424 181 1443 a
197 1416 252 1444 Deo
263 1418 422 1453 condignam
438 1419 540 1447 laboris
551 1421 591 1447 tui
607 1421 771 1448 mercedem.
786 1421 885 1448 Beatus
902 1429 952 1448 ωι-

164 1467 217 1489 tem
230 1463 353 1491 Calixtus
366 1465 496 1492 insistens
509 1466 639 1499 orationi,
656 1475 711 1495 non
726 1467 851 1494 cessabat
865 1467 953 1494 Domi-

164 1515 229 1535 num
243 1508 394 1543 deprecari.

199 1553 300 1580 8.Erat
315 1559 405 1581 autem
418 1555 516 1583 ibidem
533 1557 643 1591 quidam
653 1557 740 1589 miles,
754 1556 879 1585 Privatus
894 1559 949 1594 (50)

1000 228 1062 262 quia
1075 228 1156 256 credo
1167 228 1310 256 Dominum
1326 227 1419 256 Jesum
1434 228 1571 257 Christum
1591 229 1677 257 Deum
1691 231 1782 258 vivum

998 278 1027 300 et
1041 281 1146 305 verum,
1158 274 1216 308 qui,
1232 274 1303 300 sicut
1313 273 1444 301 Blandam
1462 274 1594 307 liberavit,
1607 279 1703 309 potens
1712 279 1787 303 estet

1001 325 1044 344 me
1058 318 1172 349 salvare,
1185 318 1247 352 quia
1262 318 1309 345 diu
1329 322 1371 345 est
1398 318 1471 353 quod
1497 326 1646 346 consumor
1673 319 1700 346 in
1716 319 1787 346 aﬂli-

1001 363 1091 390 ctione
1106 363 1209 391 doloris
1221 364 1284 390 mei.
1300 363 1450 398 Respondit
1462 363 1492 391 B.
1506 363 1628 391 Calixtus
1641 365 1788 399 episcopus

1001 409 1112 438 dicens:
1136 409 1165 436 Si
1183 409 1271 437 credis
1283 417 1316 436 ex
1334 413 1389 437 toto
1409 410 1499 443 corde,
1515 410 1567 442 liii,
1586 414 1613 437 et
1630 410 1658 437 in
1674 412 1788 438 nomine

1003 455 1032 483 S.
1047 455 1189 483 Trinitatis
1206 456 1359 490 baptizatus
1374 455 1470 488 fueris,
1484 455 1673 483 mundaberis.
1688 455 1788 484 Priva-

1002 505 1046 528 tus
1060 501 1139 528 miles
1150 500 1305 535 respondit;
1323 500 1378 535 Ego
1391 500 1483 534 credo,
1499 501 1563 536 quia
1576 501 1675 529 liberat
1689 506 1717 528 et
1732 501 1789 529 sal-

1003 550 1047 572 vat
1057 553 1102 573 me
1119 545 1250 573 Dominus
1275 547 1301 572 in
1322 546 1470 580 baptismo.
1495 554 1542 580 per
1564 554 1676 574 manum
1699 553 1787 574 tuam.

1003 591 1078 619 Tune
1095 592 1124 618 B.
1145 592 1268 619 Calixlus
1283 599 1345 618 eum
1358 592 1515 626 baptizavit.
1534 596 1561 619 et
1576 592 1612 619 ita
1635 600 1650 619 a
1670 592 1789 619 vulneri-

1001 638 1052 665 bus
1064 642 1091 664 et
1104 637 1210 669 morbo,
1226 645 1280 672 quo
1296 638 1449 671 tenebatur,
1458 638 1607 665 mundatus
1616 642 1669 665 est.
1686 637 1720 665 Et
1731 645 1791 665 caa-

1001 684 1039 718 pit
1052 684 1170 710 clamare
1183 683 1292 710 dicens:
1311 682 1383 710 Deus
1394 692 1474 711 verus
1485 689 1512 711 et
1531 683 1650 712 Sanctus
1667 688 1711 712 est
1731 683 1789 712 Do-

1001 729 1093 756 minus
1111 729 1190 756 Jesus
1212 729 1348 762 Christus,
1362 737 1442 764 quem
1457 730 1586 765 praedicat
1606 730 1637 758 Β.
1663 730 1790 758 Calixtus

1002 774 1148 809 episcopus
1161 783 1169 802 :
1185 774 1249 808 quia
1271 774 1342 801 idola
1362 782 1432 801 vana
1445 779 1471 802 et
1485 779 1560 802 muta
1575 780 1788 802 consumentur:

1003 819 1075 847 Deus
1090 821 1162 848 enim
1178 824 1295 850 aeternus
1309 826 1352 848 est
1368 821 1505 848 Christus.
1521 820 1600 854 Quod
1616 821 1714 848 iterum
1736 829 1790 849 au-

1003 866 1081 893 diens
1095 866 1258 899 Alexander,
1270 866 1412 894 iracundia
1422 867 1528 901 plenus,
1541 875 1575 894 eo
1588 867 1660 902 quod
1674 867 1790 894 militem

1002 911 1138 939 Priratum
1155 912 1329 946 baptizasset,
1343 913 1452 940 mittens
1471 913 1534 940 fecit
1542 912 1680 940 Privatum
1696 913 1791 948 plum-

1002 957 1072 985 batis
1095 957 1160 985 credi
1182 962 1209 985 et
1230 957 1361 985 deﬁcere:
1382 958 1518 986 Calixtum
1546 967 1612 986 vero
1627 958 1792 994 episcopum

1002 1011 1049 1038 per
1063 1003 1208 1031 fenestram
1222 1004 1320 1032 domus
1332 1005 1514 1039 praecipitari,
1533 1005 1670 1040 ligatoque
1683 1006 1717 1033 ad
1730 1006 1791 1033 col-

1002 1051 1057 1077 lum
1073 1050 1133 1084 ejus
1144 1057 1220 1083 saxo,
1237 1050 1264 1077 in
1279 1055 1392 1085 puteum
1408 1051 1528 1086 demergi
1541 1056 1569 1078 et
1586 1051 1614 1078 in
1638 1060 1672 1079 eo
1688 1052 1792 1079 rudera

1001 1096 1138 1123 cumulari
1153 1097 1220 1131 (5|).

1001 1157 1005 1175 ς
1037 1143 1062 1170 9.
1084 1142 1150 1171 Post
1167 1143 1226 1170 dies
1254 1150 1319 1170 vero
1345 1143 1439 1170 decem
1466 1147 1494 1170 et
1517 1147 1619 1177 septem
1644 1143 1701 1179 (52)
1716 1144 1793 1171 venit

1001 1189 1143 1224 presbyter
1157 1189 1228 1223 ejus,
1253 1189 1364 1216 nomine
1390 1189 1516 1216 Asterius
1531 1197 1593 1217 cum
1612 1190 1719 1217 clericis
1740 1199 1795 1216 no-

1001 1240 1057 1267 ctu,
1071 1241 1097 1262 et
1113 1235 1211 1262 levavit
1222 1243 1322 1270 corpus
1336 1234 1366 1262 B.
1383 1234 1481 1262 Calixti
1500 1235 1620 1270 episcopi
1634 1241 1661 1263 et
1676 1236 1794 1263 honori-

1003 1280 1052 1307 ﬁce
1071 1279 1192 1314 sepelivit
1219 1280 1245 1306 in
1264 1279 1420 1306 cmmeterio
1444 1279 1596 1314 Calepodii,
1610 1280 1652 1306 via
1666 1280 1792 1312 Aurelia,

1002 1326 1087 1360 pridie
1102 1326 1162 1353 ldus
1174 1325 1309 1353 Octobris.
1319 1324 1384 1352 Post
1397 1324 1456 1352 dies
1467 1331 1557 1353 autent
1573 1334 1619 1353 sex
1632 1326 1688 1360 (55)
1701 1326 1794 1352 tenuit

1002 1371 1155 1398 Alexander
1167 1372 1303 1399 Asterium
1321 1372 1526 1407 presbyterum:
1552 1379 1633 1406 quem
1661 1371 1794 1406 praecepit

1003 1424 1050 1451 per
1063 1422 1171 1451 pontem
1188 1418 1361 1452 praecipitari.
1378 1417 1464 1452 Cujus
1480 1422 1605 1444 sanctum
1628 1424 1729 1451 corpus
1746 1416 1794 1443 in-

1002 1467 1112 1489 ventum
1127 1467 1168 1490 est.
1181 1463 1208 1490 in
1225 1462 1310 1494 Ostia,
1322 1468 1370 1490 eta
1387 1463 1549 1498 quibusdam
1565 1462 1729 1490 Christianis
1743 1470 1794 1490 se-

966 1524 987 1553 c
1005 1509 1108 1543 pultum
1134 1508 1160 1535 in
1187 1508 1282 1536 eadem
1306 1509 1414 1535 civitate
1431 1509 1482 1538 sub
1493 1509 1537 1535 die
1550 1516 1587 1535 xu
1604 1507 1794 1535 Kalendarum

1004 1554 1180 1582 Novembris:
1203 1558 1333 1589 regnante
1353 1554 1468 1582 Domino
1482 1558 1575 1582 nostro
1600 1553 1662 1581 Jesu
1679 1553 1797 1581 Christo

165 1599 286 1631 nomine,
300 1601 347 1634 qui
360 1605 420 1627 erat
437 1602 574 1628 ulceribus
589 1602 694 1636 plenus,
723 1607 751 1629 et
776 1604 952 1632 cruciabatur
1003 1602 1051 1636 qui
1064 1601 1130 1628 vivit
1145 1605 1172 1628 et
1188 1605 1283 1635 regnat
1294 1601 1365 1628 Deus
1381 1608 1428 1635 per
1445 1600 1538 1628 omnia
1555 1600 1654 1628 saecula
1673 1600 1796 1627 saeculo-

165 1643 208 1670 die
218 1651 251 1671 ac
261 1649 340 1671 nocte
353 1644 504 1673 doloribus.
521 1645 569 1673 Hic
583 1646 657 1673 misit
673 1654 703 1674 se
716 1647 750 1673 ad
762 1648 843 1682 pedes
860 1647 951 1676 B.Ca-

202 1710 260 1746 (25)
279 1710 500 1746 Martyrologium
515 1711 607 1740 Beda}:
630 1721 639 1738 ι
654 1712 728 1740 Fecit
744 1714 829 1741 occidi
854 1722 868 1741 a
882 1714 951 1742 Lao-

165 1744 255 1771 dicio.‘
264 1754 273 1770 ι
288 1744 484 1773 Hnascnenius.

201 1779 453 1818 (2})Ascrupulum
473 1782 552 1818 rmihi
580 1782 666 1810 movit
689 1783 747 1813 dies
772 1783 860 1818 prima
887 1783 949 1811 Maii

165 1814 211 1853 hic
267 1814 643 1853 Calepodiineciassignata,
656 1825 720 1844 num
742 1814 846 1845 scilicet
862 1820 949 1853 posita

166 1849 417 1887 hac‘S.‘Calepodii
430 1852 505 1878 necis
519 1849 633 1887 euocha,
653 1860 714 1886 quae
728 1849 950 1887 hactenus-gesta

164 1885 193 1910 in
211 1884 297 1923 Actis_
309 1884 448 1923 dicuntur,
459 1884 670 1923 _ab_Alexandri
695 1888 801 1923 imperii
816 1884 950 1923 principio

165 1919 299 1957 usquead
312 1919 447 1957 Kalendas
457 1921 519 1957 Maii
532 1922 596 1948 anni
607 1922 660 1948 222
673 1919 834 1957 ﬁeri'reips'a
852 1919 948 1957 potue-

165 1953 230 1992 riut.
247 1953 338 1992 Sicca
347 1954 481 1992 )ilorettus
499 1956 572 1992 Disq:
591 1957 602 1983 1
623 1957 649 1983 in
665 1953 804 1990 Auctario,
817 1953 876 1992 cap.
890 1959 906 1984 9
924 1964 950 1984 et

165 1988 210 2019 10,
225 1988 313 2027 p.34}
323 1989 399 2027 ,_fere
413 1988 695 2027 disponitz'lmperare
711 1988 859 2020 Alexander
868 1993 950 2027 cwpit

165 2000 210 2019 ιυ,
225 2000 251 2023 μ.
263 2000 313 2016 zao
323 2009 331 2021 ,
343 2000 399 2017 iere
413 2000 548 2025 disponit:
561 2000 596 2017 Im
635 2000 695 2019 rare
711 2000 859 2020 atexanuer
868 2000 949 2027 coepit

165 2023 302 2062 anno222
315 2024 359 2051 die
383 2033 408 2062 vi
428 2025 531 2062 Martii;
549 2027 582 2053 ab
600 2000 651 2053 ligo
670 2027 713 2054 dic
738 2035 825 2062 usque
837 2027 872 2053 ad
900 2035 949 2054 xui

165 2058 288 2097 ejusdem
305 2059 510 2097 mensispotuit
519 2061 670 2097 Alexander
683 2058 822 2089 tabernam
839 2062 950 2089 merito-

164 2093 245 2124 riam,
255 2093 313 2127 jam
330 2099 395 2131 ante
409 2093 435 2121 in
448 2095 665 2131 Christianorum
685 2097 814 2131 templum
834 2104 949 2123 conver-

165 2135 234 2165 sam,
252 2130 385 2165 rescripto
401 2137 455 2165 (suo
471 2130 635 2158 Christianis
651 2130 776 2159 addicere
787 2152 793 2163 ,
813 2137 840 2158 et
868 2132 950 2165 Capi-

166 2162 262 2198 tolium
279 2165 352 2198 tangi
368 2163 492 2195 fulmine,
509 2165 531 2192 si
547 2173 601 2192 non
626 2171 688 2193 alite
703 2162 804 2193 annum
831 2166 884 2192 2'22
898 2162 948 2192 ista

165 2197 339 2235 contigerint.
356 2198 467 2235 Factum
480 2200 561 2226 fuerit
572 2200 632 2227 'Jovi
648 2201 765 2235 primum
785 2202 949 2228 sacriﬁcium

165 2232 354 2270 (vide_num.
376 2234 403 2270 1)
425 2234 469 2270 die
495 2243 544 2270 (xiv
564 2232 669 2270 Martii,
695 2236 742 2270 qui
764 2236 949 2268 eoanno,lit-

165 2271 222 2293 tera
249 2266 409 2296 Dominicali
437 2269 468 2300 F,
485 2269 543 2297 dies
559 2269 634 2298 Jovis
660 2266 720 2297 l‘uii.
739 2272 869 2297 Accusari
884 2266 949 2298 tum

165 2301 248 2339 empti
266 2301 367 2329 fuerint
385 2303 544 2339 Christiani,
567 2309 695 2339 tanquam
717 2306 864 2335 malorum,
890 2313 951 2339 quae

167 2335 490 2374 acciderant,‘auctorcs.
516 2338 582 2374 Exin
600 2335 643 2365 die
655 2348 690 2366 xx
702 2339 802 2373 Martii,
818 2340 864 2374 qui
890 2335 948 2367 dtes

165 2369 292 2397 Mercurii
310 2372 373 2404 fuit,
404 2372 506 2399 factum
525 2373 605 2400 l'uerit
627 2373 761 2401 Mercurio
785 2369 948 2401 she‘riticimn

165 2405 298 2443 alterum,
327 2407 360 2443 de
389 2415 444 2442 quo
468 2416 543 2434 num.
577 2408 603 2436 2.
638 2409 746 2436 Tertius
772 2417 843 2436 noro
860 2409 951 2443 prodi-

165 2439 384 2478 gio_Palutatius
397 2439 576 2478 Thaptismum
606 2445 672 2478 petit
694 2452 699 2469 :
717 2445 788 2471 dictu
810 2439 949 2478 posterum

165 2475 242 2513 (vide
261 2484 336 2513 num.
368 2476 405 2512 5)
425 2475 539 2513 ,ῇιῇυηια
557 2475 696 2513 transigit:
724 2479 767 2506 die
794 2475 850 2505 xxii
880 2479 951 2505 Mar-

164 2509 196 2537 tii
219 2511 382 2546 baptismum
396 2509 511 2547 recipit.
531 2512 596 2540 Post
615 2509 673 2540 dics
690 2521 766 2540 xxxii
786 2514 858 2549 (vide
873 2521 949 2541 num.

966 2188 988 2214 D

1002 1654 1074 1674 rum.
1086 1646 1183 1674 Amen.

1005 1717 1047 1750 4),
1068 1715 1232 1742 Palmatium
1249 1714 1363 1748 requirit
1373 1713 1525 1750 Alexander
1537 1713 1580 1740 die
1593 1713 1693 1747 Aprilis
1706 1721 1796 1750 xxiv;

1002 1748 1082 1784 eiijue
1108 1750 1213 1776 sistitur
1233 1749 1304 1783 (vi‘dc
1321 1757 1396 1775 ιιιιιιι.
1422 1749 1449 1781 4)
1469 1748 1560 1774 triduo
1586 1752 1656 1784 post,
1678 1756 1726 1774 seu
1747 1749 1798 1776 die

1002 1782 1103 1819 Aprilis
1113 1792 1198 1810 xxvn.
1214 1784 1342 1819 Sequenti
1353 1784 1587 1819 triduorserratur
1602 1782 1752 1819 Palmatius
1766 1784 1797 1810 in

1003 1817 1106 1847 aedibus
1122 1817 1266 1853 Simplicii;
1276 1819 1378 1845 Blanda
1389 1823 1416 1845 et
1430 1817 1587 1853 Simplicius
1601 1817 1777 1853 baptizantur
1789 1828 1797 1846 ι

1002 1859 1100 1889 quarto
1127 1852 1217 1880 autent
1246 1859 1306 1889 post
1323 1854 1376 1885 die,
1395 1861 1442 1880 seu
1459 1852 1587 1889 Kalendis
1601 1852 1676 1885 Maii,
1694 1852 1722 1879 S.
1737 1852 1798 1880 Ca-

1003 1887 1126 1924 lepodius
1139 1887 1253 1924 ejusque
1268 1888 1339 1915 Socii
1354 1888 1513 1924 martyrium
1530 1887 1657 1924 subeunt.

1040 1925 1096 1959 (25)
1111 1921 1162 1951 Sen
1172 1921 1340 1954 Tibertnam,
1351 1921 1466 1959 nunc}.
1476 1921 1667 1959 Barlltolumwi
1675 1923 1797 1956 dictam.

1003 1959 1038 1986 ob
1056 1957 1139 1986 aedem
1154 1959 1217 1986 huic
1230 1966 1346 1986 sacram.
1365 1958 1404 1984 Ex
1424 1957 1606 1984 llenschenio.

1039 1994 1094 2028 (‘26)
1108 1993 1286 2021 Postmodum
1300 2000 1461 2020 conversam
1477 1993 1503 2019 iu
1517 1992 1670 2026 ecclesiam,
1689 1991 1799 2020 S.Cal-

1003 2029 1065 2056 listo
1080 2036 1197 2055 sacram.

1039 2064 1094 2098 (Ἥ)
1116 2063 1193 2096 Quod
1212 2062 1371 2098 nimirum__a
1388 2062 1417 2089 S.
1434 2061 1597 2096 Calepodio.
1615 2069 1676 2089 cum
1696 2062 1799 2096 junior

1003 2096 1089 2129 esset,
1099 2098 1188 2124 extrui
1203 2098 1325 2131 potuisse
1339 2096 1528 2124 Henschcnius
1542 2102 1634 2124 censet
1645 2105 1704 2131 pag.
1724 2097 1795 2125 498.

1039 2133 1095 2168 (28)
1117 2132 1188 2165 Quo,
1203 2133 1297 2168 audita
1309 2132 1337 2158 S.
1354 2132 1488 2168 Simplicii
1499 2132 1614 2166 ejusque
1625 2132 1737 2168 familia:
1750 2133 1798 2168 iad

1002 2166 1286 2199 ﬁdem‘conversioue,
1300 2167 1360 2202 capi
1371 2167 1400 2193 ὃ.
1415 2166 1592 2201 Calcpodium
1609 2167 1725 2202 ejusque
1741 2167 1800 2194 So-

1005 2203 1062 2230 cios
1079 2203 1204 2230 iusserat.

1040 2211 1236 2271 isesiihsﬁidlibn
1252 2236 1399 2263 admodum
1413 2236 1523 2263 multis:
1541 2237 1668 2263 nimirum
1688 2235 1737 2271 (I7.

1040 2273 1097 2307 (5Θ)
1111 2272 1189 2307 Alius
1200 2279 1214 2297 a
1232 2270 1260 2298 Β.
1279 2272 1378 2299 Saturo
1390 2272 1422 2307 in
1444 2271 1663 2307 Hieronymianis
1687 2270 1796 2306 Marty-

1005 2305 1116 2341 rologiis
1129 2307 1162 2333 ad
1176 2306 1247 2333 diem
1260 2314 1298 2333 xtl
1311 2311 1338 2332 et
1350 2315 1393 2333 xiv
1407 2305 1532 2334 Octobris
1546 2305 1724 2341 annunciato.

1041 2340 1096 2376 (51)
1113 2343 1194 2376 Auno
1211 2341 1379 2376 probabilius
1395 2341 1510 2372 2‘22,dic
1522 2349 1561 2367 xIt
1581 2340 1717 2368 Octobris.

1041 2375 1096 2411 (5'2)
1112 2375 1299 2403 Verosimilius
1318 2384 1333 2402 a
1350 2375 1379 2402 S.
1395 2375 1500 2403 Callisti
1518 2376 1674 2410 captivitate
1690 2384 1796 2411 nume-

1004 2410 1105 2439 randos
1117 2418 1150 2437 ex
1166 2411 1317 2446 Comment.
1335 2418 1416 2445 praev.
1435 2412 1448 2446 §
1471 2412 1488 2438 5
1502 2430 1508 2440 .
1527 2411 1553 2437 id
1570 2415 1622 2443 est,
1645 2418 1660 2437 a
1676 2410 1721 2438 die
1738 2411 1798 2438 cir—

1003 2447 1070 2474 citer
1084 2454 1156 2472 xxvn
1173 2445 1350 2480 Septembris.

1040 2481 1096 2517 (55)
1115 2481 1365 2517 Verosimilius_ex
1378 2480 1458 2517 dictis
1481 2481 1515 2517 in
1533 2480 1686 2517 Comment.
1707 2488 1795 2514 [ιι-ων.

1006 2515 1082 2544 num.
1100 2517 1135 2544 55
1147 2524 1160 2543 a
1175 2523 1242 2544 nece
1254 2515 1284 2543 S.
1299 2515 1415 2548 Callisti,
1432 2523 1479 2543 seu
1491 2515 1534 2542 die
1547 2515 1675 2542 Octobris
1690 2522 1774 2541 xviii.
