1883 3056
238 103 291 131 153

867 103 894 131 S.
913 103 953 130 CA
960 103 1008 130 LL!

1095 101 1194 130 ΡΑΡΑΞ
1812 103 1821 129 l
1827 103 1854 129 '1!

239 162 353 190 Factum
366 168 403 190 est
416 163 520 191 uerbum
533 163 639 189 Domini
653 163 687 190 ad
699 170 750 196 me,
761 163 870 190 dicens:
883 163 947 190 Hau:
957 164 1022 190 dicit
1038 165 1059 192 Α
1073 163 1137 197 quia
1162 162 1304 197 indignum
1324 166 1379 194 est,
1404 166 1434 188 ut
1456 161 1552 188 doctor
1589 161 1719 189 stulto'et
1740 161 1852 192 indocto.

238 207 367 240 Dominus
378 210 556 236 exercituum:
565 208 638 235 Sicut
651 209 774 243 cogitavi,
784 213 812 235 ut
821 209 959 244 affligerem
969 217 1022 240 vas,

238 261 298 280 cum
310 254 344 280 ad
356 254 518 280 iracundiam
538 258 721 288 provocassem
743 262 782 281 me
794 259 882 288 patres
896 254 985 286 vestri,
999 259 1024 280 et

238 306 291 324 non
311 306 369 324 sum
390 299 528 331 misertus;
548 299 586 325 sic
599 306 737 326 conversus
760 299 873 334 cogitavi
893 299 920 325 in
933 299 1023 326 diebus

237 344 307 374 istis,
321 348 349 370 ut
364 343 524 377 benefaciam
534 343 682 371 Jerusalem
700 349 723 370 et
738 344 828 370 domui
837 344 919 371 Iuda.
934 344 1024 371 Nolite

238 388 337 415 timere.
353 387 416 414 llaec
427 393 487 415 sunt
503 388 579 415 verba
587 396 645 423 qua!
659 388 764 422 facietis
777 397 786 416 :
800 389 938 423 loquimini
953 389 1022 414 veri-

237 438 315 459 tatem
324 434 503 468 unusquisque
516 442 575 460 cum
584 435 705 468 proximo
716 442 780 465 suo;
791 434 926 461 veritatem
941 438 964 460 et
978 433 1023 467 iu-

235 479 334 505 dicium
346 480 418 513 pacis
425 479 545 513 judicute
560 480 587 506 in
597 480 680 514 portis
691 480 794 512 vestris,
810 484 834 506 et
848 479 1022 514 unusquisque

235 524 334 551 malum
352 529 444 551 contra
457 526 572 552 amicum
587 533 664 551 suum
676 533 707 552 ne
723 526 842 560 cogitetis
859 525 886 552 in
900 524 1022 551 cordibus

216 604 220 605 ν
233 569 337 601 vestris,
350 574 374 595 et
383 569 566 603 juramentum
594 570 707 596 mendas:
728 577 759 596 ne
773 570 901 604 diligatis.
926 569 1022 595 Omnia

233 615 304 641 enim
319 614 373 641 litvo
385 618 446 640 sunt
458 622 516 649 qua?
531 615 613 646 odivi,
627 615 692 641 dicit
706 614 832 641 Dominus
849 615 1020 641 exercituum.

234 659 269 686 Et
294 659 394 693 factum
418 665 456 686 est
481 658 586 686 uerbum
608 660 712 686 Domini
739 660 901 687 exercituum
915 659 950 686 ad
972 668 1020 689 me.

233 705 320 731 dicens
337 712 346 730 :
367 703 431 731 Han:
447 705 513 731 dicit
530 705 658 731 Dominus
674 705 837 732 exercituum
853 713 863 731 .'
884 703 1020 738 Jejunium

233 750 332 783 quarti,
356 754 380 776 et
396 749 528 784 jejunium
548 750 643 785 quinti,
663 755 686 776 et
701 748 836 785 jejunium
860 750 975 784 septimi,
997 754 1021 775 ct

230 795 362 829 Jejunium
382 795 477 822 decimi
498 796 548 822 erit
561 795 650 822 domui
663 795 737 822 Iuda
755 796 783 822 in
799 796 936 830 gaudium,
952 799 977 822 et
994 795 1020 821 in

1075 212 1156 242 alque
1176 207 1426 242 reprehensibiliter
1453 207 1571 240 viventi,
1595 207 1758 241 respondeat
1783 207 1854 242 juxta

1075 252 1217 280 stultitiam
1232 252 1443 284 suam,dieente
1456 251 1596 286 Scriptura
1609 261 1616 279 :
1629 251 1689 278 Non
1702 253 1853 286 respondeas

1075 297 1157 325 stulto
1166 297 1246 331 juxta
1261 297 1404 324 stultitiam
1419 305 1496 324 suam
1509 297 1540 324 ¹¹.
1560 296 1620 324 Non
1636 297 1704 324 bene
1718 297 1797 330 vivit,
1812 298 1853 332 qui

1074 350 1127 368 non
1149 347 1220 369 recte
1232 341 1254 357 ¹³
1265 342 1360 369 credit.
1378 340 1450 368 Nihil
1468 341 1532 368 mali
1547 341 1620 375 vult,
1635 342 1680 376 qui
1697 342 1785 370 ﬁdelis
1807 347 1852 369 est.

1074 386 1102 413 Si
1117 387 1179 421 quis
1192 387 1278 414 ﬁdelis
1293 391 1345 418 est,
1360 386 1448 413 videat
1466 395 1500 414 ne
1512 386 1580 415 falsa
1594 387 1731 422 loquatur,
1740 392 1788 414 aut
1801 388 1855 414 cui-

1073 440 1155 466 quam
1171 432 1285 460 insidias
1301 436 1394 467 ponat.
1409 432 1508 460 Fidelis
1523 433 1606 460 homo
1623 441 1732 468 semper
1745 433 1856 461 ﬁdeliter

1074 478 1138 512 agit,
1164 481 1190 505 et
1214 477 1330 504 inﬁdelis
1353 477 1450 505 callide
1477 478 1630 511 insidiatur,
1656 484 1737 513 atque
1768 479 1856 508 ﬁdeles

1073 526 1099 548 et
1111 522 1153 556 pie
1167 529 1200 549 ac
1212 521 1284 556 juste
1297 521 1416 549 viventes
1430 522 1543 556 perdere
1555 523 1660 555 nititur,
1676 523 1741 558 quia
1761 523 1856 551 similis

1073 565 1188 593 similem
1204 566 1255 593 sibi
1274 567 1379 600 quaerit.
1407 567 1526 594 lnlidelis
1539 558 1624 594 homo
1634 572 1760 595 mortuus
1775 573 1815 595 est
1830 568 1854 595 in

1072 617 1186 644 corpore
1202 611 1317 638 vivente.
1347 612 1378 638 Et
1393 616 1486 639 contra
1511 619 1650 640 sermones
1666 612 1756 640 ﬁdelis
1772 613 1855 639 homi-

1073 655 1115 683 nis
1130 656 1211 682 vitam
1228 657 1384 684 custodiunt
1401 657 1566 684 auditorum.
1593 657 1736 685 Doctorem
1751 658 1822 684 enim
1835 658 1855 673 “

1072 701 1245 734 catholicum,
1262 707 1288 729 et
1302 703 1438 737 prmeipue
1456 702 1564 730 Domini
1582 703 1764 736 sacerdotem,
1788 703 1854 730 sicut

1072 746 1146 773 nullo
1168 754 1260 774 errore
1284 747 1436 782 implicari,
1461 748 1499 775 ita
1524 749 1596 775 nulla
1620 753 1728 783 oportet
1755 749 1852 775 machi-

1072 791 1182 818 natione
1197 795 1244 818 aut
1256 791 1403 826 cupiditate
1419 793 1525 820 violari.
1543 793 1652 821 Dicente
1665 795 1768 829 quippe
1785 794 1854 822 Scri-

235 841 371 873 thitiam,
399 845 423 867 et
452 841 479 867 in
503 841 679 867 solemnitate:
706 841 868 875 praeclaras;
888 841 1020 867 veritatem
1039 838 1057 864 Β
1073 840 1150 870 plura
1174 840 1267 863 sancta
1288 846 1295 863 :
1313 836 1379 864 Post
1399 839 1623 872 concupiscentias
1647 844 1706 866 tuas
1728 847 1780 866 ηθη
1802 848 1853 871 ειη,

234 891 336 912 ιιιηιιιηι
352 891 376 912 et
388 894 476 920 pacem
487 886 599 920 diligite,
611 886 675 912 dicit
685 886 811 912 Dominus
827 885 1019 913 exercituum‘.

234 934 262 958 In
278 933 330 959 hoc
344 939 409 966 ergo
430 939 526 958 omnes
550 940 600 959 nos
621 932 631 948 '
654 931 797 959 unanimes
821 935 926 965 oportet
949 939 1019 963 esse,

233 982 263 1004 ut
282 977 431 1003 secumium
454 977 632 1011 apostolicam
648 977 811 1008 doctrinam,
823 977 937 1011 idipsum
949 977 1021 1003 dica-

232 1031 290 1049 mus
310 1030 414 1054 onmes,
432 1027 456 1049 et
478 1030 528 1049 non
551 1023 605 1049 sint
622 1023 649 1049 in
665 1023 738 1049 nobis
759 1023 913 1049 schismata.
931 1021 1019 1049 Simus

232 1072 320 1094 autem
341 1067 448 1101 perfecti
470 1067 497 1093 in
510 1067 600 1093 eodem
621 1075 708 1099 sensu,
721 1072 745 1094 et
765 1068 791 1094 in
812 1068 901 1094 eadem
918 1072 1020 1094 senten-

232 1112 270 1138 tia
281 1112 303 1145 ‘,
316 1112 343 1139 in
357 1112 436 1147 cujus
450 1113 540 1146 operis
553 1112 696 1139 devotione
709 1113 879 1146 gratulamur
893 1112 1017 1139 dilectio-

231 1165 293 1184 nem
310 1161 384 1184 tuam
398 1165 458 1184 esse
475 1162 639 1185 consortem.
653 1157 711 1185 Non
727 1158 804 1185 decet
815 1158 886 1186 enim
904 1165 919 1185 a
931 1159 1019 1193 capite

230 1202 353 1229 membra
379 1202 545 1234 dissidere",
572 1203 635 1234 sed,
661 1203 738 1238 juxta
763 1211 848 1230 sacrm
871 1202 1018 1238 Scriptura:

230 1247 426 1278 testimonium,
441 1247 530 1273 omnia
541 1249 657 1274 membra
668 1252 746 1282 caput
758 1253 904 1282 sequantur
912 1249 932 1275 ⁸.
944 1248 1017 1275 Nulli

228 1300 294 1320 vero
317 1292 429 1319 dubium
455 1297 497 1320 est
522 1293 599 1328 (58),
625 1294 697 1328 quod
722 1294 870 1328 apostolica
896 1294 1017 1322 Ecclesia

227 1342 316 1365 mater
330 1338 366 1365 sit
379 1338 502 1364 omnium
525 1337 719 1372 Ecclesiarum,
737 1347 752 1366 a
765 1339 843 1374 cujus
855 1347 902 1367 vos
916 1340 1017 1374 regulis

229 1383 384 1410 nullatenus
410 1384 538 1411 convenit
566 1384 686 1412 deviare.
711 1384 743 1411 Et
769 1385 841 1412 sicut
862 1384 908 1412 Dei
932 1385 1017 1412 Filius

229 1428 306 1455 venit
323 1428 414 1456 facere
430 1429 596 1455 voluntatem
613 1424 702 1456 Patris
715 1429 736 1460 ',
755 1430 796 1456 sic
814 1434 842 1456 et
855 1437 904 1456 vos
918 1429 1016 1456 volun-

228 1478 309 1501 tatem
325 1479 420 1502 vestrte
438 1475 572 1509 impleatis
597 1475 692 1502 matris
707 1475 738 1508 ιθ,
756 1483 816 1509 qua:
830 1479 871 1502 est
885 1475 1014 1507 Ecclesia,

227 1519 306 1553 cujus
329 1524 422 1554 caput.
447 1524 477 1547 ut
498 1519 659 1554 praedictum
684 1524 736 1552 est,
763 1520 885 1547 Romana
909 1521 1015 1548 exsistit

227 1564 359 1592 Ecclesia.
380 1565 516 1600 Quidquid
537 1572 603 1600 ergo
617 1566 638 1580 “
651 1566 710 1592 sine
726 1566 889 1593 discretione
902 1567 1015 1600 justitiae

227 1614 324 1637 contra
340 1610 422 1645 hujus
436 1611 610 1646 disciplinam
635 1616 726 1640 actum
746 1612 841 1646 fuerit,
857 1618 946 1641 ratum
964 1614 1014 1641 ha-

226 1655 283 1682 beri
300 1656 370 1682 ratio
387 1656 461 1683 nulla
475 1657 618 1691 permittit.

610 1713 642 1740 ll.

402 1768 441 1795 De
457 1769 689 1796 criminationibus
702 1770 851 1798 doctorum.

260 1824 470 1853 Criminationes
483 1832 547 1852 vero
565 1829 658 1853 contra
675 1825 812 1853 doctorem
831 1834 911 1854 nemo
926 1829 1013 1856 susci-

226 1870 292 1904 piat,
309 1870 373 1904 quia
394 1877 448 1896 non
466 1873 573 1904 oportet
591 1870 663 1898 ﬁlios
687 1870 885 1905 reprehendere
909 1878 1011 1907 patres,

225 1922 276 1942 nec
289 1922 383 1942 servos
398 1914 524 1942 dominos
536 1915 664 1942 lacerare.
683 1914 745 1942 Filii
760 1923 826 1951 ergo
839 1922 902 1944 sunt
915 1917 1010 1944 docto-

226 1967 298 1993 rum,
321 1967 417 1986 omnes
438 1967 506 1994 quos
531 1959 680 1987 instruunt.
705 1959 739 1987 Et
760 1961 832 1988 sicut
851 1961 898 1988 ﬁlii
921 1967 1012 1996 patres

225 2004 360 2036 carnales,
374 2004 414 2032 sic
428 2009 455 2032 et
469 2005 497 2031 hi
509 2009 600 2039 patres
610 2005 709 2032 debent
719 2005 832 2040 diligere
844 2006 1010 2042 spirituales.

225 2049 285 2077 Non
307 2051 380 2077 enim
405 2050 473 2077 bene
494 2050 571 2084 vivit,
597 2051 644 2085 qui
670 2059 726 2078 non
751 2056 824 2079 recte
846 2053 943 2085 credit,
965 2057 1013 2080 aut

225 2100 316 2130 patres
346 2095 529 2130 reprehendit,
557 2096 600 2123 vel
628 2096 745 2124 detrahit
773 2105 849 2125 suos.
881 2097 1012 2125 Doctores

223 2150 299 2177 ergo,
316 2142 362 2176 qui
377 2146 404 2168 et
425 2146 514 2176 patres
528 2147 670 2174 vocantur,
687 2142 774 2177 magis
786 2143 910 2177 portandi
927 2150 1008 2177 quam

223 2187 439 2222 reprehendendi
457 2192 535 2219 sunt,
557 2187 608 2214 nisi
628 2188 655 2214 in
674 2193 747 2215 recta
771 2188 823 2215 ﬁde
844 2188 1007 2215 erraverint.

222 2232 319 2260 Nullus
331 2240 396 2268 ergo
406 2233 546 2260 doctorem
568 2241 613 2267 per
634 2233 736 2267 scripta
751 2238 870 2265 accuset,
891 2241 941 2261 nec
957 2233 1010 2260 nisi

223 2278 294 2306 ﬁdeli
306 2283 334 2306 et
347 2279 478 2313 legitimo,
491 2279 537 2313 qui
553 2279 634 2306 etiam
651 2279 913 2313 irreprehensibilem
924 2280 1009 2306 vitam

222 2331 255 2351 ac
269 2324 503 2351 conversationem
530 2324 623 2357 ducat,
649 2325 802 2352 accusatori
829 2325 1008 2359 respondeat:

257 2396 268 2411 ⁸
279 2395 362 2423 Zach.
373 2404 433 2430 vm,
444 2397 518 2424 1—19.
555 2398 565 2413 ⁸
578 2396 606 2424 S.
618 2396 673 2424 Leo
687 2404 730 2431 ep.
739 2397 774 2424 55
784 2401 810 2424 et
821 2397 866 2424 84.
904 2397 933 2423 ⁸1
948 2397 1020 2424 Petr.
1035 2405 1075 2424 ιιι.

487 2432 722 2472 “ﬂectebatur
736 2431 810 2472 ῖηῖνῖι.
821 2432 968 2472 “193%?
984 2432 1112 2472 Sisciae?
1130 2431 1147 2472 ἐ
1172 2438 1197 2472 et
1213 2432 1280 2458 δίκιί
1296 2440 1371 2472 P.er
1386 2432 1428 2472 lli;

507 2467 528 2482 "
541 2466 609 2493 Sixti
633 2467 772 2494 sentcntiae
794 2467 821 2499 6,
839 2466 898 2498 167,
915 2467 976 2501 18-9,
994 2467 1008 2493 2

1096 2467 1117 2482 ’δ
1130 2466 1158 2494 S.
1173 2466 1227 2493 Leo
1244 2475 1286 2501 ep.
1303 2467 1347 2493 55.
1386 2467 1407 2482 ’⁵
1420 2467 1492 2494 Ecel.
1509 2475 1584 2498 XVIII.
1598 2468 1642 2496 50.

724 2501 743 2516 ⁸⁷
757 2509 856 2528 canon.
872 2501 888 2528 9
903 2499 980 2528 cotic.
993 2501 1103 2528 Nicazni.

221 2431 232 2446 '
243 2430 321 2458 Joan.
333 2439 371 2463 vI.
386 2431 431 2459 58.

223 2467 244 2482 ¹¹
255 2465 334 2492 Prov.
350 2474 425 2498 xxvi,
439 2466 466 2493 4.

221 2506 292 2536 scut.
308 2500 371 2532 202,
388 2509 419 2528 ex
434 2501 504 2536 Aug.
524 2502 550 2528 in
571 2509 612 2536 ps.
630 2509 684 2536 Liv.

1071 884 1096 906 ct
1118 888 1134 906 a
1149 880 1281 907 voluntate
1297 886 1343 907 tua
1359 887 1473 909 avertere
1494 883 1515 898 "’
1529 890 1536 908 :
1554 883 1648 910 multis
1664 884 1749 918 hujus
1765 885 1853 912 mundi

1072 925 1220 957 illecebris,
1242 926 1335 954 multis
1357 928 1524 955 vanitatibus
1548 929 1730 956 resistendum
1757 934 1809 962 est,
1828 935 1854 957 ut

1070 977 1140 996 vene
1152 970 1323 997 continentia:
1338 971 1491 998 obtineatur
1506 972 1655 1006 integritas.
1668 972 1757 1007 Cujus
1772 973 1853 1008 prima

1069 1017 1112 1041 est
1131 1013 1205 1041 labes
1222 1015 1358 1049 superbia,
1375 1015 1483 1042 initium
1501 1017 1727 1050 transgressionis
1741 1021 1769 1043 et
1783 1016 1854 1051 origo

1068 1059 1188 1092 peccati:
1202 1059 1330 1093 quoniam
1347 1067 1424 1086 mens
1439 1063 1534 1094 sponte
1546 1060 1635 1091 avida,
1651 1067 1702 1086 nec
1719 1060 1853 1086 abstinere

1069 1104 1153 1135 novit,
1173 1112 1221 1131 nec
1232 1104 1325 1138 pietati
1340 1105 1469 1132 adhibere
1483 1113 1643 1133 consensus.
1659 1105 1759 1133 Nullus
1774 1106 1853 1133 bono-

1068 1157 1129 1176 rum
1146 1150 1167 1165 “
1183 1150 1322 1178 inimicum
1346 1151 1437 1184 habet,
1454 1151 1507 1180 nisi
1527 1152 1639 1185 malum,
1654 1151 1702 1186 qui
1719 1151 1783 1179 ideo
1797 1159 1852 1179 esse

1068 1196 1242 1230 permittitur,
1258 1201 1287 1224 ut
1301 1202 1348 1224 aut
1361 1197 1522 1232 corrigatur,
1539 1202 1586 1224 aut
1599 1205 1646 1231 per
1663 1198 1754 1231 ipsum
1768 1197 1852 1224 bonus

1068 1245 1235 1268 exerceatur.
1263 1241 1398 1276 Quidquid
1418 1250 1484 1277 ergo
1499 1242 1520 1257 "
1535 1242 1778 1276 irreprehensibile
1803 1247 1849 1272 est.

1068 1286 1199 1313 catholica
1218 1285 1337 1313 defendit
1352 1286 1483 1314 Ecclesia.
1509 1285 1581 1313 Nulli
1601 1286 1761 1320 imperatori
1775 1287 1798 1303 "
1814 1287 1851 1313 vel

1068 1331 1186 1366 cuipiam
1203 1332 1330 1366 pietatem
1356 1332 1531 1364 custodienti,
1555 1332 1620 1359 licet
1637 1332 1741 1367 aliquid
1760 1336 1849 1359 contra

1068 1377 1194 1404 mandata
1223 1377 1314 1404 divina
1337 1385 1509 1412 praesumere.
1537 1377 1670 1412 lnjustum
1693 1385 1761 1412 ergo
1780 1378 1850 1412 judi-

1067 1422 1139 1449 cium
1156 1427 1183 1450 et
1195 1422 1320 1450 dilIinitio
1332 1423 1444 1457 injusta,
1462 1423 1536 1457 regio
1548 1428 1621 1450 metu
1636 1427 1683 1450 aut
1695 1423 1849 1458 jussu,~aut

1066 1468 1254 1503 cujuscunque
1273 1468 1393 1503 episcopi
1408 1473 1456 1495 aut
1470 1469 1597 1503 potentis,
1621 1477 1635 1496 a
1647 1469 1790 1504 judicibus
1807 1477 1848 1496 or~

1029 1505 1050 1534 C
1066 1512 1157 1539 dinata
1169 1513 1210 1540 vel
1225 1518 1297 1544 acta,
1311 1521 1364 1540 non
1378 1513 1474 1540 valeat.
1491 1513 1599 1541 Homini
1615 1515 1745 1549 religioso
1758 1523 1849 1550 parum

1065 1565 1125 1585 esse
1137 1558 1218 1586 debet
1232 1559 1253 1574 ¹⁹
1269 1558 1426 1586 inimicitias
1442 1559 1558 1585 aliorum
1583 1567 1636 1586 non
1655 1567 1797 1592 exercere,
1814 1561 1849 1587 vel

1065 1610 1164 1638 augere
1181 1602 1252 1629 male
1272 1603 1418 1638 loquendo,
1434 1603 1487 1630 nisi
1509 1605 1590 1630 etiam
1611 1612 1658 1632 eas
1678 1605 1850 1640 exstinguere

1064 1647 1132 1674 bene
1141 1647 1277 1682 loquendo
1289 1648 1433 1676 studuerit.
1446 1649 1540 1676 Melior
1554 1653 1594 1676 est
1606 1650 1628 1665 ’°
1639 1649 1668 1677 in
1680 1650 1763 1677 malis
1776 1650 1850 1677 factis

1066 1691 1341 1724 humilis.confessio,
1354 1699 1436 1727 quam
1449 1693 1475 1719 in
1492 1693 1569 1720 bonis
1583 1693 1698 1727 superba
1715 1693 1848 1729 gloriatio.

1063 1735 1164 1764 Omnes
1185 1744 1249 1764 vero
1273 1737 1320 1771 qui
1346 1742 1438 1764 amant
1451 1738 1474 1753 ²⁶
1489 1738 1573 1765 vitam
1599 1738 1719 1772 beatam,
1748 1740 1846 1767 malum

1063 1789 1122 1808 eam
1144 1782 1348 1817 trapquillitalis
1372 1790 1428 1810 suae
1447 1787 1474 1810 et
1492 1783 1605 1818 justitia?
1627 1789 1699 1812 statu
1727 1792 1848 1828 currere.

1063 1835 1143 1861 quam
1167 1831 1324 1854 nostrorum
1345 1833 1521 1862 peccatorum
1538 1829 1628 1864 pcenis
1647 1830 1794 1859 ultricibus
1809 1832 1847 1858 in-

1064 1871 1202 1906 terpolari.
1225 1871 1329 1899 Memor
1347 1873 1420 1899 enim
1444 1881 1504 1900 sum
1520 1874 1554 1906 ",
1577 1881 1621 1901 me
1641 1875 1693 1902 sub
1708 1875 1785 1904 illius
1802 1883 1848 1903 no-

1063 1916 1137 1943 mine
1151 1917 1279 1944 Ecclesia:
1304 1917 1448 1951 praesidere
1460 1918 1526 1953 (39),
1543 1918 1622 1953 cujus
1639 1926 1655 1946 a
1668 1919 1788 1947 Domino
1802 1928 1847 1947 no-

1063 1966 1120 1988 stro
1131 1961 1194 1989 Jesu
1211 1962 1320 1989 Christo
1337 1967 1379 1990 est
1397 1963 1546 1998 gloriﬁcata
1568 1964 1714 1998 confessio,
1730 1970 1759 1993 et
1772 1966 1846 2000 cujus

1062 2007 1129 2034 ﬁdes
1153 2014 1249 2034 omnes
1271 2015 1378 2042 semper
1397 2008 1514 2036 destruit
1536 2016 1654 2037 errores.
1679 2009 1713 2036 Et
1729 2011 1847 2046 intelligo

1062 2051 1140 2078 aliter
1165 2051 1233 2078 mihi
1260 2059 1316 2079 non
1343 2052 1435 2086 licere,
1457 2061 1540 2088 quam
1566 2059 1596 2081 ut
1616 2061 1712 2082 omnes
1733 2061 1846 2083 conatus

1062 2105 1138 2125 meos
1160 2097 1185 2124 ei
1203 2105 1310 2131 causae,
1331 2097 1357 2124 in
1375 2106 1429 2132 qua
1446 2099 1609 2127 universalis
1625 2099 1759 2128 Ecclesiae
1776 2101 1846 2128 salus

1062 2142 1216 2176 infestatur,
1241 2142 1408 2176 impendam.
1435 2143 1520 2178 Spero
1539 2150 1628 2172 autem
1654 2145 1846 2173 adfuturam"

1061 2187 1274 2215 misericordiam
1288 2188 1428 2222 Dei,;quod
1441 2194 1605 2224 cooperante
1616 2190 1676 2225 ejus
1689 2191 1844 2223 clementia.

1061 2233 1150 2260 omnis
1171 2232 1283 2267 pestifer
1307 2233 1435 2266 morbus,
1457 2234 1517 2268 ipso
1537 2235 1661 2269 pellente,
1687 2235 1843 2264 auferatur.

1061 2283 1088 2306 et
1098 2278 1230 2314 quidquid
1247 2278 1306 2313 ipso
1326 2279 1474 2313 inspirante
1490 2285 1570 2314 atque
1584 2281 1735 2308 auxiliante
1748 2282 1845 2316 poterit

1061 2324 1206 2352 salubriter
1228 2324 1298 2358 ﬁeri,
1320 2331 1383 2352 cum
1402 2330 1455 2352 tua:
1467 2325 1529 2352 ﬁdei
1544 2330 1571 2353 et
1590 2326 1744 2355 devotionis
1767 2328 1844 2355 laude

1131 2397 1242 2424 'distiu.
1255 2397 1288 2423 12
1301 2405 1307 2423 :
1322 2396 1380 2424 Non
1397 2397 1475 2425 decet
1491 2406 1505 2424 a
1519 2398 1615 2432 capite.
1670 2399 1681 2414 ⁸
1696 2398 1784 2427 lCor.
1797 2408 1841 2426 xu.

1138 2431 1147 2458 l
1172 2438 1197 2458 et
1213 2432 1280 2458 Sixti
1296 2440 1371 2458 name
1386 2432 1428 2458 Ill.
1480 2433 1499 2448 “
1515 2434 1626 2458 Adrian.
1639 2434 1704 2458 coll.
1725 2435 1743 2458 3
1760 2440 1787 2458 et
1800 2435 1841 2458 67.

1538 2434 1626 2460 drian.
1639 2434 1704 2461 coll.
1725 2435 1743 2461 3
1760 2440 1787 2462 et
1800 2435 1841 2461 67.

1538 2476 1584 2498 ἸΙΙ,
1598 2468 1642 2496 50.
1683 2469 1704 2484 ¹⁶
1717 2469 1842 2503 Prosperi

1153 2502 1175 2517 ⁸⁸
1189 2509 1266 2539 conc.
1278 2501 1407 2539 Rom._v1,
1423 2501 1649 2539 sulrSymmaeho
1665 2511 1748 2539 papa,
1762 2501 1802 2535 Μ’,
1815 2512 1840 2537 q.

220 2536 247 2565 5,
261 2535 393 2572 lnjustqu
403 2534 634 2572 judicium.ete.'_”
646 2535 674 2572 S.
687 2535 813 2572 Pyrosperi
830 2540 899 2572 sent.
914 2536 974 2572 179,
989 2536 1143 2572 cx_S.Aug.
1153 2534 1345 2572 isCoul'esse
1360 2536 1386 2572 9.
1426 2537 1448 2552 ²⁰
1459 2534 1579 2570 ejusdem
1594 2545 1627 2563 ex
1640 2534 1748 2565 eiidém'
1759 2539 1786 2564 in
1797 2534 1840 2572 ps.

220 2577 296 2596 1cm.
335 2571 357 2586 "
372 2570 505 2603 S._’Ambr.
523 2570 627 2603 ep.[2i.

219 2605 350 2632 detractis
371 2605 506 2632 additisve
519 2604 682 2639 quibusdam
705 2605 879 2639 interpolata.

255 2661 312 2695 (58)
341 2660 418 2688 Nulli
440 2670 499 2688 vero
523 2661 642 2688 dubium.
678 2661 828 2688 Romanam
856 2661 1003 2689 Ecclesiam

219 2700 334 2723 matrem
358 2701 384 2723 et
399 2701 481 2730 caput
502 2703 563 2723 esse
582 2697 703 2723 omnium
734 2697 849 2723 aliarum
870 2697 1005 2724 Ecclesia—

219 2738 291 2763 rum,
307 2731 419 2758 evidens
437 2731 623 2758 testimonium
643 2736 735 2757 uolatu
754 2731 943 2765 dignissimum
962 2732 1005 2759 hic

219 2765 355 2801 traditur:
373 2766 450 2799 plura
477 2765 630 2801 testimonia
649 2767 706 2794 \ide
728 2767 797 2801 apud
816 2766 942 2794 Bcllarm.
967 2767 1004 2793 Dc

218 2799 294 2826 lium.
312 2805 385 2835 pont.
400 2801 463 2826 Ser.
481 2800 582 2827 limus.

666 2571 688 2586 "
701 2569 728 2596 S.
742 2569 797 2596 Leo
809 2578 852 2604 ep.
867 2570 911 2597 52.
949 2571 972 2586 ¹²
985 2571 1012 2597 S.
1027 2570 1081 2599 Leo
1096 2569 1139 2605 ep.
1161 2571 1206 2602 51,
1234 2572 1313 2605 cujus
1330 2570 1410 2597 verba
1431 2576 1459 2597 ut
1474 2569 1682 2604 praecedentium
1699 2569 1841 2600 auctorum

1095 2662 1150 2697 (59)
1165 2662 1266 2689 Memor
1276 2661 1344 2697 enim
1356 2669 1424 2691 sum,
1437 2670 1476 2688 me
1490 2662 1536 2688 sub
1554 2662 1626 2689 illitis
1639 2663 1745 2689 nomine
1758 2663 1841 2689 Eccle-

1058 2695 1105 2724 εἰῶ
1124 2697 1274 2731 praesidere.
1291 2695 1442 2722 Retuanum
1468 2697 1622 2731 pontiﬁcem
1653 2706 1838 2724 successorem

1057 2730 1128 2759 Petri
1156 2739 1231 2761 esse.
1257 2731 1300 2757 hic
1326 2730 1470 2758 indicatur.
1500 2730 1580 2757 Plura
1609 2733 1766 2759 testimonia
1782 2733 1839 2758 \"Iilu

1058 2767 1127 2800 apud
1144 2765 1297 2803 ilcllariuiu.
1322 2765 1357 2791 De
1378 2765 1490 2803 Ιιξφιιιίιιιἶ
1512 2772 1583 2799 pont.
1610 2766 1656 2794 lib.
1673 2775 1703 2800 tt,
1722 2769 1839 2803 capp”,

1059 2807 1083 2828 ut
1101 2801 1191 2828 multis
1207 2800 1267 2827 aliis
1281 2801 1463 2834 :equcnlibus.
1485 2801 1520 2828 lu.
