1883 3056
64 140 99 167 1‘35

59 202 175 234 p-tagatut'.
191 194 320 227 Quoniam
337 202 382 223 res
397 203 492 223 omnes
505 196 582 222 aliter
596 199 659 222 tuta:
674 202 733 222 csse
749 203 804 222 non
819 199 840 226 Α

59 247 151 279 possunt,
171 241 228 272 nisi,
247 248 309 275 qua)
334 241 369 268 ad
390 241 475 268 divini
499 241 620 269 muneris
639 241 799 268 famulatum

59 288 178 323 pertinent,
200 284 376 312 sacerdotalis
402 285 527 312 defendat
550 285 710 312 auctoritas.
737 284 801 311 Data

57 332 166 359 undecimo
183 329 313 357 Kalendas
337 329 510 361 Decembris,
535 329 674 357 Antonino
695 332 722 356 ct
740 328 802 355 Ale-

57 377 133 404 xandro
146 375 204 402 viris
219 374 380 403 clarissimis
395 375 553 403 consulibus
563 374 596 402 ³⁸.

296 440 466 468 EPISTOLA
486 440 518 467 ll.

173 495 204 514 AD
224 495 311 514 OINES
330 494 482 514 GALLIARU!
502 493 651 514 EPISCOPOS.

53 544 80 570 De
96 541 317 576 causpirutionibus
342 546 366 567 et
387 541 495 575 reliquis
522 541 627 567 illicitis
652 541 749 574 causis,
770 549 802 568 ne

74 579 136 612 ﬁant,
150 577 211 603 etde
228 577 395 608 reparatione
409 576 477 609 lapsi
495 582 553 610 post
570 576 763 610 paenitentiam.

76 621 240 650 D.Iectissimis
256 621 386 648 fratribus
401 628 448 655 per
455 620 557 648 Gallias
568 621 733 654 constitutis,
743 621 804 648 uni—

52 667 115 694 versis
132 666 269 700 episcopis,
286 665 450 691 CALLISTUS.

82 711 245 738 Plurimorum
275 710 360 736 relatu
385 709 569 743 comperimus
588 709 610 725 ’⁵
635 709 804 736 dilectionem

51 761 140 783 \Pslram
159 755 263 782 fervore
277 754 396 789 Spiritus
410 754 495 781 sancti
514 753 550 781 ita
567 753 693 781 Ecclesiae
705 754 803 789 guber—

51 802 122 829 uacula
135 800 241 827 ﬁrmiter
255 804 352 827 contra
369 799 486 834 impetus
504 803 595 826 tenere
610 803 636 826 et
652 807 756 834 regere,
771 803 801 827 ut

50 847 160 882 naufragia
168 850 212 873 aut.
222 845 430 880 naufragiorum
440 845 610 878 detrimenta,
620 845 676 873 Deo
684 850 803 878 auctore,

50 902 88 919 non
109 893 206 920 sentiat.
242 891 360 919 Talibus
392 891 476 926 igitur
507 891 655 926 gloriantes
684 891 802 923 indiciis,

50 946 171 973 rogamus,
207 945 243 965 ne
275 937 304 963 in
338 937 392 964 illis
420 936 544 971 partibus
577 941 671 964 contra
704 941 804 964 statuta

49 983 167 1017 apostolica
191 981 344 1016 quidquam
370 981 427 1008 ﬁeri
445 980 552 1013 sinatis,
569 980 616 1008 sed
633 984 728 1007 nostra
745 979 804 1007 fulti

49 1027 186 1060 auctoritate,
199 1027 297 1055 nociva
315 1025 587 1061 compescite,illicita
600 1025 750 1061 prohibete.

403 1093 425 1121 Ι.

50 1140 77 1166 De
91 1141 116 1172 iis
131 1141 170 1175 qui
187 1140 344 1175 conspirant
364 1140 488 1180 adversus
500 1139 644 1174 episcopos,
657 1137 696 1165 vel
707 1138 752 1173 qui
766 1138 805 1166 eis

337 1179 511 1202 consentiunt.

73 1221 293 1255 Conspirationntn
310 1228 376 1248 vero
392 1220 507 1248 crimina
520 1219 620 1247 vestris
635 1219 662 1246 in
680 1219 804 1254 partibus

50 1266 116 1300 vigere
131 1267 282 1294 audivimus
293 1287 302 1299 ,
319 1271 347 1294 et
360 1265 453 1300 plebes
468 1269 564 1293 contra
579 1265 723 1300 episcopos
739 1272 805 1292 suos

50 1313 175 1346 conspirare
199 1312 282 1340 nobis
308 1310 514 1339 manifestatum
532 1311 555 1326 ’⁸
571 1316 622 1338 est.
643 1310 729 1343 Cujus
749 1310 804 1337 cri—

50 1357 108 1384 minis
118 1357 210 1385 astutia
223 1366 278 1385 non
297 1357 387 1384 solum
404 1357 475 1384 inter
502 1356 674 1384 Christianos
700 1356 806 1383 abomi-

50 1402 124 1429 nabilis
135 1407 190 1429 est:
207 1402 253 1429 sed
270 1402 355 1429 etiam
373 1402 444 1429 inter
457 1401 597 1434 ethnicos,
611 1405 637 1428 et
653 1401 687 1428 ab
703 1400 806 1428 exteris

49 1443 130 1482 legibus
149 1448 296 1482 prohibita.
325 1446 360 1474 Et
377 1447 481 1474 idcirco
499 1446 581 1481 hujus
601 1446 725 1474 criminis
746 1454 806 1473 reos

50 1500 90 1518 non
106 1493 183 1520 solum
202 1493 419 1525 ecclesiasticae,
440 1493 487 1520 sed
505 1493 586 1519 etiam
609 1492 706 1519 saeculi
730 1491 807 1518 dam-

49 1542 98 1564 nant
112 1537 195 1572 leges:
208 1543 237 1566 et
251 1546 311 1566 non
328 1538 417 1566 solum
434 1534 640 1572 conspirantes,
663 1537 709 1564 sed
725 1539 807 1564 etiam
820 1534 841 1562 C

48 1583 204 1610 tonsentientes
225 1583 265 1610 eis
282 1583 318 1609 "’.
338 1583 534 1610 Antecessores
553 1590 619 1610 vero
636 1582 720 1610 nostri
744 1590 805 1610 cum

47 1626 137 1658 plurima
146 1628 221 1655 turba
235 1628 443 1663 episcoporum.
452 1628 608 1663 quicunque
623 1635 717 1654 eorum
726 1628 753 1654 in
763 1635 807 1654 sa-

50 1672 150 1700 cerdotali
169 1674 274 1701 honore
288 1678 355 1700 sunt
367 1673 466 1708 positi,
484 1677 532 1700 aut
544 1674 680 1701 exsistunt
699 1674 806 1707 clerici,

49 1716 140 1750 honore,
157 1726 208 1753 quo
227 1722 359 1752 utuntur,
377 1717 475 1745 cadere
489 1718 512 1734 ’³
527 1722 714 1753 ριίθοθρετυηι
729 1727 735 1744 :
753 1725 805 1744 ca:—

49 1767 100 1789 teros
114 1770 170 1790 vero
185 1763 384 1791 communione
401 1763 518 1798 privari,
534 1769 561 1791 et
577 1764 612 1790 ab
626 1753 746 1790 Ecclesia
760 1771 807 1790 ex-

48 1810 112 1834 turrcs
135 1808 189 1835 ﬁeri
204 1809 371 1843 jusserunt;
387 1815 537 1842 omnesque
559 1809 641 1838 simul
663 1809 807 1843 utriusque

47 1853 127 1879 ordinis
142 1853 212 1882 viros
230 1854 353 1881 infames
371 1861 433 1880 esse
449 1858 615 1881 censuerunt
629 1862 636 1886 ς
653 1859 680 1880 et
697 1861 748 1879 non
764 1861 807 1880 so-

47 1897 87 1923 lum
102 1899 234 1933 facientes,
256 1901 305 1928 sed
324 1906 350 1928 et
365 1902 402 1928 eis
423 1902 620 1928 consentientes.
641 1900 749 1928 Justum
766 1905 808 1928 est

46 1943 99 1969 cuitu
114 1946 143 1978 ”,
157 1951 184 1973 ut
209 1948 258 1981 qui
283 1947 378 1974 divina
400 1951 579 1974 contemnunt
603 1947 729 1974 mandata
743 1966 750 1979 ,
777 1951 804 1974 et

47 1987 203 2019 iuobedienles
212 1997 325 2026 patrum
339 1992 476 2020 exsistunt
484 1991 656 2026 jussionihus
666 2011 673 2024 ,
687 1992 808 2019 severio-

46 2034 103 2062 ribus
117 2038 288 2072 cnrrigsitur
308 2038 455 2070 vindiciis,
477 2042 611 2073 quatenus
630 2038 719 2065 caeteri
742 2037 807 2065 talia

47 2082 188 2110 committere
202 2084 338 2116 timeant,
351 2088 379 2111 et
390 2091 486 2111 omnes
502 2085 637 2118 gaudeant
650 2083 672 2099 ³ο
687 2083 808 2112 fraterna

46 2128 162 2155 concordia
173 2149 179 2159 .
195 2133 224 2156 et
240 2129 338 2156 cuncti
356 2133 466 2156 sumant
486 2129 640 2156 severitatis
657 2134 739 2163 atque
760 2130 808 2156 ho-

47 2171 116 2199 uitatis
126 2173 363 2208 exemplum.Nam
374 2175 408 2206 si,
416 2174 489 2209 quod
501 2174 581 2205 absit,
593 2175 808 2203 ecclesiasticam

46 2215 228 2245 sollicitudinem
242 2218 264 2234 ³¹
280 2218 461 2253 vigoremque
474 2219 646 2254 negligimus,
660 2220 748 2253 perdit
761 2219 808 2247 de-

46 2260 95 2286 sidia
111 2262 300 2297 disciplinam,
323 2268 352 2291 et
374 2264 518 2291 animabus
541 2264 661 2291 fidelium
688 2264 808 2299 profecto

48 2306 172 2335 nocebitur.
192 2307 226 2335 Hi
247 2316 314 2336 vero
335 2308 364 2335 in
387 2309 490 2336 nullius
514 2310 718 2337 accusationem
743 2315 807 2338 sunt

67 2362 84 2377 "
95 2371 150 2390 ann.
164 2366 226 2393 222.
266 2367 307 2402 γη
319 2366 480 2402 Ῠδὶιηριίεἰυε
496 2375 539 2402 ep.
552 2368 577 2395 1.

45 2394 78 2422 Gr.
97 2402 162 2426 textu
184 2401 295 2428 concilii
312 2394 440 2429 Chalced.

46 2433 144 2462 gaudeat.
180 2436 201 2451 ³¹
220 2435 250 2462 S.
268 2436 350 2471 Greg.
381 2444 423 2471 ep.
449 2436 479 2463 Η
495 2457 503 2468 .
531 2433 587 2465 libs
602 2433 650 2465 κιῖ.

46 2470 103 2505 [ξιφξ
123 2477 227 2505 quoque
254 2479 281 2497 a.
346 2471 369 2486 ³⁸
398 2470 494 2505 Apost.
523 2480 584 2499 can.
603 2472 706 2505 11,12.

46 2499 138 2549 fieri
145 2499 218 2549 ,φῖ-ν.
232 2506 279 2549 ίδτ
331 2506 352 2521 ³⁸
362 2499 491 2549 Nisum.
519 2499 669 2549 οοηξι-ἐτ

48 2536 71 2560 1:
84 2536 166 2566 Nullus
179 2540 285 2574 primas
297 2561 305 2573 ,
323 2541 381 2568 nul.
419 2540 440 2557 ⁸¹
453 2541 518 2569 Adr.
536 2543 589 2570 col.
605 2542 649 2569 45.

634 2369 656 2384 ’⁸
670 2369 826 2396 mandatum

73 2606 212 2643 “Ol-luna
241 2610 423 2643 apostolorum
455 2610 658 2637 institutionem.
686 2610 811 2640 Canoncs

48 2641 218 2680 ipsismlorunir
234 2641 266 2680 Π
291 2647 320 2671 et
342 2645 376 2671 l2
405 2645 543 2680 intelligit,
564 2645 590 2672 in
603 2653 720 2680 quorum
739 2647 811 2674 notis

108 2684 168 2736 ﬁliae
193 2679 319 2706 diximus
343 2680 378 2707 de
411 2673 657 2708 “communicatis
682 2673 810 2709 vitandis;

70 2716 96 2735 ἓν.
108 2716 160 2738 1511(-

61 2743 203 2785 liti-Quod
215 2748 249 2774 ab
267 2749 408 2785 apostolis.
429 2748 542 2785 rCanonc
555 2749 590 2777 55
605 2754 632 2776 et
648 2749 693 2782 36,
710 2750 810 2784 quibus

50 2781 140 2819 sfﬁﬁulis
163 2783 302 2818 episcopis
330 2784 478 2819 apostolica
507 2785 564 2819 lege
593 2781 759 2819 prmcipitur,
778 2793 810 2812 nc

51 2810 187 2853 [litéceseos-
200 2810 266 2844 suae.
287 2810 419 2844 terminos
450 2810 699 2853 trattsg’rediattttur',
715 2810 808 2846 ieiuni

52 2852 121 2879 [mlius
135 2851 231 2887 tinguli
262 2853 336 2880 intra
368 2861 431 2881 suos
456 2851 607 2882 ﬁllCe‘HSt‘Sc
637 2854 807 2882 cutttincaut.

763 135 952 163 EPISTOLAZ.

457 2422 464 2433 ,
485 2410 510 2429 c.
538 2403 572 2430 28
582 2423 589 2435 ,
604 2403 700 2438 legitur
714 2404 930 2433 ὲκπιπτέτωσαν.
999 2403 1089 2439 ηὖό,
1103 2415 1130 2441 q.
1145 2408 1162 2433 5
1174 2415 1180 2433 :
1194 2406 1204 2433 J

457 2436 479 2463 ll
495 2457 503 2468 ,
531 2437 577 2465 lib.
602 2447 650 2476 uti.
667 2438 725 2476 _”
739 2438 867 2476 λίψ-ὀὶ
885 2441 1090 2476 Conspiratorcs
1107 2442 1132 2467 in
1147 2442 1204 2468 nul.

737 2508 741 2514 .
776 2474 833 2514 ’ξ’-ΙΙ
845 2473 912 2514 gon
929 2473 978 2514 vr’,‘
992 2477 1034 2514 ll.

724 2509 764 2535 tit.
782 2509 830 2542 16,
844 2509 891 2538 lib.
907 2519 944 2544 tv,
959 2511 1026 2538 Cod.
1042 2510 1146 2538 Tltcod.

1588 137 1638 165 i946

857 192 1006 228 recipiendi
1022 191 1055 225 ⁸¹,
1081 199 1131 219 nec
1150 191 1253 219 'eorum
1280 191 1322 218 vel
1347 193 1639 222 anathematizatorum

852 246 920 271 vox,
939 238 1024 266 ullum
1042 245 1141 265 nocere
1158 237 1205 265 vel
1219 244 1350 264 accusare
1364 242 1464 272 potest.

1235 293 1267 320 Il.

853 343 892 371 De
911 343 944 370 iis
963 344 1008 378 qui
1027 341 1262 402 excommuni‘qaqiz
1292 341 1504 374 communicant,
1527 342 1566 370 uel
1583 342 1632 378 inii

1212 384 1244 402 et
1265 383 1305 402 us.

1212 383 1305 402 etwus.

891 422 1149 450 Excommunicatos
1167 429 1275 456 quoque
1293 429 1307 448 a
1325 421 1513 450 sacerdotibus
1530 423 1563 456 ",
1577 424 1640 450 nul-

851 468 898 496 lus
912 468 1027 503 recipiat
1041 471 1104 495 ante
1119 467 1262 502 utriusque
1277 467 1362 501 partis
1375 468 1477 502 justam
1494 469 1637 496 examina-

854 516 954 542 tionem
968 522 1019 541 nec
1033 521 1094 541 cum
1108 513 1149 540 eis
1163 512 1189 539 in
1202 512 1338 546 oratione,
1353 517 1399 540 aut
1413 513 1484 545 cibo,
1499 518 1546 541 aut
1559 519 1642 549 potu,

855 565 902 587 aut
921 559 1016 587 osculo
1036 558 1239 590 communicet,
1261 565 1312 585 nec
1332 565 1381 585 ave
1400 558 1441 586 eis
1459 559 1532 586 dicat
1552 568 1559 586 ;
1577 560 1642 594 quia

854 605 1014 640 quicunque
1032 604 1059 631 in
1080 603 1123 630 his
1140 603 1180 629 vel
1199 603 1261 630 aliis
1280 603 1442 638 prohibitis,
1458 605 1576 632 scienter
1594 613 1642 632 ex-

854 649 1066 677 communicatis
1082 648 1328 676 communicaverit
1338 669 1345 681 ,
1358 649 1438 683 juxta
1454 651 1641 684 apostolorum

855 695 1055 723 institutionem
1070 693 1126 729 (40)
1136 714 1143 725 ,
1159 699 1185 721 et
1195 694 1253 728 ipse
1265 694 1346 721 simili
1360 694 1643 723 excommunicatione
1664 692 1670 695 ’

856 741 1010 776 subjacebit
1022 741 1054 768 ".
1071 741 1112 768 Ab
1128 741 1171 768 his
1186 748 1251 776 ergo
1269 741 1360 768 clerici
1378 745 1405 767 et
1425 740 1486 767 laici
1507 748 1536 768 se
1556 740 1642 768 absti-

854 791 957 820 neant,
977 786 1024 821 qui
1043 787 1138 814 eadem
1159 786 1216 821 pati
1232 786 1379 813 noluerint.
1397 786 1557 814 Inlidelihus
1573 794 1643 821 quo-

856 840 909 867 que
926 832 1010 859 nolite
1026 831 1173 867 conjungi,
1192 839 1242 859 nec
1259 839 1320 859 cum
1337 833 1378 859 eis
1393 831 1476 859 ullam
1495 832 1643 866 participa-

856 875 957 902 tionem
981 875 1092 902 habere.
1119 874 1195 902 Talia
1216 882 1281 902 vero
1307 880 1436 910 agentes,
1460 884 1514 903 non
1530 876 1642 907 ﬁdeles,

855 921 902 948 sed
918 921 1041 949 inﬁdeles
1054 921 1226 956 judicantur.
1247 921 1325 949 Unde
1341 922 1379 949 ait
1392 922 1538 957 Apostolus
1552 931 1558 949 :
1579 923 1645 954 Qua:

855 975 918 1002 pars
936 967 1010 1002 ﬁdeli
1027 975 1086 993 cum
1101 967 1204 1002 inﬁdeli
1218 968 1230 994 ?
1246 971 1293 994 aut
1306 975 1364 1002 qua:
1377 968 1546 1002 participatio
1558 967 1644 1002 justi-~

856 1014 902 1040 tite
917 1021 976 1039 cum
993 1013 1133 1047 iniquitate
1151 1012 1197 1039 ³η

1224 1077 1269 1105 lli.

858 1134 891 1162 Ut
904 1134 992 1161 trullas
1006 1135 1143 1170 episcopus
1156 1134 1187 1161 de
1201 1133 1310 1170 alterius
1321 1134 1448 1170 parochia
1460 1133 1562 1168 aliquid
1577 1141 1644 1169 prte—

944 1168 1029 1197 sumat
1040 1190 1047 1202 ,
1063 1175 1086 1196 et
1105 1170 1137 1196 de
1154 1168 1346 1195 mutationibus
1364 1169 1554 1202 episcoporum.

892 1225 977 1253 Nemo
995 1233 1105 1260 quoque
1123 1224 1235 1251 alterius
1256 1224 1387 1251 terminos
1407 1228 1520 1259 usurpet
1537 1224 1569 1255 ".
1591 1232 1643 1251 nec

857 1272 968 1299 alterius
983 1271 1179 1306 parochianum
1192 1269 1316 1304 judicare
1331 1274 1378 1296 aut
1404 1270 1645 1297 excommunicare

858 1319 1005 1352 praesumat
1019 1324 1026 1347 ;
1041 1315 1104 1350 quia
1117 1314 1179 1342 talis
1193 1314 1325 1348 iudicatio
1340 1314 1382 1340 vel
1395 1313 1533 1340 ordinatio
1547 1314 1581 1346 ³⁷,
1598 1319 1646 1341 aut

858 1358 1122 1390 excommunicatio,
1137 1357 1180 1384 vel
1195 1357 1350 1390 damnatio,
1367 1365 1416 1384 nec
1431 1361 1489 1384 rata
1505 1357 1572 1389 erit,
1591 1365 1643 1385 nec

858 1404 930 1431 vires
945 1403 1014 1431 ullas
1027 1403 1154 1436 habebit;
1170 1403 1300 1438 quoniam
1323 1403 1415 1431 nullus
1439 1403 1552 1430 alterius
1571 1402 1645 1437 judi-

857 1449 907 1481 cis,
923 1448 977 1476 nisi
989 1448 1049 1481 sui,
1060 1451 1194 1478 sententia
1209 1448 1357 1481 tenebitur,
1368 1452 1416 1474 aut
1427 1447 1601 1474 damnabitur
1610 1447 1642 1473 ³³.

859 1494 937 1522 Unde
950 1498 978 1522 et
991 1493 1124 1521 Dominus
1138 1493 1260 1528 loquitur
1275 1493 1368 1520 dicens
1382 1503 1389 1520 :
1408 1492 1449 1520 Ne
1465 1493 1645 1528 transgredio-

858 1541 896 1566 ris
916 1540 1042 1567 terminos
1058 1540 1179 1574 antiquos
1190 1558 1198 1571 ,
1213 1547 1278 1574 quos
1292 1545 1433 1574 posuerunt
1450 1544 1538 1573 patres
1555 1538 1595 1565 tui
1608 1538 1643 1565 ".

857 1587 956 1614 Nullus
971 1591 1063 1614 autem
1079 1586 1182 1621 primas
1197 1585 1238 1612 vel
1255 1585 1481 1620 metropolitanus
1496 1584 1644 1612 diuicesani

857 1632 999 1659 ecclesiam
1011 1632 1053 1658 vel
1078 1630 1237 1666 parochiam
1259 1631 1293 1663 ⁸ο,
1315 1635 1362 1657 aut
1381 1630 1499 1664 aliquem
1523 1630 1557 1658 de
1583 1630 1644 1665 ejus

856 1677 985 1711 parochia
1003 1680 1150 1711 praesumat
1170 1675 1409 1702 excommunicare
1431 1675 1473 1702 vel
1499 1675 1642 1709 judicare,

858 1721 901 1748 vel
921 1721 1024 1755 aliquid
1040 1728 1120 1755 agere
1136 1720 1240 1754 absque
1255 1720 1316 1754 ejus
1334 1720 1451 1747 consilio
1466 1720 1508 1746 vel
1520 1719 1644 1754 judicio:

858 1765 905 1791 sed
922 1765 974 1791 hoc
989 1764 1134 1796 observet,
1153 1764 1227 1798 quod
1243 1764 1277 1791 ab
1292 1764 1423 1799 apostolis
1439 1763 1495 1799 (41)
1511 1771 1542 1791 ac
1557 1763 1645 1798 patri-

857 1809 909 1836 bus
926 1813 952 1836 et
971 1808 1220 1843 pmdecessoribus
1239 1809 1343 1836 nostris
1361 1813 1403 1836 est
1421 1813 1574 1841 statutum,
1590 1813 1617 1836 et
1630 1817 1645 1835 a

859 1854 940 1881 nobis
956 1854 1148 1882 conﬁrmatum
1162 1863 1170 1881 ι
1188 1854 1214 1881 id
1232 1858 1276 1881 est
1288 1855 1323 1888 δι,
1340 1855 1363 1882 si
1378 1854 1441 1888 quis
1459 1854 1647 1888 metropolita-

859 1907 911 1927 nus
939 1899 1105 1934 episcopus,
1130 1899 1184 1927 nisi
1212 1900 1284 1934 quod
1311 1900 1344 1927 ad
1371 1907 1449 1927 suam
1472 1899 1646 1927 solummodo

859 1945 998 1980 propriam
1015 1945 1134 1978 pertinet
1148 1945 1306 1979 parochiam
1317 1966 1325 1979 ,
1343 1946 1403 1973 sine
1419 1945 1535 1973 consilio
1549 1951 1581 1971 ac
1596 1952 1646 1972 vo-

859 1991 964 2018 luntate
987 1991 1110 2017 omnium
1136 1991 1410 2026 comprovincialium
1434 1992 1647 2026 episcoporum,

859 2041 937 2063 extra
953 2035 1055 2070 aliquid
1073 2043 1153 2070 agere
1169 2037 1333 2069 tentaverit,
1351 2037 1451 2072 gradus
1465 2037 1506 2064 sui
1524 2037 1646 2071 periculo

859 2081 1013 2115 subjaccbit
1025 2089 1033 2110 :
1045 2086 1072 2108 et
1085 2082 1156 2116 quod
1173 2083 1277 2116 egerit,
1292 2082 1400 2109 irritttm
1416 2082 1548 2109 habeatur
1562 2086 1590 2108 et
1605 2089 1647 2108 va-

859 2135 941 2155 cuum
960 2137 966 2155 :
991 2128 1039 2155 sed
1066 2128 1199 2163 quidquid
1220 2129 1253 2155 de
1276 2129 1486 2163 provincialium
1505 2129 1647 2163 coepisco-

861 2181 959 2208 porum
983 2174 1090 2206 causis,
1117 2181 1268 2209 eorumque
1290 2175 1469 2202 ecclesiarum
1485 2180 1512 2201 et
1532 2174 1645 2201 clerico-

862 2227 923 2247 rum
952 2224 1033 2254 atque
1055 2221 1229 2248 saecularium
1257 2221 1470 2249 necessitatibus
1495 2228 1574 2255 agere
1600 2225 1647 2247 aut

862 2266 1008 2300 disponere
1027 2274 1140 2295 necesse
1159 2267 1263 2301 fuerit,
1284 2268 1337 2296 hoc
1356 2276 1419 2295 cum
1439 2267 1562 2294 omnium
1582 2274 1648 2294 con-

863 2319 945 2339 sensu
966 2314 1239 2348 comprovincialium
1263 2318 1360 2348 agatur
1383 2312 1540 2347 poutilicum
1568 2312 1646 2347 (42);

874 2370 896 2386 ’⁷
912 2370 993 2399 Rom.
1010 2379 1032 2404 ι,
1051 2372 1096 2399 52.
1146 2372 1168 2388 ³⁸
1182 2379 1294 2399 carere:
1312 2372 1348 2398 ita
1364 2375 1391 2398 et
1415 2379 1466 2398 ms.
1484 2369 1554 2397 Just.
1570 2374 1597 2396 at
1620 2370 1648 2396 in

999 2407 1021 2422 "
1037 2407 1089 2439 '53,
1103 2415 1130 2441 q.
1145 2408 1162 2433 5
1174 2415 1180 2433 :
1194 2406 1301 2434 Justum
1315 2411 1357 2433 est
1368 2425 1375 2438 ,
1394 2410 1422 2441 ut
1434 2405 1490 2441 qui.
1540 2405 1561 2420 ³⁸
1577 2404 1647 2441 Deus

1254 2440 1277 2456 ³³
1291 2441 1321 2467 21
1334 2460 1341 2472 ,
1359 2449 1386 2474 q.
1401 2440 1418 2466 5
1433 2449 1439 2467 :
1455 2439 1649 2466 Excommuni-

1083 2476 1105 2491 "
1122 2476 1148 2508 9,
1162 2484 1187 2511 q.
1205 2475 1241 2511 27:
1259 2475 1356 2502 Nullus
1378 2475 1490 2511 alterius
1504 2474 1646 2511 terminus.

1184 2511 1205 2526 ³⁹
1221 2510 1300 2538 Prov.
1317 2518 1386 2542 xxtt,
1400 2509 1447 2536 28.
1512 2509 1534 2524 ⁸⁰
1561 2509 1588 2541 9,
1619 2516 1646 2542 q.

866 2609 1023 2645 Videiquae
1051 2609 1171 2637 diximus
1195 2608 1221 2635 in
1249 2607 1322 2635 notis
1344 2607 1379 2634 ad
1407 2606 1537 2641 allegatos
1564 2611 1649 2632 cano-
1680 2627 1685 2641 π

865 2653 925 2672 nes.
942 2644 981 2671 ln’.

901 2679 957 2714 (42)
978 2677 1245 2714 Comprovincialium
1270 2682 1366 2712 agatur
1381 2675 1551 2714 pontiﬁcum.“
1559 2673 1649 2714 Locus

866 2709 1013 2746 notabilis,
1039 2709 1112 2741 unde
1140 2709 1297 2747 perspicaci
1316 2709 1427 2738 constat
1450 2709 1649 2747 rponliticisyt

864 2749 984 2784 episcopi
998 2744 1095 2775 nomen
1114 2744 1260 2784 comm-une
1287 2746 1510 2784 fuisseyomnihus
1522 2744 1648 2784 _onmino

863 2779 998 2818 episcopis
1012 2784 1136 2810 Romano
1153 2783 1283 2818 dignitate
1298 2786 1324 2809 et
1346 2781 1434 2818 cilicio
1450 2779 1644 2818 inferioribus;

863 2814 985 2853 adeoque
1001 2819 1101 2845 nomini
1131 2814 1231 2843 mit-itm
1248 2817 1330 2843 videri
1359 2816 1464 2847 delicat,
1493 2814 1647 2853 Romanum

863 2848 1016 2888 pontiﬁcem
1033 2859 1057 2880 et
1075 2853 1242 2887 episcopum,
1261 2852 1304 2878 cui
1321 2852 1439 2878 tuuxitna
1460 2858 1524 2878 cura
1553 2848 1647 2876 Eccle-
