1883 3056
43 100 74 127 κῃ
737 92 929 121 ειδιδτοιιιε.

1565 99 1616 127 I30

58 153 221 183 nnsemts.“os
232 159 295 187 ergo
319 153 415 181 saeculi
439 153 510 188 leges
530 152 713 186 interficiunt,
731 153 777 180 sed
794 155 814 182 Δ
829 153 901 180 enim
917 153 939 169 ⁶⁹
956 158 1077 188 tempore
1099 154 1269 190 indigemus,
1293 159 1322 182 ut
1346 156 1448 191 aliquid
1474 159 1612 186 maturius

55 207 98 229 nos.
110 198 267 225 misericordia
284 203 444 232 praeeunte,
462 198 511 226 sub
528 198 647 226 infamiae
663 203 727 226 nota
744 199 776 225 ad

54 243 189 279 penitentiam
203 242 358 278 recipimus.
376 243 465 278 Ipsam
483 251 592 278 quoque
617 244 757 270 infamiam
769 264 776 276 ,

51 297 85 324 qua
95 293 142 316 sunt
152 289 245 323 aspersi
256 310 264 322 ,
279 289 372 316 delere
389 297 445 316 non
465 296 612 324 possumus
625 312 633 323 ,
652 289 697 316 sed
718 290 779 315 atti-

51 343 89 361 mas
100 342 172 361 eorum
186 341 229 368 per
243 335 433 369 paenitentiam
448 335 584 369 publicam
605 339 632 362 et
652 334 780 362 Ecclesiae

47 379 212 406 satisfactionem
238 387 338 407 sanare
363 380 489 415 cupimus
505 400 512 412 ,
544 380 608 415 quia
636 380 777 407 manifesta

47 429 123 458 peccata
135 432 180 452 non
196 429 261 452 sunt
274 426 381 452 occulta
396 426 567 453 correctione
582 426 722 460 purganda
745 426 777 452 ⁵⁷.

43 471 113 497 Umnes
124 477 180 505 ergo
193 470 237 505 qui
256 470 283 497 in
299 476 372 498 recta
389 470 441 498 ﬁde
456 472 575 506 suspecti
591 476 673 504 sunt,
688 471 715 498 in
733 479 780 499 ac-

43 516 147 542 cusatione
159 515 326 542 sacerdotum
340 519 366 542 et
379 523 473 542 eorum
484 536 492 548 ,
507 523 587 550 super
599 523 716 551 quorum
729 517 781 543 ﬁde

41 568 76 586 non
86 560 214 592 hrcsitatur,
228 560 344 587 minime
355 561 533 595 recipiantur,
546 566 573 589 et
584 562 610 588 in
627 562 780 589 testimonio

42 605 127 631 humano
144 605 211 631 dubii
228 605 393 632 habeantur.
425 605 560 632 Infirmari
585 614 649 641 ergo
675 611 782 641 oportet

40 657 106 676 corum
120 657 201 677 vocem
212 671 218 682 ,
233 650 271 676 de
284 658 401 684 quorum
415 651 466 677 ﬁde
479 651 628 684 dubitatur,
645 660 695 679 nec
707 652 746 679 eis
759 652 781 668 ⁷⁸

39 696 118 722 omnino
125 703 176 723 esse
187 695 365 729 credendum,
377 697 424 730 qui
439 700 538 724 rectam
553 697 630 725 ﬁdem
645 698 779 733 ignorant.

39 738 176 770 Quarendum
191 743 229 766 est
249 747 318 774 ergo
331 740 357 766 in
368 740 469 774 judicio
481 741 515 757 σθ’
528 742 606 775 cujus
619 742 654 768 sit
667 750 782 769 conver-

38 784 120 811 sationis
139 789 163 811 et
180 784 239 811 ﬁdei
253 805 262 816 ,
279 784 302 812 is
317 785 363 819 qui
380 791 507 819 accusat,
523 791 550 814 et
566 787 589 814 is
604 787 650 821 qui
667 794 782 814 accusa-

830 206 951 233 agamus.
981 197 1036 225 Nec
1053 200 1257 234 prmcipitemus
1275 201 1388 228 consilia
1406 206 1433 228 et
1451 210 1532 236 opera
1549 210 1615 229 nos-

831 248 886 277 tra,
911 252 998 279 neque
1019 245 1141 272 ordinem
1161 254 1379 281 corrumpamus.
1406 247 1457 275 Sed
1476 248 1498 275 si
1515 248 1616 283 aliquis

829 289 924 324 lapsus
940 296 1105 324 quocunque
1136 292 1218 318 modo
1250 291 1354 325 fuerit,
1386 300 1440 319 non
1467 293 1617 327 perdamus

832 341 894 361 eum
911 334 944 367 "",
966 335 1011 361 scd
1031 334 1151 362 fraterno
1166 337 1346 371 corripiantus
1359 336 1456 364 aﬂ'ectu
1467 356 1474 369 ,
1493 338 1564 364 sicut
1580 338 1618 364 ait

831 379 926 407 beatus
940 380 1105 414 Apostolus:
1126 380 1156 408 Si
1169 387 1368 416 prteoccupalus
1389 383 1470 416 fuerit
1491 383 1568 409 homo
1589 383 1615 409 in

832 425 922 460 aliquo
947 426 1060 457 delicto,
1083 434 1128 453 vos
1148 428 1192 461 qui
1217 427 1369 461 spiritualcs
1391 428 1470 459 estis.
1493 428 1615 455 instruite

831 470 984 502 huiusmodi
996 472 1023 497 in
1038 473 1134 506 spiritu
1148 473 1266 499 lenitatis
1278 493 1284 503 .
1299 475 1469 499 considerans
1483 474 1594 507 teipsum
1607 493 1615 506 ,

831 524 862 543 ne
886 521 910 543 et
928 522 955 543 tu
972 517 1088 544 tenteris.
1105 517 1179 544 Alter
1207 517 1316 544 alterius
1345 525 1426 544 onera
1453 523 1573 552 portate,
1590 523 1614 544 et

831 563 868 589 sic
883 562 1061 597 adimplebitis
1079 563 1158 597 legem
1175 563 1276 591 Christi
1293 564 1324 589 ⁷¹.
1338 563 1423 590 Porro
1439 563 1467 590 S.
1484 563 1566 591 David
1583 564 1616 592 de

833 607 995 635 criminibus
1009 607 1156 634 mortiferis
1170 608 1223 642 egit
1238 608 1425 642 ptenitenliam
1440 609 1474 639 ⁷⁷,
1486 613 1512 635 et
1525 613 1615 635 tamen

833 651 859 678 in
879 651 982 678 honore
997 651 1157 685 permansit.
1174 651 1272 679 Beatus
1293 659 1402 686 quoque
1422 651 1518 679 Petrus
1539 660 1615 679 ama-

833 696 956 723 rissimas
971 696 1107 731 lacrymas
1120 696 1189 723 fudit
1203 717 1210 730 ,
1223 697 1333 731 quando
1347 695 1491 723 Dominum
1503 704 1617 732 negasse

832 741 976 775 patuituit,
1000 741 1046 767 sed
1071 745 1158 767 tamen
1182 741 1321 775 apostolus
1342 741 1501 776 permansit.
1518 741 1618 768 EtDo—

834 786 924 812 minus
946 793 993 820 per
1013 786 1173 820 prophetam
1198 786 1372 820 peccantibus
1397 786 1549 820 pollicetur,
1573 786 1615 813 di-

37 834 72 861 tur,
83 831 193 864 quoniam
208 831 234 858 hi
252 832 303 866 qui
320 840 374 858 non
393 836 457 863 sunt
472 837 552 859 rectae
568 833 782 860 conversationis
798 830 819 857 Β
833 839 897 859 cens
911 841 917 858 :
939 831 1067 858 Peccator
1084 833 1111 858 in
1130 840 1284 866 quacunque
1313 832 1355 859 die
1383 840 1522 858 conversus
1541 832 1616 867 inge-

36 883 54 902 ac
66 875 113 902 fidei
124 896 130 907 ,
145 881 170 903 et
182 884 302 911 quorum
321 878 375 904 vita
391 881 433 904 est
448 877 624 912 accusabilis,
646 885 701 905 non
719 885 782 912 per-

36 922 142 948 mittuntur
151 922 270 956 majores
282 926 347 949 natu
360 930 498 955 accusare,
512 931 561 950 nec
572 930 691 957 quorum
704 923 780 955 ﬁdes,

36 968 69 992 rita
86 971 107 993 et
124 967 227 994 libertas
249 968 389 995 nescitur.
412 966 503 1002 Neque
518 968 584 995 vilcs
606 975 729 1002 personat
754 968 780 994 in

36 1020 101 1038 eorum
114 1013 279 1047 recipiantur
295 1013 497 1041 accusationem
512 1014 545 1040 ⁸⁸.
565 1013 704 1040 Rimandaa
719 1021 782 1040 vero

36 1062 78 1083 sunt
96 1058 243 1085 enucleatim
272 1065 397 1092 personae
418 1062 626 1091 accusatorum,
641 1065 701 1092 quae
723 1058 782 1085 sine

36 1103 107 1136 seripto
120 1103 233 1136 diﬁicile,
250 1111 304 1138 per
321 1104 452 1138 scriptum
467 1108 556 1130 autem
574 1111 715 1138 nunquam
738 1111 784 1130 re-

36 1148 153 1182 cipiantur:
167 1149 229 1183 quia
244 1156 296 1182 per
310 1149 472 1183 scripturam
488 1148 580 1175 nullus
597 1155 726 1176 accusare
741 1148 783 1175 vel

36 1193 124 1220 accusari
142 1199 226 1228 potest
241 1195 265 1210 ⁶⁰
277 1215 285 1226 ,
305 1194 353 1221 sed
375 1194 484 1228 propria
505 1201 588 1227 voce,
605 1198 632 1221 et
653 1198 783 1228 praesente

36 1246 65 1270 ro,
82 1247 146 1273 quem
165 1247 299 1268 accusare
322 1239 457 1272 voluerit,
481 1247 559 1266 suam
582 1240 700 1274 quisque
722 1244 784 1274 agat

36 1285 197 1311 accusationem
213 1286 246 1310 “.
262 1283 322 1311 Nec
334 1285 446 1311 absente
460 1291 493 1311 co
506 1285 539 1317 ⁶¹,
555 1292 635 1319 quem
653 1292 784 1312 accusare

36 1329 129 1363 mtuet-it,
143 1331 298 1366 cuicunque
316 1332 469 1358 accusatori
490 1332 626 1359 credatur.
653 1331 785 1359 Similiter

36 1378 91 1402 testes
99 1384 339 1412 perquamcunque
355 1378 515 1412 scripturam
528 1378 712 1405 testimonium
729 1386 783 1405 non

36 1419 154 1455 proferant,
170 1423 215 1450 sed
232 1427 403 1457 przcsentes,
421 1423 453 1450 de
475 1423 517 1450 his
532 1431 592 1459 quae
612 1423 738 1450 viderunt
758 1428 785 1450 et

36 1471 148 1497 nmerunt,
169 1467 307 1493 veraciter
335 1467 521 1494 testimonium
546 1468 648 1495 dicant.
674 1467 729 1495 Nec
752 1468 785 1495 de

36 1509 73 1536 iliis
91 1511 169 1538 causis
193 1512 234 1538 vel
259 1512 380 1546 negotiis
401 1512 494 1539 dicant
510 1513 713 1546 testimonium,
732 1513 785 1540 nisi

36 1554 53 1580 le
66 1556 98 1582 his
110 1565 162 1590 qua:
177 1558 229 1584 sub
245 1558 395 1592 prsesentia
410 1565 504 1585 eormn
521 1563 580 1585 acta
598 1566 657 1586 esse
670 1567 788 1586 noscun-

36 1603 69 1626 tur.
90 1601 260 1630 Accusatores
291 1610 358 1630 vero
384 1603 578 1636 consanguinei
598 1603 630 1636 ⁸³,
657 1604 788 1632 adversus

36 1650 142 1675 :nraneos
157 1649 350 1678 testimonium
368 1656 421 1674 non
437 1648 544 1681 dicant,
570 1657 620 1676 nec
640 1649 787 1677 familiares

36 1692 59 1718 rel
70 1693 95 1720 de
105 1694 180 1722 domo
195 1696 368 1730 prodeuntes
383 1704 391 1722 :
405 1694 451 1722 sed
469 1694 492 1722 si
508 1695 662 1728 voluerint,
677 1700 703 1723 et
719 1695 788 1722 invi-

36 1744 71 1763 :etn
93 1741 277 1768 consenserint
314 1742 385 1768 inter
402 1748 449 1772 se,
465 1745 589 1775 parentes
601 1741 788 1768 tantummodo

36 1783 183 1817 estiticentur,
200 1791 229 1813 et
243 1794 303 1814 non
324 1786 351 1812 in
373 1786 453 1813 alios.
475 1785 530 1813 Nec
552 1790 725 1814 accusatores
747 1786 788 1814 vel

36 1835 89 1856 estes
101 1832 210 1865 suspecti
225 1832 402 1866 recipiantur
418 1841 425 1858 :
438 1831 502 1866 quia
519 1832 729 1866 propinquitatis
739 1853 746 1865 ,
762 1836 789 1859 et.

36 1872 203 1909 'amiliaritatis,
226 1885 262 1904 ac
287 1877 486 1904 dominationis
501 1877 629 1909 affectio,
647 1877 788 1904 veritatem

37 1921 127 1951 mpedire
138 1922 204 1948 solet
218 1922 253 1947 ⁸⁷.
268 1922 361 1948 Amor
372 1922 508 1954 carnalis,
522 1926 549 1948 et
565 1923 645 1949 timor
659 1922 692 1955 ⁵³,
708 1927 790 1956 atque

36 1964 126 1997 nantia,
146 1967 313 2001 plerumque
335 1974 434 1993 sensus
458 1967 587 1993 hebetant
606 1967 740 1994 humanos
763 1971 790 1993 et

36 2016 151 2038 terrenum
167 2013 341 2046 opiniones;
372 2016 402 2039 ut
429 2017 563 2046 quaastum
590 2012 715 2046 pietatem
739 2020 790 2046 pu-

37 2060 81 2086 ent,
94 2061 117 2083 et
131 2061 275 2092 pecuniam
294 2058 379 2092 quasi
398 2058 550 2085 mercedem
568 2057 790 2092 prudentiae.Ne-

36 2108 56 2125 rio
73 2103 130 2128 enim
150 2105 175 2130 in
186 2103 250 2130 doto
274 2103 405 2138 loquatur
427 2103 461 2129 ad
486 2103 637 2137 proximum
652 2111 729 2130 suum
754 2104 788 2129 “.

36 2143 92 2172 rarea
110 2148 163 2175 alta
177 2155 216 2175 est
234 2157 265 2176 os
285 2148 411 2175 malevoli
427 2149 460 2175 ⁸⁷.
477 2148 608 2175 Innoceus
623 2149 687 2175 dum
706 2149 791 2175 credit

36 2192 96 2223 acile,
108 2193 158 2221 cito
171 2195 289 2222 labitur.
311 2194 364 2221 Sed
382 2195 434 2222 iste
447 2195 555 2229 lapsus,
571 2195 678 2229 surgit;
696 2200 723 2221 et
736 2198 789 2221 ter-

36 2236 145 2267 ;itersator
157 2241 215 2268 suis
227 2240 342 2267 artibus
356 2241 549 2274 prmcipitatur,
564 2240 636 2267 unde
650 2248 789 2274 nunquam

40 2283 196 2319 tsiliatatque
217 2285 334 2312 evadat.
358 2284 492 2311 Ponderet
514 2292 578 2319 ergo
601 2284 791 2319 unusquisque

36 2336 136 2356 uniones
149 2337 233 2363 suos,
250 2335 279 2356 et
297 2330 374 2364 quod
393 2330 445 2357 sibi
461 2330 535 2364 loqui
551 2338 604 2358 non
622 2331 696 2362 vult,
711 2330 789 2358 alteri

36 2380 64 2397 tot]
86 2374 219 2408 loquatur.
248 2373 336 2401 Unde
362 2373 429 2400 bene
459 2381 535 2401 sacra
563 2374 601 2401 ait
626 2373 789 2408 Scriptura:

36 2417 82 2448 )uod
105 2419 147 2445 tibi
168 2429 223 2447 non
247 2421 290 2447 vis
319 2419 395 2453 ﬁeri,
418 2420 495 2446 alteri
518 2428 550 2447 ne
571 2420 655 2454 facias
680 2419 713 2446 ⁸⁸.
736 2418 791 2447 Nos

51 2528 66 2542 "
85 2529 109 2556 S.
128 2529 191 2558 Isid.
215 2538 261 2563 Ill,
277 2529 359 2557 Sent.
374 2529 420 2556 46.
457 2530 480 2545 ⁸³
500 2529 565 2556 Adr.
590 2529 643 2556 col.
666 2529 692 2555 4.

36 2570 68 2600 fit).
93 2566 131 2592 96.
153 2566 219 2593 Adr.
233 2565 246 2592 ῐ
274 2564 363 2600 001.νὸ
377 2569 404 2591 et
416 2564 458 2600 I5.

36 2639 182 2663 Musatores.

36 2666 44 2680 ⁸
58 2668 191 2705 SLAmbr.
205 2678 252 2705 ep.
270 2669 326 2701 LI,
345 2676 426 2705 quam
442 2669 586 2705 legendam
598 2666 705 2694 moneo.

37 2703 103 2731 ν.16.
138 2705 159 2722 ⁸⁷
179 2705 208 2733 S.
224 2699 333 2732 'Ambr.
352 2699 523 2737 epistolav39.
561 2704 583 2719 ⁷³
598 2707 736 2737 portemus
748 2709 780 2737 eu

853 2706 869 2729 :t
886 2701 919 2728 l'r.
936 2708 961 2728 c.
977 2699 1084 2737 affectu.

765 2778 808 2806 ep.
822 2770 856 2798 54
872 2770 933 2798 libri
951 2777 1009 2798 vni.

391 2738 467 2765 avide
477 2743 504 2765 et
520 2738 548 2765 S.
563 2737 654 2765 Petro.

585 2773 606 2788 ⁷⁷
626 2772 654 2799 S.
669 2772 748 2806 Greg.

584 2808 605 2823 ⁸¹
621 2807 686 2834 Ibid.
704 2807 746 2833 15.

36 2743 80 2774 aut.
89 2748 126 2774 ep.
146 2740 180 2767 50
196 2741 231 2768 de
247 2739 353 2767 iisdem

36 2771 115 2810 ἔρευξᾲ
130 2776 194 2802 ibid.
233 2775 258 2791 ⁷⁸
277 2772 475 2810 Matth._xvrn,
492 2773 534 2810 ts,

36 2806 66 2841 ἱὶ,
89 2814 113 2837 ct
126 2817 230 2845 uxtn,
248 2810 296 2837 ll.
340 2808 363 2824 '°
382 2807 453 2834 Psal.
466 2816 491 2840 1.,
504 2809 545 2835 tt.

732 2529 765 2544 ³³⁸
776 2527 809 2559 2,
827 2531 923 2562 quaest.
934 2526 955 2562 V7
967 2535 978 2562 ξ
991 2526 1012 2559 ρ

505 2555 574 2597 “7‘72,
632 2555 648 2590 8
662 2572 668 2590 :
683 2555 908 2591 Accusatorirm.-
931 2561 954 2598 f°
966 2555 1012 2598 5:
1024 2569 1051 2595 q.
1082 2560 1098 2598 tl
1113 2569 1119 2586 :
1138 2559 1275 2598 Absenti!“
1285 2565 1319 2584 co
1347 2555 1463 2598 quem;
1475 2556 1496 2571 ⁶¹
1508 2556 1546 2598 75,
1563 2562 1591 2595 q_.

36 2596 97 2625 i-stes
111 2608 154 2634 per
164 2608 246 2636 quas.
276 2600 309 2636 ‘1
321 2599 383 2636 vide
391 2599 457 2636 _cod.
473 2595 618 2636 'I_‘_heod.»ét
633 2598 767 2636 Ania_num
783 2597 907 2636 aliosque
928 2595 1173 2636 juriscpnsttltos.m
1260 2595 1412 2636 arma;
1431 2595 1573 2636 Confligit

289 2634 314 2650 “
330 2624 457 2660 "indit?
478 2624 617 2661 vendit;
645 2624 1117 2669 professionem}.propinquitatis“
1135 2627 1241 2655 affectio
1283 2624 1415 2669 impedire
1424 2625 1631 2669 vc’ognqsc'i'tu‘r.

832 877 945 909 muerit,
963 877 1083 904 omnium
1101 877 1275 912 iuiquitatum
1295 877 1368 904 illius
1388 885 1440 904 non
1458 877 1618 905 recordabar

833 921 949 956 amplius
964 922 998 948 ⁷³.

1203 966 1245 994 Vl.

904 1013 932 1040 Si
946 1014 1028 1048 possit
1043 1013 1165 1040 sacerdos
1176 1018 1233 1048 post
1247 1013 1349 1047 lapsum
1367 1013 1530 1041 ministrare.

868 1069 965 1096 Errant
989 1069 1060 1096 enim
1075 1069 1108 1101 ⁷⁵,
1137 1069 1194 1109 qui,
1211 1074 1308 1104 putant
1332 1069 1438 1097 Domini
1464 1070 1619 1098 sacerdotes

832 1118 895 1147 post
911 1114 1035 1148 lapsum,
1060 1115 1081 1141 si
1103 1115 1263 1150 condignam
1284 1115 1389 1150 egerint
1410 1116 1617 1150 paenitentiam,

834 1158 950 1186 Domino
974 1160 1130 1187 ministrare
1154 1167 1208 1186 non
1226 1167 1323 1194 posse.
1348 1164 1375 1187 et
1395 1161 1453 1188 suis
1467 1161 1618 1188 honoribus

834 1203 906 1235 frui,
928 1205 950 1231 si
975 1205 1075 1232 bonam
1097 1205 1224 1240 deinceps
1238 1205 1320 1232 vitam
1337 1205 1481 1238 duxerint,
1495 1209 1522 1231 et
1539 1213 1619 1232 suum

834 1248 1019 1275 sacerdotium
1035 1249 1170 1283 condigne
1184 1249 1372 1277 eustodierint.
1391 1249 1423 1276 Et
1438 1249 1487 1283 ipsi
1503 1249 1550 1284 qui
1568 1250 1621 1277 hoc

835 1297 931 1327 putant
945 1313 952 1324 ,
965 1300 1017 1320 non
1034 1293 1121 1319 solum
1135 1299 1245 1326 errant,
1259 1293 1306 1320 sed
1326 1293 1407 1320 etiam
1423 1296 1517 1320 contra
1531 1292 1619 1319 tradi-

835 1341 876 1364 tas
888 1337 1015 1366 Ecclesiae
1028 1338 1116 1366 claves
1128 1339 1267 1373 disputant
1278 1338 1300 1354 ⁷⁸
1311 1342 1339 1365 et
1351 1345 1431 1373 agerc
1442 1337 1576 1369 videntur,
1587 1337 1622 1364 de

835 1384 934 1418 quibus
955 1383 1057 1410 dictum
1075 1388 1136 1410 est:
1159 1383 1325 1418 Quacunque
1338 1381 1468 1409 solveritis
1486 1381 1514 1408 in
1532 1386 1621 1412 terra,

836 1435 911 1456 erunt
933 1429 1021 1455 solum
1040 1432 1063 1454 et
1084 1429 1110 1454 in
1131 1428 1230 1457 aeto".
1247 1427 1376 1462 Alioquin
1395 1427 1452 1453 haec
1469 1425 1620 1456 sententia.

837 1480 880 1502 aut
896 1474 1002 1501 Domini
1017 1481 1069 1500 non
1084 1477 1127 1500 est
1138 1494 1146 1506 ,
1160 1477 1207 1500 aut
1221 1480 1285 1499 vera
1300 1478 1351 1500 est.
1365 1471 1420 1498 Nos
1435 1478 1501 1498 vero
1514 1470 1622 1498 indubi-

838 1524 938 1552 tantcr,
953 1525 1007 1546 tam
1022 1519 1128 1546 Domini
1151 1519 1305 1546 sacerdotes
1321 1525 1403 1552 quam
1419 1517 1539 1551 reliquos
1555 1516 1622 1543 tide-

838 1563 877 1590 lcs
887 1583 894 1593 .
909 1569 972 1597 post
984 1563 1093 1597 dignam
1109 1562 1322 1590 satisfactionem
1337 1569 1418 1596 posse
1429 1561 1518 1589 redire
1528 1560 1562 1588 ad
1576 1561 1623 1588 ho-

838 1615 919 1633 nores
931 1606 1070 1634 credimus
1081 1607 1115 1639 ",
1127 1610 1243 1633 testante
1254 1605 1369 1632 Domino
1382 1612 1430 1640 per
1441 1605 1599 1640 prophetam
1613 1613 1620 1630 :

839 1652 966 1686 Nunquid
982 1653 1026 1686 qui
1041 1653 1133 1684 cadit,
1148 1660 1199 1678 non
1215 1651 1321 1684 adiiciet
1337 1655 1366 1677 ut
1380 1651 1520 1686 resurgat?
1531 1654 1558 1677 et
1573 1651 1619 1685 qui

838 1703 945 1722 aversus
967 1700 1020 1729 est,
1040 1704 1090 1722 non
1109 1700 1249 1722 revertetur
1260 1695 1283 1711 ⁷⁸
1294 1696 1307 1722 1’
1320 1694 1354 1722 Et
1369 1695 1434 1721 alibi
1452 1703 1459 1721 :
1474 1694 1544 1721 Nolo
1554 1715 1561 1727 ,
1585 1695 1624 1721 in-

839 1740 898 1774 quit
911 1739 1054 1773 Dominus,
1066 1745 1175 1766 mortem
1187 1740 1342 1773 peccatoris,
1354 1739 1399 1766 sed
1411 1744 1439 1765 ut
1451 1743 1624 1765 convertatur

839 1790 863 1812 et
877 1786 946 1812 vivat
957 1785 991 1812 ⁷³.
1009 1785 1040 1811 Et
1054 1785 1184 1820 propheta
1208 1785 1292 1812 David
1324 1785 1512 1819 pmnitentiam
1529 1791 1623 1819 agens,

839 1832 926 1858 dixit:
943 1830 1029 1858 Redde
1043 1831 1106 1858 milii
1121 1831 1243 1858 laztitiam
1264 1831 1391 1858 salutaris
1402 1831 1460 1864 tui,
1478 1835 1502 1857 et
1528 1831 1624 1864 spiritu

839 1876 981 1911 principali
1009 1877 1136 1911 confirma
1165 1883 1204 1903 me
1221 1876 1257 1903 ".
1282 1875 1342 1910 Ipse
1357 1883 1475 1910 namque
1492 1879 1554 1910 post
1566 1883 1625 1909 pm-

841 1923 981 1949 nitentiam
997 1926 1024 1949 et
1037 1922 1106 1949 alios
1121 1921 1226 1953 docuit,
1248 1925 1276 1949 et
1293 1919 1456 1948 sacriﬁcium
1474 1920 1530 1947 Deo
1545 1920 1625 1947 obtu-

841 1967 883 1998 lit,
900 1968 969 1995 dans
986 1967 1139 2002 exemplum
1154 1967 1312 1994 doctoribus
1335 1971 1435 1993 sancta:
1449 1965 1586 1998 Ecclesia},
1602 1965 1625 1992 si

840 2013 908 2047 lapsi
924 2012 1037 2045 fuerint,
1054 2017 1081 2039 et
1107 2013 1269 2046 condignam
1287 2011 1475 2046 ptenitentiam
1496 2011 1551 2039 Deo
1563 2019 1625 2046 ges—

841 2058 936 2090 serint,
951 2061 1097 2091 utrumque
1113 2056 1201 2084 facere
1216 2063 1305 2091 posse.
1321 2055 1416 2083 Docuit
1432 2057 1505 2083 enim
1515 2055 1626 2090 quando

841 2103 909 2129 dixit
922 2111 928 2128 :
945 2101 1046 2128 Docebo
1061 2101 1164 2136 iniquas
1177 2102 1232 2128 vias
1249 2106 1318 2133 tuas,
1335 2106 1359 2128 et
1382 2102 1457 2136 impii
1470 2101 1503 2128 ad
1522 2105 1544 2128 te
1558 2109 1623 2127 con-

841 2152 975 2174 vertentur
999 2147 1031 2173 ".
1059 2146 1093 2173 Et
1114 2146 1278 2174 sacriﬁcium
1305 2145 1359 2173 Deo
1385 2154 1434 2181 pro
1461 2154 1490 2174 se
1517 2146 1625 2179 obtulit,

842 2193 907 2220 dum
919 2192 1041 2219 diccbat:
1056 2191 1223 2226 Sacri/icium
1237 2191 1288 2218 Dco
1301 2192 1410 2226 spiritus
1422 2191 1626 2218 contritus/atus.

844 2238 947 2266 Videas
972 2238 1044 2265 enim
1075 2237 1210 2272 Propheta
1233 2238 1336 2266 scelera
1358 2245 1407 2264 sua
1436 2236 1565 2263 mundata
1580 2244 1628 2271 per

842 2284 1042 2320 pcenitentiam,
1058 2291 1112 2310 non
1128 2283 1270 2316 dubitavit,
1286 2283 1459 2317 prtedicando
1470 2287 1497 2309 et
1512 2281 1628 2309 Domino

844 2330 963 2362 libaudo,
976 2336 1074 2356 curare
1100 2328 1199 2356 aliena.
1226 2327 1421 2362 Lacrymarum
1437 2335 1501 2362 ergo
1531 2326 1630 2354 ellusio

845 2378 935 2401 movet
952 2374 1036 2401 animi
1058 2373 1223 2407 passionem.
1256 2371 1450 2399 Satisfactione
1467 2376 1557 2398 autem
1575 2371 1630 2398 im-

846 2419 928 2453 pleta,
942 2418 1074 2446 avertitur
1086 2418 1195 2444 animus
1209 2416 1244 2443 ab
1259 2416 1310 2442 ira.
1325 2414 1377 2448 Qui
1401 2416 1474 2442 enim
1490 2423 1542 2442 non
1555 2415 1631 2449 igno-

1016 2525 1172 2553 uaercndum
1183 2527 1235 2551 est.
1250 2522 1282 2550 Et
1297 2523 1324 2550 in
1348 2521 1567 2557 Carthagscoinc.
1595 2529 1631 2557 iv,

1226 2593 1248 2608 ⁵³
1260 2592 1288 2624 2,
1302 2599 1330 2626 q.
1355 2590 1372 2617 5
1394 2600 1400 2618 :
1431 2590 1633 2626 Consanguinei

744 2658 773 2682 δυ*

853 2658 855 2693 ί
870 2658 958 2697 ιξκιῖἶ,
975 2658 1001 2692 ι’.
1055 2665 1076 2680 ⁸⁷
1098 2663 1178 2690 Prov.
1206 2669 1280 2694 xxvt,
1308 2658 1386 2697 juxta
1402 2658 1509 2697 LXXI“
1523 2659 1547 2697 ‘2
1565 2658 1633 2697 T‘ob.

1136 2698 1158 2713 '”
1178 2692 1279 2725 Galatf
1293 2692 1335 2726 vi,
1362 2695 1394 2728 I,
1410 2695 1436 2721 4.
1487 2693 1510 2708 ⁷¹
1531 2692 1560 2720 S.
1577 2693 1636 2728 Au-

706 2727 735 2752 ⁷ῖ
746 2727 782 2763 Ez

853 2727 958 2768 "xvm',
983 2735 1033 2768 21,
1048 2735 1094 2761 2'2.
1137 2732 1162 2748 ⁷⁸
1180 2732 1208 2758 in
1225 2731 1303 2758 Decr.
1321 2729 1460 2768 Ivon_._lib.
1485 2735 1523 2768 tv,
1565 2728 1588 2744 "
1604 2727 1633 2754 ὃ.

1060 2770 1082 2785 ⁷⁸
1100 2768 1199 2795 .lerem.
1229 2773 1297 2799 vui,
1317 2764 1343 2792 4.
1382 2765 1404 2781 τ’
1425 2763 1524 2792 Etech.
1553 2769 1635 2796 xvrtt,
