1883 3056
238 103 286 130 151

889 101 917 128 S.
938 100 1099 129 URBA‘SUS
1116 101 1126 128 l
1144 101 1229 128 PAPA

1819 102 1863 129 151

237 163 290 191 scit
304 163 392 195 alteri,
411 162 548 198 quomodo
573 161 625 189 sibi
638 165 716 196 putat
733 161 888 188 subveniri?
904 161 1022 196 Supera-
1037 170 1059 197 Α
1075 167 1196 192 mortem,
1212 163 1266 189 sive
1279 162 1436 189 obeditionis
1460 163 1494 188 ad
1514 161 1673 196 justitiam?
1691 160 1801 188 Gratias
1817 170 1863 187 au-

240 209 362 236 hundant
376 217 440 244 ergo
456 213 575 243 peccata,
602 207 808 241 supt-rabundet
821 211 847 234 et
862 207 1023 234 misericor-

239 255 293 282 dia.
309 255 440 287 Quoniam
466 254 536 288 apud
562 252 705 279 Dominum
734 253 924 284 misericordia,
943 258 966 279 et
982 261 1024 279 co-

237 300 313 334 piosa
326 299 396 333 apud
409 306 468 325 eum
496 297 639 332 redemptio
650 297 683 324 ⁸¹.
702 297 789 324 Penes
807 297 949 324 Dominum
965 305 1023 323 om—

238 345 315 372 nium
331 343 497 370 abundantia
525 347 576 375 est,
591 343 654 377 quia
675 342 800 368 Dominus
828 342 955 368 virtutum
969 343 1023 376 ipse

236 393 275 415 est
289 393 313 414 et
332 395 377 414 rex
407 387 499 422 gloria:
513 386 547 414 ⁸⁸.
573 387 618 413 Ait
639 387 711 414 enim
743 387 907 421 Apostolus:
928 386 1023 414 Omnes

235 439 417 468 peccaverunt,
442 438 466 460 et
491 438 564 468 egent
582 433 668 467 gloria
686 432 751 464 Dei;
771 432 915 467 justiﬁcati
939 433 1023 467 gratis

234 486 281 512 per
295 478 411 513 gratiam
433 478 527 512 ipsius,
550 485 596 511 per
623 477 828 511 redemptionem
855 485 912 512 qua:
942 481 981 504 est
996 477 1024 504 in

235 522 340 550 Christo
355 522 431 556 Iesu,
449 530 525 557 quem
549 523 685 556 proposuit
714 521 782 548 Deus
810 522 1021 556 propitiatorem,

233 575 279 602 per
291 568 371 602 ﬁdem
385 569 413 594 in
425 568 555 602 sanguine
569 568 663 602 ipsius,
676 567 710 593 ad
722 567 896 594 ostensianem
907 567 1023 601 justititc

204 642 206 644 ,
234 622 301 646 sua,
316 619 424 648 propter
439 614 620 640 remissionem
633 612 836 647 prtccedentium
854 613 1021 645 delictorum,

189 673 191 675 -
234 659 262 685 in
275 659 466 686 sustentatione
482 659 540 690 Dei,
556 659 591 685 ad
609 659 782 685 ostensionem
793 658 909 693 justitia:
922 658 978 692 ejus
994 659 1021 684 in

235 704 284 730 hoc
299 707 430 738 tempore;
446 708 474 730 ut
490 704 525 730 sit
550 704 605 738 ipse
616 703 706 737 justus
725 708 748 729 et
771 702 925 737 justiﬁcans
951 711 1021 735 eum,

233 750 278 784 qui
289 757 321 784 ea:
330 749 497 784 ﬁdeestlesu
511 749 610 777 Christi
621 750 654 775 ⁸⁸.
665 748 747 776 David
763 749 834 775 enim
848 749 911 776 dicit
923 757 929 775 :
946 748 1022 776 Beati

234 802 346 829 quarunt
364 795 480 821 remissa:
504 799 564 820 sunt
579 794 743 828 iniquitates,
770 798 795 820 et
817 801 929 828 quorum
954 797 1022 820 tecta

1077 213 1127 234 tem
1143 208 1207 238 Deo,
1223 208 1292 242 quod
1313 208 1401 242 fuistis
1413 208 1479 235 servi
1498 209 1607 241 peccati,
1635 208 1762 235 obedistis
1779 212 1863 233 autem

1076 261 1107 280 ea:
1122 254 1198 280 corde
1211 254 1238 279 in
1266 261 1323 280 eam
1345 253 1459 287 formam
1483 253 1622 286 doctrinm,
1635 253 1662 279 in
1677 261 1757 286 quam
1774 253 1863 278 traditi

1076 299 1138 325 estis
1175 298 1293 326 Liberali
1322 303 1411 325 autem
1436 307 1452 325 a
1477 303 1599 331 peccato,
1624 298 1691 325 servi
1710 298 1778 333 facti
1804 299 1863 324 estis

1072 345 1197 379 justitmz.
1212 343 1365 370 Humanum
1382 344 1442 370 dico
1472 344 1511 370 ⁸⁸.
1527 343 1615 379 Majus
1631 344 1703 371 enim
1722 348 1863 378 peccatum

1076 395 1117 417 est
1127 389 1275 424 judicantis
1294 390 1328 421 “',
1343 395 1425 424 quam
1448 389 1508 423 ejus
1523 389 1570 423 qui
1594 389 1744 423 iudicatur.
1764 388 1863 415 Existi-

1077 443 1144 465 mas,
1162 434 1251 468 inquit
1277 433 1434 468 Apostolus,
1450 442 1465 460 o
1488 434 1565 460 homo
1582 434 1666 460 omnis
1693 434 1739 468 qui
1754 433 1863 467 judico:

1076 488 1118 506 eos
1133 480 1176 514 qui
1189 479 1254 506 (alia
1266 484 1356 514 agunt,
1372 484 1396 505 et
1426 479 1493 514 facis
1505 487 1546 509 ea.
1559 479 1621 514 quia
1635 483 1663 505 tu
1674 479 1784 513 e/fugies
1793 479 1863 513 judi-

1076 526 1145 551 cium
1160 524 1230 550 Dei.”
1249 525 1289 551 An
1305 524 1411 550 divitias
1433 524 1555 550 bonitatis
1572 524 1628 557 ejus
1644 529 1669 550 et
1692 525 1833 558 patientia:
1843 529 1863 550 et

1076 567 1286 602 longanimitatis
1311 568 1478 594 contemnis?
1499 567 1610 602 Ignoras
1637 568 1763 602 quoniam
1796 568 1863 594 beni-

1076 613 1162 647 gnitas
1187 611 1236 639 Dei
1264 612 1298 639 ad
1316 613 1493 647 paenitentiam
1521 617 1545 639 te
1563 613 1691 639 adducit?
1713 612 1863 639 Secundum

1076 659 1206 685 duritiam
1224 663 1312 686 autem
1338 663 1411 685 tuam
1431 662 1455 685 et
1471 659 1636 693 impwnitens
1655 666 1711 691 cor,
1728 659 1863 685 thesauri-

1077 711 1122 730 zus
1139 704 1187 731 tibi
1199 705 1268 731 iram
1282 704 1310 731 in
1329 703 1372 730 die
1391 704 1449 736 ira’,
1466 709 1491 730 et
1509 704 1753 738 reuelationisjusti
1766 703 1863 738 judicit

1076 747 1134 780 Dei,
1150 748 1196 782 qui
1208 747 1297 774 reddet
1323 748 1462 782 unicuique
1476 748 1618 774 secundum
1638 756 1716 782 opera
1729 747 1792 782 ejus
1805 755 1815 774 :
1829 748 1863 774 hit

1075 793 1190 828 quidem,
1201 793 1246 828 qui
1269 793 1411 820 secundum
1437 793 1594 826 patientiam
1611 792 1670 820 boni
1690 794 1792 828 operis,
1817 793 1863 828 glo

233 845 296 866 sunt
313 845 419 875 peccata
434 841 469 867 ⁸⁵.
486 840 631 869 Mundatur
646 848 711 875 ergo
727 841 810 867 homo
825 848 839 867 a
856 843 977 874 peccato,
995 844 1020 866 et
1037 848 1057 874 Β
1072 842 1139 868 riam
1158 846 1182 869 et
1209 841 1333 868 honorem
1346 847 1368 868 et
1383 841 1616 876 incorruptionem,
1644 842 1830 877 quazrentibus
1846 843 1863 858 "

234 887 352 921 resurgit
369 887 455 922 gratia
477 886 524 913 Dci
549 887 642 921 lapsus
654 886 691 919 ⁸⁸,
708 891 735 913 et
762 887 787 913 in
802 886 918 920 pristino
932 889 1023 912 manet

233 931 336 964 ollicio,
364 931 442 966 juxta
472 931 615 966 praedictas
644 932 833 959 auctoritates.
865 930 963 958 Videat
987 937 1022 957 ne

234 975 352 1010 amplius
377 980 494 1010 peccet,
526 980 556 1002 ut
584 976 718 1003 sententia
745 975 884 1009 Evangelii
912 979 1022 1001 maneat

234 1022 330 1048 ineo:
354 1021 436 1054 Vade,
453 1027 477 1049 et
502 1022 616 1056 amplius
630 1022 684 1048 noli
707 1029 812 1056 peccare
837 1021 872 1048 ⁸⁷.
893 1020 970 1048 Unde
984 1021 1022 1047 ait

233 1067 381 1102 Apostolus
395 1076 401 1094 :
417 1067 478 1094 Non
489 1076 550 1102 ergo
567 1072 653 1103 regnet
663 1072 798 1102 peccatum
813 1068 841 1093 in
855 1071 939 1093 uestro
951 1074 1021 1093 mor-

233 1113 284 1140 tali
297 1122 414 1148 corpore,
429 1119 458 1140 ut
483 1114 613 1140 obcdiatis
637 1113 855 1147 concupiscentiis
879 1114 946 1148 ejus.
968 1112 1019 1140 Sed

233 1166 314 1194 neque
339 1159 483 1186 exhibeatis
507 1159 625 1186 membra
650 1164 736 1186 vestra
765 1167 841 1185 arma
870 1159 1020 1193 iniquitatis

232 1209 350 1238 peccato,
368 1205 413 1230 sed
424 1204 543 1231 exhibete
567 1212 611 1230 vos
625 1203 690 1237 Deo,
718 1209 844 1238 tanquam
855 1211 887 1230 ea:
909 1204 1019 1230 mortuis

232 1249 355 1283 vibentes,
368 1253 392 1276 et
405 1249 520 1276 membra
533 1254 619 1276 vestra
645 1257 720 1276 arma
730 1249 848 1284 justitiaa
868 1249 933 1276 Deo.
952 1249 1019 1276 Pec-

230 1300 321 1322 catum
333 1295 402 1322 enim
428 1295 498 1321 vobis
524 1303 576 1322 non
593 1295 791 1327 dominabitur;
805 1304 856 1322 non
881 1295 950 1322 enim
973 1295 1019 1322 sub

236 1340 292 1375 lege
307 1341 381 1373 estis,
398 1341 442 1367 sed
456 1341 503 1367 sub
526 1341 624 1376 gratia.
640 1340 710 1373 Quid
723 1349 783 1376 ergo
797 1342 810 1367 7
836 1340 1019 1372 Peccabimus,

230 1385 356 1420 quoniam
370 1393 420 1412 non
437 1393 528 1412 sumus
543 1385 590 1412 sub
613 1385 677 1420 lege,
693 1385 737 1412 sed
750 1386 796 1412 sub
809 1385 896 1420 gratia
907 1385 920 1411 ?
931 1384 1017 1412 Absit.

231 1431 272 1457 An
284 1432 402 1463 nescitis,
417 1431 542 1466 quoniam
557 1432 601 1458 cui
612 1431 737 1458 exhibetis
751 1439 794 1457 vos
810 1439 895 1457 servos
911 1431 945 1457 ad
960 1431 1018 1457 obe-

228 1478 366 1509 diendum,
379 1478 447 1505 servi
460 1478 523 1504 estis
537 1477 605 1512 ejus,
621 1478 664 1504 cui
675 1477 796 1509 obeditis,
810 1478 861 1503 sive
872 1477 972 1511 peccati
985 1476 1019 1503 ad

261 1559 285 1573 “
298 1557 372 1585 Psal.
385 1565 477 1589 cxxtx,
495 1558 522 1585 7.
539 1558 562 1574 ⁸³
574 1557 646 1585 Psal.
658 1566 735 1587 xxnt.
752 1557 795 1584 10.
833 1558 856 1573 ⁸⁵
868 1557 946 1584 Rom.
962 1566 1002 1589 ιιι,
1018 1554 1131 1584 ἳδ-ἳϐ.’
1153 1558 1175 1574 ⁸⁵
1188 1556 1234 1585 Psa

1099 1554 1131 1584 ἰ.’
1153 1558 1175 1574 ⁸⁵
1188 1556 1347 1590 Psal.nm,
1367 1557 1391 1584 1.

1074 887 1155 914 vitam
1173 891 1319 918 internum;
1346 887 1386 914 his
1403 891 1502 919 autem,
1527 889 1572 922 qui
1598 895 1630 914 ea:
1647 888 1831 918 contentione,
1846 896 1863 914 ει

1073 933 1118 967 qui
1132 940 1181 958 non
1197 933 1363 967 acquiescant
1383 933 1498 964 veritati,
1522 933 1632 959 credunt
1660 938 1747 960 autem
1766 934 1863 968 iniquis

1074 979 1133 1009 tati,
1147 977 1190 1003 ira
1211 982 1234 1004 et
1247 977 1405 1011 indignatio,
1428 977 1566 1004 tribulatio
1581 982 1605 1004 et
1621 979 1744 1013 angustia
1761 978 1793 1005 in
1813 987 1863 1005 orn-

1074 1031 1131 1049 nem
1146 1023 1263 1049 animam
1278 1023 1390 1050 homims
1415 1023 1548 1057 operantis
1570 1024 1681 1056 malum,
1703 1023 1800 1051 Judwi
1814 1026 1863 1059 prii

1073 1076 1145 1094 mum
1157 1073 1182 1094 et
1195 1068 1290 1095 (ἐνεοί.
1307 1068 1401 1096 Gloria
1416 1073 1514 1102 autem,
1533 1074 1557 1096 et
1572 1070 1666 1100 honor,
1683 1075 1707 1096 et
1726 1077 1782 1103 pax
1795 1079 1863 1096 omn

1073 1114 1192 1148 aperanti
1210 1114 1305 1140 bonum
1316 1114 1351 1140 ".
1370 1113 1549 1146 Sententiam,
1567 1114 1676 1146 fratres,
1703 1122 1767 1149 qua:
1785 1117 1863 1142 mise

1072 1159 1218 1186 ricordiam
1231 1164 1303 1186 vetat
1317 1159 1350 1191 ⁹¹,
1368 1166 1421 1186 non
1440 1159 1528 1186 solum
1542 1163 1644 1192 tenere,
1662 1160 1711 1186 sed
1721 1164 1749 1186 et
1764 1159 1863 1187 audire

1074 1202 1198 1238 refugite,
1213 1204 1278 1238 quia
1294 1204 1384 1238 potior
1406 1208 1447 1230 est
1462 1203 1650 1231 misericordia
1665 1205 1801 1232 omnibus
1820 1206 1863 1231 ho-

1072 1248 1301 1276 locautomatibus
1325 1254 1351 1276 et
1374 1249 1516 1277 sacriﬁciis
1543 1249 1577 1277 “.
1599 1249 1737 1277 Consultis
1753 1251 1863 1282 _vcstris

1073 1294 1191 1321 breviter
1215 1295 1419 1329 respondimus.
1449 1295 1514 1329 quia
1537 1303 1682 1330 oppressos
1709 1295 1811 1329 nimis,
1843 1302 1863 1324 et

1071 1345 1276 1374 przeoccupatos
1304 1340 1366 1368 aliis
1389 1340 1512 1375 judiciis,
1541 1340 1637 1367 litterae
1657 1348 1706 1368 nos
1727 1340 1863 1368 invenere

1072 1389 1179 1413 vestrae.
1192 1385 1259 1413 Data
1270 1393 1320 1413 vm
1330 1385 1392 1413 ldus
1403 1385 1539 1419 Octobris,
1553 1386 1692 1413 Antonino
1702 1390 1730 1413 et
1741 1385 1863 1413 Alexan<

1071 1431 1121 1457 dro
1134 1431 1200 1458 viris
1213 1431 1374 1459 clarissimis
1394 1432 1553 1459 consulibus
1568 1431 1601 1458 ³⁸.

1431 1557 1453 1573 ⁸⁸
1468 1564 1482 1583 a
1495 1557 1573 1591 lapsu
1610 1556 1632 1572 "
1645 1555 1723 1582 .loan.
1735 1563 1800 1585 \‘lll,
1822 1556 1863 1582 il.

247 1594 271 1610 "
283 1594 360 1621 Rom.
377 1603 414 1625 vt,
432 1596 524 1622 12-19.
561 1595 584 1610 ⁸³
597 1594 662 1621 Sixti
678 1599 747 1621 sont.
765 1595 822 1621 17-1.
860 1595 883 1611 ὀ
900 1595 1013 1621 Roman.
1026 1595 1146 1621 Cor-rect.
1163 1595 1309 1628 praeierunt
1327 1595 1439 1621 verbum
1455 1599 1573 1629 qua'runt
1589 1593 1729 1629 participio
1741 1600 1863 1629 querno

248 1629 326 1656 tibus.
360 1629 381 1645 "
395 1629 472 1657 Rom.
488 1639 517 1662 ιι,
532 1631 558 1662 5,
575 1630 617 1656 10.
648 1630 671 1644 “¹
683 1629 747 1656 Sixti
763 1634 833 1656 sent.
847 1630 908 1662 528,
926 1637 958 1656 ex
973 1630 1096 1656 versione
1110 1627 1198 1656 Rufini
1211 1629 1255 1663 qui
1268 1629 1334 1656 obiit
1346 1636 1390 1655 an.
1405 1627 1465 1655 4H.
1498 1629 1520 1644 "
1533 1627 1613 1655 Marc.
1628 1637 1675 1655 xu.
1703 1627 1728 1643 “
1741 1627 1792 1654 an.
1805 1628 1863 1655 2‘23

247 1714 1863 1742 Μ

887 1806 973 1828 ANNO
998 1805 1114 1827 DOMINI
1135 1805 1261 1827 GICXXXI.

673 1897 760 1986 S.
828 1891 1191 1984 URBAN
1197 1893 1328 1983 US
1402 1896 1441 1980 Ι

842 2042 1049 2074 PONTIFEX
1076 2041 1270 2071 ROMANUS

564 2201 734 2233 NOTITIA
761 2201 819 2231 EX
843 2200 961 2231 LIBBO
986 2198 1244 2230 PONTlFlCALI
1265 2197 1417 2228 DAMAS]
1438 2196 1550 2227 PAPIE

242 2285 339 2317 (Itast,
353 2282 455 2314 Concil.,
467 2283 488 2314 l,
498 2283 554 2314 747,
564 2282 651 2308 Varias
660 2283 785 2307 lectiones
796 2281 904 2317 adhunc
918 2282 998 2317 locum
1009 2279 1302 2317 Libr'i‘pontiticalis‘vide
1319 2275 1469 2310 Patrologite
1490 2276 1582 2302 Latina
1604 2280 1662 2301 tom.
1677 2274 1797 2305 CXXVII,
1829 2282 1863 2301 co

803 2313 873 2341 1558,
887 2313 914 2336 in
923 2311 1054 2337 Anastasio
1066 2309 1283 2340 Bibliothecario.)

279 2422 405 2452 Urbanus
417 2423 455 2459 (t)
470 2423 580 2451 natione
602 2422 753 2456 Romanus,
771 2430 805 2451 es
821 2428 898 2458 patre
917 2422 1063 2457 Pontiano,
1076 2422 1146 2451 sedit
1169 2429 1256 2449 annos
1278 2424 1412 2455 quatuor,
1431 2426 1538 2446 menses
1558 2419 1605 2450 l0,
1628 2417 1687 2446 dies
1704 2417 1737 2444 12
1752 2416 1805 2452 (2).
1831 2418 1863 2447 [Il

276 2501 314 2536 (1)
337 2500 469 2528 Urbanus.
486 2501 554 2528 Cum
571 2501 804 2536 post‘martyrium
817 2500 934 2534 Callisti,
950 2501 1027 2528 sedes

276 2509 314 2536 (ι)
337 2509 469 2528 urbanus.
486 2509 554 2528 hum
589 2509 633 2528 osr.
645 2509 804 2536 martyrium
817 2509 934 2534 uatusu,
950 2509 1027 2528 seces

239 2545 287 2564 sex
301 2537 398 2564 diebus
414 2541 548 2565 vacasset.
569 2509 602 2562 ξι
625 2534 761 2567 Octobris,
774 2543 847 2562 anno
856 2536 958 2562 Christi
971 2536 1028 2562 nati

203 2583 208 2588 -
238 2571 302 2603 226,
315 2572 361 2606 qui
377 2575 420 2599 est
432 2570 579 2597 Alexandri
593 2570 764 2606 imperatoris
776 2571 886 2606 tcrtius,
900 2569 1027 2606 Urbanus

238 2606 324 2640 patria
350 2605 490 2633 Romanus
515 2605 543 2640 ei,
565 2605 748 2632 substituitur.
775 2605 875 2632 Baron.
890 2605 1026 2640 rpratdicto

239 2639 328 2672 anno,
355 2649 431 2668 num.
444 2640 505 2675 Wult.
534 2639 591 2667 Sub
608 2640 689 2675 hujus
706 2640 862 2674 pontiﬁcatu
882 2639 1027 2675 Origenem

239 2675 429 2702 Alexandrinae
441 2674 568 2702 Ecclesia
580 2675 731 2706 subditum,
747 2679 925 2709 spontaneum
934 2674 1027 2702 eunu-

239 2710 321 2735 chum
335 2710 369 2736 ab
384 2710 538 2737 Alexandro
553 2709 804 2744 Hierosolymorum
817 2710 943 2744 episcopo
957 2717 1024 2736 con-

240 2748 279 2770 tra
294 2744 479 2777 apostolorum
496 2751 615 2772 canones
628 2745 782 2771 ordinatum
798 2751 859 2772 esse
873 2744 1024 2772 Demetrius

238 2777 428 2814 Alexandrina:
447 2778 576 2814 Ecclesiae
604 2779 747 2814 episcopus
778 2780 840 2814 jure
872 2780 1024 2814 meritoque

238 2813 425 2847 conqueritur,
445 2813 587 2850 ipsumque
603 2813 746 2850 Origeuem
761 2813 788 2842 in
803 2815 935 2843 laieorum
951 2813 1024 2843 ordi-

1082 2507 1143 2527 nem
1158 2498 1344 2534 redigendum,
1356 2497 1429 2534 etab
1440 2496 1570 2534 exercitio
1583 2495 1743 2534 presbyterii
1756 2502 1863 2530 susper

1081 2535 1200 2562 dentium
1217 2530 1296 2566 Esse,
1322 2537 1395 2560 recte
1415 2532 1535 2560 decrevit
1558 2536 1585 2558 et
1612 2530 1754 2563 admonet;
1775 2537 1863 2565 pasta

1081 2570 1189 2597 tandem
1203 2568 1432 2604 excommunicat,
1444 2567 1515 2601 quod
1527 2565 1627 2604 scripta
1645 2566 1768 2604 quaedam
1778 2566 1863 2604 _deit|

1081 2612 1145 2639 ceps
1171 2605 1205 2630 ab
1228 2610 1261 2630 eo
1287 2603 1329 2630 vel
1351 2600 1473 2639 evulgato
1486 2622 1493 2634 ,
1511 2601 1578 2639 fel,
1604 2605 1634 2628 ut
1651 2600 1863 2639 _ipse_0rig¢_3_nt

1081 2635 1248 2669 exbusabat,
1279 2645 1329 2665 suo
1351 2638 1462 2664 nomine
1486 2637 1575 2668 edita,
1603 2636 1695 2663 multis
1719 2635 1863 2662 haeresihu

1083 2678 1228 2702 scaterent.
1246 2672 1313 2699 Vide
1328 2671 1428 2699 Baron.
1448 2671 1577 2706 praedicto
1597 2678 1669 2698 anno
1686 2674 1714 2698 et
1728 2671 1863 2704 sequenti

1079 2709 1141 2737 bus.
1163 2709 1225 2735 Ssv.
1243 2707 1300 2734 Bm.

1115 2744 1153 2780 (2)
1173 2743 1246 2780 Sedit
1259 2749 1341 2769 annos
1357 2742 1384 2774 4,
1400 2749 1498 2768 menses
1516 2740 1559 2780 i9,
1571 2741 1625 2768 dies
1643 2740 1686 2780 12.
1701 2739 1741 2766 Ex
1758 2738 1863 2767 Vatia:

1079 2776 1124 2806 nis
1138 2776 1272 2805 indicibus
1285 2781 1391 2804 constat
1407 2784 1469 2803 eum
1489 2777 1593 2803 sedisse
1615 2776 1695 2802 annis
1708 2782 1768 2807 sex,
1781 2782 1863 2802 ment

1080 2814 1113 2848 7,
1135 2813 1206 2841 dieb.
1223 2813 1250 2840 4.
1266 2811 1365 2841 Euseb.
1391 2813 1417 2838 in
1434 2811 1531 2839 Chron.
1547 2811 1666 2840 graviter
1690 2814 1787 2843 errat,
1805 2809 1863 2837 dux
