1883 3056
45 130 77 157 133
766 128 916 158 ΝΟΊΊΤΙΑ.
1580 134 1631 160 {ﬁt

43 188 86 213 iecit
99 185 230 223 ministeria
246 190 354 223 sacrata
369 187 462 214 omnia
476 191 600 223 argentea
616 188 673 223 (5)ὲ
683 191 710 214 et
726 192 838 222 patcnas
855 192 996 223 argenteas
1017 188 1052 214 25
1074 188 1208 222 apposuit.
1230 188 1279 215 llic
1296 196 1344 215 sua
1364 189 1509 216 tradilione
1531 191 1631 219 multos

41 221 141 261 convertit
156 221 374 261 adnbaptismuut
391 226 420 248 et
434 222 634 261 credulitatem;
652 221 806 261 Tiburtium
823 221 904 250 etiam
918 227 946 261 et
962 221 1133 261 Valerianum
1150 223 1356 261 nobilissimum
1375 224 1478 261 virum,
1500 233 1630 260 sponsum

41 255 237 292 sanctze‘ueciliaz.
251 263 320 292 quos
336 257 423 283 etiam
437 264 523 292 usque
542 258 574 283 ad
591 257 713 292 martyrii
730 257 846 292 palmam
860 258 994 292 perduxit.
1014 257 1048 284 Et
1069 264 1117 291 per
1131 257 1191 291 ejus
1205 259 1307 285 monita
1330 262 1356 285 ct
1375 255 1537 292 doctrinam,
1553 261 1630 288 multi

41 290 138 328 inartyrio
154 291 271 328 coronati
285 296 350 328 sunt
367 291 419 326 (4).
442 290 489 318 Hic
504 291 567 328 fecit
586 290 771 328 ordinationes
788 290 909 328 quinque
928 300 975 328 per
988 290 1108 328 mensem
1129 292 1315 328 Decombremg
1332 294 1504 328 presbyteros
1520 290 1630 325 novem.

39 326 136 365 diaconos
148 325 272 365 quinque,
287 325 436 360 episcopos
452 334 500 365 per
512 326 618 365 diversa
635 327 780 365 loca_octo_.
786 325 851 365 ⁸ἰζξιιί
862 325 890 356 et
902 325 1024 362 sepultus
1036 331 1078 355 est
1092 327 1120 354 in
1129 327 1286 355 ctemeterio
1297 325 1461 362 Prétextati,
1473 329 1516 356 via
1532 329 1630 365 Appia,

40 367 70 386 \‘lll
84 359 197 387 Kalendas
211 359 318 393 lunias,
330 365 358 387 et
374 359 494 388 cessavit
507 362 679 396 episcopatus
692 361 752 389 dies
766 361 810 390 50.

550 536 809 583 ΝΟΤΙΤΙᾹ
846 538 1096 583 ALTERA.

521 631 568 662 (D.
581 631 713 661 (cunam,
730 631 844 664 Epistolas
860 632 927 657 Rom.
941 635 1005 663 pum,
1023 633 1042 663 Ι,
1055 632 1121 665 114.)

55 782 226 817 Buncpapam,
239 782 398 809 Alexandro
411 781 585 816 imperatore,
596 780 709 809 Callisto
724 789 784 809 suc-
799 789 819 812 Α
835 785 981 808 censentur
1006 780 1177 808 consulatus.
1199 780 1234 807 At
1256 780 1283 807 in
1307 780 1481 809 Bucheriano
1498 782 1628 819 Catalogo

33 828 116 854 cessisse
128 826 255 854 Eusebius
272 827 298 853 in
310 826 444 854 Chronico
461 826 551 853 tradit.
569 825 639 853 Eum
656 825 784 853 Ecclesia:
835 834 890 854 non
910 826 999 854 solum
1020 834 1108 853 annos
1135 825 1162 857 8,
1187 826 1232 853 sed
1249 830 1275 853 et
1297 831 1428 861 prtelerea
1454 835 1563 856 menses
1582 830 1627 862 Η,

33 873 128 900 Romanae
141 873 294 908 pontiﬁcatu
310 873 434 899 octennio
447 873 617 908 perfunctum
632 880 693 900 esse
710 872 782 900 idem

32 920 117 953 scriptor
132 918 198 945 Hist.
218 918 266 946 lib.
290 927 330 951 vx,
347 927 373 946 c.
387 919 433 952 23,
445 919 533 946 docet.
550 918 583 945 Et
595 926 658 946 eum
672 918 782 953 quidem

32 973 41 990 ι
55 964 168 990 consulatu
192 963 312 991 Maximi
334 969 360 991 et
379 964 485 991 ﬁliuni
506 973 588 999 usque
610 964 735 999 Agricola
758 969 784 992 et

30 1010 163 1041 Clementiae,
176 1010 225 1037 hoc
237 1014 280 1037 est
298 1010 335 1037 ab
350 1017 423 1036 anno
437 1009 538 1038 Christi
549 1010 603 1036 295
617 1010 650 1037 ad
663 1009 715 1036 250
730 1009 783 1037 Ec-

30 1055 108 1082 clesium
124 1055 220 1082 rexisse
239 1063 274 1082 ex
298 1055 473 1082 Bucheriauo
493 1055 616 1090 catalogo
639 1055 781 1083 discimus.

29 1100 71 1127 Maii
84 1101 113 1127 25
124 1101 173 1134 die,
183 1109 238 1136 quo
254 1105 282 1128 et
300 1101 464 1127 memoriam
478 1101 538 1136 ejus
551 1101 671 1130 celebrat
686 1101 782 1129 Eccle-

29 1147 63 1178 sia,
76 1147 159 1174 abiisse
180 1147 317 1174 creditur.
336 1146 399 1174 Haec
422 1150 513 1174 autem
539 1147 630 1174 omnia
654 1147 725 1174 inter
741 1155 781 1181 se,

29 1200 104 1218 necnon
115 1201 169 1220 cum
183 1193 226 1225 iis,
244 1200 312 1228 quae
326 1192 360 1220 de
375 1192 486 1220 Callisto
501 1193 694 1227 praemisimus,
710 1201 783 1220 com-

28 1238 70 1271 pom
80 1238 202 1266 commode
220 1242 362 1273 possunt,
378 1239 402 1266 si
424 1239 579 1266 octennium
596 1238 781 1267 Eusebianum

27 1288 69 1309 orto
81 1284 185 1311 diversos
197 1285 370 1312 consulatus
382 1284 576 1319 intelligamus.
589 1284 656 1312 Nam
669 1286 703 1312 ab
716 1285 781 1312 anui

27 1328 62 1355 23.3
78 1337 155 1358 mense
170 1330 297 1364 Octobri,
326 1331 398 1358 circa
420 1331 499 1365 cujus
523 1331 625 1358 exitum
651 1331 781 1359 Callistus

25 1374 113 1407 pontifex
131 1381 236 1403 creatus
251 1380 385 1411 putatur,
402 1376 436 1403 ad
457 1376 492 1403 25
512 1376 584 1403 diem
603 1377 704 1404 mensis
717 1377 781 1404 Maii

26 1419 132 1453 anni250,
149 1429 202 1456 quo
221 1421 333 1449 Urbani
355 1429 431 1449 mors
453 1422 640 1457 consignatur,
662 1427 725 1450 octo
738 1430 781 1450 re-

836 871 894 899 dies
907 871 952 904 12,
968 871 995 898 in
1009 878 1062 898 ms.
1076 876 1167 898 autem
1181 870 1283 906 regium
1303 870 1384 898 Suec.
1403 879 1490 900 annos
1505 873 1533 904 8,
1549 880 1627 900 nien-

835 925 880 946 ses
896 917 940 950 10.
955 917 1014 945 dies
1029 917 1072 950 12,
1098 917 1127 944 in
1141 917 1301 945 Corbeiensi
1325 926 1412 946 annos
1423 919 1451 952 9,
1474 926 1582 947 menses
1599 919 1626 951 1,

834 965 892 992 dies
907 963 938 990 11
958 963 1064 991 sedisse
1088 963 1246 991 adnotatur.
1267 962 1320 991 Sed
1341 964 1405 999 quia
1426 964 1453 991 in
1471 965 1628 993 numericas

834 1014 914 1038 notas
930 1017 1008 1037 error
1025 1009 1106 1036 facile
1118 1009 1224 1043 irrepit,
1247 1009 1315 1037 adeo
1339 1014 1369 1036 ut
1385 1018 1433 1045 pro
1444 1016 1506 1038 octo
1524 1010 1628 1039 Urbani

833 1055 971 1091 pontiﬁcis
992 1055 1071 1082 annis
1092 1055 1119 1082 in
1144 1062 1199 1082 uno
1221 1054 1379 1082 Colbertino
1398 1055 1431 1082 1V
1448 1057 1513 1084 etin
1527 1056 1627 1084 Fossa-

834 1101 904 1129 teusi
921 1100 955 1127 Ill
985 1105 1091 1128 tantum
1108 1100 1245 1136 legantur.
1267 1100 1422 1128 haerendum
1445 1103 1536 1136 potius
1551 1103 1627 1130 vide-

833 1151 878 1174 tur
896 1146 1034 1174 consulari
1049 1151 1130 1178 notae,
1146 1153 1199 1180 qua
1216 1145 1320 1173 Urbani
1338 1147 1516 1181 pontiﬁcatus
1533 1155 1549 1175 a
1566 1147 1625 1175 Ma-

833 1193 901 1220 ximi
917 1198 945 1220 et
962 1192 1064 1220 ΑΞιίεηί
1085 1193 1230 1220 consulatu
1249 1192 1282 1219 ad
1303 1193 1476 1220 consulatum
1491 1193 1627 1229 Agricolae

832 1243 860 1267 et
873 1239 1036 1266 Clementini
1050 1238 1076 1265 in
1092 1238 1263 1266 Bucheriano
1274 1239 1401 1274 catalogo
1415 1239 1554 1266 delinitur.

869 1284 972 1312 Urbani
986 1284 1092 1311 nullum
1115 1284 1148 1311 ad
1173 1291 1224 1311 nos
1248 1285 1370 1319 pervenit
1392 1285 1542 1319 genuinum
1559 1285 1628 1312 scri-

832 1335 920 1366 ptum.
936 1330 975 1358 Ea
991 1330 1090 1365 quippe
1113 1330 1239 1365 epistola,
1257 1338 1319 1365 quae
1341 1331 1451 1358 nomine
1475 1330 1549 1358 illius
1572 1331 1627 1358 cir-

832 1376 994 1409 cumfertur,
1013 1376 1148 1404 lsidorum
1172 1376 1350 1404 Merc-storem
1374 1375 1499 1411 opiﬁcem
1523 1377 1624 1404 habet:

833 1423 956 1457 adeoque
972 1422 1006 1450 ab
1019 1422 1079 1457 ejus
1092 1422 1253 1450 collectione
1266 1429 1322 1449 non
1342 1426 1384 1449 est
1401 1422 1589 1450 distrahenda.

25 1497 133 1533 illigannos
147 1507 244 1526 novem
269 1499 398 1527 ascribit.
415 1498 514 1527 Baron.
533 1506 606 1527 anno
624 1499 687 1532 235,
703 1489 780 1527 num.
799 1503 820 1530 Β
833 1504 900 1527 mttu
924 1507 957 1527 ac
978 1499 1093 1527 consilio
1118 1499 1218 1526 accidit
1245 1503 1275 1526 ut
1299 1498 1453 1526 Alexander
1475 1498 1626 1533 imperator

25 1531 40 1557 l.
50 1532 97 1560 Str.
115 1533 165 1560 Bm.

47 1568 74 1601 ιβ)
90 1568 133 1594 llic
147 1569 206 1603 fecit
228 1569 386 1595 ministeria
406 1574 511 1595 sacrata
531 1569 621 1596 omnia
644 1573 779 1604 argentea.

25 1601 55 1627 His
72 1601 221 1637 temporibus
235 1604 393 1631 Ecclesium
413 1611 466 1630 non
492 1604 573 1631 modo
598 1601 708 1636 vitreis,
733 1604 781 1631 sed

25 1642 78 1673 ruam
92 1639 214 1672 argenteis
231 1639 381 1670 calicibus,
402 1639 501 1673 quibus
518 1639 683 1671 abundabat,
700 1646 780 1666 usam

25 1671 92 1708 fuisse.
111 1671 291 1708 praeterquam
315 1674 388 1707 quod
411 1671 454 1700 hic
476 1673 550 1700 aliud
569 1678 708 1701 asseratur
721 1694 728 1705 ,
746 1681 779 1701 ex

25 1705 291 1740 Gregorii'l‘uronensis
308 1705 542 1741 commentariolo,
555 1716 635 1743 quem
651 1709 687 1735 De
694 1708 780 1742 gloria

25 1748 131 1778 martyrum
156 1744 267 1778 scripsit
282 1764 291 1776 ,
322 1750 485 1777 cognoscere
511 1742 590 1776 licet,
617 1743 663 1771 ubi
690 1742 778 1770 dicit:

25 1777 80 1814 inulta
91 1785 157 1805 sacra
171 1777 369 1806 ntiitisterialia
384 1786 449 1814 vasa
462 1786 495 1805 ex
510 1783 623 1814 argento
638 1778 761 1814 conlecta
771 1799 778 1811 ,

25 1816 99 1839 Inventa
113 1820 177 1845 esse,
191 1814 260 1840 dum
282 1817 379 1848 crypta
400 1813 457 1847 illa,
472 1814 499 1840 in
515 1821 569 1847 qua
592 1813 684 1840 ﬁdeles
701 1820 779 1841 sacra

25 1851 100 1878 Igentes
117 1848 214 1875 occlusi
234 1849 365 1881 fuerant,
387 1848 567 1876 refoderetur.
583 1848 640 1875 lmo
657 1856 712 1875 non
733 1856 778 1875 ar-

25 1882 96 1912 [tetricis
113 1887 231 1915 tantum,
256 1883 310 1910 sed
331 1887 359 1910 et
377 1884 468 1910 aureis
489 1883 620 1911 calicibus
641 1882 779 1910 Romanos

25 1916 127 1946 pontiﬁces
146 1918 217 1946 circa
238 1918 303 1945 hac
322 1921 444 1952 tempora
464 1918 637 1945 incruentum
656 1918 779 1953 corporis

25 1956 41 1987 te
61 1953 184 1987 sanguinis
212 1953 327 1980 Domini
351 1953 516 1980 sacrilicium
541 1953 639 1980 oﬂ‘erre
660 1960 779 1980 consue-

25 1990 77 2023 “sse,
86 1986 244 2023 Prudentius
260 1988 290 2014 in
310 1988 412 2023 hymno
425 1988 459 2015 de
470 1988 553 2016 rebus
568 1988 650 2022 gestis
667 1987 696 2023 ξ.
710 1987 779 2023 μω-

25 2020 75 2058 eniii
85 2021 183 2058 indicat,
195 2020 340 2055 versibus;
354 2022 454 2057 quibus
466 2020 656 2058 persecutores
668 2022 697 2050 S.
710 2022 779 2049 Lau-

25 2057 103 2082 tntium
116 2057 336 2092 interpellarunt,
355 2058 445 2085 hisce:

142 2113 220 2150 [luna
232 2122 293 2141 esse
310 2114 402 2140 uestris
419 2115 498 2150 orgiis

141 2149 309 2184 ﬂoremque,
323 2154 347 2184 et
364 2149 458 2180 artem,
470 2149 603 2183 proditum
617 2153 674 2179 est;

140 2183 218 2210 Hanc
233 2183 410 2217 disciplinam
423 2184 527 2216 fwderis

140 2218 233 2246 Libent
248 2224 279 2245 tu
293 2227 360 2244 auro
376 2219 515 2249 antistites.

140 2254 279 2288 {trgenteis
297 2254 403 2288 scyphis
416 2253 514 2287 ferunt,

139 2287 259 2315 Fu'mare
273 2287 383 2315 sacrum
395 2289 562 2323 suitguinem:

139 2323 265 2357 Auroqae
276 2324 414 2349 nocturnis
427 2324 509 2350 sacris

140 2355 321 2392 Asiani/imos
334 2366 431 2385 cereos.

41 2410 93 2450 Cum
113 2414 193 2449 igitur
218 2416 272 2443 hac
300 2422 335 2442 ex
359 2418 436 2449 parte
460 2414 622 2450 Christiana}
646 2413 773 2450 Ecclesiae

25 2444 248 2485 gloriancrEsceret,
270 2444 366 2485 regale
380 2449 574 2485 sacerdotium
601 2449 703 2476 Christi
727 2448 773 2485 bis

25 2480 134 2514 illgoribus
149 2490 174 2512 et
188 2480 364 2512 orriameittis
379 2484 569 2518 illustraretur,
585 2492 638 2511 nou
652 2484 711 2511 sine
725 2483 772 2511 Dei

834 1535 941 1569 templis
964 1534 1078 1561 deorum
1109 1534 1272 1569 gentilium,
1300 1541 1398 1569 aurum
1427 1537 1453 1561 et
1480 1538 1625 1569 argentum

832 1567 951 1596 conferri
964 1576 1035 1604 aegre
1047 1567 1149 1601 tulerit,
1166 1569 1287 1603 illudque
1300 1567 1397 1602 Persii,
1410 1573 1440 1596 ut
1451 1567 1535 1596 refert
1547 1567 1626 1596 Lam-

832 1604 948 1638 pridius.
964 1604 1122 1638 frequenter
1137 1604 1304 1631 susurrarit:

1011 1659 1045 1686 In
1061 1659 1155 1693 templo
1170 1659 1234 1694 quid
1250 1660 1317 1694 facit
1335 1660 1450 1686 aurum?

830 1715 864 1743 Et
877 1716 985 1743 demum
1002 1715 1148 1751 singularis
1164 1715 1265 1743 divinae
1280 1716 1458 1750 providentiae
1476 1723 1546 1751 opus
1562 1724 1623 1745 esse

830 1752 948 1783 videtur,
963 1750 1035 1786 quod
1049 1750 1146 1778 aurum
1164 1755 1191 1778 et
1203 1756 1357 1786 argentum,
1376 1751 1484 1785 templis
1496 1750 1625 1779 ethnico-

829 1794 890 1813 rum
908 1785 1046 1821 jamfaute
1066 1787 1203 1813 collatum.
1222 1785 1269 1820 per
1284 1785 1462 1813 Maximinum
1477 1786 1625 1814 Alexandri

830 1829 1016 1849 successorem
1034 1821 1103 1848 istuc
1118 1821 1231 1853 auferri,
1244 1825 1349 1848 statuas
1362 1821 1486 1852 deorum,
1501 1828 1625 1848 omnem-

830 1864 882 1891 que
899 1856 1040 1883 materiam
1059 1857 1179 1883 nummis
1197 1856 1348 1891 condendis
1362 1855 1492 1891 idoneam
1509 1855 1624 1883 conﬂari

830 1889 998 1926 permiserit:
1012 1891 1135 1925 adeoque
1148 1890 1263 1926 voluerit
1277 1890 1347 1922 ﬁeri,
1361 1891 1434 1926 quod
1449 1889 1459 1916 1
1477 1889 1544 1926 Reg:
1560 1899 1622 1925 cap.

830 1934 845 1952 v
857 1926 995 1966 scribitur,
1011 1933 1073 1953 arca
1089 1926 1193 1953 scilicet
1208 1925 1255 1965 Dei
1267 1925 1516 1986 appropinquante,
1529 1925 1622 1960 Dagon

830 1960 1050 1986 Phtlisthaeorum
1067 1960 1149 1986 deum
1166 1959 1319 1986 confrinrzi:
1335 1960 1352 1986 tl
1365 1968 1408 1986 am
1423 1960 1528 1986 extolli.
1548 1961 1622 1986 hunc

829 1960 1050 1988 Philisthaeorum
1067 1960 1149 1988 deum
1166 1959 1319 1995 confringi;
1335 1960 1352 1986 il

829 1995 924 2030 dejic‘i;
948 1995 1021 2022 illam
1043 1995 1127 2030 gloria
1146 2000 1173 2022 et
1191 1996 1294 2022 honore
1312 1995 1391 2027 allici,
1407 1995 1480 2022 hunc
1494 2003 1559 2022 vero
1575 1996 1623 2023 de-

827 2030 930 2065 jectum
944 2030 1072 2058 universo
1087 2037 1186 2056 ornatu
1205 2034 1231 2056 et
1250 2030 1351 2057 decore
1369 2030 1433 2057 exui
1449 2035 1475 2057 et
1489 2030 1621 2064 spoliari;

828 2065 990 2092 Christiana:
1009 2064 1147 2099 religionis
1171 2065 1290 2100 gloriam,
1308 2072 1451 2100 crescere,
1481 2066 1623 2099 gentilitias

829 2100 1182 2134 superstitionishonorem
1206 2099 1291 2125 minui
1306 2103 1333 2126 et
1347 2099 1455 2134 penitus
1467 2101 1620 2127 obscurari.

829 2133 930 2162 Baron.
944 2141 1017 2161 anno
1030 2133 1132 2161 Christi
1147 2135 1211 2163 255.
1224 2142 1251 2160 n.
1270 2133 1287 2159 2
1301 2139 1327 2160 et
1340 2134 1366 2160 5.
1389 2133 1457 2161 Vide
1476 2142 1536 2168 qua:
1550 2135 1621 2162 dixi-

792 2174 812 2201 c
829 2177 890 2196 mus
906 2177 988 2204 supra
1006 2169 1032 2195 in
1050 2169 1120 2196 notis
1132 2169 1165 2196 ad
1179 2169 1270 2195 Vitam
1283 2168 1439 2204 Zepliyrini.
1456 2169 1494 2196 in.

866 2204 904 2239 (4)
926 2204 978 2230 Per
995 2204 1168 2239 ejusfmoniita
1188 2208 1212 2230 et
1227 2204 1473 2239 doctrinamrmulti
1490 2204 1620 2239 martyrio

831 2237 950 2265 coronati
964 2237 1035 2265 sunt.
1049 2238 1100 2271 Qui
1116 2238 1280 2270 Tiburtium,
1300 2237 1473 2265 Valerianum
1490 2242 1517 2264 et
1531 2237 1620 2264 Maxi-

831 2281 906 2300 mum
921 2281 983 2300 cum
998 2279 1090 2301 sancta
1104 2273 1211 2300 Caecilia
1227 2273 1253 2299 in
1269 2273 1320 2300 ﬁde
1334 2273 1510 2304 instruxerat,
1530 2272 1619 2306 bapti-

830 2313 950 2340 zaveral,
965 2312 991 2335 et
1002 2308 1134 2335 adversus
1147 2308 1231 2335 ictum
1247 2307 1327 2342 gladii
1343 2307 1451 2334 hortatu
1467 2314 1517 2334 suo
1524 2307 1619 2342 iobﬁr-

830 2347 961 2375 maverat,
976 2342 1085 2370 tandem
1101 2343 1160 2377 ipse
1176 2341 1285 2376 quoque
1298 2342 1383 2369 multa
1403 2347 1512 2376 propter
1524 2341 1618 2370 Eccle-

829 2378 897 2405 siam
911 2386 1019 2412 passus,
1035 2378 1191 2412 cervicibus
1201 2377 1340 2412 abscissis,
1356 2378 1487 2412 martyrio
1502 2384 1619 2404 corona-

827 2417 871 2439 tus
891 2411 948 2446 est,
969 2421 1041 2440 anno
1057 2412 1158 2440 Christi
1181 2411 1249 2444 9.55,
1274 2411 1420 2446 Alexandri
1445 2412 1618 2446 imperatoris

825 2448 880 2509 llo,
904 2445 1035 2509 vligesimo
1063 2447 1159 2482 quinto
1185 2446 1228 2473 die
1256 2446 1329 2474 Maii.
1357 2445 1459 2473 Barou.
1484 2445 1617 2483 praedicto

836 2490 894 2509 oco.
922 2491 950 2509 ιτ.

836 2490 894 2510 060.
912 2490 950 2511 ID.

1365 1968 1408 1987 am
1423 1960 1528 1992 extolli,
1548 1961 1623 1988 hunc
1662 1982 1664 1984 μ
