1883 3056
159 134 210 160 “9

779 130 808 158 S.
829 129 985 158 CALLISTI
1007 130 1016 156 l
1036 129 1136 158 PAPzE

1732 131 1785 157 120

195 191 222 219 6.
239 191 338 218 Tenuit
347 194 437 218 autem
445 193 473 218 et
484 190 514 216 Β.
524 188 799 223 Calepodium,quem
811 187 874 215 fecit
884 187 942 222 (‘23)
956 188 980 215 A
993 186 1052 214 lixti
1061 187 1194 222 episcopi,
1207 187 1300 215 dicens
1319 195 1324 212 2
1344 186 1423 214 Salva
1436 195 1479 215 me
1494 188 1528 216 ab
1537 188 1678 216 ulceribus
1701 188 1781 220 meis.

160 236 248 264 occidi
266 236 365 271 gladio,
381 240 407 263 et
417 242 516 269 corpus
529 234 600 261 trahi
617 240 665 268 per
676 233 814 260 civitatent
834 233 885 260 sub
900 232 944 260 die

161 279 343 307 Kalendarum
358 279 418 306 Maii
434 278 489 313 (Ἠ)
502 287 509 306 :
530 278 610 313 cujus
623 285 722 312 corpus
733 277 829 312 jactari
842 277 906 304 fecit
917 277 944 303 iu

161 325 282 354 Tiberim
296 330 357 353 ante
373 325 490 352 insulam
503 324 668 360 Lycaoniam
680 324 748 358 (25).
764 323 792 350 In
808 323 874 358 ipsis
888 323 945 350 die-

161 369 214 396 bus
227 368 296 404 l'ogit
320 367 350 395 Β.
367 367 491 395 Calixtus
518 375 580 395 eum
600 368 694 395 decem
713 367 821 395 clericis
834 368 903 400 suis,
919 371 946 394 et

160 414 304 442 abscondit
316 421 346 441 se
359 414 385 440 iu
400 414 513 441 domum
527 413 584 448 (26)
599 413 742 449 cujusdam
755 413 881 441 Pontiani
893 422 944 440 no-

160 464 216 492 ctu,
234 467 336 494 rogans
349 460 498 494 piscatores
515 467 636 494 quaerere
650 468 750 495 corpus
763 460 794 487 Β.
806 460 944 494 Calepodii

160 505 322 539 presbyteri.
335 503 415 537 Quod
429 504 570 531 inventum
583 505 706 531 levantes
724 504 758 531 de
769 503 891 535 (lumine,
904 512 945 530 re-

159 549 352 577 nuutiavcrunt
366 549 395 576 B.
409 549 517 578 Calixto
527 551 666 586 episcopo.
682 550 759 577 Tunc
780 550 880 585 gaudio
902 557 945 576 re-

158 596 248 631 pletus
260 602 311 624 est.
329 596 408 629 Quod
426 604 525 632 corpus
536 602 660 625 sanctum
671 602 811 631 acceptum
825 596 947 624 condivit

158 649 223 669 cum
237 642 407 670 aromatibus
420 647 447 670 et
466 643 680 675 linteaminibus,
693 647 720 670 et
735 650 798 670 cum
818 643 927 678 hymnis
937 662 944 674 ,

158 690 186 713 et
197 686 320 721 sepelivit
334 694 396 714 eum
409 687 437 714 in
452 688 610 716 conpeterio
625 688 749 724 ejusdem
769 687 843 722 (27),
870 691 946 715 sexto

158 731 224 760 ldus
235 731 310 760 Maii.
318 743 325 751 τ

195 777 222 805 7.
242 777 284 806 Ab
302 779 398 807 eodem
423 780 466 808 die
479 780 536 815 (28)
561 781 650 816 cmpit-
666 780 819 809 Alexander
840 780 947 808 curiose

161 831 283 858 quaerere
297 824 326 851 Β.
347 825 483 853 Calixtum
497 827 666 862 episcopum.
679 827 711 855 Et
725 828 894 863 divulgatum
905 833 947 856 est

160 869 197 903 ei,
215 871 288 905 quod
305 872 413 899 essetin
433 873 516 900 domo
531 873 656 901 Pontiani
677 874 754 908 juxta
778 875 873 902 urbem
894 874 945 901 Ra-

160 918 334 945 vennatium:
349 920 477 955 misitque
488 921 592 948 occulte
600 928 675 949 trans
683 922 802 949 Tiberim
820 927 845 949 et
860 923 946 949 tenuit

160 970 238 989 cum:
255 963 415 998 praecipiens
430 970 459 991 ut
476 965 502 992 in
518 966 613 994 eodem
636 967 697 994 loco
720 966 792 994 fame
808 968 947 994 cruciare-

160 1011 215 1035 tur.
232 1008 284 1041 Qui
299 1013 390 1036 tamen
405 1018 468 1037 cum
484 1016 582 1045 quarto
602 1012 647 1039 die
670 1012 738 1039 nihil
759 1013 848 1040 victus
867 1020 947 1040 acce-

162 1053 257 1088 pisset,
264 1054 377 1089 jejuniis
385 1060 412 1083 et
427 1057 597 1084 orationibus
610 1058 696 1093 magis
706 1058 946 1086 corroborabatur.

159 1097 218 1126 Hoc
238 1100 353 1128 audiens
375 1101 540 1134 Alexander,
561 1103 644 1137 jussit
657 1111 720 1131 eum
746 1103 864 1132 fustibus
880 1105 947 1132 caedi

159 1145 288 1173 omnibus
301 1146 407 1179 diebus,
422 1152 448 1174 et
461 1148 487 1174 in
502 1149 596 1176 eodem
612 1149 673 1176 loco
695 1150 828 1178 custodiae
843 1151 948 1178 manci-

158 1191 230 1226 pari,
249 1197 278 1218 ut
293 1192 316 1220 si
327 1193 389 1227 quis
405 1193 439 1220 ad
455 1201 517 1220 eum
529 1199 610 1222 noctu
627 1195 742 1228 veniret,
765 1196 945 1224 occideretur.

159 1237 284 1272 Cumque
296 1239 389 1266 multis
406 1239 501 1267 diebus
513 1240 569 1275 ('29)
589 1241 616 1267 in
632 1241 756 1269 custodia
769 1247 843 1270 esset
857 1250 947 1270 mace-

159 1289 246 1316 ratus,
259 1285 331 1312 vertit
342 1286 375 1312 ad
392 1293 453 1312 eum
469 1285 498 1312 Β.
510 1285 673 1322 Calepodius
693 1293 776 1315 noctu
797 1295 845 1323 per
860 1289 947 1316 visio-

159 1336 267 1364 nem,et
275 1332 432 1360 consolatus
444 1339 486 1361 est
497 1341 558 1361 eum
572 1334 666 1362 dicens
676 1343 683 1360 :
693 1334 803 1362 Firmus
814 1339 883 1367 esto.
893 1335 946 1362 Pa-

159 1379 220 1402 ter:
236 1376 300 1410 quia
313 1384 413 1405 corona
426 1383 472 1405 tua
486 1379 543 1412 jam
566 1379 686 1414 perfecta
704 1385 763 1407 est:
779 1385 809 1407 ut
829 1380 947 1414 accipias

159 1428 177 1448 ε
193 1420 248 1448 Deo
258 1422 418 1457 condignam
434 1423 535 1452 laboris
547 1425 586 1452 tui
602 1425 766 1453 ntercedem.
782 1425 881 1453 Beatus
898 1434 948 1453 au-

161 1470 214 1494 tem
226 1467 349 1495 Calixtus
362 1469 491 1497 insistens
505 1470 634 1504 orationi,
652 1479 707 1499 non
721 1471 847 1499 cessabat
861 1472 949 1498 Domi-

160 1519 224 1539 num
239 1513 389 1547 deprecari.

195 1557 221 1584 8.
230 1557 296 1585 Erat
310 1564 400 1586 autem
413 1560 511 1587 ibidem
529 1561 638 1595 quidaut
649 1562 736 1594 miles,
749 1561 875 1589 Privatus
889 1563 945 1598 (50)

160 1603 281 1635 nomine,
296 1605 343 1638 qui
356 1609 415 1631 erat
433 1605 569 1633 ulceribus
584 1606 689 1640 plenus,
719 1611 746 1633 et
772 1607 947 1635 cruciabatur

161 1647 204 1674 die
214 1655 246 1675 ac
257 1653 336 1675 nocte
349 1648 500 1676 doloribus.
517 1649 564 1677 Hic
578 1650 653 1677 misit
668 1658 698 1678 se
712 1651 745 1678 ad
757 1651 840 1686 pedes
857 1651 886 1678 Β.
895 1653 948 1680 Ca-

198 1713 257 1750 (23)
275 1713 496 1750 Martyrologium
511 1715 603 1744 Bedte:
626 1725 635 1742 ι
649 1716 724 1744 Fecit
740 1717 825 1745 occidi
850 1725 865 1744 a
878 1718 947 1746 Lao-

161 1748 251 1775 dicio.
260 1758 269 1774 ι
284 1748 480 1777 Henscnenius.

183 1783 449 1826 .(Séhslcrupulum
469 1786 548 1826 _mih‘i
576 1786 662 1814 movit
685 1787 743 1817 dies
768 1787 856 1826 prima
883 1787 945 1826 Blaii

162 1818 207 1856 hic
263 1817 475 1856 Galepodiineci
490 1821 638 1855 assignata,
652 1829 716 1848 num
738 1817 842 1849 scilicet
858 1824 946 1856 posita

162 1853 222 1893 bac‘
231 1852 265 1893 S.‘
274 1852 412 1893 Calepodii
425 1856 500 1893 necis
516 1852 639 1893 epocha,
649 1864 710 1893 quae
724 1852 866 1893 hactenus
871 1862 946 1891 gesta

160 1889 189 1914 in
207 1888 293 1926 Actis_
305 1888 444 1926 dicuntur,
455 1888 665 1926 iabﬂAlexandri
691 1892 797 1926 imperii
812 1888 946 1926 principio

161 1923 295 1962 usquead
308 1923 443 1962 Kalendas
453 1925 656 1962 Maiiannieﬂe
669 1923 830 1962 tieri'rcips'a
848 1923 945 1960 potue-

161 1957 226 1995 rint.
243 1957 334 1995 sicea
343 1958 477 1995 Μαι-διευς
495 1960 569 1995 [ὶίδιιν.
587 1961 598 1987 1
619 1961 646 1987 in
661 1957 800 1994 Auctario,
813 1957 872 1995 cap.
886 1962 903 1988 9
920 1967 946 1988 et

161 1992 206 2023 10,
221 1992 309 2031 p.34}
319 1993 396 2031 ,_fere
409 1992 692 2031 disponitz'lmperare
707 1992 855 2024 Alexander
864 1997 946 2031 ctepit

161 2003 206 2023 ιν,
221 2003 248 2027 μ.
258 2003 309 2020 Ζιιο
319 2013 327 2025 ,
339 2003 396 2020 tere
409 2003 544 2028 mspontt:
556 2003 593 2022 tm
614 2003 692 2022 crare
707 2003 855 2024 Alexander
864 2003 945 2031 ccepti

161 2027 299 2066 anno222
312 2028 356 2055 die
379 2036 404 2066 vi
424 2029 527 2066 Martii;
545 2030 578 2056 ab
596 2003 648 2057 iiac
666 2031 709 2057 die
734 2031 867 2066 usquead
896 2039 945 2058 xm

161 2062 284 2101 ejusdem
301 2063 506 2101 mensispotnit
515 2065 666 2101 Alexander
679 2062 818 2093 tabernam
835 2066 946 2093 merito-

160 2097 241 2128 riam,
252 2097 310 2131 jam
327 2102 391 2135 ante
406 2097 431 2124 iit
444 2099 661 2135 Christianorqu
679 2101 810 2135 templum
830 2107 945 2128 couvcr-

161 2139 231 2169 sani,
248 2133 381 2169 rescripto
397 2141 451 2169 suo
468 2133 632 2161 Christianis
647 2133 772 2162 addicere
783 2155 790 2166 ,
809 2140 836 2162 et
864 2135 946 2169 Capi-

162 2166 258 2193 tolium
275 2168 348 2201 tangi
365 2167 489 2199 fulmine,
505 2168 527 2196 si
544 2177 597 2195 non
623 2175 685 2196 ante
700 2178 801 2196 annum
827 2169 880 2196 2‘22
895 2166 943 2197 ista

161 2201 336 2238 contigerint.
353 2202 464 2229 Factum
477 2203 558 2230 fuerit
569 2203 629 2230 'Jovi
645 2205 762 2238 primunt
782 2205 945 2232 sacriﬁcium

161 2236 239 2266 (vide
268 2244 345 2263 num.
373 2238 399 2298 1?
421 2238 466 2264 die
497 2245 540 2264 xw
565 2236 666 2271 Martii,
691 2239 738 2273 qui
761 2240 946 2272 eoantto,lit-

162 2275 219 2297 tera
245 2270 406 2298 Domitticai
434 2273 465 2298 Ε.
481 2272 540 2298 dies
556 2272 631 2298 .lovis
657 2273 717 2298 fuit.
736 2275 865 2298 Acettsari
889 2280 945 2298 tnnt

162 2275 219 2297 tera
245 2270 406 2299 Dominicali
434 2273 465 2304 Ε,
481 2272 540 2300 dies
556 2272 631 2300 Jovis
657 2270 717 2300 i'uii.
736 2275 865 2301 Accusari
881 2270 945 2301 tum

161 2305 244 2343 ccepti
263 2305 363 2333 fuerint
382 2307 541 2343 Christiani.
563 2312 692 2342 tanquam
714 2310 860 2339 malorum,
887 2318 947 2343 qua:

163 2339 486 2379 apcidet'altt,_auctores.
513 2339 686 2379 hixinrdi'exx‘
699 2342 798 2377 Martii,
814 2344 860 2378 qui
886 2339 944 2371 dies

162 2373 289 2401 Mercurii
307 2375 369 2408 fuit,
400 2376 502 2404 factum
521 2377 602 2404 fuerit
624 2377 758 2405 Mercurio
781 2373 944 2406 s'ac't'iticitnn

162 2409 294 2448 alterum,
323 2410 356 2448 de
385 2419 440 2445 quo
464 2420 540 2448 num.
573 2412 600 2439 2.
634 2412 742 2440 Tertius
768 2422 839 2440 ll0\'0
856 2414 947 2447 prodi—

161 2443 380 2483 gio_Palutatiu_s
393 2443 572 2483 fitaptisntum
603 2448 669 2483 petit
690 2456 696 2473 :
713 2448 784 2475 dicm
806 2443 945 2483 posierum

161 2478 239 2517 (vide
258 2487 333 2517 num.
364 2480 401 2515 5)
422 2478 541 2517 jejunio~
554 2478 693 2517 transigit:
721 2483 763 2510 die
790 2478 845 2509 x'xtt
875 2483 947 2511 Mar-

161 2513 193 2540 tii
216 2514 379 2549 baptismum
393 2513 508 2550 recipit.
528 2515 593 2544 Post
611 2513 670 2544 dics
686 2525 762 2545 xxxii
782 2518 854 2554 (vide
869 2526 944 2546 num.

996 233 1058 267 quia
1071 233 1152 260 credo
1164 232 1307 260 Dontinum
1322 232 1415 260 Iesum
1429 233 1567 262 Christum
1587 233 1673 262 Deum
1688 235 1782 262 vivum

994 282 1023 304 et
1037 285 1142 310 verum,
1154 278 1212 312 qui,
1228 278 1299 305 sicut
1309 277 1440 306 Blandam
1458 278 1590 311 liberavit,
1603 283 1700 313 potens
1708 283 1786 307 estet

997 329 1040 349 me
1054 323 1169 353 salvere.
1181 323 1243 356 quia
1258 322 1305 349 ditt
1325 326 1367 350 est
1394 323 1466 357 quod
1493 330 1642 350 consumor
1669 324 1696 350 in
1713 323 1785 351 alni-

996 367 1087 395 ctione
1102 368 1204 395 doloris
1217 368 1280 394 mei.
1295 367 1446 403 Respondit
1458 368 1488 395 Β.
1501 368 1624 396 Calixtus
1637 369 1786 404 episcopus

996 413 1109 442 dicens:
1132 414 1161 441 Si
1178 414 1267 442 credis
1279 422 1312 441 ex
1329 418 1385 442 toto
1405 414 1495 448 corde,
1511 414 1563 447 lili,
1582 419 1610 441 et
1626 415 1654 442 in
1670 416 1787 443 nomine

998 460 1028 487 S.
1044 460 1185 488 Trinitatis
1201 460 1355 495 baptizatus
1370 459 1466 492 fueris.
1480 460 1668 488 mundaberis.
1685 459 1787 488 Priva-

998 509 1043 533 tus
1056 506 1135 532 miles
1147 505 1301 540 respondit;
1318 505 1374 539 Ego
1388 505 1479 538 credo,
1495 505 1560 540 quia
1573 505 1671 533 liberat
1685 510 1714 533 et
1729 505 1787 533 sal—

999 555 1043 577 vat
1054 558 1098 577 nte
1115 550 1246 577 Dominus
1270 552 1296 577 in
1318 551 1466 584 baptismo,
1491 558 1538 585 per
1559 558 1671 578 manum
1696 557 1785 578 luant.

999 595 1074 624 Tunc
1090 596 1120 623 B.
1141 596 1264 623 Calixlus
1279 604 1341 623 eum
1354 596 1511 630 baptizavit.
1530 600 1557 623 et
1572 596 1608 624 ita
1631 604 1646 623 a
1667 596 1787 623 vulneri-

997 642 1048 669 bus
1060 646 1087 669 et
1100 641 1207 674 morbo,
1222 649 1276 677 quo
1292 642 1602 675 tenebatur,mundatus
1613 647 1664 669 est.
1683 641 1717 669 Et
1728 650 1789 670 eoa-

997 689 1035 722 pit
1049 688 1166 715 clamare
1179 688 1288 715 dicens:
1306 687 1379 715 Deus
1390 696 1471 716 verus
1481 693 1508 716 et
1528 688 1646 716 Sanctus
1664 693 1707 716 est
1729 688 1787 716 Do-

998 734 1089 761 minus
1107 733 1187 761 Jesus
1208 734 1344 767 Christus,
1358 742 1438 769 quem
1453 735 1582 770 praedicat
1601 734 1633 762 Β.
1659 734 1788 763 Calixtus

998 779 1145 814 cpiscopus
1158 787 1165 806 :
1181 778 1245 813 quia
1266 779 1338 806 idola
1358 787 1427 806 vana
1441 784 1468 806 et
1482 784 1556 806 muta
1571 784 1787 807 consumentur:

999 824 1071 852 Deus
1086 826 1159 852 enim
1174 829 1292 855 aeternus
1306 830 1349 853 est
1364 826 1501 853 Christus.
1517 825 1595 858 Quod
1611 825 1711 853 iterum
1733 834 1788 853 au—

999 871 1077 898 diens
1091 871 1254 903 Alexander,
1266 871 1407 898 iracundia
1419 871 1524 906 plenus,
1538 879 1570 898 eo
1583 871 1655 906 quod
1671 872 1788 899 militem

998 915 1134 943 Privatum
1151 916 1324 951 baptizasset,
1339 917 1448 944 mittens
1467 917 1677 945 fecitPrivatum
1693 918 1788 952 plum-

998 962 1068 989 batis
1091 962 1156 989 caedi
1178 967 1205 989 et
1226 962 1357 990 deﬁcere:
1377 962 1514 990 Calixtum
1543 971 1607 991 vero
1623 963 1790 999 episcopum

998 1016 1046 1042 per
1059 1008 1205 1035 fenestram
1218 1009 1316 1036 domus
1329 1009 1492 1044 praecipitari
1503 1030 1510 1041 ,
1528 1010 1666 1045 ligatoque
1679 1011 1714 1037 ad
1727 1011 1788 1038 col-

998 1056 1053 1081 lum
1069 1054 1129 1089 ejus
1140 1061 1216 1087 saxo,
1233 1054 1260 1081 in
1275 1059 1388 1089 puteum
1404 1055 1524 1090 demergi
1538 1060 1565 1082 et
1582 1056 1610 1083 in
1634 1064 1668 1083 eo
1684 1057 1788 1083 rudera

998 1101 1133 1128 cumulari
1149 1101 1216 1136 (5i).

996 1162 1001 1180 ι
1033 1148 1058 1174 9.
1080 1146 1146 1175 Post
1163 1147 1222 1175 dies
1250 1154 1315 1174 vero
1341 1147 1435 1174 decem
1462 1152 1490 1174 et
1513 1152 1615 1182 septem
1640 1148 1698 1183 (δῖ’)
1713 1149 1790 1176 venit

997 1194 1139 1229 presbyter
1154 1194 1224 1228 ejus,
1249 1194 1361 1220 nomine
1386 1193 1512 1221 Asterius
1527 1202 1589 1221 cum
1607 1194 1716 1222 clericis
1737 1203 1790 1221 no-

998 1244 1053 1271 ctu,
1067 1245 1093 1266 et
1109 1240 1207 1266 levavit
1218 1247 1319 1274 corpus
1332 1239 1362 1266 B.
1379 1239 1477 1266 Calixti
1496 1240 1616 1274 episcopi
1630 1245 1657 1267 et
1673 1240 1789 1267 honori-

998 1285 1048 1311 ﬁce
1066 1284 1187 1318 sepelivit
1215 1284 1240 1310 in
1260 1284 1416 1311 cmmetcrio
1440 1284 1592 1318 Calcpodii,
1606 1285 1648 1310 ria
1663 1285 1788 1318 Aurelia,

998 1330 1083 1365 pridie
1098 1330 1158 1357 ldus
1170 1329 1304 1358 Octobris.
1315 1328 1380 1356 Post
1393 1329 1452 1356 dies
1462 1336 1553 1357 anteiit
1569 1338 1614 1357 sex
1628 1331 1684 1365 (55)
1698 1331 1789 1357 tenuit

998 1375 1150 1402 Alexander
1163 1376 1299 1403 Asterium
1317 1377 1522 1411 presbyterum:
1548 1383 1629 1410 quem
1657 1376 1790 1410 prtecepit

998 1428 1046 1456 per
1060 1426 1167 1455 pontent
1184 1422 1357 1456 pracipitari.
1374 1421 1460 1456 Cujus
1476 1426 1601 1448 sanctum
1625 1429 1727 1455 corpus
1745 1421 1789 1448 in-

999 1471 1109 1494 ventum
1122 1471 1164 1494 est
1178 1467 1204 1494 itt
1221 1466 1306 1499 Ostia,
1318 1473 1366 1494 eta
1383 1467 1545 1502 quibusdam
1561 1467 1727 1494 Christianis
1741 1475 1789 1494 se-

962 1528 984 1557 c
1001 1513 1104 1546 pultutn
1130 1512 1156 1539 iit
1184 1512 1278 1540 eadem
1302 1513 1410 1540 civitate
1427 1513 1477 1542 sub
1490 1513 1533 1540 die
1546 1521 1583 1539 χιι
1601 1512 1789 1539 Kalendarum

1000 1558 1176 1586 Novembris:
1200 1563 1329 1593 regnante
1349 1558 1464 1586 Domino
1478 1563 1572 1586 nostro
1596 1558 1658 1585 Jesu
1676 1558 1791 1586 Christo

1000 1606 1047 1640 qui
1060 1605 1125 1632 vivit
1141 1609 1168 1632 et
1184 1609 1279 1640 regnat
1291 1605 1361 1633 Deus
1377 1613 1424 1639 per
1441 1605 1534 1633 omnia
1551 1605 1650 1632 sazcula
1669 1605 1790 1632 saeculo-

999 1658 1070 1678 rum.
1083 1651 1179 1678 Amen.

1001 1720 1044 1754 4),
1065 1719 1228 1746 Dalmatium
1245 1719 1359 1753 requirit
1369 1718 1521 1754 Alexander
1533 1717 1576 1744 die
1589 1717 1690 1751 Aprilis
1703 1726 1788 1750 xxiv;

998 1755 1078 1788 eique
1103 1755 1209 1781 sistitur
1229 1754 1300 1788 (vi‘de
1317 1761 1392 1780 nunt.
1418 1754 1445 1785 4)
1465 1753 1556 1779 triduo
1582 1757 1653 1788 post,
1675 1760 1722 1779 seu
1744 1754 1790 1780 die

998 1787 1099 1823 Aprilis
1109 1796 1194 1815 xxv".
1209 1788 1338 1823 Sequenti
1350 1788 1439 1823 triduo
1449 1792 1583 1823 servatur
1599 1787 1748 1814 Palntatius
1761 1789 1789 1814 itt

999 1822 1102 1851 aedibus
1118 1822 1262 1857 Simplicii,
1273 1823 1374 1849 Blanda
1385 1827 1411 1849 et
1426 1822 1583 1857 Simplicius
1597 1822 1788 1856 baptizantur:

998 1863 1096 1893 quarto
1123 1856 1212 1885 autem
1242 1863 1303 1893 post
1320 1858 1372 1889 die,
1391 1865 1438 1884 seu
1456 1856 1583 1893 Kalendis
1598 1857 1672 1889 Maii,
1690 1856 1719 1883 S.
1734 1857 1789 1884 Ca-

999 1892 1122 1929 lcpodius
1135 1893 1249 1929 eju_sque
1264 1892 1335 1919 Socii
1350 1892 1509 1929 martyrium
1526 1892 1654 1929 subeunt.

1035 1928 1092 1962 (25)
1106 1926 1158 1954 Seu
1168 1926 1336 1959 Tiberinum,
1347 1926 1462 1962 nunc}.
1473 1926 1663 1954 ΒανιΙιοιοηιωὶ
1671 1927 1788 1960 dictam.

999 1963 1034 1990 ob
1053 1965 1135 1990 aedem
1150 1963 1213 1990 huic
1226 1970 1342 1990 sacram.
1361 1961 1401 1988 Ex
1421 1961 1603 1988 Henschenio.

1035 1998 1090 2032 (26)
1104 1997 1282 2025 Postmodum
1297 2004 1457 2025 conversam
1473 1997 1499 2023 in
1513 1997 1667 2030 ecclesiam,
1685 1996 1790 2024 S.Cal-

999 2033 1061 2060 listo
1076 2040 1193 2059 sacram.

1035 2068 1090 2103 (‘27)
1113 2067 1190 2103 Quod
1208 2067 1367 2103 nimirum__a
1385 2066 1414 2093 S.
1428 2065 1594 2103 Calrpodio,
1611 2074 1673 2093 cum
1693 2066 1790 2103 junior

999 2100 1185 2134 ms‘et,’cxtrui
1199 2102 1321 2136 potuisse
1336 2100 1524 2128 Henschenius
1539 2107 1631 2128 censet
1641 2109 1701 2135 pag.
1721 2102 1787 2129 498.

1035 2137 1091 2172 (28)
1113 2137 1184 2169 Quo,
1200 2137 1293 2163 audita
1305 2136 1334 2163 S.
1351 2136 1484 2172 Simplicii
1495 2136 1610 2171 ejusque
1622 2136 1733 2163 familiai
1752 2137 1790 2163 ad

999 2170 1283 2203 ﬁdﬂn‘convcrsione,
1296 2172 1356 2206 capi
1368 2171 1396 2198 S.
1411 2170 1589 2206 Calcpodium
1606 2171 1720 2206 ejusque
1736 2171 1792 2199 So-

1001 2207 1058 2234 cios
1072 2207 1200 2240 jusscrat.

1036 2242 1092 2275 (29)
1107 2241 1159 2268 Sed
1179 2248 1232 2267 non
1248 2240 1395 2268 admodum
1410 2241 1520 2268 multis:
1537 2241 1665 2267 nimirum
1689 2240 1733 2268 17.

1036 2277 1093 2311 (ὅθ)
1107 2276 1184 2303 Alius
1196 2284 1210 2302 a
1227 2275 1256 2302 S.
1275 2277 1374 2303 Saturo
1387 2276 1418 2311 in
1440 2275 1660 2310 Hieronymianis
1683 2275 1789 2311 Marty-

1000 2312 1111 2346 rologiis
1125 2311 1158 2338 ad
1172 2311 1243 2338 diem
1256 2318 1294 2337 xu
1307 2316 1334 2337 et
1346 2319 1390 2338 XIV
1403 2310 1528 2338 Octobris
1543 2311 1720 2346 annunciato.

1037 2344 1092 2381 (Si)
1110 2348 1190 2381 Anno
1207 2346 1375 2381 probabilius
1391 2345 1507 2381 222,die
1518 2353 1557 2372 xu
1577 2344 1713 2381 Octobris.

1037 2382 1093 2417 (5'2)
1109 2380 1295 2417 Veroshnilius
1314 2389 1330 2407 a
1347 2380 1374 2407 S.
1391 2380 1497 2417 Callisti
1514 2380 1670 2417 captivitate
1683 2388 1789 2417 nume-

999 2415 1101 2444 randos
1113 2423 1146 2442 cx
1162 2415 1313 2451 Comment.
1331 2423 1413 2450 praev.
1431 2415 1445 2451 §
1467 2417 1484 2443 '5
1498 2435 1505 2445 .
1523 2415 1550 2442 id
1566 2420 1618 2448 est,
1641 2423 1656 2441 a
1672 2415 1716 2442 die
1733 2416 1790 2443 cir-

999 2453 1066 2479 citer
1079 2459 1152 2478 xxvu
1168 2450 1345 2485 Septembris.

1036 2487 1092 2521 (55)
1111 2486 1352 2521 νει-οδιιηίιιιιςγθκ
1374 2485 1454 2512 dictis
1477 2485 1505 2521 in
1529 2484 1682 2521 Comment.
1703 2492 1788 2518 przev.

1002 2519 1087 2549 nuin.’
1096 2522 1131 2549 55
1142 2529 1156 2548 a
1171 2528 1238 2549 nece
1251 2520 1280 2548 S.
1295 2520 1411 2553 Callisti,
1427 2528 1475 2547 seu
1487 2520 1530 2547 die
1543 2519 1671 2547 Octobris
1687 2526 1767 2545 xvnt.
