1883 3056
221 112 273 140 135

849 110 877 137 S.
895 110 936 137 CA
942 109 1062 136 LLISTII
1077 107 1176 135 ΡΑΡᾸΕ

1804 104 1855 131 li!

222 171 335 198 Factum
349 177 386 199 est
399 171 503 199 verbum
515 171 622 197 Domini
635 170 669 197 ad
682 177 733 204 me,
743 170 831 197 dicens
844 178 852 197 :
865 169 930 197 Hcec
940 169 1004 196 dicit
1021 171 1042 198 Α
1056 169 1121 204 quia
1145 168 1286 202 indignum
1307 171 1362 199 est,
1386 170 1416 193 ut
1439 166 1534 193 doctor
1571 165 1703 199 stultofet
1723 164 1853 194 indocto.

222 216 350 249 Dominus
362 218 521 244 exercituum
530 224 539 243 :
548 215 621 243 Sicut
634 216 757 250 cogitavi,
767 220 794 242 ut
803 216 942 251 aﬂligerem
952 223 1005 247 vos,

222 270 282 288 cum
293 262 328 288 ad
339 262 501 288 iracundiam
521 266 704 296 provocassem
726 269 766 288 me
777 265 864 295 patres
879 261 968 292 uestri,
982 265 1007 287 et

222 315 274 334 non
295 314 352 333 sum
373 307 511 339 misertus;
531 307 569 333 sic
582 314 720 333 conversus
743 306 856 340 cogitavi
876 306 903 332 in
916 305 1006 332 diebus

221 353 291 384 istis,
305 357 333 378 ut
348 351 507 386 benefaciam
517 351 666 379 Ierusalem
683 357 707 378 et
721 352 810 378 domui
820 351 902 378 Juda.
917 350 1007 377 Nolite

222 397 321 423 timere.
336 395 400 423 Ila'c
410 401 471 423 sunt
487 396 562 423 verba
571 405 628 431 qute
643 396 747 430 facietis
760 404 769 423 :
783 396 921 430 loquimini
936 395 1005 421 veri-

221 447 300 468 tatem
308 443 486 477 unusquisque
499 450 559 468 cum
567 443 688 476 proximo
699 449 763 472 suo;
774 442 909 468 veritatem
924 445 948 467 et
961 440 1007 473 ju-

219 488 318 514 dicium
330 488 529 522 pacisjudicate
544 488 571 515 in
581 488 664 522 portis
675 487 778 520 vestris,
793 491 817 513 et
831 486 1006 520 unusquisque

219 533 318 560 malum
335 538 428 560 contra
442 534 556 560 amicum
571 541 647 559 suum
660 541 690 560 ne
707 533 826 567 cogitetis
843 533 870 559 in
884 531 1006 558 cordibus

202 578 322 614 uestris,
334 583 357 604 et
367 577 550 612 juramentum
577 578 691 604 mendas:
712 586 742 604 ne
757 577 885 612 diligatis.
910 576 1006 602 Omnia

217 624 289 650 enim
303 623 358 649 lucc
370 627 430 649 sunt
442 631 500 657 qua:
515 623 597 654 adici,
611 622 676 648 dicit
690 622 816 648 Dominus
833 622 1004 648 exercituum.

219 668 254 694 Et
279 668 378 702 factum
403 673 440 694 est
465 666 570 694 verbum
591 667 696 694 Domini
723 668 885 694 exercituum
899 666 934 693 ad
956 675 1005 694 me.

218 714 306 740 dicens
322 721 331 739 .'
352 712 416 739 Haec
432 713 497 740 dicit
514 713 643 739 Dominus
658 713 821 739 exercituum
838 720 847 738 :
868 711 1005 746 Jejunium

218 758 317 792 quarti,
341 763 366 786 et
381 758 513 792 jejunium
533 758 628 792 quinti,
647 762 671 784 et
685 756 820 792 jejunium
845 757 960 791 septimi,
981 761 1005 782 et

216 804 347 838 jejunium
368 804 462 830 decimi
483 804 532 830 erit
546 803 635 830 domui
648 802 722 829 Iuda
740 804 767 829 in
784 803 920 837 gaudium,
937 806 961 829 et
979 802 1005 828 in

1058 219 1139 248 atque
1159 212 1409 247 reprehensibiliter
1435 211 1554 244 viventi,
1577 211 1743 246 respondeat
1769 210 1855 245 juxta

1058 258 1199 286 stultitiam
1215 257 1426 289 suam,diceute
1439 256 1578 291 Scriptura
1591 265 1598 284 :
1612 255 1672 283 Non
1686 255 1854 290 respondeas

1057 303 1140 330 stulto
1149 303 1230 337 juxta
1244 302 1387 329 stultitiam
1403 310 1479 328 suam
1492 302 1523 328 ¹².
1543 300 1603 328 Non
1619 301 1686 328 bene
1701 301 1784 333 vivit,
1804 300 1854 335 qni

1057 356 1110 374 non
1132 353 1203 375 recte
1215 347 1237 363 “
1249 347 1343 374 credit.
1361 345 1433 373 Nihil
1452 346 1515 373 mali
1530 346 1602 380 vult,
1617 347 1663 380 qui
1679 346 1770 374 ﬁdelis
1797 350 1853 372 est.

1058 393 1085 419 Si
1101 393 1162 427 quis
1175 392 1262 419 ﬁdelis
1277 396 1328 423 est,
1343 391 1431 418 videat
1449 400 1483 419 ne
1495 391 1563 419 falsa
1577 391 1713 427 loquatur,
1722 396 1773 418 aut
1788 391 1856 417 cui-

1056 446 1138 472 quam
1154 438 1268 465 insidias
1285 441 1378 472 ponat.
1392 437 1492 465 Fidelis
1507 438 1590 465 homo
1607 445 1714 472 semper
1726 437 1856 464 ﬁdeliter

1058 484 1122 518 agit,
1147 487 1174 511 et
1198 483 1313 510 inﬁdelis
1337 482 1433 510 callide
1460 483 1614 516 insidiatur,
1638 489 1719 518 atque
1751 482 1857 510 ﬁdeles

1057 531 1083 554 et
1095 527 1137 561 pie
1151 534 1184 554 ac
1196 527 1268 562 juste
1282 527 1400 554 viventes
1414 527 1527 561 perdere
1539 527 1644 559 nititur,
1659 527 1723 562 quia
1745 526 1856 554 similis

1057 571 1172 599 similem
1188 571 1239 598 sibi
1258 572 1363 606 quaerit.
1391 572 1510 599 Iulidelis
1523 562 1607 599 homo
1617 576 1742 599 mortuus
1759 576 1806 598 est
1825 572 1854 598 in

1056 623 1170 650 corpore
1186 616 1302 644 vivente.
1331 617 1363 643 Et
1377 621 1471 643 contra
1495 624 1634 644 sermones
1650 616 1738 644 ﬁdelis
1756 617 1855 643 homi-

1057 662 1099 689 nis
1114 662 1196 688 vitam
1212 662 1369 690 custodiunt
1386 661 1550 688 auditorum.
1577 661 1718 689 Doctorem
1733 662 1815 689 enim
1831 661 1855 676 “

1056 707 1230 740 catholicum,
1246 712 1273 734 et
1287 707 1422 742 prmcipue
1441 707 1548 734 Domini
1566 707 1746 739 sacerdotem,
1771 707 1854 734 sicut

1057 753 1131 780 nullo
1152 760 1245 780 errore
1268 752 1420 787 implicari,
1446 753 1483 779 ita
1508 753 1581 779 nulla
1604 757 1711 787 oportet
1737 752 1852 779 machi-

1057 797 1167 824 natione
1181 801 1229 823 aut
1241 797 1388 831 cupiditate
1403 797 1509 824 violari.
1528 797 1636 825 Dicente
1650 798 1751 833 quippe
1767 798 1854 826 Scri-

221 850 356 881 Itt'titiam,
385 853 409 875 et
437 849 465 874 in
488 848 664 875 solemnitates
691 848 853 882 praeclaras;
873 848 1005 874 veritatem
1023 845 1042 871 Β
1057 847 1088 876 pl‘

1106 850 1135 868 ra
1159 845 1253 869 sancta
1273 851 1280 869 :
1297 841 1364 869 Post
1384 843 1608 877 concupiscentias
1632 848 1690 870 tuas
1711 851 1762 869 non
1787 851 1852 874 eas.

219 900 322 921 tantum
338 899 361 921 et
374 902 462 928 pacem
472 894 584 929 diligite,
596 894 660 919 dicit
670 893 796 920 Dominus
812 894 974 920 exercituum
983 892 1004 919 λ.

219 943 248 967 In
265 941 315 967 hoc
330 947 395 974 ergo
415 947 511 966 omnes
536 948 585 967 nos
606 940 616 955 ⁸
639 939 782 966 unanimes
806 943 911 972 oportet
934 945 1004 971 esse,

219 991 249 1012 ut
268 985 417 1012 secundum
441 985 617 1019 apostolicam
634 984 796 1015 doctrinam,
808 983 922 1017 idipsum
933 983 1006 1009 dica-

218 1039 276 1057 mus
297 1039 400 1063 onmes,
419 1035 442 1056 et
464 1038 514 1057 non
537 1031 590 1057 sint
607 1031 635 1057 in
651 1030 724 1057 nobis
745 1029 898 1056 schismata.
916 1028 1004 1056 Simus

218 1080 306 1102 autem
327 1075 435 1109 perfecti
457 1075 484 1101 in
496 1075 585 1101 eodem
606 1083 694 1106 sensu,
707 1079 731 1102 et
751 1075 777 1100 in
797 1074 887 1101 cadent
903 1079 1006 1100 senten-

218 1121 256 1146 tia
268 1120 289 1154 ‘,
303 1120 329 1147 iu
343 1120 423 1155 cujus
436 1120 527 1154 operis
539 1120 683 1147 devotione
695 1120 865 1154 gratulamur
879 1119 1002 1146 dilectio-

217 1173 279 1192 nem
297 1170 371 1192 tuam
384 1173 445 1192 esse
461 1169 625 1192 consortem.
639 1164 698 1192 Non
713 1165 789 1192 decet
801 1165 872 1192 enim
889 1172 905 1191 a
917 1165 1004 1199 capite

217 1210 339 1238 membra
366 1210 499 1237 dissidere
511 1211 532 1242 ⁷,
559 1210 621 1242 sed,
647 1210 724 1245 juxta
749 1217 834 1237 sacra:
857 1209 1004 1244 Scriptura:

216 1255 413 1286 testimonium,
428 1255 517 1281 omnia
528 1256 643 1281 membra
654 1259 732 1289 caput
745 1260 890 1290 sequantur
898 1255 918 1281 ⁸.
930 1254 1003 1281 Nulli

215 1309 281 1328 vero
304 1301 416 1328 dubium
442 1305 484 1328 est
509 1300 586 1336 (58),
611 1301 683 1335 quod
709 1301 857 1336 apostolica
882 1300 1003 1328 Ecclesia

215 1350 303 1373 mater
317 1347 353 1373 sit
366 1346 489 1373 omnium
511 1345 705 1379 Eeclesiarum,
724 1354 738 1373 a
751 1347 829 1380 cujus
841 1354 888 1373 vos
903 1346 1003 1381 regulis

215 1391 371 1419 nullatenus
397 1392 525 1419 convenit
553 1391 673 1419 deviare.
698 1391 730 1418 Et
756 1391 827 1419 sicut
849 1391 895 1418 Dei
918 1391 1003 1419 Filius

217 1437 293 1464 venit
310 1436 401 1464 facere
417 1437 582 1464 voluntatem
600 1431 688 1463 Patris
702 1436 723 1467 ⁹,
742 1437 782 1463 sic
800 1441 829 1463 et
842 1443 891 1463 vos
905 1436 1003 1463 volun-

215 1487 296 1509 tatem
312 1487 407 1510 vestrae
425 1483 560 1518 impleatis
584 1483 678 1509 matris
693 1483 726 1516 ¹⁰,
743 1490 803 1516 quat
816 1486 858 1509 est
871 1481 1001 1514 Ecclesia,

215 1527 294 1562 cujus
317 1533 409 1562 caput.
435 1533 465 1555 ut
485 1527 646 1563 praedictum
671 1531 723 1560 est,
750 1527 872 1554 Romana
897 1528 1002 1555 exsistit

214 1573 346 1600 Ecclesia.
367 1573 504 1608 Quidquid
525 1581 591 1608 ergo
604 1573 625 1588 “
638 1573 698 1600 sine
713 1573 876 1600 discretione
889 1573 1003 1607 justitite

215 1623 312 1646 contra
328 1619 410 1653 hujus
424 1619 597 1654 disciplinam
622 1624 713 1647 actum
733 1619 828 1652 fuerit,
844 1625 933 1647 ratum
952 1621 1001 1647 ha-

214 1664 271 1691 beri
288 1664 358 1691 ratio
375 1664 449 1691 nulla
463 1665 605 1699 permittit.

390 1776 429 1804 De
445 1776 677 1804 criminationibus
690 1778 839 1805 doctorum.

249 1833 459 1861 Criminationes
471 1840 535 1860 vero
554 1837 647 1860 contra
663 1832 800 1860 doctorem
819 1841 900 1861 nemo
915 1835 1002 1861 susci-

215 1879 280 1914 piat,
298 1878 362 1913 quia
382 1886 437 1904 non
454 1881 562 1912 oportet
581 1877 651 1905 ﬁlios
677 1877 874 1912 reprehendere
899 1885 1000 1913 patres.

214 1931 266 1950 nec
278 1930 372 1951 servos
387 1923 513 1949 dominos
525 1923 654 1950 lacerare.
672 1921 734 1949 Filii
749 1930 815 1957 ergo
828 1927 891 1950 sunt
904 1923 999 1950 docto-

215 1975 288 2000 rum,
310 1975 406 1994 omnes
427 1975 495 2002 quos
520 1966 670 1994 instruunt.
695 1966 729 1994 Et
749 1967 821 1995 sicut
840 1968 887 1995 ﬁlii
911 1972 1001 2002 patres

215 2012 349 2044 carnales,
363 2012 404 2040 sic
418 2017 445 2039 et
459 2012 487 2039 hi
499 2017 589 2046 patres
599 2012 699 2040 debent
709 2012 822 2047 diligere
834 2013 999 2048 spiritualcs.

214 2057 274 2085 Non
297 2059 370 2086 enim
394 2057 464 2085 bene
484 2057 561 2091 vivit,
586 2058 634 2092 qui
660 2065 715 2085 non
741 2063 814 2086 recte
835 2059 933 2091 credit,
955 2063 1002 2086 aut

215 2108 306 2139 patres
336 2103 520 2138 reprehendit,
547 2103 590 2130 vel
618 2103 735 2130 detrahit
763 2111 839 2131 suos.
871 2103 1002 2132 Doctores

213 2158 289 2185 ergo,
306 2149 352 2185 qui
368 2154 395 2176 et
415 2153 505 2183 patres
518 2153 660 2181 vocantur,
678 2149 765 2184 magis
776 2149 900 2184 portandi
917 2156 998 2184 quam

214 2195 430 2230 reprehendendi
447 2199 525 2226 sunt,
547 2194 598 2222 nisi
618 2194 645 2221 iu
665 2199 738 2221 recta
761 2194 813 2221 ﬁde
835 2195 997 2221 erraverint.

212 2241 309 2268 Nullus
322 2248 386 2276 ergo
397 2241 536 2267 doctorem
559 2247 604 2273 per
625 2239 727 2274 scripta
742 2243 861 2272 accuset,
881 2247 931 2267 nec
948 2239 1000 2267 nisi

214 2287 286 2314 ﬁdeli
297 2291 324 2314 et
338 2287 470 2321 legitimo,
481 2285 528 2320 qui
544 2286 625 2313 etiam
641 2286 904 2320 irreprehensibilem
915 2286 1000 2313 vitam

213 2339 246 2359 ac
259 2332 494 2359 conversationem
521 2331 614 2363 ducat,
641 2331 792 2358 accusatori
820 2331 999 2366 respondeat:

247 2404 259 2420 ⁸
270 2404 353 2431 Zacli.
365 2412 425 2437 vui,
436 2403 509 2431 1-19.
546 2404 556 2420 ⁸
570 2403 598 2430 S.
609 2403 664 2430 Leo
678 2404 765 2438 ep.55
775 2408 801 2431 et
812 2404 857 2430 84.
895 2403 923 2430 ⁸1
939 2404 1011 2431 Petr.
1026 2412 1066 2431 Ill.

478 2438 582 2478 “idem
594 2437 713 2478 _habetur
728 2438 800 2478 infra
812 2439 838 2478 in
848 2439 959 2478 decc“?
974 2439 1103 2478 Stephani
1121 2438 1138 2478 ξ
1162 2444 1188 2478 et
1204 2439 1271 2465 Sixti
1287 2446 1362 2478 papae
1376 2437 1418 2478 ill:

499 2474 522 2511 ’ξ
532 2473 601 2500 Sixti
625 2474 763 2511 Sententia:
785 2474 812 2506 6,
830 2473 889 2511 16:1,
906 2474 967 2511 18_9,
985 2474 1047 2511 295.
1077 2474 1108 2511 f‘
1121 2473 1218 2511 SLLco
1235 2481 1268 2507 ep

715 2509 735 2523 ¹⁷
748 2516 846 2535 canon.
863 2508 879 2535 9
893 2508 971 2536 conc.
984 2508 1095 2535 Nicreni.

212 2440 224 2454 '
235 2439 312 2466 Jnau.
325 2447 362 2470 v1,
377 2439 422 2466 38.

214 2475 235 2490 "
247 2473 326 2500 Prov.
342 2481 418 2505 xxvt,
431 2473 458 2500 4.

212 2513 284 2535 Sent.
299 2508 363 2539 202,
379 2516 412 2535 ex
426 2508 495 2542 Aug.
516 2508 541 2534 iu
563 2516 604 2542 ps.
622 2516 675 2534 LIV.

1056 890 1081 912 et
1103 894 1118 912 α
1134 886 1266 912 voluntate
1282 891 1327 912 tua
1344 893 1458 913 avertere
1479 888 1500 903 ¹⁵
1515 894 1521 913 :
1540 888 1632 914 multis
1649 888 1731 922 hujus
1748 888 1852 915 mundi

1057 931 1205 962 illecebris,
1227 932 1320 959 multis
1343 933 1509 960 vanitatibus
1533 933 1713 960 resistendum
1739 938 1795 966 est,
1820 939 1853 961 ut

1055 983 1125 1002 verae
1137 975 1309 1003 continentiae
1323 976 1477 1003 obtineatur
1491 977 1640 1011 integritas.
1653 976 1740 1010 Cujus
1754 977 1852 1012 prima

1055 1024 1096 1047 est
1116 1019 1191 1047 labes
1207 1020 1344 1054 superbia,
1361 1020 1468 1047 initium
1486 1021 1710 1054 transgressionis
1723 1024 1751 1047 et
1766 1020 1853 1055 origo

1054 1065 1155 1099 peccati
1168 1074 1174 1091 :
1187 1065 1316 1099 quoniam
1332 1072 1410 1091 mens
1424 1068 1520 1098 sponte
1533 1064 1620 1095 avida,
1637 1071 1687 1090 nec
1704 1063 1852 1090 abstinere

1055 1110 1139 1141 novit,
1158 1118 1207 1137 nec
1218 1110 1311 1145 pietati
1326 1110 1455 1137 adhibere
1468 1117 1629 1137 consensus.
1645 1109 1741 1136 Nullus
1756 1110 1851 1137 bono-

1054 1164 1116 1182 rum
1132 1156 1153 1171 “
1169 1156 1308 1183 inimicum
1332 1157 1423 1189 habet,
1440 1157 1493 1184 nisi
1513 1156 1626 1189 malum,
1640 1155 1687 1190 qui
1705 1155 1766 1183 ideo
1780 1163 1850 1183 esse

1054 1202 1228 1236 permittitur,
1244 1206 1273 1229 ut
1287 1208 1334 1230 aut
1347 1202 1508 1237 corrigatur,
1525 1206 1572 1228 aut
1585 1209 1632 1235 per
1649 1201 1737 1235 ipsum
1751 1201 1850 1228 bonus

1054 1251 1221 1274 exerceatur.
1250 1247 1384 1282 Quidquid
1405 1255 1470 1282 ergo
1486 1247 1506 1262 "
1521 1245 1761 1281 irreprehensibile
1787 1252 1846 1276 est.

1054 1292 1185 1319 catholica
1204 1291 1323 1319 defendit
1338 1291 1469 1319 Ecclesia.
1496 1290 1567 1318 Nulli
1587 1290 1744 1325 imperatori
1758 1290 1781 1306 “
1802 1291 1848 1317 vel

1054 1337 1172 1372 cuipiam
1189 1338 1316 1372 pietatem
1342 1337 1518 1369 custodienti,
1542 1337 1606 1364 licet
1624 1336 1724 1371 aliquid
1743 1340 1846 1363 contra

1055 1383 1181 1410 mandata
1210 1383 1301 1410 divina
1323 1390 1496 1418 praesumere.
1524 1382 1656 1416 lnjustum
1679 1389 1744 1416 ergo
1763 1381 1847 1416 judi-

1053 1428 1126 1455 cium
1142 1432 1170 1456 et
1182 1428 1307 1455 ditIinitio
1319 1428 1431 1462 iujusta,
1449 1428 1523 1462 regio
1535 1432 1607 1454 metu
1623 1431 1669 1454 aut
1682 1427 1773 1462 jussu,
1790 1433 1845 1454 aut

1053 1474 1241 1509 cujuscunque
1261 1474 1380 1508 episcopi
1395 1478 1442 1500 aut
1457 1474 1584 1508 potentis,
1608 1481 1622 1501 a
1634 1474 1774 1508 iudicibus
1791 1481 1844 1500 or-

1017 1511 1037 1540 ο
1053 1518 1144 1545 diuata
1155 1519 1198 1546 vel
1212 1524 1284 1550 acta,
1298 1527 1351 1546 non
1365 1519 1462 1546 valeat.
1478 1518 1586 1546 Homini
1602 1519 1728 1554 religioso
1741 1527 1845 1553 parum

1052 1571 1112 1591 esse
1125 1564 1205 1591 debet
1220 1565 1241 1580 ¹⁹
1256 1564 1413 1592 inimicitias
1429 1564 1545 1591 aliorum
1570 1572 1623 1590 non
1641 1571 1780 1595 exercere,
1800 1565 1845 1591 vel

1052 1616 1152 1643 augere
1168 1608 1239 1635 male
1259 1609 1405 1644 loquendo,
1422 1608 1475 1634 nisi
1497 1609 1577 1635 etiam
1598 1616 1645 1636 eas
1665 1609 1846 1644 exstinguere

1052 1653 1119 1680 bene
1129 1653 1264 1688 loquendo
1277 1653 1420 1681 studuerit.
1433 1654 1528 1681 Melior
1541 1657 1582 1681 est
1593 1654 1615 1669 ¹⁰
1627 1654 1655 1682 in
1666 1653 1746 1681 malis
1759 1654 1845 1681 faelis

1054 1696 1329 1730 humilis.confessio,
1342 1705 1424 1732 quam
1437 1698 1463 1724 in
1480 1698 1557 1725 bonis
1571 1697 1685 1732 superba
1702 1698 1843 1733 gloriatio.

1051 1741 1152 1769 Omnes
1173 1750 1237 1770 vero
1261 1743 1308 1777 qui
1334 1747 1426 1770 amant
1439 1743 1461 1758 ²¹
1477 1743 1561 1770 vitam
1587 1743 1706 1776 beatam,
1732 1743 1842 1771 malunt

1051 1795 1111 1814 eam
1132 1788 1336 1823 trapquillitalis
1361 1796 1417 1815 suae
1435 1793 1462 1815 et
1481 1788 1593 1823 justitiaz
1615 1793 1687 1816 statu
1713 1797 1842 1832 currere,

1051 1841 1132 1867 quam
1156 1837 1312 1860 nostrorum
1333 1838 1509 1868 peccatorum
1527 1834 1616 1868 pinnis
1636 1835 1778 1862 ultricibus
1794 1835 1842 1862 in-

1053 1877 1190 1911 terpolari.
1214 1876 1317 1904 Memor
1335 1878 1409 1904 enim
1433 1886 1493 1905 sum
1508 1880 1542 1911 “,
1565 1886 1610 1906 me
1630 1879 1682 1906 sub
1696 1879 1770 1907 illius
1787 1887 1842 1908 no-

1052 1922 1125 1949 mine
1139 1922 1268 1950 Ecclesiae
1293 1923 1437 1957 prmsidere
1448 1923 1515 1958 (39),
1532 1923 1610 1958 cujus
1629 1931 1644 1950 a
1657 1923 1773 1951 Domino
1788 1932 1842 1952 no-

1052 1972 1109 1994 stro
1120 1967 1183 1994 Jesu
1200 1968 1309 1995 Christo
1327 1972 1368 1995 est
1386 1968 1534 2003 gloriﬁcata
1557 1968 1702 2002 confessio,
1717 1973 1744 1997 et
1757 1969 1841 2004 cujus

1051 2013 1119 2040 ﬁdes
1142 2020 1238 2040 omnes
1261 2021 1367 2048 semper
1386 2014 1504 2041 destruit
1525 2021 1644 2042 errores.
1668 2013 1701 2041 Et
1716 2015 1842 2050 intelligo

1051 2057 1129 2084 aliter
1154 2057 1223 2084 mihi
1250 2065 1306 2084 non
1332 2058 1424 2091 licere,
1447 2066 1529 2093 quam
1555 2063 1586 2086 ut
1605 2066 1701 2086 omnes
1720 2065 1840 2087 conatus

1052 2111 1128 2131 meos
1149 2104 1174 2130 ei
1192 2111 1299 2137 causae,
1320 2103 1347 2130 in
1364 2111 1418 2138 qua
1435 2104 1599 2131 universalis
1615 2103 1744 2131 Ecclesiae
1761 2105 1840 2132 salus

1052 2148 1206 2182 infestatur,
1231 2148 1397 2183 impendam.
1425 2148 1510 2184 Spero
1529 2155 1618 2176 autem
1644 2149 1801 2177 adfuturam
1815 2151 1840 2167 "

1051 2193 1264 2221 misericordiam
1278 2194 1418 2228 Dei,:quod
1431 2199 1595 2229 cooperante
1606 2195 1666 2230 ejus
1678 2195 1838 2228 clementia,

1051 2239 1140 2266 omnis
1161 2238 1272 2274 pestifer
1297 2239 1425 2272 morbus,
1448 2239 1507 2274 ipso
1527 2239 1652 2274 pellente,
1676 2239 1837 2268 auferatur.

1051 2289 1078 2313 et
1089 2285 1220 2320 quidquid
1237 2285 1296 2319 ipso
1316 2285 1465 2319 inspirante
1480 2290 1561 2319 atque
1573 2285 1722 2312 auxiliante
1735 2286 1840 2320 poterit

1052 2330 1197 2358 salubriter
1218 2330 1288 2363 ﬁeri,
1310 2337 1374 2358 cum
1392 2335 1446 2358 tuae
1458 2330 1520 2357 ﬁdei
1534 2336 1561 2358 et
1580 2331 1732 2359 devotionis
1753 2331 1839 2359 laude

1122 2403 1232 2431 ’distiu.
1246 2403 1297 2430 i2:
1313 2402 1370 2430 Non
1388 2403 1465 2430 decet
1481 2411 1496 2430 a
1510 2403 1606 2437 capite.
1661 2403 1671 2419 ⁸
1686 2403 1771 2430 lCor.
1785 2412 1835 2430 xu.

1129 2438 1136 2454 I
1163 2444 1186 2454 nl
1204 2439 1271 2454 Qiuli
1287 2446 1362 2454 nonm
1376 2437 1406 2454 III
1471 2439 1489 2454 ιι
1509 2439 1605 2454 Arb-inn
1631 2438 1680 2454 nn"
1714 2439 1730 2454 κ
1747 2443 1772 2454 nl
1788 2439 1825 2454 1:7

1287 2446 1362 2479 papas
1376 2438 1418 2465 Ill.
1471 2439 1489 2454 ¹¹
1505 2439 1617 2465 Adrian.
1630 2438 1693 2466 coll.
1713 2439 1730 2465 5
1747 2443 1775 2465 et
1788 2439 1836 2478 67ἶ

1271 2493 1277 2499 .
1294 2473 1338 2499 55.
1377 2473 1398 2488 ¹⁸
1412 2472 1483 2500 Eccl.
1500 2480 1575 2503 xvm,
1589 2473 1632 2500 50.
1673 2473 1693 2488 ¹⁶
1706 2473 1836 2507 Prosper:

1144 2508 1166 2524 ⁸⁵
1180 2515 1257 2547 gone.
1268 2507 1398 2547 “(mh)”,
1414 2507 1639 2547 suoSymmaeho
1655 2515 1736 2547 papa,
1768 2508 1791 2540 1,
1806 2516 1835 2542 q.

212 2544 239 2574 5,
253 2543 385 2578 lnjustum
395 2541 625 2576 judiciumxtcl”
638 2542 666 2569 S.
679 2542 805 2578 Prosperi
821 2547 890 2570 seut.
905 2543 965 2575 H9,
980 2551 1011 2570 ex
1021 2543 1135 2578 rS.Aug.
1145 2541 1336 2578 thoul'ess.c.
1352 2542 1378 2578 9.
1417 2543 1439 2557 ¹⁰
1450 2542 1570 2578 ejusdem
1585 2550 1618 2568 ex
1632 2541 1733 2569 eodem
1747 2542 1774 2568 in
1791 2550 1834 2576 ps.

213 2577 288 2604 mit.
327 2578 349 2593 ¹¹
364 2577 497 2611 8.ξΛηιι)ι’.
515 2577 618 2611 ep.[2l.

212 2613 342 2640 detractis
364 2612 498 2639 additisve
511 2612 674 2646 quibusdam
697 2613 870 2648 interpolata.

247 2668 305 2701 (38)
333 2667 410 2694 Nulli
433 2677 491 2695 vero
515 2668 633 2696 dubiant.
669 2669 819 2697 Romanam
847 2669 995 2697 Ecclesiam

212 2707 327 2730 matrem
351 2708 377 2729 et
392 2708 474 2737 caput
494 2711 555 2731 esse
574 2705 694 2732 omnium
725 2706 841 2732 aliarum
862 2704 996 2732 Ecclesia-

212 2745 284 2774 rutn,
300 2737 411 2774 evidens
430 2739 614 2766 testimonium
634 2744 726 2767 uolatu
745 2740 935 2774 dignissimum
954 2740 997 2766 llic

212 2772 348 2810 traditur:
366 2773 442 2810 plura
469 2774 622 2810 testimonia
640 2776 697 2803 vide
719 2772 789 2810 apud
808 2774 934 2802 Bcllarut.
960 2774 997 2800 De

211 2806 288 2833 lium.
305 2812 377 2841 pont.
393 2808 455 2835 Ser.
473 2809 572 2836 BINIUS.

657 2579 679 2594 "
692 2577 720 2604 S.
733 2576 788 2604 Leo
801 2586 843 2612 ep.
858 2578 902 2604 5'2.
941 2579 963 2594 ’³
976 2578 1003 2605 S.
1018 2577 1072 2606 Leo
1088 2576 1130 2612 ep.
1152 2577 1197 2609 51,
1225 2578 1304 2611 cujus
1321 2576 1402 2603 verba
1423 2581 1451 2603 ut
1465 2577 1672 2610 praecedentium
1689 2582 1835 2604 auctorum

1086 2669 1142 2704 (59)
1157 2669 1258 2695 Memor
1267 2667 1336 2704 enim
1348 2675 1415 2697 sum,
1428 2675 1468 2693 me
1481 2667 1533 2704 sub_
1542 2667 1618 2704 illius
1631 2667 1734 2694 nomine
1747 2667 1835 2694 Eccle-

1049 2701 1097 2731 siaé
1116 2703 1266 2737 prtesidere.
1283 2701 1434 2737 Romanum
1460 2702 1614 2737 pontiﬁcem
1644 2710 1833 2729 suecessnn-m

1050 2735 1121 2765 Petri
1148 2745 1223 2767 esse,
1249 2737 1292 2762 hic
1318 2735 1464 2763 iudicatur.
1492 2735 1572 2762 Plura
1601 2737 1755 2763 testimonia
1772 2738 1834 2763 \‘nlu

1051 2773 1120 2806 apud
1136 2771 1289 2798 licllarmiu.
1314 2770 1349 2796 De
1370 2770 1481 2807 Ιῖιιηιίιηἴ
1504 2777 1575 2805 pont.
1602 2771 1648 2798 lib.
1664 2779 1693 2804 ll,
1711 2780 1773 2807 cap.
1793 2773 1834 2804 li,

1051 2813 1076 2834 et
1094 2807 1183 2834 multis
1200 2806 1258 2832 aliis
1273 2806 1456 2840 :equcnlibus.
1477 2806 1512 2833 In.
