1883 3056
52 133 98 161 l25
794 134 826 161 El

913 133 983 161 ΜΕ.

1619 136 1670 164 126

47 197 195 228 peragatur.
212 191 352 224 Quoniam
369 200 413 220 res
428 200 521 220 omnes
536 193 613 220 aliter
627 197 690 220 tutae
705 200 764 220 esse
780 200 834 219 non
850 197 870 224 Α
888 191 1037 227 recipiendi
1053 190 1087 224 ³³,
1112 198 1162 218 nec
1181 190 1283 218 ‘eorum
1311 190 1353 218 vel
1378 191 1670 220 anathematiutorum

47 243 167 273 possunt,
191 237 255 268 nisi,
277 245 341 272 qua!
366 238 400 265 ad
420 239 505 265 divini
530 239 651 266 muneris
670 238 830 266 famulatum

47 283 200 317 pertinent,
225 282 406 310 sacerdotalis
432 283 558 310 defendat
580 283 740 310 auctoritas.
768 281 832 308 Data

47 327 188 354 undecimo
207 326 344 354 Kalendas
369 327 540 359 Decembris,
566 327 704 354 Antonino
726 330 753 354 ct
771 326 833 353 Ale-

47 372 148 399 xandro
163 371 232 399 viris
249 372 410 400 clarissimis
425 372 583 400 consulibus
594 372 627 400 ".

326 437 497 466 EPISTOLA
516 438 549 464 ll.

199 492 234 511 AD
255 492 341 511 OHSES
360 491 512 511 GALLI/ull]!
532 491 681 511 EPISCOPOS.

47 539 83 566 De
104 538 348 573 conspirationibus
372 543 396 564 et
418 538 525 572 reliquis
552 538 658 565 illicitis
682 539 779 572 causis,
800 548 832 566 ne

76 574 155 608 ﬁant,
172 578 199 600 et
210 574 242 600 de
261 574 425 606 reparatione
439 573 507 607 lapsi
525 579 583 607 post
600 574 793 607 paenitentiam.

79 619 272 646 D-lectissimis
288 618 417 645 fratribus
431 626 477 652 per
485 618 586 646 Gallias
598 619 763 652 constitutis,
773 619 834 646 uni-

46 664 130 690 versis
151 663 300 697 episcopis,
317 662 479 689 CALLISTUS.

86 707 278 734 Plurimorum
305 707 390 734 relatu
415 706 599 740 comperimus
618 707 640 722 ³³
664 706 833 734 dilectionem

45 758 161 779 testram
185 752 295 779 fervore
308 751 425 786 Spiritus
440 751 525 778 sancti
544 751 580 778 ita
597 751 723 779 Ecclesiae
735 751 832 786 guber-

44 799 139 825 uacula
156 797 274 824 ﬁrmiter
287 801 382 824 contra
399 796 516 831 impetus
534 800 625 824 tenere
639 801 666 823 et
682 804 786 831 regere,
801 801 831 824 ut

43 843 187 879 naufragia
195 847 244 870 aut
255 842 459 877 naufragiorum
469 842 640 876 detrimenta,
650 843 705 871 Deo
713 847 833 876 auctore,

43 898 94 916 non
123 890 239 916 sentiat.
277 888 389 916 Talibus
422 888 505 923 igitur
537 889 684 923 gloriantes
713 889 832 921 indiciis,

43 942 173 970 rogamus
191 955 199 968 ,
241 941 277 961 ne
307 933 334 961 itt
368 934 421 961 illis
449 933 573 968 partibus
607 938 700 961 contra
733 939 833 962 statuta

40 980 196 1015 apostolica
223 978 373 1014 quidquam
399 978 456 1005 ﬁeri
474 978 582 1010 sinatis,
598 978 645 1005 sed
662 982 757 1005 nostra
774 977 833 1004 fulti

39 1024 217 1057 auctoritate,
232 1024 328 1052 nociva
344 1023 616 1058 eompcscite,illicita
629 1023 779 1058 prohibete.

431 1091 454 1118 l.

38 1137 77 1164 De
96 1138 132 1164 iis
151 1138 199 1173 qui
219 1137 373 1172 conspirant
392 1137 517 1177 adversus
529 1136 673 1171 episcopos,
686 1135 725 1163 vel
735 1135 781 1170 qui
795 1136 834 1163 eis

365 1176 540 1199 consentiunt.

71 1218 323 1253 Conspirationum
339 1225 405 1244 vero
420 1217 536 1245 crimina
549 1217 648 1245 vestris
664 1217 692 1244 in
709 1217 833 1252 partibus

37 1265 133 1298 vigere
152 1264 314 1291 audivimus
324 1283 332 1296 ,
347 1268 375 1290 et
389 1262 481 1298 plebes
497 1267 593 1290 comra
608 1263 752 1297 episcopos
767 1269 834 1290 suos

38 1310 206 1344 conspirare
233 1309 314 1336 nobis
337 1307 543 1336 manifestatum
561 1309 584 1324 ³⁸
600 1313 651 1335 est.
672 1308 757 1341 Cujus
777 1308 832 1334 cri-

38 1355 123 1382 minis
137 1354 244 1382 astutia
257 1362 311 1381 non
327 1355 416 1381 solum
432 1354 503 1382 inter
530 1354 702 1381 Christianos
729 1353 835 1380 abomi-

38 1400 143 1427 nabilis
160 1404 224 1426 est:
241 1399 287 1426 sed
303 1399 384 1425 etiam
402 1399 472 1426 inter
485 1399 625 1432 ethnicos,
639 1403 666 1426 et
681 1399 716 1425 ab
732 1398 834 1426 exteris

38 1441 152 1480 legibus
177 1444 326 1479 prohibita.
354 1443 388 1471 Et
406 1444 510 1472 idcirco
527 1443 610 1478 hujus
630 1444 754 1471 criminis
774 1451 835 1471 reos

40 1499 99 1518 non
121 1490 215 1517 solum
236 1490 447 1523 ecclesiasticae,
468 1489 515 1517 sed
534 1490 614 1517 etiam
637 1489 735 1517 saeculi
759 1489 835 1516 dam-

39 1540 110 1562 nant
129 1535 229 1569 leges:
242 1540 271 1562 et
285 1543 339 1562 non
357 1535 445 1562 solum
462 1531 651 1570 conspirantes
661 1554 668 1567 ,
691 1535 738 1562 sed
753 1537 835 1561 etiam
849 1532 870 1560 C

38 1580 239 1606 consentientes
259 1580 298 1606 eis
314 1580 346 1606 ³⁷.
367 1580 562 1607 Autecessores
581 1587 647 1607 vero
665 1580 749 1607 nostri
771 1588 834 1608 cum

37 1625 163 1658 plurima
175 1624 255 1651 turba
269 1624 636 1660 episcoporum,quicunque
651 1632 745 1652 eorum
755 1625 781 1652 in
791 1632 835 1652 sa-

41 1670 179 1697 cerdotali
199 1670 306 1697 honore
319 1674 384 1697 sunt
396 1670 494 1705 positi,
512 1675 560 1698 aut
573 1671 708 1699 exsistunt
727 1671 834 1704 clerici,

41 1715 167 1747 honore,
186 1722 243 1750 quo
262 1719 388 1748 utuntur,
406 1715 503 1742 cadere
517 1715 540 1731 "
555 1719 763 1750 praeceperunt:
781 1723 833 1742 cae—

41 1766 115 1787 teros
133 1767 202 1788 vero
219 1760 412 1787 communione
428 1760 546 1795 privari,
562 1766 589 1789 et
605 1761 640 1788 ab
654 1750 774 1788 Ecclesia
788 1768 836 1788 ex-

41 1810 131 1832 torres
161 1805 223 1832 ﬁeri
238 1805 400 1839 jusserunt;
415 1813 565 1840 omnesque
587 1806 670 1835 simul
691 1807 835 1840 utriusque

41 1850 151 1877 ordinis
170 1850 247 1878 viros
264 1850 381 1878 infames
399 1858 461 1878 esse
477 1855 643 1878 censuerunt
657 1859 664 1884 ς
681 1857 708 1878 et
725 1859 776 1877 non
792 1859 835 1877 so-

41 1897 98 1923 lum
118 1897 267 1931 facientes,
289 1898 334 1925 sed
353 1903 379 1925 et
393 1899 430 1925 eis
450 1899 648 1925 consentientes.
669 1898 777 1926 Justum
794 1903 836 1926 est

42 1942 115 1968 enim
135 1943 171 1975 ",
187 1947 218 1970 ιιι
243 1944 290 1977 qui
313 1943 405 1971 divina
428 1948 607 1971 contemnunt
631 1944 757 1971 mandata
771 1964 778 1976 ,
804 1948 832 1972 et

42 1987 237 2016 inobedientes
246 1993 354 2022 patrum
367 1989 503 2017 exsistunt
511 1989 683 2024 jussionihus
693 2009 701 2021 ,
715 1989 836 2017 severio-

43 2033 120 2061 ribus
140 2034 318 2069 corrigsitur
338 2035 483 2068 vindiciis,
504 2040 639 2070 quatenus
658 2036 747 2063 caeteri
770 2035 835 2063 talia

44 2079 221 2107 committere
236 2081 366 2113 timeant,
379 2085 406 2108 et
417 2088 513 2108 omnes
529 2082 665 2116 gaudeant
677 2081 699 2097 ¹⁰
715 2081 836 2110 fraterna

44 2125 194 2152 concordia
206 2146 213 2156 .
228 2129 257 2152 et
273 2125 365 2153 cuncti
383 2131 493 2154 sumant
513 2127 667 2154 severitatis
685 2132 767 2161 atque
787 2127 835 2154 ho-

45 2171 139 2198 nitatis
153 2170 390 2205 exemplum.Nam
401 2172 435 2203 si,
443 2172 516 2206 quod
528 2172 609 2203 absit,
620 2172 836 2200 ecclesiasticam

46 2214 261 2242 sollicitudinem
275 2214 296 2230 ³¹
311 2214 488 2250 vigoremque
501 2216 674 2251 negligimus,
688 2217 776 2250 perdit
789 2217 836 2244 dc-

46 2260 113 2286 sidia
133 2259 328 2294 disciplinam,
351 2264 379 2288 et
402 2261 545 2289 animabus
568 2261 688 2288 lidclium
715 2262 836 2297 profecto

49 2305 205 2332 nocebitur.
226 2304 260 2331 lli
279 2312 342 2332 vero
363 2305 391 2332 in
414 2305 518 2333 nullius
541 2307 746 2334 accusationem
770 2313 835 2335 sunt

76 2362 99 2378 “
113 2369 180 2388 ann.
196 2362 259 2389 222.
286 2364 334 2400 vf”
345 2362 507 2400 fSrirnplicius
523 2371 566 2400 ep.
579 2365 604 2392 l.

50 2432 173 2465 gaudeat.
212 2432 234 2447 ³¹
253 2431 281 2459 S.
298 2433 377 2468 Greg.
407 2441 450 2468 ep.
476 2434 530 2466 ll,
559 2431 613 2462 lib.
630 2431 678 2462 sti.

50 2471 123 2493 catos
147 2475 260 2502 quoque
285 2475 310 2494 a.
373 2468 396 2483 ³⁸
425 2469 521 2503 Apost.
549 2477 611 2496 can.
630 2471 673 2503 ll,
690 2470 734 2496 η.

51 2501 150 2537 ξ⁷ᾼᾴικ
180 2503 235 2529 col.
264 2502 308 2529 l6.
357 2503 380 2519 ³⁸
392 2502 516 2531 Atrianus
545 2509 633 2531 const.
661 2506 696 2537 2,

52 2535 83 2563 2:
99 2536 196 2564 Nullus
209 2537 313 2571 primas
324 2558 331 2570 ,
350 2538 407 2565 nul.
445 2538 466 2554 δι
479 2539 544 2566 Adr.
563 2540 616 2567 col.
632 2539 676 2567 45.

86 2605 242 2637 (Nilum
271 2607 449 2640 apostolorum
481 2607 684 2634 institutionem.
712 2607 838 2636 Canoncs

56 2641 237 2677 apostolorum
264 2642 295 2668 ll
318 2645 345 2669 et
369 2641 402 2677 l2
432 2642 570 2677 intelligit,
591 2642 617 2669 in
630 2651 747 2677 quorum
766 2644 838 2671 notis

56 2675 108 2736 Eide
126 2683 194 2737 lquae
221 2676 345 2704 diximus
370 2676 404 2704 de
436 2675 684 2705 excomtnunicatis
708 2677 836 2706 vitandis.

75 2718 112 2736 tv.
150 2719 184 2737 in.

75 2718 112 2736 ιν.
126 2718 184 2738 BIN.

88 2745 137 2780 (61)
151 2746 230 2778 Quod
242 2746 277 2772 ab
295 2746 433 2779 apostolis.
458 2745 569 2773 Canone
581 2746 616 2774 55
632 2751 658 2774 ct
675 2747 720 2779 36,
737 2747 837 2781 quibus

60 2779 159 2816 singulis
184 2781 327 2816 episcopis
356 2781 504 2814 apostolica
534 2782 590 2816 lege
619 2779 786 2816 praecipitur,
805 2790 836 2809 ne

60 2814 208 2844 diticeseos’
222 2814 291 2843 suae
313 2816 445 2842 terminos
476 2814 722 2850 transgrediuntur,
740 2825 834 2843 verum

60 2851 134 2884 potius
148 2852 253 2888 εἰωθυιὶ
287 2851 360 2878 intra
392 2859 456 2878 suos
482 2851 548 2879 littus
575 2859 633 2879 sese
664 2852 834 2879 contineant.

661 2366 683 2402 ³³
697 2366 854 2393 mandatum
901 2368 923 2383 ’⁷
939 2367 1020 2396 Rom.
1037 2377 1059 2402 t,
1077 2370 1123 2397 52.

48 2396 92 2423 Gr.
110 2401 193 2435 _textu
213 2398 323 2435 concilii
339 2396 467 2426 Chalced.
481 2396 548 2435 Le."
565 2400 599 2427 28
609 2420 616 2432 ,
631 2400 727 2435 legitur
741 2402 826 2428 ὲκπιπ

913 2411 947 2430 ‘av
951 2423 958 2430 .

730 2435 752 2451 ³³
766 2436 798 2469 2,
814 2445 842 2470 q.
858 2436 875 2462 4
889 2447 895 2464 :
912 2435 1117 2473 Conspiratores
1134 2435 1159 2465 i'n
1175 2440 1231 2466 nul.

803 2471 825 2487 ³⁵
840 2471 859 2487 ΙΙ
874 2471 929 2487 ΓΛ.-
956 2482 980 2487 υ.
1019 2474 1028 2487 Ι
1040 2474 1048 2487 Ι
1110 2474 1132 2487 ll
1149 2474 1165 2487 ﬂ
1190 2482 1205 2487 η

803 2471 825 2487 ³⁵
840 2471 860 2497 ll
874 2471 939 2500 Cor.
956 2471 999 2506 Vl‘,
1019 2474 1061 2500 14.
1110 2474 1132 2489 ³⁸
1149 2474 1173 2507 9,

751 2505 791 2533 tit.
809 2506 857 2540 16,
871 2507 918 2534 lib.
934 2517 971 2542 tv,
986 2509 1053 2536 Cod.
1069 2507 1173 2536 Thcod.

882 245 951 269 vox,
970 237 1055 264 ullum
1072 244 1172 264 nocere
1189 236 1236 264 vel
1250 243 1380 264 accusare
1395 240 1495 271 potest.

883 341 923 369 De
942 341 975 368 iis
994 342 1038 377 qui
1057 340 1292 400 excommunigajiz
1323 340 1536 373 communicant,
1558 341 1598 368 vel
1614 342 1663 376 inﬁ

1242 383 1275 400 ei
1296 382 1336 400 us.

1242 382 1336 400 ettous.

921 421 1179 448 Excommunicatos
1197 427 1306 454 quoque
1323 427 1338 446 a
1356 420 1544 448 sacerdotibus
1560 422 1594 456 ³³,
1608 423 1671 449 nul—

882 467 928 494 lus
942 467 1057 502 recipiat
1071 470 1134 493 ante
1149 465 1293 500 utriusque
1307 466 1392 500 partis
1405 466 1508 501 justam
1524 468 1668 495 examina-

885 514 984 540 tionem
998 520 1049 540 nec
1063 519 1124 539 cum
1138 512 1179 539 eis
1193 511 1219 538 in
1233 511 1368 545 oratione,
1383 516 1429 539 aut
1443 512 1515 544 cibo,
1530 517 1577 540 aut
1590 518 1672 548 potu,

885 563 932 585 aut
951 557 1046 585 osculo
1066 557 1270 589 communicet,
1291 564 1342 584 nec
1362 564 1412 584 ave
1430 557 1471 584 eis
1489 558 1562 585 dicat
1582 567 1589 585 :
1607 559 1672 593 quia

884 603 1044 638 quicunque
1062 603 1089 629 in
1109 601 1154 629 his
1170 602 1211 628 vel
1229 601 1291 629 aliis
1310 603 1472 636 prohibitis,
1488 603 1606 631 scienter
1624 612 1672 631 es-

884 648 1095 676 communicatis
1113 647 1358 674 communicaverit
1368 668 1375 680 ,
1388 648 1467 682 juxta
1483 649 1671 683 apostolorum

885 694 1085 721 instilutionem
1100 692 1156 727 (40)
1166 713 1173 724 ,
1188 697 1215 720 et
1225 693 1283 727 ipse
1295 693 1376 720 simili
1390 693 1673 722 cxcommunicatione
1692 691 1700 694 ’

886 739 1040 775 subjacebit
1052 739 1084 766 ".
1101 739 1142 767 Ab
1158 739 1201 766 Itis
1216 747 1281 774 ergo
1299 739 1390 766 clerici
1408 743 1434 766 et
1454 739 1516 766 laici
1537 747 1566 767 se
1585 739 1672 767 absti-

885 789 987 818 neant,
1007 785 1054 820 qui
1073 785 1168 812 eadem
1189 785 1245 820 pati
1262 785 1409 812 noluerint.
1427 785 1586 813 infidelibus
1603 793 1673 820 quo-

885 838 938 865 que
955 831 1040 858 nolite
1056 830 1203 865 conjungi,
1221 838 1272 858 nec
1288 838 1350 858 cum
1367 831 1407 858 eis
1423 831 1506 858 ullam
1524 831 1672 866 participa-

886 873 986 900 tionem
1010 873 1121 901 habere.
1149 872 1225 900 Talia
1246 881 1311 901 vero
1336 879 1465 909 agentes,
1490 883 1543 902 non
1560 875 1671 906 ﬁdeles,

884 920 931 947 sed
947 919 1071 947 inﬁdeles
1083 920 1255 954 judicantur.
1277 920 1354 948 Unde
1370 921 1408 947 ait
1422 921 1567 956 Apostolus
1581 931 1587 948 :
1608 922 1674 953 Quia

884 973 947 1000 pars
965 965 1040 999 ﬁdeli
1056 974 1115 992 cum
1131 966 1259 1000 inﬁdeli?
1276 971 1322 993 aut
1334 974 1393 1001 quae
1406 967 1575 1001 participatio
1587 966 1673 1001 justi"

885 1012 931 1038 tite
947 1019 1006 1037 cum
1023 1011 1163 1045 iniquitate
1181 1011 1226 1038 "‘l

1253 1075 1298 1104 lli.

887 1132 921 1160 Ut
933 1132 1022 1159 nullas
1035 1134 1172 1167 episcopus
1185 1132 1216 1159 de
1230 1132 1339 1168 alterius
1350 1133 1477 1166 parochia
1489 1132 1591 1168 aliquid
1606 1141 1673 1168 prc-

973 1174 1058 1195 sumat
1069 1188 1076 1200 ,
1092 1173 1116 1194 et
1135 1169 1166 1194 de
1184 1167 1375 1194 mutationibus
1392 1168 1583 1202 episcoporum.

921 1223 1006 1251 Nemo
1024 1231 1134 1258 quoque
1151 1222 1264 1249 alterius
1285 1223 1416 1250 terminos
1435 1227 1549 1258 usurpet
1566 1223 1598 1254 ",
1620 1231 1672 1251 nec

885 1269 998 1297 alterius
1012 1269 1208 1304 parochianum
1221 1268 1345 1303 judicare
1360 1273 1407 1295 aut
1432 1269 1674 1296 excommunicare

887 1317 1034 1349 praesumat
1048 1322 1055 1346 ;
1070 1313 1134 1348 quia
1146 1313 1208 1340 talis
1222 1312 1354 1346 judicatio
1368 1313 1411 1339 vel
1424 1312 1562 1339 ordinatio
1576 1313 1610 1346 ³⁷,
1626 1318 1674 1340 aut

886 1356 1151 1388 excommunicatio,
1167 1356 1209 1383 vel
1224 1355 1379 1388 damnatio,
1395 1363 1445 1383 nec
1460 1360 1518 1383 rata
1534 1355 1601 1388 erit,
1619 1365 1672 1384 nec

886 1402 958 1429 vires
974 1401 1043 1429 ullas
1057 1401 1183 1434 habebit;
1198 1401 1329 1436 quoniam
1352 1401 1443 1429 nullus
1467 1401 1580 1429 alterius
1599 1402 1673 1437 judi-

885 1447 936 1479 cis,
952 1446 1006 1474 nisi
1017 1447 1077 1480 sui,
1089 1449 1223 1476 sententia
1238 1446 1386 1480 tenebitur,
1397 1451 1444 1473 aut
1455 1446 1630 1473 damnabitur
1638 1446 1671 1473 ³⁸.

888 1492 966 1520 Unde
979 1496 1007 1520 et
1019 1491 1152 1520 Dominus
1167 1492 1289 1526 loquitur
1304 1492 1397 1519 dicens
1410 1501 1417 1519 :
1436 1491 1477 1518 Ne
1493 1492 1674 1527 transgrediu-

887 1539 924 1565 ris
944 1538 1070 1565 terminos
1087 1538 1208 1572 antiquos
1218 1556 1226 1570 ,
1241 1545 1306 1572 quos
1320 1543 1462 1573 posuerunt
1479 1543 1567 1572 patres
1584 1537 1624 1564 tui
1637 1537 1672 1564 ³⁵.

885 1584 984 1612 Nullus
1000 1589 1091 1612 autem
1107 1585 1210 1619 primas
1225 1583 1267 1611 vel
1283 1584 1509 1618 metropolitanus
1524 1583 1672 1611 dim’cesani

885 1630 1027 1657 ecclesiam
1039 1629 1081 1656 vel
1107 1628 1265 1664 parochiam
1288 1629 1321 1662 ⁸ο,
1343 1633 1390 1655 aut
1410 1629 1528 1664 aliquem
1551 1629 1585 1656 de
1612 1629 1673 1664 ejus

884 1675 1014 1710 parochia
1032 1678 1178 1709 praesumat
1198 1674 1437 1701 excommunicare
1460 1674 1501 1701 vel
1527 1674 1670 1708 judicare,

886 1719 929 1746 vel
949 1719 1053 1754 aliquid
1069 1726 1148 1754 agere
1164 1718 1268 1753 absque
1284 1719 1344 1752 ejus
1361 1718 1478 1746 consilio
1494 1719 1536 1745 vel
1548 1718 1672 1753 judicio:

886 1762 933 1789 sed
951 1763 1003 1790 hoc
1018 1762 1162 1794 observet,
1181 1762 1256 1797 quod
1271 1763 1305 1789 ab
1320 1763 1452 1797 apostolis
1467 1762 1524 1798 (ll)
1539 1770 1570 1790 ac
1585 1763 1673 1797 patri-

886 1807 938 1834 bus
955 1810 981 1834 et
1000 1807 1248 1841 praedecessoribus
1267 1808 1371 1834 nostris
1389 1812 1431 1834 est
1449 1812 1582 1835 statutum
1593 1828 1601 1840 ,
1617 1812 1645 1835 et
1658 1816 1673 1834 a

887 1852 968 1879 nobis
984 1852 1175 1880 conﬁrmatum
1190 1861 1197 1880 :
1216 1852 1243 1879 id
1261 1857 1303 1879 est
1316 1853 1351 1887 “,
1368 1854 1391 1881 si
1406 1853 1469 1887 quis
1487 1853 1675 1888 metropolita-

887 1905 939 1924 nus
967 1897 1133 1932 episcopus,
1158 1898 1212 1925 nisi
1240 1898 1312 1932 quod
1339 1898 1372 1925 ad
1399 1906 1477 1926 suam
1500 1898 1673 1926 solummodo

886 1943 1026 1978 propriam
1043 1943 1162 1976 pertinet
1176 1943 1334 1978 parochiam
1345 1964 1353 1977 ,
1371 1944 1430 1972 sine
1447 1944 1563 1972 consilio
1577 1951 1609 1970 ac
1624 1951 1674 1971 vo—

887 1988 992 2016 luntate
1015 1989 1138 2016 omnium
1164 1989 1438 2024 comprovincialium
1462 1991 1674 2025 episcoporum,

886 2039 965 2061 extra
981 2033 1083 2068 aliquid
1101 2041 1180 2069 agere
1197 2035 1361 2068 tentaverit,
1379 2035 1479 2071 gradus
1493 2036 1534 2063 sui
1551 2036 1674 2070 periculo

886 2079 1041 2114 subjacobit
1052 2088 1060 2108 :
1072 2084 1100 2107 et
1112 2080 1183 2114 quod
1201 2081 1305 2115 egerit,
1320 2080 1427 2107 irritum
1443 2081 1576 2108 habeatur
1590 2085 1617 2107 et
1632 2089 1675 2107 va-

887 2133 968 2152 cuum
987 2135 994 2153 2
1019 2126 1067 2153 sed
1094 2127 1226 2162 quidquid
1247 2127 1281 2154 dc
1304 2127 1513 2162 provincialium
1532 2128 1674 2162 coepisco—

889 2179 986 2206 porum
1010 2171 1118 2205 causis,
1144 2179 1295 2207 eorumque
1318 2173 1496 2201 ecclesiarum
1512 2179 1539 2200 et
1559 2173 1673 2200 clerico-

889 2225 950 2245 rum
979 2222 1060 2252 atque
1083 2219 1256 2247 saecularium
1285 2220 1497 2248 necessitatibus
1522 2227 1601 2254 agerc
1628 2223 1675 2246 aut

890 2264 1036 2298 disponere
1055 2272 1167 2293 necesse
1186 2264 1268 2294 fuerit
1282 2286 1290 2298 ,
1311 2267 1364 2294 hoc
1384 2274 1446 2294 cum
1467 2265 1589 2292 omnium
1609 2273 1675 2292 con-

890 2317 972 2336 sensu
993 2312 1266 2345 comprovincialium
1290 2316 1387 2346 agatur
1410 2311 1567 2346 pontilicum
1595 2310 1674 2346 (42);

1173 2369 1195 2386 ³⁸
1209 2377 1321 2397 carere:
1339 2370 1375 2396 ita
1391 2374 1418 2396 et
1442 2377 1494 2396 ms.
1511 2368 1582 2396 Just.
1597 2373 1623 2395 at
1648 2368 1675 2395 in

1026 2405 1049 2420 “
1064 2404 1116 2437 55,
1130 2413 1158 2439 q.
1172 2404 1328 2432 5:1ustum
1342 2409 1384 2431 est
1395 2423 1402 2436 ,
1420 2404 1517 2438 utqui.
1567 2403 1588 2419 '°
1603 2403 1674 2439 Deus

1281 2439 1304 2454 ³³
1318 2439 1349 2465 21
1361 2459 1368 2470 ,
1386 2447 1413 2472 q.
1429 2439 1445 2465 5
1460 2448 1466 2465 :
1482 2438 1676 2465 Excommuni-

1188 2482 1214 2509 q.
1231 2473 1249 2500 2
1263 2483 1268 2500 :
1286 2473 1383 2500 Nullus
1405 2474 1517 2500 alterius
1531 2473 1674 2499 tcrtnitn-s.

1211 2509 1232 2524 "
1248 2508 1327 2536 Prov.
1343 2516 1413 2540 xxtt,
1428 2508 1474 2535 28.
1539 2508 1561 2523 ⁴⁰
1588 2508 1615 2541 9,
1647 2515 1674 2542 q.

1608 2528 1615 2541 ν
1647 2527 1674 2541 Ψ

1149 2474 1174 2507 9,
1188 2482 1214 2509 q.
1231 2474 1268 2500 2:
1286 2474 1383 2500 Nullus
1405 2474 1472 2500 alter

1149 2509 1173 2536 tl.
1211 2509 1232 2524 "
1248 2508 1327 2536 Prov.
1343 2516 1413 2540 xxtt,
1428 2508 1474 2535 28.

893 2607 1050 2643 Videiquze
1078 2607 1197 2634 diximus
1221 2606 1248 2633 in
1276 2606 1349 2634 notis
1371 2606 1406 2634 ad
1434 2605 1564 2640 allegatos
1591 2611 1676 2632 cano-
1707 2622 1712 2641 ε

892 2650 951 2670 nes.
970 2642 1008 2669 In;

928 2677 984 2711 (42)
1005 2675 1272 2710 Comprouincialium
1296 2681 1393 2711 agatur
1408 2674 1577 2711 pontificum:
1586 2673 1676 2711 Locus

892 2709 1040 2744 notabilis,
1065 2709 1139 2739 unde
1167 2709 1324 2746 perspicue:
1343 2709 1454 2746 constat
1484 2709 1636 2746 pontilicis_
1649 2713 1675 2735 ct

891 2748 1011 2782 episcopi
1024 2754 1122 2782 nomen
1141 2743 1286 2782 commune
1313 2743 1675 2782 fuisseyomnibus_otnninn

889 2779 1025 2816 episcopis
1039 2781 1163 2808 Romano
1180 2781 1314 2816 dignitate
1324 2785 1350 2807 et
1373 2779 1461 2816 cilicio
1477 2779 1670 2816 infe_rioribus;

889 2813 1128 2850 atilcoqnenemini
1158 2813 1257 2842 mirum
1274 2815 1357 2842 videri
1386 2815 1491 2845 debeat,
1521 2813 1673 2850 Rumpunt“

890 2847 1043 2886 pontilicctn
1059 2857 1084 2878 ct
1101 2851 1268 2885 Cpismputll,
1287 2851 1330 2877 cui
1347 2851 1465 2877 tnaxitua
1487 2857 1551 2877 cura
1580 2847 1674 2876 Eccle-
