1883 3056
53 101 89 130 Ιῖθ

53 167 193 190 censemus.
209 159 269 189 Hos
283 169 353 196 ergo
377 162 469 190 saeculi
492 162 563 197 leges
584 161 766 195 interficiunt,
784 162 831 189 sed

52 213 106 235 nos,
123 204 322 234 misericordia
341 211 497 241 praeeunte,
514 207 564 235 sub
581 207 700 234 infamiae
715 212 780 235 nota
797 208 830 234 ad

50 250 233 285 paenitentiam
251 251 414 287 recipimus.
431 252 517 287 Ipsam
535 260 645 287 quoque
670 252 830 285 infamiam,

48 303 90 331 qua
105 301 172 323 sunt
187 298 319 332 aspersi,
334 297 426 325 delere
443 305 497 324 non
518 305 666 332 possumus
678 320 685 332 ,
705 298 751 325 sed
771 299 833 324 ani-

47 349 96 368 mas
111 349 215 369 eorum
232 350 283 377 per
298 343 486 378 paenitentiam
501 343 637 378 publicam
658 347 685 371 et
705 343 832 371 Ecclesia:

45 386 266 415 satisfactionem
293 396 392 415 sanare
417 389 542 424 cupimus
558 409 566 421 ,
597 388 660 424 quia
690 389 831 416 manifesta

44 437 148 465 peccata
166 440 227 460 non
247 438 315 461 sunt
329 434 434 461 occulta
449 435 620 461 correctione
635 435 775 469 purganda
798 434 830 461 ⁷⁷.

43 478 138 505 Umnes
154 486 228 513 ergo
245 480 293 514 qui
311 479 337 506 in
353 484 425 507 recta
442 479 494 507 fide
509 480 628 515 suspecti
644 484 726 514 sunt,
741 480 768 506 in
785 488 833 507 ac-

42 523 186 550 cusatione
203 524 379 551 sacerdotum
393 528 419 551 et
431 531 526 551 eorum
537 545 544 557 ,
560 532 640 559 super
652 533 769 560 quorum
783 525 834 552 fide

41 575 86 594 non
102 568 271 600 haesitatur,
285 569 397 596 minime
409 569 586 604 recipiantur,
599 575 625 597 et
637 571 663 597 in
680 570 834 598 testimonio

40 613 162 640 humano
186 614 268 640 dubii
286 614 446 641 habeantur.
478 614 613 641 Inlirmari
639 622 702 650 ergo
728 620 834 650 oportet

38 664 134 684 eorum
153 665 257 685 vocem
269 679 276 691 ,
291 659 324 685 de
337 667 454 693 quorum
467 660 519 686 fide
532 660 681 693 dubitatur,
698 668 748 687 nec
761 661 799 687 eis
812 661 834 676 ³⁸

36 704 152 731 omnino
161 711 229 732 esse
242 704 418 737 credendum,
430 706 476 739 qui
491 709 591 733 rectam
606 706 683 733 ﬁdem
698 706 832 742 ignorant.

36 746 228 779 Quarendum
247 751 288 775 est
307 755 370 783 ergo
384 749 410 774 in
420 748 522 783 judicio
534 750 568 765 ⁸³⁵
581 750 659 783 cujus
672 751 707 777 sit
720 758 835 778 conver-

35 793 157 820 sationis
184 797 215 819 et
235 793 317 825 ﬁdei,
331 793 355 820 is
369 794 416 828 qui
433 799 560 827 accusat,
576 800 603 822 et
619 796 642 823 is
657 796 703 830 qui
720 803 835 823 accusa-

35 844 86 871 lur,
102 839 250 873 quoniam
266 840 294 866 bi
310 840 356 874 qui
373 848 427 867 non
446 844 509 872 sunt
525 846 606 868 rectm
621 842 835 868 conversationis

33 893 59 912 ac
77 884 150 912 ﬁdei
165 905 174 916 ,
195 889 224 912 et
239 893 356 919 quorum
373 886 427 912 vita
444 890 486 913 est
500 886 677 920 accusabilis,
700 894 754 914 non
773 894 835 921 per-

33 931 191 957 mittuntur
203 930 324 965 majores
335 934 400 958 natu
412 939 551 964 accusare,
565 939 614 958 nec
625 939 744 966 quorum
757 931 833 964 fides,

33 977 86 1002 vita
113 980 143 1003 et
167 975 287 1003 libertas
310 976 441 1003 nescitur.
464 975 556 1010 Neque
571 977 637 1004 viles
658 983 782 1011 persoute
807 977 833 1003 in

33 1030 135 1049 eorum
155 1022 332 1056 recipiantur
348 1022 549 1049 accusationem
566 1023 599 1049 ⁸³.
617 1022 757 1050 Rimandze
772 1030 834 1049 vero

34 1071 101 1094 sunt
129 1067 303 1094 enucleatim
325 1074 449 1101 persome
471 1071 679 1099 accusatorum,
694 1074 754 1101 quae
777 1067 836 1094 sine

35 1113 144 1147 scripto
161 1112 292 1145 difﬁcile,
310 1120 359 1147 per
374 1113 504 1146 scriptum
520 1117 609 1139 autem
627 1120 768 1147 nunquam
791 1119 837 1139 re-

35 1158 184 1192 cipiantur
199 1166 206 1184 :
222 1157 289 1191 quia
304 1165 351 1191 per
363 1157 525 1192 scripturam
541 1157 632 1184 nullus
650 1164 779 1184 accusare
795 1157 836 1184 vel

36 1203 167 1231 accusari
193 1207 286 1237 potest
301 1203 341 1235 ‘°,
359 1203 406 1229 sed
428 1203 536 1237 propria
558 1210 641 1236 voce,
659 1207 686 1230 et
705 1207 836 1237 praesente

35 1256 83 1282 eo,
108 1256 200 1284 quem
221 1256 355 1276 accusare
375 1249 510 1281 voluerit,
534 1255 612 1275 suam
635 1249 754 1283 quisque
775 1253 837 1282 agat

37 1294 256 1321 accusationem
272 1293 306 1319 “.
320 1292 376 1320 Nec
387 1293 498 1320 absente
513 1301 546 1320 eo
559 1294 592 1326 θ’,
608 1301 688 1327 quem
706 1301 836 1321 accusare

37 1340 177 1372 voluerit,
196 1340 353 1374 cuicunque
370 1341 521 1367 accusatori
543 1341 679 1368 credatur.
707 1341 838 1368 Similiter

38 1390 126 1413 testes
138 1393 192 1420 per
199 1393 393 1420 quamcunque
408 1387 569 1420 scripturam
581 1387 765 1414 testimonium
782 1395 836 1414 non

38 1431 209 1465 proferant,
227 1431 275 1458 sed
292 1436 456 1465 prtesentes,
474 1432 506 1459 de
529 1432 570 1459 his
585 1439 645 1467 quae
666 1432 791 1459 viderunt
811 1437 838 1460 et

38 1479 202 1506 umerum,
227 1475 361 1502 veraciter
389 1476 574 1503 testimonium
600 1476 701 1503 dicant.
727 1476 783 1504 Nec
805 1477 838 1504 de

38 1521 102 1547 aliis
129 1520 228 1547 causis
253 1520 295 1547 vel
318 1520 434 1555 negotiis
454 1521 547 1548 dicant
563 1521 766 1555 testimonium,
785 1522 838 1549 nisi

38 1566 71 1592 de
90 1566 138 1592 bis
155 1573 220 1600 qua:
238 1566 290 1593 sub
305 1567 448 1600 przesentia
463 1573 558 1593 eorum
575 1571 634 1594 acta
651 1575 711 1595 esse
723 1575 841 1595 noscun-

39 1615 97 1637 tur.
130 1611 319 1638 Accusatores
347 1619 411 1638 vcro
437 1611 631 1645 consanguinei
651 1612 684 1645 ⁵³,
710 1613 841 1640 adversus

39 1662 199 1684 extraneos
215 1657 404 1686 testimonium
422 1665 473 1683 non
489 1657 597 1690 dicant,
623 1665 673 1685 nec
694 1657 841 1686 familiares

39 1703 83 1730 vel
100 1704 138 1730 de
153 1703 241 1730 domo
257 1704 421 1738 prodeuntes
436 1712 444 1730 :
458 1703 504 1731 sed
521 1703 544 1730 si
561 1704 715 1737 voluerint,
731 1708 757 1731 et
772 1704 842 1731 invi-

40 1756 104 1776 cem
137 1750 335 1776 consenserint
368 1751 438 1776 inter
455 1757 501 1781 se,
518 1754 642 1784 parentes
655 1750 841 1777 tantummodo

40 1794 247 1825 testiﬁcentur,
264 1799 291 1821 et
305 1802 359 1822 non
377 1795 404 1821 in
427 1795 506 1822 alios.
527 1794 583 1822 Nec
605 1799 778 1822 accusatores
801 1795 842 1822 vel

41 1845 132 1867 testes
149 1840 274 1874 suspecti
288 1841 455 1874 recipiantur
471 1850 477 1867 :
491 1840 554 1874 quia
572 1840 782 1875 propinquitatis
792 1861 800 1874 ,
815 1845 842 1868 et

42 1884 268 1917 familiaritatis,
290 1893 323 1912 ac
346 1885 539 1912 dominationis
554 1886 664 1912 affectio
675 1905 682 1918 ,
700 1885 842 1912 veritatem

42 1929 185 1964 impedire
199 1930 268 1956 solet
282 1930 315 1956 δ”.
329 1930 414 1956 Amor
425 1931 544 1957 carnalis
554 1951 561 1963 ,
576 1935 602 1957 et
618 1931 698 1958 timor
712 1931 746 1963 ⁸⁵,
761 1935 843 1965 atque

43 1975 184 2006 avaritia,
208 1975 368 2008 plerumque
389 1982 487 2002 sensus
511 1976 640 2002 hebetant
660 1976 793 2003 humanos
816 1980 843 2002 et

44 2025 214 2054 pervertunt
231 2021 396 2054 opiniones;
426 2025 455 2047 ut
481 2025 616 2055 quaestum
644 2021 769 2055 pietatem
793 2028 843 2055 pu-

46 2071 125 2098 teut,
143 2070 173 2093 et
192 2068 336 2100 pecuniam
352 2066 432 2100 quasi
451 2066 603 2093 mercedem
621 2066 843 2101 prudentitt‘..Ne-

47 2120 91 2138 mo
115 2112 191 2138 enim
213 2113 240 2138 in
251 2111 312 2138 dolo
333 2111 458 2146 loquatur
481 2112 515 2138 ad
540 2112 690 2146 proximum
705 2120 783 2138 suum
807 2112 840 2138 °°.

50 2156 142 2184 Foeta
166 2157 228 2183 alta
243 2162 281 2183 ett
298 2165 327 2183 οι
344 2157 465 2184 malevoli
480 2158 514 2184 ⁸⁷.
530 2156 662 2184 Innocens
676 2157 740 2184 dum
759 2158 844 2184 credit

50 2202 148 2234 facile,
164 2202 223 2229 cito
236 2202 348 2229 labitur.
366 2203 418 2230 Sed
436 2204 487 2230 iste
501 2203 609 2237 lapsus,
624 2204 732 2238 surgit;
749 2209 776 2230 et
789 2207 842 2230 ter-

52 2248 208 2282 girersator
222 2249 280 2276 suis
291 2248 396 2275 artibus
410 2249 603 2283 prmeipitatur,
618 2249 690 2276 unde
703 2256 842 2282 nunquam

52 2293 162 2320 exsiliat
176 2298 261 2327 atque
282 2293 389 2320 evadat.
411 2293 546 2320 Ponderct
567 2301 632 2328 ergo
655 2293 844 2328 unusquisque

54 2346 197 2366 sermones
212 2346 298 2371 suos,
313 2343 339 2364 ct
355 2339 428 2373 quod
446 2339 498 2366 sibi
515 2339 588 2373 loqui
604 2347 658 2366 non
675 2339 749 2371 vult,
764 2339 842 2366 alteri

55 2391 107 2410 non
136 2384 284 2418 loquatur.
311 2381 390 2409 Unde
416 2382 483 2410 bene
513 2390 589 2410 saera
616 2383 654 2409 ait
680 2381 842 2417 Scriptura:

57 2430 131 2461 Quod
160 2429 208 2456 tibi
231 2437 287 2456 non
310 2429 349 2455 vis
374 2428 448 2461 fieri,
471 2429 549 2456 alteri
571 2437 603 2455 ne
625 2429 709 2462 facias
733 2428 766 2455 ⁸⁸.
789 2427 844 2455 Nos

91 2541 111 2556 ⁸⁷
134 2541 163 2568 S.
186 2539 254 2568 Isid.
278 2546 322 2570 tu,
337 2537 412 2565 Sent.
427 2538 473 2565 46,

63 2582 114 2609 cap.
144 2575 187 2603 96.
211 2573 308 2602 Adr.l
335 2573 511 2609 col.75et15.

64 2604 148 2638 Testes
163 2618 212 2646 per
223 2616 308 2645 quas.
336 2609 365 2646 εξ.
376 2608 509 2646 videcod.
526 2604 629 2646 'I‘beod.
639 2604 672 2646 et
687 2607 820 2646 Ania_num
836 2606 960 2644 aliosque
981 2604 1301 2646 juriscpnsultoshhi'
1313 2604 1466 2646 2,41:qu
1484 2604 1627 2646 UDP~SEP§AII

398 2632 509 2670 Kiiiiié
530 2632 671 2670 ventio;
698 2632 1145 2677 professionemilprqhnqu'itatis
1188 2636 1294 2664 affectio
1335 2632 1468 2675 inipedire
1500 2633 1685 2669 cognoscitur.

398 2686 477 2702 nttam
496 2678 758 2702 legendammonco.
798 2675 820 2691 ’θ
837 2674 909 2702 Psal.
923 2683 991 2701 xxm
1004 2694 1011 2702 .
1028 2674 1054 2701 4.
1108 2673 1130 2689 ⁸⁷
1151 2672 1231 2699 Prov.
1259 2678 1333 2702 xxvt,
1361 2673 1439 2702 Juxta
1454 2668 1536 2695 LXX.
1576 2668 1599 2702 'f
1619 2667 1685 2694 Τοῦ.

78 2694 81 2695 ⁷
100 2694 124 2708 ο.
149 2694 249 2708 ΔΙΙΙυΙ.
265 2694 313 2714 cy.
331 2694 380 2710 ειη-ν
396 2694 477 2712 quam
496 2694 639 2712 ICBL'IIuaIw
652 2694 758 2703 ιιιυιιιιυ.
837 2694 847 2700 ι
859 2694 909 2702 nun
924 2694 990 2701 nixu-
1004 2694 1011 2706 ,
1028 2694 1054 2701 τ.

67 2724 97 2749 tv,
113 2716 149 2745 l6.
189 2717 214 2733 "
235 2715 267 2743 S.
286 2713 387 2740 Ambr.
404 2713 517 2746 epistola
533 2713 576 2740 39.
614 2712 637 2727 ⁷⁰
651 2715 790 2746 portemus
802 2717 862 2737 eum
873 2730 880 2742 ,
897 2714 923 2737 et
939 2709 972 2736 fr.
989 2717 1014 2737 c.
1030 2708 1137 2736 affectu.

67 2758 112 2771 mm
132 2760 163 2771 nn
198 2751 235 2771 εί)
252 2750 289 2771 Δρ
306 2748 404 2771 iisdem
418 2747 518 2771 Davide
529 2752 556 2771 et
573 2746 602 2771 S.
617 2745 707 2771 Petro.
759 2745 781 2761 ⁷³
800 2745 897 2771 Ezech.
924 2752 991 2771 XVIII
1003 2763 1011 2771 .
1036 2743 1086 2771 21.
1102 2743 1137 2770 9‘2

819 2752 897 2772 .zccn,
924 2752 1011 2776 xvut,
1036 2752 1086 2776 τι,
1102 2752 1147 2770 zz.

819 2787 861 2815 ep.
876 2779 910 2807 Si
926 2779 987 2807 libri
1004 2785 1062 2806 V'lII.
1113 2779 1134 2793 ⁷⁸

68 2643 242 2673 accusatores:
347 2643 370 2658 “

67 2679 85 2695 ⁸⁸
100 2680 124 2708 S.
149 2681 249 2708 Ambr.
265 2686 313 2714 ep.
331 2678 380 2710 44,
396 2686 477 2714 quam
493 2678 639 2714 legendam!
651 2684 758 2703 moneo.

65 2745 121 2786 pust.
132 2760 172 2788 ep.
196 2751 235 2788 59
252 2745 518 2788 de_iis_dem_Davide
529 2746 602 2788 etnS.
617 2745 707 2788 Petri).

64 2780 157 2824 λυευςιξ
176 2786 249 2815 nuu-
291 2782 526 2824 ’ἷμθιΞΞι-ηκνευς
544 2782 587 2824 1.8.-
637 2782 659 2824 33
722 2780 801 2824 ones-

64 2815 287 2860 δέῖέῐιιιιιι,
306 2818 352 2845 tt.
392 2818 414 2833 ιο
432 2816 598 2850 Psa|.L,I-i.
637 2817 658 2832 ει
675 2815 800 2843 Ibid.15.

790 101 969 130 EPISTOL/E
975 122 982 129 .

510 2539 533 2554 ⁵⁸
553 2537 618 2565 Adr.
644 2538 697 2565 col.
720 2537 746 2564 4.
784 2537 818 2552 ⁵⁸“
829 2535 862 2568 2,
880 2539 977 2570 quitest.
993 2535 1008 2560 7
1021 2544 1029 2562 :
1044 2535 1224 2568 Quaerendum
1237 2536 1288 2560 est.
1303 2535 1336 2559 Et
1350 2535 1378 2558 iu
1401 2535 1491 2558 uartn:

558 2574 580 2589 ³³
593 2573 610 2600 2
620 2594 627 2605 ,
640 2580 668 2607 q.
685 2572 721 2599 8:
736 2572 961 2607 Accusatorum.o
984 2570 1007 2607 f"
1020 2570 1051 2607 ῒξ,
1077 2578 1104 2604 q.
1136 2569 1172 2607 Si:
1191 2568 1328 2607 Absenten
1339 2574 1372 2594 eo
1400 2573 1491 2607 quem:

1618 108 1670 135 I30

847 164 868 192 Α
882 162 954 189 enim
970 162 992 178 ”
1009 166 1130 197 tempore
1153 162 1322 198 indigemus,
1346 168 1376 190 ut
1400 164 1502 199 aliquid
1527 167 1666 194 maturius

883 215 1004 242 agamus.
1035 206 1089 234 Nec
1106 209 1310 242 prmcipitcmus
1328 209 1442 236 consilia
1460 214 1486 236 et
1505 217 1585 244 opera
1603 219 1669 237 nos~

884 257 940 286 tra,
964 261 1051 288 neque
1072 254 1194 281 ordinem
1214 262 1432 289 corrumpamus.
1459 255 1511 283 Sed
1530 256 1552 283 si
1569 256 1670 291 aliquis

883 298 978 332 lapsus
994 305 1158 333 quocunque
1189 300 1272 327 modo
1304 300 1407 333 fuerit,
1439 308 1493 327 non
1521 301 1670 336 perdamus

885 350 947 370 eum
964 343 997 376 ⁷⁸,
1019 344 1065 370 sed
1085 343 1205 371 fraterno
1220 345 1400 379 corripiamus
1413 344 1509 372 aﬂ'ectu
1520 365 1528 376 ,
1546 346 1618 373 sicut
1633 345 1671 372 ait

884 388 979 416 healus
993 389 1158 423 Apostolus:
1179 389 1209 416 Si
1223 396 1421 425 prazoccupatus
1443 391 1524 425 fuerit
1544 391 1621 418 homo
1642 391 1669 417 in

884 433 975 468 aliqua
1001 434 1113 466 delicto,
1137 443 1181 462 vos
1201 436 1245 470 qui
1271 436 1422 470 spirituales
1445 437 1523 467 estis,
1546 436 1669 463 instruite

884 479 1037 510 huiusmodi
1050 480 1076 506 in
1091 481 1187 514 spiritu
1201 482 1320 508 leuitatis
1331 501 1337 512 ,
1353 483 1522 508 considerans
1536 482 1648 516 tcipsum
1660 502 1668 514 ,

885 533 916 552 ne
939 530 964 552 et
981 530 1008 552 tu
1025 526 1141 552 tenteris.
1158 526 1232 552 Alter
1260 526 1370 553 alterius
1398 534 1479 553 onera
1506 531 1627 561 portate,
1643 532 1668 553 et

884 572 921 598 sic
937 571 1114 605 adimplebitis
1132 572 1212 606 legem
1228 572 1328 600 Christi
1346 573 1377 598 ⁷⁷.
1391 571 1476 599 Porro
1492 572 1520 599 S.
1537 572 1620 599 David
1636 573 1670 600 de

886 616 1048 643 criminibus
1061 616 1210 643 mortiferis
1223 617 1277 651 egit
1291 617 1478 652 pcenitenliam
1493 617 1527 648 ⁷⁸,
1540 621 1566 644 et
1578 621 1668 644 tamen

886 660 912 686 in
932 659 1035 686 honore
1050 660 1210 694 permansit.
1227 660 1326 687 Beatus
1346 669 1455 695 quoque
1475 660 1571 688 Petrus
1592 669 1669 687 ama-

885 705 1009 731 rissimas
1024 704 1160 740 lacrymas
1173 704 1242 732 fudit
1256 725 1263 738 ,
1277 705 1386 740 quando
1401 703 1544 732 Dominum
1556 713 1670 741 negasse

885 749 1029 784 paenituit,
1053 749 1099 776 sed
1123 754 1212 776 tamen
1235 750 1374 783 apostolus
1395 750 1555 784 permansit.
1571 750 1605 776 Et
1615 749 1671 777 Do-

887 794 978 821 minus
999 802 1046 828 pcr
1066 794 1226 828 prophetam
1251 795 1426 829 peccantibus
1450 795 1602 829 pollicetur,
1625 795 1668 822 di-

850 839 872 866 B
886 848 970 868 cens:
992 840 1120 867 Peccator
1137 841 1163 867 in
1183 849 1337 875 quacunque
1366 841 1408 867 die
1437 849 1574 867 conversus
1594 841 1668 876 inge-

885 886 998 918 muerit,
1016 886 1135 912 omnium
1154 886 1328 920 iaiquitatum
1348 886 1422 912 illius
1441 894 1493 912 non
1511 886 1671 913 recordabar

885 930 1002 965 amplius
1017 931 1060 959 "'..

1256 975 1298 1002 VI.

957 1022 985 1049 Si
999 1024 1081 1056 possit
1095 1023 1218 1049 sacerdos
1229 1027 1286 1057 post
1300 1022 1403 1056 lapsum
1420 1023 1584 1050 ministrare.

921 1077 1018 1105 Errant
1042 1078 1113 1105 enim
1129 1078 1161 1110 ⁷⁸,
1190 1079 1247 1118 qui_
1265 1084 1360 1113 putant
1385 1078 1491 1106 Domini
1517 1079 1672 1107 sacerdotes

886 1127 948 1156 post
964 1122 1088 1157 lapsum,
1113 1124 1135 1150 si
1156 1124 1316 1158 condignam
1337 1124 1443 1159 egerint
1463 1124 1670 1159 ptenitcntiam,

887 1167 1002 1195 Domino
1027 1169 1184 1196 ministrare
1208 1176 1262 1196 non
1279 1176 1376 1203 posse,
1401 1173 1428 1196 et
1448 1170 1506 1197 suis
1520 1170 1670 1197 honoribus

887 1212 959 1244 frui.
981 1213 1004 1240 si
1028 1213 1128 1241 bonam
1150 1214 1277 1248 deinceps
1291 1214 1373 1240 vitam
1391 1214 1533 1247 duxerint,
1548 1218 1575 1240 et
1592 1221 1672 1241 suum

887 1257 1072 1284 sacerdotium
1089 1258 1223 1292 condigne
1237 1258 1425 1285 custodierint.
1444 1257 1476 1285 Et
1491 1258 1541 1292 ipsi
1556 1258 1602 1293 qui
1621 1259 1674 1286 hoc

887 1306 984 1336 putant
998 1322 1005 1333 ,
1018 1309 1070 1328 non
1087 1302 1174 1328 solum
1188 1307 1298 1335 errant,
1312 1302 1359 1329 sed
1379 1302 1461 1329 etiam
1476 1305 1570 1328 contra
1584 1301 1671 1328 tradi-

888 1350 929 1373 tas
941 1345 1069 1374 Ecclesia
1081 1347 1170 1374 claves
1181 1347 1321 1382 disputant
1332 1347 1354 1362 "
1364 1351 1392 1374 et
1405 1354 1484 1382 agere
1495 1346 1629 1377 videntur,
1640 1346 1675 1373 de

888 1393 988 1427 quibus
1008 1391 1110 1419 dictum
1129 1396 1189 1419 est:
1212 1392 1379 1426 Quaecunque
1391 1390 1522 1418 solvet-itis
1540 1390 1567 1416 in
1585 1395 1673 1421 terra,

889 1443 965 1465 erunt
985 1437 1074 1464 soluta
1094 1441 1116 1463 et
1137 1438 1164 1463 in
1184 1437 1284 1466 creto".
1300 1436 1429 1471 Alioquin
1449 1436 1506 1462 haec
1522 1434 1673 1469 sententia,

889 1489 934 1510 aut
949 1483 1055 1510 Domini
1070 1490 1122 1509 non
1137 1486 1199 1515 est,
1213 1486 1260 1509 aut
1274 1489 1338 1508 vera
1353 1487 1404 1508 est.
1418 1479 1474 1507 Nos
1489 1487 1554 1507 vero
1567 1479 1676 1506 indubi-

892 1533 991 1561 tautcr,
1006 1533 1060 1555 tam
1075 1528 1181 1555 Domini
1205 1527 1359 1555 sacerdotes
1373 1534 1456 1561 quam
1472 1526 1592 1560 reliquos
1607 1525 1675 1552 tide-

892 1572 930 1598 les
940 1592 948 1602 .
963 1578 1025 1606 post
1037 1572 1146 1606 dignam
1161 1571 1375 1598 satisfactionem
1390 1578 1470 1605 posse
1482 1570 1570 1597 redire
1581 1569 1615 1596 ad
1629 1570 1676 1596 ho-

891 1623 972 1642 nores
984 1615 1123 1642 credimus
1134 1615 1168 1647 ⁷⁷,
1179 1619 1296 1642 testante
1307 1614 1422 1641 Domino
1435 1621 1483 1649 per
1494 1613 1652 1648 prophetam
1665 1621 1674 1639 :

892 1660 1019 1695 Nunquid
1035 1661 1079 1695 qui
1094 1661 1186 1692 cadit,
1201 1669 1252 1687 non
1268 1660 1374 1693 adiiciet
1390 1664 1419 1686 ut
1433 1659 1573 1694 resurgat?
1584 1663 1611 1685 et.
1626 1660 1672 1693 qui

892 1713 998 1730 aversus
1019 1709 1056 1731 est
1066 1725 1073 1737 ,
1093 1712 1143 1731 non
1162 1708 1302 1731 revertetur
1312 1704 1336 1720 ⁷⁸
1347 1705 1360 1730 .9
1373 1703 1407 1730 Et.
1422 1703 1487 1730 alibi
1505 1712 1512 1730 :
1527 1703 1597 1730 Nolo
1607 1723 1614 1736 ,
1638 1703 1677 1730 in-

892 1748 952 1783 quit
965 1747 1107 1782 Dominus,
1118 1753 1228 1775 mortem
1240 1749 1395 1782 peccatoris,
1407 1748 1452 1774 sed
1464 1752 1491 1774 ut
1505 1751 1678 1774 convertatur

891 1798 916 1820 et
930 1794 999 1820 vivat
1010 1794 1044 1821 ⁷⁵.
1062 1793 1092 1820 Et
1108 1794 1237 1828 propheta
1261 1794 1345 1820 David
1377 1793 1565 1828 paenitentiam
1582 1800 1676 1827 agens,

892 1840 980 1867 dixit:
996 1839 1082 1867 Redde
1096 1840 1159 1866 mihi
1175 1839 1296 1867 lwtitiam
1318 1839 1444 1867 salutaris
1455 1839 1513 1872 tui,
1531 1843 1555 1866 et
1581 1839 1677 1873 spiritu

893 1884 1034 1920 principali
1061 1885 1189 1919 conﬁrma
1218 1892 1257 1911 me
1274 1885 1310 1912 ³⁸.
1335 1884 1395 1919 Ipse
1410 1892 1528 1918 namque
1545 1888 1608 1919 post
1620 1891 1678 1918 pte-

893 1931 1035 1958 nitcntiam
1050 1935 1076 1958 et
1090 1931 1158 1957 alios
1174 1930 1278 1962 docuit,
1301 1933 1328 1957 et
1345 1929 1510 1956 sacriﬁcium
1528 1929 1584 1956 Dco
1598 1929 1679 1956 obtu-

894 1976 936 2007 lit,
953 1977 1023 2003 dans
1039 1976 1192 2010 exemplum
1207 1975 1365 2003 doctoribus
1388 1980 1488 2002 sancite
1502 1974 1639 2007 Ecclesiae,
1655 1974 1678 2001 si

894 2021 962 2056 lapsi
977 2021 1090 2054 fuerint,
1107 2025 1134 2048 et.
1160 2021 1322 2055 condignam
1340 2020 1528 2054 ptenitentiam
1549 2020 1605 2048 Deo
1616 2028 1678 2054 ges-

894 2067 989 2098 serint,
1004 2070 1150 2100 utrumque
1166 2065 1254 2092 facere
1269 2073 1359 2100 posse.
1374 2064 1469 2092 Docuit
1486 2066 1558 2092 enim
1568 2064 1679 2099 quando

893 2111 981 2138 dixit:
997 2110 1099 2137 Docebo
1114 2110 1217 2145 iniquos
1230 2110 1285 2136 vias
1302 2114 1371 2142 tuas,
1388 2115 1412 2136 et
1435 2110 1510 2145 impii
1522 2110 1556 2136 ad
1574 2114 1597 2136 te
1611 2118 1676 2136 con-

895 2160 1028 2183 vertentur
1052 2156 1085 2182 “.
1113 2155 1145 2182 Et
1168 2155 1331 2183 sacrificium
1357 2154 1412 2182 Deo
1439 2163 1487 2189 pro
1514 2163 1543 2182 se
1570 2155 1679 2188 obtulit,

895 2202 960 2228 dum
973 2201 1094 2228 dicebat:
1108 2200 1276 2234 Sacriﬁcium
1290 2200 1342 2227 Deo
1354 2201 1463 2234 spiritus
1475 2199 1679 2226 contribulatus.

897 2246 1000 2274 Videns
1025 2246 1097 2274 enim
1128 2246 1263 2281 Propheta
1286 2246 1389 2274 scelera
1411 2253 1460 2273 sua
1489 2245 1618 2272 mundata
1633 2253 1682 2280 per

895 2292 1095 2329 pmnitentiam,
1111 2300 1165 2319 non
1181 2292 1323 2324 dubitavit,
1339 2291 1512 2326 praedicando
1523 2295 1550 2318 et
1566 2291 1682 2318 Domino

897 2338 1016 2371 libando,
1029 2345 1126 2365 curare
1153 2337 1252 2365 aliena.
1280 2336 1474 2371 Lacrymarum
1490 2343 1555 2370 ergo
1585 2335 1683 2362 effusio

898 2386 988 2410 movet
1005 2382 1089 2409 animi
1111 2381 1276 2416 passionem.
1310 2379 1503 2407 Satisfactione
1521 2385 1610 2407 autem
1628 2379 1683 2406 im-

899 2428 982 2462 pleta,
996 2427 1127 2454 avertitur
1139 2426 1249 2453 animus
1263 2425 1297 2452 ab
1313 2425 1363 2451 ira.
1379 2423 1431 2456 Qui
1454 2424 1527 2451 enim
1543 2431 1595 2450 non
1608 2424 1684 2458 igne-

859 2177 881 2204 Ι)

1070 2534 1224 2561 merendum
1237 2536 1288 2560 est.
1302 2531 1336 2559 Et
1350 2532 1378 2558 iu
1401 2530 1528 2565 Carthag.
1541 2536 1620 2556 conc.
1648 2537 1684 2561 ir,

1077 2578 1103 2590 ην
1136 2569 1172 2590 9:
1193 2568 1308 2590 Ahcnnte
1339 2574 1372 2590 eo
1400 2573 1491 2590 nuem.
1529 2564 1549 2579 ⁶¹
1565 2564 1599 2590 5.
1617 2571 1644 2590 α.
1659 2564 1685 2590 9:

1283 2573 1308 2594 te
1339 2574 1372 2594 eo
1400 2573 1491 2600 quem.
1507 2564 1514 2565 ί
1529 2564 1549 2579 ⁶¹
1565 2564 1599 2596 5,
1617 2571 1644 2598 q.
1659 2564 1685 2590 9:

1279 2602 1301 2616 ⁸³
1313 2602 1341 2634 2,
1356 2609 1383 2636 q.
1409 2601 1425 2627 5
1447 2609 1454 2627 :
1484 2599 1687 2636 Consanguinci

1108 2673 1130 2689 °'
1151 2672 1231 2699 Prov.
1259 2678 1333 2703 xxvr,
1361 2667 1439 2704 juxta
1454 2667 1561 2704 LXXI,
1576 2668 1600 2704 ⁶ξ
1619 2667 1687 2704 Tel).

1189 2707 1211 2722 ⁷⁸
1231 2701 1331 2733 διέλιπε(
1346 2701 1388 2734 vi,
1415 2704 1447 2736 I,
1462 2705 1489 2730 Α.
1541 2703 1564 2718 ⁷¹
1584 2701 1614 2729 S.
1630 2703 1689 2728 Au-

1191 2741 1215 2757 ⁷⁸
1234 2741 1261 2768 ὶιι
1278 2740 1356 2766 Decr.
1374 2738 1448 2765 lvon.
1466 2738 1512 2765 lib.
1538 2744 1576 2771 tv,
1618 2737 1641 2752 "
1658 2736 1686 2763 S.

1113 2779 1134 2793 ⁷⁸
1154 2776 1252 2804 Jerem.
1283 2782 1350 2808 vni,
1370 2773 1396 2800 4.
1435 2773 1457 2789 ⁷⁸
1477 2772 1577 2800 Ezech.
1607 2778 1688 2805 mu,
