1883 3056
222 99 270 126 131

873 98 901 125 S.
921 97 1083 126 URBA’SUS
1100 98 1110 125 l
1127 98 1214 125 PAPA

1803 99 1854 126 132

221 160 274 187 scit
287 159 376 192 alteri,
395 159 531 194 quomodo
557 158 609 185 sibi
623 162 699 193 putat
717 158 872 185 subveniri?
887 158 1006 193 Supera-
1021 167 1042 194 Α
1059 164 1180 189 mortem,
1197 160 1250 186 sive
1263 159 1419 186 obeditionis
1444 159 1477 185 ad
1498 159 1656 193 justitiam?
1675 157 1785 185 Gratias
1801 167 1852 184 au-

223 205 346 233 ltundant
359 213 424 240 ergo
440 209 560 240 peccata,
587 203 791 238 superabundet
805 208 832 230 et
846 204 1007 231 misericor—

222 251 277 279 dia.
292 251 424 283 Quoniam
450 250 520 285 apud
545 249 689 276 Dominum
717 250 908 280 misericordia,
927 255 950 276 et
967 257 1008 276 co-

221 297 296 331 piosa
310 295 379 330 apud
393 303 452 322 eum
480 294 623 329 redemptio
634 294 666 321 ".
687 293 772 321 Penes
792 294 933 321 Dominum
949 302 1007 320 om-

222 341 299 368 nium
314 340 481 367 abundantia
508 344 560 371 est,
575 340 638 373 quia
658 339 784 365 Dominus
812 339 939 366 uirtutum
953 340 1007 373 ipse

220 389 259 412 est
273 389 297 411 et
316 392 361 411 rex
391 384 484 419 gloria:
497 384 530 411 ⁸³.
557 383 602 410 Ait
623 384 696 411 enim
727 383 891 418 Apostolus:
912 383 1007 411 Omnes

219 436 401 464 peccaverunt,
427 435 451 456 ct
475 435 548 464 egent
566 430 652 463 gloria
670 429 735 461 Dei;
754 429 899 464 justiﬁcati
923 430 1007 464 gratis

218 482 264 509 per
278 475 395 510 gratiant
417 475 511 509 ipsius,
534 482 580 509 per
607 474 811 508 redemptionem
838 481 896 508 qua
926 478 965 500 est
979 474 1008 500 in

219 519 324 546 Christo
339 519 415 552 Iesu,
433 527 509 554 quem
534 519 669 553 proposuit
697 519 765 545 Deus
794 519 1005 553 propitiatorem,

217 572 262 598 per
275 565 355 599 [idem
369 566 397 591 in
410 565 539 599 sanguine
553 565 648 599 ipsius,
660 564 694 590 ad
706 564 880 590 ostensionem
891 564 1006 598 justitite

218 618 285 642 sure,
300 616 408 645 propter
423 610 603 637 remissionem
617 609 819 644 pra-cedentium
838 610 1005 642 delictorum,

172 669 175 672 ~
218 655 246 682 in
259 655 450 682 sustentatione
466 655 524 686 Dei,
540 655 574 681 ad
593 655 767 682 ostensionem
777 655 893 689 justitiaz
905 655 962 688 ejus
978 655 1005 681 in

219 701 268 726 hoc
282 704 413 734 tempore;
430 705 459 726 ut
474 701 508 726 sit
534 700 589 734 ipse
600 699 690 734 justus
709 704 732 726 et
754 699 909 734 justi/icans
935 707 1004 732 eum,

218 747 262 781 qui
273 754 305 780 ex
314 747 409 780 ﬁdeest
418 746 481 772 Iesu
495 746 594 773 Christi
605 746 638 772 ⁸⁵.
649 745 731 772 David
746 746 818 772 enim
831 745 895 772 dioit
907 754 913 772 :
930 745 1006 772 Beati

218 799 330 825 quarunt
347 792 464 818 remissa
488 795 548 817 sunt
562 791 727 825 iniquitates,
754 794 778 816 et
801 798 913 824 quorum
937 794 1005 816 tecta

1062 210 1112 231 tem
1128 205 1191 234 Deo.
1207 205 1275 240 quod
1296 205 1385 239 fuistis
1397 205 1463 232 servi
1482 206 1591 238 peccati,
1619 205 1745 232 obedistis
1762 209 1852 230 autem

1060 258 1092 277 ea:
1106 251 1182 277 corde
1195 251 1222 276 in
1249 259 1307 277 eam
1329 250 1443 284 formam
1467 250 1605 283 doctrinae,
1618 250 1646 276 in
1661 258 1740 283 quam
1757 249 1851 276 traditi

1060 297 1122 323 estis
1160 295 1277 323 Liberali
1306 300 1395 322 autem
1419 304 1436 322 a
1460 300 1583 328 peccato.
1607 295 1675 321 servi
1693 295 1761 330 facti
1787 296 1851 321 estis

1056 342 1181 375 justilmr.
1196 340 1349 367 Humanum
1366 341 1425 368 dico
1456 341 1495 367 ⁸⁸.
1511 341 1599 376 Majus
1615 341 1687 368 enim
1705 345 1851 375 peccatum

1060 386 1259 421 estjudicantis
1277 387 1311 418 ",
1327 392 1409 421 quam
1431 386 1492 420 ejus
1507 386 1554 420 qui
1578 385 1727 420 judicatur.
1747 385 1854 412 Existi-

1061 440 1128 462 mas,
1146 431 1234 465 inquit
1261 431 1418 465 Apostolus,
1434 439 1449 457 o
1472 431 1549 457 homo
1566 431 1650 457 omnis
1677 431 1722 465 qui
1737 430 1853 464 judicas

1059 485 1102 503 eos
1117 477 1160 511 qui
1172 476 1238 502 talia
1250 480 1340 511 agunt,
1355 481 1380 502 et
1409 476 1477 510 fucis
1489 485 1529 506 ea.
1542 476 1604 511 quia
1618 480 1646 502 tu
1658 476 1768 510 effugies
1777 476 1854 510 judi-

1060 523 1129 548 cium
1144 521 1213 547 Dei?
1233 522 1273 548 Αιι
1288 521 1395 547 divitias
1417 521 1539 547 bonitatis
1555 521 1612 554 ejus
1628 525 1653 548 et
1676 521 1818 555 patientia
1828 526 1852 547 et

1060 564 1270 598 longanimitatis
1295 565 1462 591 contemnis?
1483 564 1595 599 Ignoras
1621 565 1746 599 quoniam
1779 565 1855 592 beni-

1060 609 1146 644 gnitas
1171 608 1220 636 Dei
1248 609 1282 636 ad
1299 610 1477 644 paenitentiam
1505 614 1528 636 te
1547 610 1676 636 adducit?
1697 609 1853 636 Secundum

1060 655 1190 682 duritiam
1207 660 1296 682 autem
1321 660 1395 682 tuam
1414 659 1438 681 et
1455 655 1620 690 impamitens
1639 663 1694 688 cor,
1712 656 1853 682 thesauri-

1061 708 1106 726 zas
1122 701 1170 728 tibi
1183 701 1252 727 iram
1265 702 1293 727 in
1313 700 1355 727 die
1375 701 1432 733 ira',
1450 705 1474 727 et
1492 701 1737 735 revelationiuusti
1749 700 1854 735 judicii

1059 744 1118 776 Dei,
1133 744 1179 779 qui
1191 744 1280 771 reddet
1307 745 1445 780 unicuique
1460 745 1601 771 secundum
1622 752 1700 779 opera
1713 744 1775 778 ejus
1788 753 1798 771 :
1813 745 1853 771 his

1059 790 1173 825 quidem,
1185 790 1230 825 qui
1252 790 1395 817 secundum
1421 790 1577 824 patientiam
1594 789 1654 817 boni
1673 791 1776 825 operis,
1800 791 1856 825 glo-

217 841 281 863 sunt
297 842 403 872 peccata
417 837 453 864 ⁸⁴⁵.
471 837 615 864 Mundatur
630 845 695 872 ergo
711 837 794 864 homo
808 845 823 863 a
840 840 960 871 peccato,
978 841 1004 863 et
1021 845 1040 871 Β
1056 839 1122 865 riam
1141 843 1166 865 et
1193 838 1316 865 honorem
1329 843 1352 865 et
1366 839 1600 873 incorruptionem,
1628 839 1814 874 querentibus
1831 840 1855 855 ”

218 883 336 918 resurgit
353 884 439 918 gratia
461 883 509 910 Dei
533 883 674 918 lapsus",
692 887 719 910 et
746 883 771 910 in
786 883 902 917 pristino
915 886 1006 909 manet

217 927 320 961 oﬂicio,
348 928 427 963 juxta
455 928 599 963 praedictas
628 929 817 956 auctoritates.
849 927 947 954 Videat
971 934 1005 954 ne

218 972 336 1006 amplius
361 977 477 1006 peccet,
510 976 540 999 ut
568 973 702 999 sententia
729 971 867 1006 Evangelii
896 975 1006 998 maneat

218 1018 245 1044 in
261 1025 313 1045 eo:
338 1017 419 1052 Vade,
437 1024 461 1045 et
486 1018 599 1053 amplius
614 1018 668 1044 noli
691 1025 796 1052 peccare
821 1018 855 1045 ⁸⁷.
876 1017 954 1045 Unde
968 1018 1005 1044 ait

217 1063 365 1098 Apostolus
379 1073 385 1091 :
401 1063 462 1091 Non
473 1073 533 1099 ergo
551 1069 637 1099 regnet
647 1069 782 1098 peccatum
797 1064 825 1090 in
839 1068 922 1090 vestro
935 1071 1005 1090 mor-

217 1110 268 1136 tali
282 1118 398 1145 corpore,
413 1115 442 1137 ut
467 1110 597 1137 obediatis
621 1110 839 1144 concupiscentiis
863 1110 930 1145 ejus.
952 1109 1003 1136 Sed

217 1163 298 1190 neque
323 1155 467 1182 exhibeatis
492 1156 608 1182 membra
634 1160 720 1182 ucstra
749 1163 825 1182 arma
854 1155 1003 1190 iniquitatis

216 1205 333 1235 peccato,
352 1201 397 1227 sed
408 1201 527 1227 exhibete
551 1209 594 1227 vos
609 1200 673 1233 Deo,
702 1205 827 1235 tanquam
839 1208 871 1227 ex
892 1201 1003 1226 mortuis

216 1246 339 1279 bibentes,
352 1250 376 1273 et
389 1246 504 1273 membra
517 1250 602 1273 vestra
629 1254 705 1273 arma
715 1246 832 1280 justitiaz
853 1246 917 1273 Deo.
935 1245 1003 1272 Pec—

214 1297 304 1319 catum
317 1292 386 1318 enim
412 1292 482 1318 vobis
508 1300 560 1318 non
577 1292 774 1324 dominabitur;
789 1301 840 1318 non
864 1292 934 1318 enim
957 1291 1003 1319 sub

220 1337 275 1372 lege
291 1337 365 1369 estis,
381 1337 426 1364 sed
440 1337 487 1363 sub
510 1338 607 1372 gratia.
624 1337 694 1370 Quid
707 1338 793 1372 ergo?
820 1337 1003 1369 Peccabimns,

213 1382 339 1416 quoniam
354 1390 404 1409 non
421 1390 512 1408 sumus
527 1382 574 1408 sub
597 1381 661 1416 lege,
677 1382 721 1408 sed
734 1382 780 1408 sub
793 1382 880 1417 gratia
891 1381 904 1408 ἱ)
915 1381 1001 1408 Absit.

215 1428 255 1454 An
269 1428 385 1460 nescitis,
401 1428 526 1462 quoniam
541 1429 584 1455 cui
595 1428 721 1455 exhibetis
735 1436 778 1454 vos
793 1436 879 1454 seruos
895 1428 929 1454 ad
944 1428 1002 1454 obe-

212 1474 350 1506 diendum,
363 1475 431 1501 servi
443 1475 506 1501 estis
521 1474 589 1508 ejus,
605 1475 648 1500 cui
658 1474 780 1506 obeditis,
793 1474 845 1500 sive
856 1474 956 1507 peccati
968 1473 1003 1500 ad

245 1555 268 1570 δ’
282 1553 356 1581 Psal.
369 1562 461 1585 cxxtx,
479 1554 506 1581 ’7.
523 1555 546 1571 ⁸³
558 1554 630 1581 Psal.
641 1562 719 1583 xxiii.
736 1554 779 1580 l0.
817 1554 840 1570 ⁸⁸
852 1554 930 1581 Rom.
946 1563 985 1586 ιιι,
1002 1554 1097 1581 25-‘26.
1109 1551 1115 1556 ’
1137 1554 1159 1571 ⁸⁵
1172 1553 1217 1582 Ρδε

1109 1551 1115 1556 ’
1137 1554 1159 1571 ⁸⁵
1172 1553 1244 1582 Psal.
1255 1562 1331 1587 sui,
1350 1554 1375 1581 Ι.

1057 885 1138 910 vitam
1157 888 1303 916 retentant;
1329 884 1370 911 his
1387 888 1486 916 autem,
1511 886 1556 919 qui
1581 892 1614 911 ea:
1631 885 1814 915 contentione.
1830 889 1854 911 et

1057 929 1102 964 qui
1115 937 1165 955 non
1181 929 1347 964 acquiescant
1366 930 1482 961 veritati,
1506 930 1616 956 credunt
1644 934 1732 957 autem
1749 931 1855 965 iniqui-

1058 975 1117 1006 tati,
1131 974 1174 1000 ira
1194 978 1218 1000 et
1231 974 1389 1008 indignatio,
1412 974 1549 1001 tribulatio
1565 979 1589 1001 et
1604 975 1729 1010 angustia
1745 976 1777 1002 in
1796 983 1853 1002 om-

1058 1027 1115 1046 nem
1129 1020 1247 1046 animam
1261 1020 1374 1047 hominis
1398 1020 1531 1054 operantis
1554 1020 1666 1052 malum,
1687 1020 1783 1048 Judtri
1797 1023 1853 1056 pri-

1057 1073 1129 1091 mum
1141 1069 1165 1091 et
1179 1064 1274 1092 Graeci.
1291 1065 1384 1092 Gloria
1400 1070 1498 1099 autem,
1517 1071 1541 1093 et
1556 1066 1650 1097 honor,
1666 1071 1691 1093 et
1711 1074 1767 1101 pax
1779 1068 1855 1094 omni

1057 1111 1176 1144 aperanti
1193 1111 1289 1137 bonum
1300 1111 1334 1138 ".
1354 1111 1533 1144 Sententiam,
1551 1111 1660 1143 fratres,
1687 1119 1752 1146 quae
1769 1113 1855 1139 misc-

1056 1155 1202 1182 ricordiam
1215 1161 1286 1183 vetat
1301 1156 1334 1188 ³¹,
1351 1163 1405 1183 non
1424 1156 1512 1183 solum
1526 1160 1628 1189 tenere,
1646 1157 1695 1184 sed
1706 1161 1734 1183 et
1748 1157 1851 1184 audire

1058 1199 1181 1235 refugite,
1197 1201 1261 1235 quia
1277 1201 1368 1235 potior
1390 1205 1431 1227 est
1447 1200 1634 1228 misericordia
1648 1201 1785 1229 omnibus
1804 1203 1852 1229 lto-

1056 1244 1284 1273 locautomatibus
1309 1251 1335 1273 et
1357 1245 1500 1273 sacriﬁciis
1526 1246 1561 1274 ".
1582 1246 1722 1274 Consultis
1738 1248 1853 1279 ,vestris

1057 1291 1174 1319 breviter
1199 1292 1403 1326 respondimus,
1433 1292 1498 1326 quia
1520 1300 1666 1327 oppressos
1693 1293 1795 1326 nimis,
1826 1299 1854 1321 et

1055 1341 1260 1371 przeoecupatos
1288 1337 1349 1364 aliis
1373 1337 1496 1372 judiciis,
1525 1337 1621 1365 littera:
1640 1344 1691 1364 nos
1712 1337 1852 1365 invenere

1056 1387 1162 1410 vestrae.
1176 1382 1243 1409 Data
1254 1390 1303 1409 vni
1314 1381 1376 1410 Idus
1386 1382 1523 1416 Octobris,
1537 1382 1676 1410 Antonino
1687 1387 1715 1410 et
1726 1383 1853 1411 Alexan-

1055 1428 1105 1454 dro
1118 1428 1184 1455 viris
1197 1428 1358 1456 clarissimis
1378 1429 1537 1456 consulibus
1552 1428 1585 1455 °‘.

1414 1554 1437 1570 ⁸⁸
1452 1562 1466 1580 a
1479 1555 1557 1588 lapsu
1594 1553 1616 1569 "’
1629 1552 1708 1579 .loan.
1721 1560 1784 1582 \‘ln,
1805 1553 1849 1578 ll.

231 1590 255 1606 ³³
267 1590 344 1617 Rom.
361 1599 398 1621 vt.
417 1591 508 1618 l2—l9.
546 1592 568 1607 ”
581 1591 646 1617 Sixti
661 1595 731 1617 sent.
748 1592 806 1617 ιιι.
844 1592 867 1607 ὀ
884 1591 997 1617 Roman.
1011 1591 1129 1618 Correct.
1147 1592 1293 1625 pnelerunt
1311 1592 1423 1618 verbum
1438 1595 1556 1625 qutcrunt
1572 1590 1714 1625 participio
1728 1597 1856 1625 quieran-

233 1625 310 1652 tibus.
344 1625 366 1640 "
379 1625 456 1652 Rom.
473 1634 501 1657 ιι,
516 1627 542 1658 5,
560 1626 601 1652 10.
632 1627 655 1640 "
667 1625 731 1652 Sixti
747 1631 817 1654 sent.
831 1627 892 1658 528,
910 1634 943 1653 ex
956 1626 1080 1653 versione
1094 1624 1182 1652 Rufini
1194 1625 1239 1660 qui
1252 1625 1318 1652 obiit
1330 1633 1374 1652 an.
1388 1624 1448 1652 4H.
1481 1626 1504 1641 “
1516 1624 1596 1652 Marc.
1612 1633 1659 1652 xu.
1689 1624 1713 1641 "
1727 1624 1777 1652 an.
1790 1626 1855 1652 22%.

231 1712 1854 1737 Μ

871 1803 956 1825 ANNO
981 1801 1022 1824 D0
1027 1802 1098 1824 MINI
1119 1802 1245 1824 CCXXXI.

657 1893 743 1983 S.
811 1888 1312 1980 UBBANUS
1385 1893 1425 1977 Ι

826 2039 1032 2070 PONTIFEX
1059 2037 1253 2068 ROMANUS

549 2198 718 2230 NOTITIA
745 2197 803 2227 EX
827 2197 945 2228 LIBRO
970 2195 1228 2226 PONTIFICALI
1249 2194 1400 2225 DAMAS]
1422 2193 1534 2224 PAPZE

225 2282 323 2313 (linat,
336 2279 438 2311 Concil.,
451 2280 471 2311 l,
482 2279 538 2310 747,
548 2279 635 2305 Varias
644 2279 769 2304 lectiones
780 2278 888 2313 adhunc
902 2279 982 2313 locum
993 2275 1286 2313 Libr'i‘pontiiicalisvide
1302 2273 1453 2308 Patrologiat
1474 2272 1566 2299 Latiare
1588 2275 1646 2298 tom.
1661 2272 1784 2303 CXXVII,
1811 2277 1850 2298 col

788 2309 857 2338 1558,
871 2309 896 2333 in
907 2308 1038 2334 Anastasio
1049 2306 1267 2336 Bibliothecario.)

263 2418 388 2448 Urbanus
401 2419 439 2455 (l)
453 2420 564 2447 natione
585 2419 736 2453 Romanus,
755 2427 788 2447 ex
805 2425 881 2455 patre
900 2419 1046 2454 Pontiano,
1060 2419 1129 2447 sedit
1152 2425 1240 2446 annos
1261 2420 1396 2452 quatuor,
1414 2423 1522 2443 menses
1542 2415 1589 2447 l0.
1612 2414 1671 2442 dies
1688 2415 1722 2442 l2
1737 2415 1791 2451 (2).
1813 2415 1864 2443 ilic

259 2497 298 2533 (l)
320 2496 452 2524 Urbanus.
469 2497 537 2524 Cum
555 2498 788 2533 postAmartyrium
800 2497 917 2531 Callisti,
934 2498 1010 2525 sedes

223 2531 271 2560 ses
285 2532 382 2560 diebus
398 2537 532 2561 vacaSSet.
553 2533 586 2559 21
609 2531 745 2565 Octobris,
758 2540 830 2559 anno
840 2533 941 2559 Christi
955 2533 1011 2559 nati

187 2579 192 2584 -
222 2567 286 2599 226,
299 2568 344 2602 qui
361 2572 404 2594 est
415 2567 562 2594 Alexandri
577 2567 748 2602 imperatoris
763 2568 870 2600 tertius,
884 2566 1011 2594 Urbanus

223 2601 314 2636 patria
334 2601 474 2629 Romanus
498 2602 527 2637 ei,
548 2601 732 2629 substituitur.
759 2602 858 2629 Baron.
883 2603 1009 2637 praedicto

222 2644 312 2668 anno,
339 2645 415 2664 num.
424 2637 489 2672 fult.
517 2636 575 2664 Sub
592 2637 673 2672 hujus
689 2637 845 2671 pontiﬁcatu
866 2636 1010 2672 Origencm

223 2672 412 2699 Alexandrinae
424 2671 551 2699 Ecclesia
564 2672 715 2704 subditum,
731 2676 908 2706 spontaneum
921 2679 1009 2699 euilu-

222 2706 304 2746 chum
319 2707 353 2746 ab
368 2706 522 2746 Alexandro
536 2706 787 2746 Hierosolymomm
801 2708 926 2746 episcopo
940 2714 1007 2746 con-

224 2745 263 2766 tra
278 2741 462 2774 apostolorum
479 2749 598 2769 canones
612 2741 765 2768 ordinatum
782 2749 842 2770 esse
856 2742 1008 2769 Demetrius

221 2774 411 2811 Alexandrina:
430 2775 559 2811 Ecclesiae
587 2776 731 2811 episcopus
761 2777 823 2811 jure
855 2777 1008 2811 meritoque

221 2810 408 2845 conqueritur,
429 2809 571 2847 ipsumque
586 2809 728 2848 Dirigetiem
744 2809 772 2840 in
786 2812 918 2840 laicorum
935 2809 1008 2839 ordi-

1065 2504 1127 2524 nem
1141 2495 1327 2531 redigendum,
1340 2499 1366 2522 ct
1378 2494 1414 2531 ab
1424 2493 1554 2531 exercitio
1567 2492 1727 2531 presbyterii
1740 2500 1863 2527 suspen-

1065 2532 1184 2559 dendum
1201 2527 1280 2563 Esse,
1306 2535 1378 2557 recte
1399 2529 1519 2557 decrevit
1542 2533 1569 2555 et
1595 2527 1738 2560 admonet;
1762 2534 1861 2562 postea

1064 2567 1172 2594 tandem
1186 2565 1415 2602 excommunicat,
1427 2563 1499 2598 quod
1511 2563 1611 2602 scripta
1629 2563 1754 2602 quaedam
1765 2563 1861 2602 _dein-

1064 2609 1129 2636 ceps
1154 2602 1188 2628 ab
1212 2607 1245 2627 co
1270 2600 1313 2627 vel
1335 2597 1458 2636 evulgato
1470 2619 1477 2631 ,
1494 2599 1544 2636 χοι
1555 2597 1574 2631 ,⁷
1588 2602 1618 2625 ut
1634 2599 1709 2636 _ipse_
1722 2597 1862 2636 Origenes

1065 2632 1231 2667 excusabat,
1263 2642 1313 2662 suo
1335 2635 1446 2661 nomine
1470 2634 1559 2665 edita,
1587 2633 1678 2660 multis
1702 2632 1863 2660 haeresibus

1066 2675 1211 2699 scatereut.
1230 2669 1297 2696 Vide
1312 2669 1411 2696 Baron.
1432 2668 1561 2703 prmdicto
1581 2675 1652 2695 anno
1669 2670 1696 2694 et
1711 2669 1862 2701 sequenti-

1062 2706 1124 2734 bus.
1146 2706 1209 2732 Sev.
1226 2705 1284 2731 Bm.

1099 2741 1137 2776 (‘2)
1157 2740 1230 2776 Sedit
1242 2746 1325 2766 annos
1341 2739 1367 2771 4,
1384 2746 1481 2765 menses
1499 2738 1543 2776 it),
1555 2737 1609 2764 dies
1626 2737 1669 2776 η.
1684 2735 1723 2762 Ex
1742 2735 1860 2764 Vatica-

1063 2773 1108 2803 nis
1121 2773 1256 2802 indicibus
1268 2778 1375 2801 constat
1391 2781 1453 2800 eum
1473 2774 1577 2800 sedisse
1599 2773 1677 2799 annis
1690 2778 1751 2803 sex,
1766 2779 1859 2798 mens.

1064 2811 1096 2845 7,
1118 2810 1189 2838 dieb.
1207 2810 1234 2837 4.
1250 2808 1349 2838 Euseb.
1374 2809 1401 2835 in
1417 2808 1514 2836 Chron.
1531 2808 1649 2838 graviter
1673 2810 1749 2832 errat
1763 2825 1771 2841 ,
1789 2807 1858 2834 dum
