1883 3056
40 121 77 149 BS

805 126 954 157 ΝΟΤΙΤΙΑ.

1619 133 1670 159 ΠΗ

38 179 89 207 fecit
104 181 262 221 ministeria
280 188 398 221 sacrata
411 184 500 211 omnia
514 189 639 221 argentea
655 186 711 221 (5):
722 189 750 212 ct
765 190 877 220 patcnas
894 191 1036 221 argenteas
1056 186 1091 212 25
1113 186 1247 220 apposuit.
1269 186 1318 214 llic
1335 195 1383 214 sua
1403 188 1548 216 traditione
1570 191 1670 219 mullos

31 217 155 260 cupiet-tit
170 217 417 260 Aadﬂbaptismutn
433 224 459 245 et
472 219 674 260 credulitatem;
691 217 844 260 Tiburtium
862 217 942 248 etiam
957 225 985 260 _et
1001 217 1172 260 Valerianum
1188 222 1395 260 nobilissimum
1414 223 1517 260 virum,
1538 217 1669 260 sponsum

26 251 363 293 ἱερριεβεεεὶιὶκίςιυοε
379 254 462 293 etiam
475 262 562 293 usque
580 255 613 293 ad
630 255 752 293 martyrii
768 255 884 293 palmam
900 256 1033 290 perduxit.
1053 255 1087 282 Et
1108 263 1156 290 per
1168 256 1230 293 ejus
1244 257 1346 293 monita
1368 261 1395 283 et
1414 251 1577 291 doctrinam,
1590 251 1668 287 multi

24 287 150 327 martyrio
172 287 309 326 coronati
325 293 392 327 sunt
409 289 458 324 (4).
480 287 528 316 Hic
542 289 606 327 fecit
625 287 810 327 ordinationes
827 287 948 327 quinque
966 298 1015 327 per
1026 287 1147 327 mensem
1168 287 1354 327 Decembrem:
1371 293 1542 327 presbyteros
1559 287 1669 325 novem.

20 317 149 362 diaconos
164 321 311 383 quinque,
327 317 474 358 episcopos
490 331 538 364 per
550 324 657 364 diyersa
674 325 734 352 loca
747 328 818 365 octo.
835 317 889 357 'Qui
901 317 928 353 et
941 317 1063 360 sepultus
1075 329 1117 353 est
1131 325 1158 352 in
1168 317 1325 354 (ιωὼὸίᾶἰο
1336 317 1503 361 βτίειᾶἷῖιίῖ,

20 359 60 380 nu
78 353 224 383 kalendas
262 364 359 383 untas.
372 362 400 383 et
415 363 532 383 cessavit
545 363 718 383 emsconalus
731 359 791 383 dies
804 359 849 383 50-

18 359 60 380 rm
78 353 224 383 Kalendas

262 357 359 390 unias,
372 362 400 385 et
415 357 532 386 cessavit
545 359 718 394 episcopatus
731 359 791 387 dics
804 359 849 387 50.

24 453 1647 469 .________—_____—_____

589 534 847 581 NOTITIA
884 536 1135 581 ALTERA.

559 628 606 660 (D.
619 629 751 659 Coum",
767 629 882 662 Epistolw
898 630 966 655 Rom.
979 634 1036 661 pom
1061 632 1081 661 l,
1093 631 1160 664 ill.)

36 777 263 813 Hunc_papam,
276 778 437 806 Alexandro
449 778 623 814 imperatore,
634 779 747 807 Callisto
762 787 822 807 suc-

14 824 125 851 cessisse
141 823 294 851 Eusebius
311 824 339 850 in
351 822 482 851 Chronico
498 824 589 851 tradit.
608 823 678 850 Eum
694 823 822 851 Ecclesiae

14 869 142 896 Romanae
160 870 334 904 pontiﬁcatu
350 871 471 897 octemn'o
485 870 655 905 perfunctum
669 878 731 898 esse
747 870 820 898 idem

14 916 129 950 scriptor
150 915 236 942 Hist.
259 916 308 943 lib.
331 924 369 949 vt,
386 924 412 943 c.
425 916 470 949 25,
482 917 571 944 docet.
587 916 620 943 Et
633 923 695 944 eum
710 916 820 951 quidem

13 969 22 986 ι
40 961 201 987 consulatu
230 961 351 988 Μαιτὶιηὶ
372 966 398 988 ει
416 961 522 988 Αἰιὶαηί
544 970 626 997 usque
647 962 772 997 Agricola
796 967 821 989 et

10 1006 196 1038 Clementino,
211 1007 268 1034 hoc
280 1011 322 1034 est
339 1007 374 1034 ab
388 1015 460 1034 anno
474 1007 576 1035 Christi
587 1007 640 1034 235
655 1008 688 1035 ad
700 1007 753 1034 250
768 1007 821 1035 Ec-

9 1052 122 1079 clesiam
144 1052 264 1080 rexisse
283 1060 318 1079 ex
339 1051 510 1080 Bucheriano
530 1053 653 1088 catalogo
677 1053 819 1080 discimus.

8 1097 66 1125 Maii
87 1099 130 1125 ‘25
145 1099 210 1131 die,
223 1105 282 1133 quo
298 1102 325 1125 et
341 1098 501 1125 memoriam
515 1099 576 1133 ejus
589 1099 709 1127 celebrat
724 1099 819 1127 Eccle-

8 1145 54 1176 sia,
74 1144 196 1172 obiisse
221 1144 355 1172 creditur.
373 1143 436 1171 Haec
459 1148 550 1171 autem
576 1145 668 1172 omnia
691 1145 763 1172 inter
779 1153 818 1179 se,

8 1197 119 1217 necnon
135 1198 208 1217 cum
225 1190 272 1222 iis,
289 1197 351 1224 quae
363 1190 396 1217 de
411 1189 523 1217 Callisto
538 1191 731 1225 praemisimus,
747 1198 821 1218 com-

8 1236 68 1269 poni
85 1235 248 1262 commode
267 1239 398 1269 possunt,
415 1236 438 1263 si
461 1236 617 1263 octennium
633 1236 819 1264 Eusebianum

9 1287 69 1308 octo
86 1282 228 1309 diversos
243 1281 407 1309 consulatus
419 1282 613 1317 intelligamus.
626 1281 693 1310 Nam
706 1283 740 1310 ab
753 1283 818 1310 anui

10 1328 58 1355 ΕΞ
84 1335 194 1355 mense
212 1327 337 1360 Octobri,
362 1327 434 1355 circa
456 1328 536 1362 cujus
560 1329 663 1355 exitum
688 1329 818 1356 Callistus

10 1372 138 1407 pontifex
163 1377 282 1400 creatus
296 1377 422 1407 putatur,
438 1373 472 1400 ad
493 1373 529 1401 25
549 1374 621 1401 diem
640 1375 741 1402 mensis
755 1374 818 1402 Maii

11 1419 74 1445 mni
91 1417 165 1451 230,
189 1426 248 1453 quo
267 1417 370 1446 Urbani
391 1426 467 1446 mors
489 1420 678 1454 consignatur,
699 1424 762 1448 octo
775 1428 818 1448 re-

12 1497 169 1557 iilliganno';
188 1503 289 1523 novem
313 1496 434 1524 ascribit.
451 1495 551 1524 Baron.
570 1503 643 1524 anno
661 1496 724 1530 253,
740 1505 817 1525 num.

25 1552 31 1557 .
48 1550 55 1556 ι
70 1539 120 1557 ειν.
170 1539 209 1557 IN.

12 1532 31 1558 l.
47 1532 120 1559 ειν,
144 1532 209 1558 BIN.

43 1568 87 1601 (ὃ)
112 1566 169 1593 Hic
188 1566 252 1600 fecit
274 1565 422 1592 ministeria
441 1571 548 1592 sacrata
569 1567 658 1593 omnia
681 1571 816 1601 argentea.

13 1601 57 1628 His
84 1601 266 1635 temporibus
280 1601 429 1628 Ecclesium
449 1608 503 1627 non
529 1602 610 1629 modo
635 1602 745 1634 vitreis,
770 1602 818 1629 sed

14 1638 95 1663 etiam
115 1636 261 1670 argenteis
276 1636 418 1668 calicibus,
439 1637 539 1670 quibus
555 1636 720 1668 abundabat,
738 1644 816 1664 usam

14 1672 117 1701 fuisse.
142 1676 331 1705 praeterquam
351 1671 424 1705 quod
447 1671 491 1698 hic
513 1671 587 1698 aliud
606 1675 764 1703 asseratur,
783 1679 816 1698 ex

15 1706 141 1740 Gregorii
156 1705 331 1732 Turonensis
345 1706 578 1739 commentariolo,
591 1714 671 1741 quem
688 1706 724 1733 De
731 1706 817 1741 gloria

15 1747 170 1775 martyrum
200 1740 331 1774 scripsit,
358 1748 522 1775 cognoscere
548 1740 626 1774 licet,
653 1741 700 1768 ubi
727 1740 814 1768 dicit:

16 1777 99 1803 multa
116 1783 201 1802 sacra
216 1775 406 1802 ministerialia
420 1783 485 1811 vasa
499 1783 531 1802 ex
547 1780 659 1811 argento
674 1775 815 1808 coniecta,

17 1812 128 1838 inventa
145 1817 222 1842 esse,
237 1810 302 1837 dum
322 1814 415 1845 crypta
435 1810 493 1844 il_la,
509 1811 536 1837 in
551 1819 605 1845 qua
628 1810 720 1838 ﬁdeles
737 1818 815 1838 sacra

17 1850 130 1880 agentes
152 1845 259 1872 occlusi
279 1845 402 1878 fuerant,
424 1845 603 1873 refoderetut'.
619 1845 676 1872 lmo
694 1853 748 1872 non
769 1853 815 1872 ar-

18 1881 124 1914 genteis
147 1885 276 1912 tantum,
299 1880 346 1907 sed
367 1884 395 1907 et
413 1881 504 1908 aureis
525 1880 656 1908 calicibus
677 1880 816 1907 Romanos

18 1915 165 1949 pontiﬁces
187 1915 266 1950 circa
284 1915 341 1942 haec
358 1919 480 1950 tempora
500 1915 674 1943 incruentum
693 1916 816 1950 corporis

18 1958 46 1977 ac
75 1950 228 1984 sanguinis
257 1949 364 1976 Domini
387 1949 552 1977 sacriﬁcium
578 1950 675 1978 oll‘erre
697 1949 815 1977 consue-

19 1985 99 2016 tisse,
117 1985 287 2012 Prudentius
302 1985 329 2011 iu
346 1985 448 2020 hymno
461 1985 494 2012 de
506 1985 589 2013 rebus
604 1985 687 2019 gestis
704 1984 732 2020 δ.
747 1984 815 2020 Lau-

19 2020 97 2046 rentii
110 2020 228 2052 indicat,
239 2019 376 2052 versibus,
390 2019 490 2054 quibus
502 2025 692 2055 persecutores
705 2019 733 2047 S.
747 2019 815 2047 Lau-

18 2055 134 2082 rentium
150 2054 373 2089 interpellarunt,
391 2055 480 2082 hisce:

181 2111 262 2147 ﬂunc
273 2119 330 2138 esse
346 2112 438 2138 vestris
455 2112 534 2147 orgiis

180 2146 345 2181 Horamque,
359 2151 383 2172 et
401 2146 494 2178 artem,
506 2147 640 2181 proditum
654 2150 710 2177 est;

178 2181 260 2208 Hanc
274 2180 446 2215 disciplinam
459 2181 564 2213 {aderis

176 2215 273 2243 Libent
288 2221 317 2242 ut
330 2224 396 2242 aura
411 2217 552 2246 antistites,

176 2251 316 2286 Argenteis
332 2251 438 2285 scyphis
452 2251 550 2284 ferunt,

174 2285 297 2313 Fu’mare
311 2293 418 2312 sacrum
430 2286 598 2320 sanguinem:

171 2322 302 2355 Amoque
313 2322 449 2347 nocturnis
462 2321 545 2347 sacris

170 2353 357 2390 Astur-ilius
370 2363 466 2383 cereos.

51 2413 114 2451 Cum
138 2415 226 2451 igitur
251 2414 307 2441 hac
335 2419 380 2451 ex_
394 2416 471 2446 parte
495 2412 667 2451 C_hristian:_t_2_
681 2411 809 2451 Ecclesia

23 2448 97 2481 gloria
119 2446 281 2482 crésceret,
305 2447 399 2482 regale
415 2447 609 2482 sacerdotium
637 2446 738 2473 Christi
762 2446 808 2482 _his

22 2480 157 2520 fulgoribus
174 2490 202 2514 ct
217 2480 399 2512 ornamentis
413 2481 604 2516 illustraretur,
620 2489 674 2508 non
688 2481 746 2508 sine
761 2480 808 2508 Dei

837 787 857 810 Α
872 783 1019 806 censentur
1044 779 1215 806 consulatus.
1237 779 1272 806 At
1294 779 1320 806 in
1346 778 1520 808 Bucheriano
1536 781 1666 818 Catalogo

873 832 928 852 non
947 825 1037 852 solum
1059 832 1146 852 annos
1173 824 1200 856 8,
1225 825 1270 852 sed
1287 829 1313 852 et
1335 830 1465 860 praeterea
1491 834 1601 855 menses
1620 829 1665 862 ll,

874 869 932 897 dies
945 869 989 902 l2,
1006 869 1033 896 in
1048 877 1100 896 ms.
1114 875 1205 896 autem
1219 869 1320 904 reginae
1341 869 1422 897 Suec.
1441 878 1528 898 annos
1543 871 1571 903 8,
1587 879 1664 899 mcu-

873 923 918 943 ses
933 915 978 948 lo,
993 916 1051 943 dies
1067 916 1110 948 12,
1136 915 1164 943 in
1179 915 1339 944 Corbeiensi
1363 924 1450 945 annos
1462 918 1489 950 9,
1511 925 1620 946 menses
1637 919 1664 950 Ι,

872 962 930 990 dies
945 961 976 989 ll
995 961 1102 989 sedisse
1125 962 1284 990 adnotatur.
1305 961 1358 990 Sed
1379 963 1442 998 quia
1464 963 1491 990 in
1509 964 1666 992 numericas

872 1012 952 1036 notas
968 1015 1045 1035 error
1064 1007 1144 1035 facile
1156 1008 1262 1042 irrepit,
1285 1008 1352 1036 adeo
1377 1013 1406 1035 ut
1423 1017 1471 1044 pro
1482 1015 1544 1037 octo
1561 1009 1665 1038 Urbani

871 1053 1008 1089 pontiﬁcis
1029 1053 1108 1081 annis
1130 1052 1157 1080 in
1182 1061 1237 1081 uno
1259 1053 1416 1081 Colbertino
1435 1054 1469 1081 lV
1485 1055 1550 1082 etin
1564 1055 1664 1084 Fossa-

871 1099 942 1127 tensi
959 1098 993 1125 Ill
1023 1103 1128 1126 tantum
1145 1099 1282 1134 legantur.
1304 1099 1460 1127 haerendum
1482 1102 1573 1136 potius
1588 1102 1664 1130 vide-

871 1149 916 1172 tur
933 1145 1072 1173 consulari
1086 1149 1168 1176 notae,
1184 1151 1237 1178 qua
1255 1144 1357 1172 Urbani
1375 1146 1553 1180 pontiﬁcatus
1571 1154 1586 1174 a
1603 1147 1662 1175 Ma—

871 1191 938 1218 ximi
955 1196 982 1218 et
1000 1190 1101 1218 ΑΕιίεηί
1123 1191 1267 1218 consulatu
1286 1191 1320 1218 ad
1340 1192 1513 1219 consulatum
1528 1192 1664 1228 Agricola

870 1242 897 1265 et
911 1237 1074 1265 Clementini
1088 1237 1114 1263 in
1130 1236 1301 1264 Bucheriauo
1312 1238 1438 1272 catalogo
1451 1238 1591 1265 delinitur.

906 1282 1009 1309 Urbani
1024 1282 1130 1309 nullum
1152 1282 1186 1309 ad
1210 1289 1262 1310 nos
1285 1284 1408 1318 pervenit
1430 1283 1579 1318 genuinum
1596 1284 1665 1311 scri-

869 1333 957 1363 ptum.
973 1328 1012 1356 Ea
1028 1329 1128 1363 quippe
1150 1329 1276 1363 epistola,
1294 1336 1357 1363 quae
1378 1329 1488 1356 nomine
1512 1329 1586 1358 illius
1609 1330 1664 1357 cir-

870 1374 1031 1407 cumfertur,
1051 1375 1186 1402 lsidomm
1209 1374 1387 1402 Mercatorem
1411 1374 1536 1410 opiﬁcem
1560 1376 1661 1403 habet:

871 1421 994 1455 adeoque
1009 1420 1043 1448 ab
1056 1420 1116 1455 cjus
1129 1420 1290 1448 collectione
1304 1428 1359 1447 non
1379 1424 1422 1448 est
1438 1421 1626 1448 distrahenda.

836 1501 937 1528 Bnutu
961 1505 994 1525 ac
1015 1497 1130 1525 consilio
1155 1497 1255 1525 accidit
1282 1502 1311 1525 ut
1335 1497 1490 1525 Alexander
1512 1497 1663 1532 imperator

871 1532 1121 1573 templisdeorunr
1146 1532 1309 1573 gentilium,
1336 1540 1435 1573 aurum
1464 1537 1490 1560 et
1517 1537 1662 1573 argentum

871 1540 979 1594 tempus
1001 1540 1114 1559 acorum
1146 1540 1288 1573 gentilium
1302 1554 1309 1565 ,
1337 1540 1435 1573 aurum
1464 1540 1490 1560 et
1517 1540 1662 1567 argentum

868 1575 919 1594 con
934 1567 988 1594 erri
1001 1575 1071 1602 aegre
1085 1567 1186 1599 tulcrtt,
1203 1567 1323 1601 Illudque
1336 1566 1434 1601 Persu,
1447 1573 1477 1594 ut
1489 1566 1572 1595 refert
1585 1567 1663 1595 Laut-

868 1602 985 1636 pridius,
1001 1602 1158 1636 frequenter
1174 1602 1341 1630 susurrarit:

1048 1657 1081 1684 In
1097 1658 1192 1691 templo
1207 1657 1271 1693 quid
1287 1658 1353 1692 facit
1371 1659 1487 1685 aurum?

867 1713 901 1740 Et
913 1714 1184 1750 demumrsingularis
1201 1713 1301 1741 divina;
1317 1714 1494 1749 providentia
1512 1722 1582 1750 opus
1598 1723 1660 1744 esse

867 1749 984 1781 videtur,
999 1749 1071 1784 quod
1085 1757 1183 1776 aurum
1201 1754 1227 1776 et
1240 1755 1394 1784 argentum,
1413 1750 1521 1784 templis
1532 1749 1661 1778 ethnico-

866 1791 927 1811 rum
944 1785 1083 1819 jamlaute
1102 1785 1239 1812 collatum.
1258 1792 1306 1819 per
1321 1784 1499 1811 Maximinum
1514 1785 1661 1813 Alexandri

866 1826 1053 1846 successorem
1070 1819 1140 1846 istuc
1155 1819 1268 1851 auferri,
1281 1823 1385 1847 statuas
1399 1819 1523 1851 deorum,
1537 1827 1661 1847 omnem—

866 1861 919 1888 que
936 1854 1077 1881 materiam
1096 1855 1215 1881 nummis
1233 1854 1384 1882 condendis
1398 1854 1523 1882 idoneam
1545 1855 1660 1882 conﬂari

866 1889 1034 1930 permiserit:
1049 1889 1300 1930 adeoquevoluerit
1313 1889 1383 1921 ﬁeri,
1397 1890 1470 1930 quod
1486 1888 1495 1915 l
1514 1889 1584 1930 Reg;
1595 1898 1658 1924 cap.

866 1932 881 1960 v
890 1923 1032 1960 scribitur,
1047 1924 1230 1960 arcagscilicet
1245 1923 1292 1960 Dei
1304 1923 1658 1960 appropinquante,’Dagon

865 1958 1086 1986 Philisthanrum
1104 1958 1185 1986 deum
1203 1958 1355 1993 confringi;
1371 1958 1444 1985 illam
1459 1959 1565 1991 extolli,
1584 1958 1659 1987 hunc

865 1993 960 2028 dejic‘i;
984 1993 1057 2020 illam
1079 1993 1164 2028 gloria
1182 1998 1209 2020 et
1227 1994 1331 2020 honore
1348 1993 1427 2026 allici,
1443 1994 1516 2021 hunc
1530 2002 1596 2021 vero
1611 1995 1660 2022 de-

863 2028 966 2062 jectum
979 2028 1109 2055 universo
1124 2035 1222 2055 ornatu
1241 2032 1268 2054 ct
1287 2028 1386 2055 decore
1405 2029 1469 2055 exui
1485 2034 1512 2055 et
1525 2029 1657 2063 spoliari;

864 2063 1027 2090 Christianae
1045 2062 1183 2097 religionis
1207 2064 1320 2098 gloriam
1344 2071 1487 2096 crescere,
1517 2062 1659 2098 gentilitiaa

865 2097 1219 2132 superstitionis?honoreni
1243 2097 1327 2124 minui
1342 2102 1369 2124 et
1383 2098 1490 2132 penitus
1503 2100 1655 2126 obscurari.

865 2131 966 2160 Bai-on.
980 2140 1053 2159 anno
1066 2131 1169 2159 Christi
1183 2132 1247 2161 255,
1260 2140 1287 2159 ιι.
1306 2132 1363 2167 ﬁget
1376 2131 1402 2159 3.
1425 2131 1493 2160 Vide
1511 2140 1572 2167 quae
1586 2134 1657 2160 dixi-

827 2172 848 2199 c
864 2175 926 2194 mus
942 2174 1024 2202 supra
1041 2167 1068 2193 in
1086 2167 1156 2194 notis
1168 2167 1201 2193 ad
1216 2167 1306 2194 Vitam
1319 2166 1475 2202 Zephyrini.
1492 2166 1530 2194 lu.

902 2202 940 2236 (4)
961 2201 1014 2228 Per
1031 2201 1088 2236 ejus
1104 2202 1204 2228 monita
1224 2206 1248 2228 et
1263 2201 1410 2236 doctrinam
1431 2202 1509 2229 multi
1526 2203 1656 2235 martyrio

867 2235 986 2262 coronati
999 2241 1071 2263 sunt.
1085 2236 1136 2269 Qui
1152 2235 1315 2269 Tiburtium,
1336 2235 1509 2263 Valerianum
1526 2241 1552 2263 et
1567 2236 1656 2263 Maxi-

867 2279 942 2298 mum
957 2279 1019 2298 cum
1033 2277 1126 2298 sancta
1139 2271 1247 2298 Caecilia
1262 2272 1289 2298 in
1304 2271 1356 2298 lide
1371 2271 1546 2303 instruxerat,
1566 2271 1655 2305 bapti-

866 2311 986 2338 zaverat,
1000 2310 1027 2333 et
1037 2306 1169 2334 adversus
1183 2307 1266 2333 ictum
1282 2306 1363 2340 gladii
1379 2306 1487 2333 hortatu
1502 2313 1553 2333 suo
1571 2305 1655 2333 obﬁr-

866 2345 997 2372 maverat,
1013 2340 1121 2368 tandem
1136 2341 1195 2375 ipse
1212 2339 1321 2375 quoque
1334 2341 1419 2368 multa
1439 2347 1548 2375 propter
1560 2339 1654 2368 Eccle-

865 2375 933 2402 siam
947 2383 1055 2410 passus,
1070 2375 1377 2411 cervicibusgbscissis,
1392 2377 1522 2411 martyrio
1538 2383 1654 2403 corona-

861 2414 906 2437 tus
927 2409 984 2444 est,
1004 2418 1077 2438 anno
1093 2410 1194 2438 Christi
1217 2409 1654 2445 935,VAlexandriVimpcratoris

861 2445 915 2506 llO,
939 2446 1072 2506 \iigesimo
1099 2445 1195 2480 quinto
1221 2445 1264 2472 die
1291 2444 1364 2472 Maii.
1394 2444 1495 2472 Barou.
1520 2444 1653 2482 praedicto

871 2487 930 2506 ()CO.
958 2489 985 2506 Β.

871 2487 930 2508 000.
947 2487 985 2508 ID.
