1883 3056
886 115 916 142 S.
938 114 1009 144 ΗΚΒ

1088 115 1097 143 1
1114 115 1216 143 l'APtE
1840 110 1871 139 12

256 202 1871 215 ~—-———————-—————-—————————-————-———

601 291 682 369 S.
748 289 1102 369 URBANI
1155 292 1188 366 Ι
1245 289 1515 367 PAP/E

364 425 408 467 (⁵)
450 436 797 494 EPISTOLA
853 437 944 492 AD
998 436 1238 493 OMNES
1288 438 1776 496 CHRISTIANOS

803 546 904 578 (Manu,
918 546 1010 572 Concil.
1026 546 1134 575 ϐοηθεῖ..
1147 550 1164 572 ι.
1181 548 1199 578 l,
1213 555 1236 578 p.
1250 548 1316 576 iis.)

1040 632 1076 639 .—

244 696 282 721 De
299 703 330 721 eo
343 696 408 727 quod
421 695 532 728 Ecclesia
544 695 615 719 modo
628 696 799 728 possessiones
811 694 924 728 lidelium
938 694 1036 724 recipit,
1051 697 1077 718 et
1089 701 1138 718 non
1151 695 1259 725 pretium
1271 695 1413 728 earumdem
1429 701 1510 728 rerum
1523 697 1589 719 sicut
1609 695 1764 728 temporibus
1785 699 1871 726 aposte

277 726 368 756 lorum;
382 731 409 752 et
425 733 469 750 cur
479 726 554 750 sedes
563 726 672 749 excelsae
683 727 707 749 in
721 726 836 757 ecclesiis
847 726 1218 757 opiscoporumApraE-parentur;
1233 728 1260 749 et
1272 728 1299 748 ut
1311 726 1427 755 eis,quos
1439 727 1784 757 episropiexcommunicanl,
1800 728 1871 751 nullo

277 759 456 787 communicet;
468 760 495 782 et
506 763 570 787 quos
583 757 630 787 ipsi
643 763 744 786 quoquo
757 756 829 780 modo
841 756 973 786 ejecerint,
987 755 1070 779 nullus
1080 756 1192 786 recipiat.

281 825 300 851 Ι.
322 823 360 850 De
376 824 431 850 vita
444 822 588 853 communi,
601 825 624 847 et
639 829 719 856 quam
735 821 765 847 ob
780 829 889 847 causam
909 820 1027 846 Ecclesia
1043 821 1216 854 possessiones
1227 820 1320 847 habere
1333 821 1446 854 (reperit.

279 859 310 886 II.
330 859 349 885 Α
363 859 456 892 quibus
470 857 508 884 uel
519 857 548 883 in
563 864 626 891 quos
642 865 704 892 usus
718 864 758 882 res
775 856 961 892 ecclesiastica:
971 856 1165 889 dispensentur,
1178 860 1202 881 et
1214 855 1246 881 de
1258 856 1421 882 inuisoribus
1432 863 1534 882 earum.

279 894 322 920 Ill.
345 890 375 920 Si
387 893 446 927 quis
460 893 492 918 ab
511 891 628 918 Ecclesia
636 891 848 927 juspossidendi
862 890 972 916 avellere
988 891 1136 916 tentaverit.

279 928 323 955 IV.
347 928 382 954 De
396 927 527 954 cathedris
540 926 741 960 episropalibus.

280 963 313 991 V.
338 962 372 989 Ut
389 961 477 988 nullus
491 959 662 988 communicet
674 961 718 992 iis,
735 961 829 994 quibus
843 960 979 994 episcopus
991 968 1042 986 non
1053 960 1240 996 communicat,
1257 959 1294 986 rel
1311 960 1419 993 recipiat
1434 968 1498 994 quos
1511 960 1556 986 ille
1571 960 1706 996 abjecerit.

281 998 326 1024 VI.
348 997 387 1024 De
400 997 538 1030 sponsione
551 997 578 1022 in
591 995 720 1030 baptismo
736 996 819 1029 lucta,
839 1000 863 1022 et
881 996 912 1022 de
928 995 962 1021 iis
974 995 1019 1029 qui
1034 1003 1197 1022 communem
1208 995 1288 1021 vitam
1300 999 1477 1029 susceperunt.

278 1033 334 1061 VII.
358 1033 394 1059 De
412 1031 578 1066 impesitione
595 1038 688 1057 titanas
704 1031 872 1064 episcopalis.

281 1094 406 1122 Unum-.5
423 1093 567 1127 episcopus
584 1091 712 1119 omnibus
729 1091 904 1123 Christianis,
921 1091 948 1118 in
967 1098 1029 1118 san-
1045 1093 1066 1121 Α
1082 1091 1200 1118 dentium
1211 1096 1268 1118 erat
1283 1099 1328 1118 cor
1347 1099 1428 1118 unum
1450 1095 1475 1118 et
1488 1091 1578 1118 animo
1592 1099 1656 1124 una,
1671 1100 1718 1119 nec
1741 1093 1871 1127 quisquar

242 1138 568 1172 cliticationcmSpiritus,
583 1138 609 1163 in
621 1136 800 1164 obedientiam
813 1141 840 1164 et
849 1137 1035 1171 aspersionem

242 1186 384 1221 sanguinis
400 1184 505 1211 Domini
516 1183 602 1210 nostri
616 1182 680 1210 Iesu
691 1182 803 1215 Christi,
818 1183 944 1210 salutem.

278 1231 359 1258 Decet
385 1236 481 1256 omnes
502 1227 689 1258 Christianos,
720 1227 897 1258 charissimi,
921 1231 951 1253 ut
972 1234 1034 1253 cum

242 1277 392 1306 imitentur,
419 1275 499 1309 cujus
521 1281 620 1300 nomen
638 1273 728 1300 sortiti
742 1277 817 1299 sunt.
833 1271 903 1311 Quid
916 1272 1033 1306 prodest,

239 1322 338 1356 fratres
352 1321 413 1354 mei,
428 1319 546 1347 Iacobus
574 1318 714 1354 apostolus
736 1318 785 1350 ait,
808 1318 831 1344 si
859 1317 937 1352 ﬁdem
973 1317 1033 1351 quis

239 1367 312 1393 dicat
327 1374 353 1393 se
365 1365 469 1397 habere,
484 1372 564 1398 opera
593 1368 681 1390 autem
714 1370 765 1388 non
799 1362 916 1389 habeat?
942 1360 1034 1388 Nolite

238 1412 326 1446 plures
353 1410 474 1445 magistri
499 1409 572 1443 ﬁeri,
600 1408 697 1440 fratres
725 1406 797 1438 mei,
826 1407 937 1432 scientes
969 1413 1034 1440 quo-

238 1458 311 1484 niam
336 1456 422 1490 majus
443 1455 577 1490 judicium
598 1453 715 1480 sumitis.
738 1452 771 1478 In
790 1452 882 1478 multis
904 1451 974 1478 enim
992 1451 1035 1485 of-

237 1502 368 1538 fendimus
384 1508 482 1528 omnes.
496 1499 548 1532 Qui
564 1499 668 1532 sapiens
679 1502 703 1525 et
715 1497 902 1532 disciplinatus
914 1501 952 1523 est
965 1497 1034 1523 inter

237 1553 293 1577 nos.
305 1544 426 1572 ostendat
437 1551 469 1571 ea:
483 1543 550 1570 bona
562 1543 757 1570 conversatione
769 1541 945 1576 operationem
956 1549 1032 1568 suam

237 1592 265 1618 in
279 1590 480 1618 mansuetudine
494 1589 632 1622 sapientiae
646 1589 665 1616 ‘.

273 1691 381 1719 Scimus
392 1692 402 1707 ‘
421 1698 468 1718 vos
483 1699 536 1718 non
547 1691 674 1723 ignorare
686 1690 736 1725 (6),
749 1689 813 1724 quia
828 1689 961 1716 hactenus
973 1689 1029 1716 vita

236 1737 391 1764 communis
407 1737 476 1764 inter
493 1737 579 1763 honos
592 1736 602 1751 ³
617 1736 789 1762 Christianos
800 1734 894 1770 viguit,
903 1738 930 1762 et
941 1734 1031 1762 adhuc

1087 1145 1176 1163 eorum
1189 1145 1248 1171 qut:
1259 1137 1420 1171 possidebat,
1434 1137 1535 1172 aliquid
1546 1146 1623 1164 suum
1635 1146 1691 1164 esse
1705 1138 1822 1170 dicebat,
1838 1147 1871 1164 εει

1086 1187 1160 1209 erant
1172 1182 1227 1209 illis
1241 1183 1330 1208 omnia
1342 1183 1502 1209 communia.
1520 1182 1553 1209 Et
1578 1184 1672 1210 virtute
1700 1191 1800 1218 magna
1821 1184 1870 1210 red

1085 1228 1181 1254 debaut
1210 1228 1323 1262 apostoli
1360 1229 1541 1255 testimonium
1577 1231 1780 1256 resurrectionis
1814 1229 1871 1256 Jest

1085 1273 1196 1300 Christi.
1214 1273 1248 1300 Et
1260 1274 1349 1308 gratia
1363 1282 1459 1308 magna
1470 1279 1526 1301 erat
1539 1275 1566 1301 in
1577 1275 1697 1302 omnibus
1706 1275 1773 1301 ibis.
1790 1274 1867 1310 Nequ

1084 1319 1153 1345 enim
1178 1319 1317 1354 quisquam
1331 1327 1406 1353 egens
1420 1324 1475 1346 erat
1491 1320 1558 1346 inter
1571 1320 1641 1347 illos.
1659 1320 1796 1355 Quotquot
1810 1322 1871 1347 enin

1085 1371 1246 1398 possessores
1261 1371 1398 1398 agrorum,
1411 1368 1456 1390 aut
1479 1364 1617 1390 domorum
1628 1370 1714 1398 erant,
1729 1366 1871 1392 uendentes

1084 1410 1230 1444 a/ferebant
1247 1410 1332 1444 pretia
1344 1418 1435 1437 eorum
1447 1418 1505 1445 qua:
1519 1410 1674 1444 vendebant,
1699 1415 1725 1438 et
1748 1411 1870 1446 ponebat:

1085 1461 1144 1482 ante
1157 1455 1233 1490 pedes
1247 1456 1437 1490 apostolorum.
1454 1456 1627 1482 Dividebatur
1639 1461 1727 1482 autem
1753 1457 1869 1491 singulis

1083 1507 1160 1536 prout
1177 1501 1270 1536 cuique
1286 1509 1351 1536 opus
1365 1507 1434 1529 erat.
1449 1501 1547 1536 Joseplt
1562 1507 1661 1534 autem,
1677 1503 1722 1537 qui
1745 1504 1871 1538 cogitanti

1083 1552 1160 1574 natus
1176 1551 1213 1574 est
1227 1546 1365 1574 Barnabas
1380 1547 1412 1573 ab
1428 1547 1566 1581 apostolis,
1583 1548 1651 1582 quod
1666 1553 1703 1574 cst
1718 1548 1870 1583 interprete

1083 1599 1149 1625 tum,
1159 1593 1232 1628 ﬁlius
1249 1592 1447 1624 consolationis,
1464 1592 1565 1620 Levites
1589 1598 1613 1619 et
1633 1592 1749 1628 Cyprius
1775 1602 1869 1629 genere

1082 1647 1140 1666 cum
1155 1639 1259 1666 haberet
1273 1638 1502 1673 agrum,vendidit
1516 1638 1602 1670 illum,
1615 1642 1639 1664 et
1653 1639 1747 1665 attulit
1760 1640 1867 1673 pretiun

1082 1691 1142 1712 ante
1156 1685 1232 1720 pedes
1249 1684 1428 1719 apostolorum
1441 1685 1462 1715 ⁵,
1475 1690 1502 1711 ct
1518 1685 1634 1719 reliqua.
1654 1684 1786 1712 V'idcntes
1812 1693 1866 1720 argi

1082 1732 1237 1759 sacerdotes
1251 1730 1351 1758 summi
1364 1734 1391 1756 ct
1405 1730 1450 1756 alii
1463 1731 1483 1761 ⁸,
1496 1734 1577 1764 atque
1592 1729 1704 1762 Levilae,
1728 1735 1755 1756 et
1778 1731 1865 1766 telqu

236 1783 324 1818 gratia
338 1781 384 1809 Dei
402 1782 486 1817 viget,
497 1786 524 1808 et
541 1782 659 1809 maxime
678 1781 748 1808 inter
759 1788 807 1808 eos
820 1769 867 1815 qui
883 1780 909 1807 in
925 1785 1026 1808 sortem
1046 1769 1066 1796 Β
1082 1778 1185 1812 ﬁdeles,
1201 1779 1262 1812 plus
1274 1776 1400 1806 utilitatis
1416 1784 1497 1811 posse
1507 1776 1615 1807 alierrc,
1626 1776 1649 1802 si
1663 1775 1842 1803 hazrcditates
1853 1786 1864 1804 υ

235 1827 345 1855 Domini
360 1832 423 1855 sunt
439 1828 518 1855 electi
534 1828 554 1858 ⁸.
571 1827 597 1854 id
609 1831 661 1858 est,
673 1827 799 1860 clericos,
815 1827 887 1854 sicut
905 1826 931 1853 in
953 1826 1027 1853 Acti-

234 1874 286 1902 bus
300 1874 398 1909 legitur
423 1874 610 1909 apostolorum
628 1884 635 1901 :
653 1873 834 1900 Multitudinis
859 1877 947 1900 autem
969 1881 1025 1899 cre-

273 1929 280 1943 ‘
297 1927 392 1956 Jacob.
412 1937 442 1962 ιι,
461 1929 504 1956 ll.

234 1963 280 1990 δῖ.
318 1964 328 1979 ⁶
341 1964 442 1997 ρυωει.
457 1964 470 1990 1
487 1972 494 1991 :
512 1964 651 1999 Videntes_
663 1969 755 1992 autem
776 1964 942 1991 sacerdotes.

269 2024 308 2060 (5)
319 2023 394 2060 [ficta
406 2029 432 2052 et
448 2024 589 2059 supposita
603 2025 674 2058 apud
690 2024 764 2060 viros
782 2023 877 2060 doctos
900 2024 1026 2060 habetur.

269 2059 306 2095 (6)
323 2059 427 2095 Scimus
439 2067 482 2085 vos
491 2067 550 2095 non
569 2060 699 2095 ignorare.
709 2059 790 2095 Docet
803 2059 854 2085 hoc
866 2059 927 2095 loco
938 2059 967 2086 S.
979 2059 1029 2087 Ur-

232 2095 322 2122 banus
337 2094 471 2127 pontifex,
490 2094 568 2121 initio
585 2094 723 2124 Ecclesiae.
742 2094 821 2127 juxta
838 2094 1025 2122 testimonium

231 2129 314 2156 Lucae
329 2128 402 2162 Act.,
419 2136 479 2163 cap.
495 2136 532 2161 tv,
551 2130 728 2156 consuevisse
744 2129 804 2163 pios
822 2128 948 2155 [nomines
963 2137 1027 2163 pos-

231 2164 371 2192 sessiones
385 2171 474 2191 rerum
488 2171 601 2191 suarum
617 2164 778 2194 distrahere,
795 2170 947 2197 carumque
965 2171 1026 2197 pre-

230 2200 300 2226 tium
318 2198 448 2226 Eeclesiis
465 2198 567 2226 donare
585 2207 592 2225 :
609 2199 656 2226 sed
673 2198 737 2232 quia
753 2205 787 2224 eo
803 2199 884 2224 modo
905 2205 1026 2232 prtescu—

231 2235 306 2261 ubus
321 2234 464 2264 duntaxat,
483 2240 537 2261 non
561 2238 652 2260 autem
670 2231 770 2260 futuris
793 2231 920 2260 Ecclesiae
942 2233 1024 2260 mini-

231 2269 296 2296 stris
308 2269 511 2303 pr0videbatur,
526 2268 647 2295 decernit
662 2268 748 2302 magis
763 2275 779 2294 e
795 2274 825 2294 re
835 2272 863 2294 ct
879 2268 1023 2295 commodo

232 2303 361 2330 Eectcsia:
393 2303 534 2335 futurum,
566 2303 589 2329 si
617 2303 683 2337 ipsa:
711 2309 802 2330 rerum
831 2303 1021 2337 possessiones

230 2338 360 2364 Ecclesiae
390 2338 537 2366 donentur.
566 2337 600 2364 Et
626 2336 724 2365 merito
748 2346 754 2364 :
780 2337 804 2364 si
837 2337 910 2364 enim
937 2336 1019 2363 Levi-

231 2374 266 2400 tis
283 2372 382 2400 veteris
407 2372 562 2400 testamenti
588 2372 682 2400 divino
706 2371 768 2406 jure
787 2379 950 2399 concessum
966 2376 1018 2403 est,

230 2413 261 2434 ut
289 2408 370 2435 urbes
394 2407 428 2435 ad
452 2407 642 2439 habitandum,
666 2407 823 2434 suburbana
845 2406 879 2433 ad
891 2406 1018 2433 alendqu

230 2450 330 2477 pecora
354 2442 521 2476 possideant,
536 2449 617 2477 agros
633 2447 660 2469 et
673 2443 766 2469 vineas
784 2449 819 2477 es
832 2441 1017 2468 oblationibus

230 2476 324 2512 populi
335 2477 407 2505 licito
421 2482 524 2510 emant,
543 2476 616 2504 licito
633 2477 715 2503 etiam
727 2476 881 2512 distrahant
904 2483 936 2502 ac
957 2484 1018 2502 ven-

229 2508 306 2546 dant,
331 2512 406 2543 quod
435 2508 523 2540 Levit.
544 2519 604 2546 cap.
626 2519 689 2544 xxv,
715 2515 742 2538 et
766 2508 800 2536 111
822 2510 888 2544 Reg.
909 2518 969 2546 cap.
985 2519 1015 2542 η,

231 2545 284 2574 Jur.
301 2556 362 2584 cap.
380 2558 455 2578 χχχιι
472 2566 481 2579 ,
499 2547 558 2573 Act.
574 2545 638 2584 cap.
660 2554 696 2579 ιν,
711 2545 786 2584 satis
801 2549 893 2584 aperte
908 2545 1018 2584 indica-

230 2586 288 2614 tur;
315 2579 370 2616 quo
390 2590 462 2615 jure,
479 2584 567 2616 quare
588 2579 694 2616 ratione
711 2580 764 2607 hoc
781 2579 969 2616 sacerdotibus
984 2588 1016 2608 ac

228 2614 337 2644 clericis
361 2614 423 2644 novi
441 2614 596 2643 testamenti
613 2615 787 2642 interdictum
803 2614 874 2641 erit?
894 2614 1016 2642 Patriar-

229 2651 288 2678 clue
305 2651 389 2678 Jacob
408 2651 492 2678 lilium
510 2650 576 2677 Levi
590 2647 788 2677 exlmiedantis
803 2649 966 2676 sententiam
983 2658 1016 2678 ac

229 2687 398 2713 Voluntatem
420 2686 490 2712 Deus
515 2684 624 2719 quidem
652 2685 822 2719 approbavit,
837 2685 951 2719 ejusque
966 2693 1015 2719 po-

230 2721 322 2751 steris,
339 2721 439 2747 nullam
457 2725 560 2755 partem
577 2723 665 2751 terrm,
679 2719 706 2745 in
721 2719 755 2745 12
768 2719 899 2746 duntaxat
912 2725 1013 2754 partes,

229 2763 280 2790 pro
295 2763 408 2782 numero
425 2754 465 2781 l'l’
476 2755 596 2782 tribuum
615 2754 708 2781 divisa;
720 2754 853 2790 assignari
871 2755 1011 2790 permisit;

231 2790 277 2817 sed
289 2794 379 2816 tamen
392 2790 526 2817 decimam
539 2792 644 2823 partem
657 2790 779 2816 omnium
794 2789 944 2821 fructuum,
959 2789 1011 2816 sibi

228 2828 359 2859 tanquam
376 2823 658 2861 proprio'ludaeorum
674 2825 740 2860 regi,
754 2825 814 2853 loco
825 2824 1010 2859 tributiqdcbi-

549 1931 559 1945 ’
571 1929 673 1962 Qutest.
687 1938 694 1956 :
707 1928 818 1956 Scimus
835 1936 884 1956 vos
900 1936 956 1956 non
975 1929 1032 1964 ign.
1070 1927 1081 1943 ³
1092 1926 1204 1954 Omnes.

1081 1832 1163 1859 agros
1174 1831 1243 1858 quos
1253 1823 1415 1855 vendebant,
1425 1822 1564 1854 Ecclesiis,
1578 1822 1678 1856 quibus
1692 1823 1862 1858 prasideban

1080 1869 1212 1905 episcopi,
1238 1869 1387 1901 traderent,
1399 1875 1431 1895 co
1447 1867 1520 1902 quod
1541 1874 1573 1894 cx
1590 1868 1746 1902 sumptibus
1766 1876 1861 1895 eorum

1254 1925 1266 1941 ⁸
1279 1924 1343 1952 Isid.
1360 1931 1379 1951 ιι
1412 1923 1451 1950 De
1466 1923 1525 1955 01].,
1540 1923 1595 1950 c.l.
1633 1923 1643 1939 '
1659 1923 1754 1951 Actor.
1770 1932 1806 1956 tv,
1823 1925 1860 1951 52

1078 2032 1133 2054 tam
1151 2034 1206 2054 una
1225 2033 1288 2053 cum
1302 2025 1337 2052 48
1364 2025 1531 2056 civitatibus,
1542 2028 1569 2051 et
1591 2023 1760 2051 suburbanis
1775 2031 1857 2053 earut

1078 2062 1198 2096 praediis,
1212 2061 1418 2096 illis,tanquant
1431 2060 1489 2087 suis
1501 2059 1665 2096 lintredibus,
1681 2059 1806 2086 donavit.
1826 2058 1856 2091 Ri

1076 2093 1166 2124 dicula
1182 2103 1249 2124 sane
1271 2093 1352 2126 foret,
1364 2096 1510 2122 vehemens
1528 2094 1571 2120 illa
1588 2093 1737 2120 multorum
1756 2096 1855 2128 pontitl

1075 2139 1137 2158 cum
1161 2136 1187 2158 ct
1207 2130 1387 2158 conciliorum
1406 2129 1533 2160 decretis,
1555 2135 1647 2155 rerum
1665 2129 1854 2157 ecclesiastica

1076 2174 1136 2192 rum
1157 2165 1300 2192 interdicta
1323 2165 1462 2194 alienatio,
1486 2164 1507 2190 si
1527 2163 1647 2190 Ecclesia
1678 2164 1781 2190 nullam
1813 2173 1853 2191 ret

1075 2201 1148 2228 licito
1163 2201 1296 2227 hactenus
1313 2199 1472 2234 possederit.
1489 2198 1579 2231 Quare
1594 2197 1667 2233 quod
1685 2198 1776 2232 inquit
1789 2198 1853 2227 Chrl

1074 2239 1134 2262 stus
1161 2235 1228 2262 Luc.
1256 2242 1312 2265 xtv,
1339 2242 1392 2261 non
1415 2241 1494 2268 posse
1510 2241 1572 2262 esse
1586 2234 1750 2267 discipulum
1774 2242 1852 2261 suun

1077 2270 1129 2297 nisi
1145 2271 1193 2305 qui
1212 2269 1409 2297 renuntiaverit
1435 2268 1572 2305 omnibus»
1592 2275 1652 2302 quae
1668 2268 1809 2305 possidet,
1833 2269 1851 2296 it

1077 2303 1279 2339 intelligendum
1296 2309 1347 2335 est,
1363 2304 1433 2330 sicut
1453 2303 1478 2329 ill
1500 2303 1573 2337 quod
1598 2303 1723 2336 sequitur
1739 2311 1745 2329 :
1763 2303 1793 2330 Si
1809 2310 1850 2338 qut

1074 2341 1141 2366 venit
1164 2338 1198 2366 ad
1216 2348 1265 2372 me,
1285 2344 1309 2366 et
1332 2347 1381 2365 non
1406 2338 1461 2365 odit
1476 2343 1578 2372 patrem
1592 2341 1618 2364 et
1635 2342 1746 2363 matrem
1764 2342 1791 2364 et
1803 2347 1849 2366 uxt

1073 2382 1138 2407 rem,
1155 2375 1240 2401 adhuc
1257 2379 1345 2400 autent
1364 2378 1388 2400 et
1403 2374 1520 2399 animum
1544 2380 1631 2402 suam,
1643 2379 1695 2398 non
1706 2376 1792 2406 potest
1810 2381 1848 2400 est

1072 2417 1143 2436 meus
1162 2410 1318 2443 discipulus.
1347 2408 1457 2436 Certum
1484 2411 1535 2439 est,
1552 2414 1607 2443 non
1625 2407 1659 2433 ad
1685 2407 1792 2439 odium.
1817 2416 1847 2436 se

1071 2445 1162 2478 potius
1189 2442 1233 2471 ad'
1251 2451 1371 2471 amorem
1399 2447 1554 2478 parentum,
1569 2442 1846 2478 liliorunt,_uxoris,t

1070 2476 1132 2506 vita-
1145 2479 1260 2514 propriae
1287 2476 1435 2514 quemlibet
1451 2477 1589 2514 hominem
1602 2476 1694 2503 divina
1709 2476 1770 2511 lege
1789 2477 1845 2514 obii

1070 2511 1170 2548 ειη-ἰ,ὲί
1185 2511 1281 2541 horum
1291 2511 1366 2539 autor
1378 2513 1424 2538 Dei
1436 2511 1660 2548 charitati,quen_t
1670 2519 1753 2548 super
1767 2512 1845 2540 omni

1070 2546 1182 2583 diligere
1198 2549 1338 2579 debemus,
1351 2547 1419 2573 nihil
1433 2548 1581 2583 ubstt-tmaut
1592 2546 1768 2583 prtejudicet;
1784 2548 1843 2575 sic:

1069 2581 1161 2610 rerum
1185 2583 1320 2616 possessio
1341 2582 1463 2608 animum
1479 2589 1493 2607 a
1514 2581 1560 2608 Dei
1573 2581 1646 2607 cultu
1661 2585 1770 2613 avocet,
1788 2582 1843 2609 mal

1068 2624 1119 2651 est,
1135 2615 1221 2653 eoque
1241 2626 1306 2645 casu
1323 2617 1410 2653 plane
1423 2617 1588 2653 tlescreuda;
1604 2615 1627 2653 si
1640 2623 1707 2642 vero
1723 2617 1842 2643 ministri

1069 2651 1196 2680 aurulenta
1206 2651 1360 2687 praebendo,
1373 2651 1497 2687 eumdem
1509 2651 1554 2677 Dei
1571 2651 1674 2687 cultum
1685 2656 1841 2687 promoveat:

1068 2685 1212 2715 utilissime
1241 2694 1306 2714 sane
1335 2686 1455 2713 Ecclesia
1493 2685 1683 2719 temporalium
1718 2685 1840 2714 bonorut

1067 2723 1219 2749 donnuium
1237 2730 1268 2748 ac
1289 2722 1489 2756 possessionem
1503 2721 1558 2756 sibi
1575 2721 1715 2756 retinetret
1731 2727 1839 2756 usurpat

1070 2757 1134 2784 Vide
1148 2765 1209 2791 qua:
1227 2754 1347 2783 diximus
1360 2762 1442 2790 supra
1454 2755 1576 2791 Δὶηνηγοιίε
1591 2754 1624 2781 ad
1640 2755 1726 2791 epist.
1744 2755 1763 2781 2
1780 2755 1819 2791 Pii
1835 2755 1838 2780 l

1066 2789 1245 2819 Bellarininus
1268 2791 1313 2817 lib.
1340 2799 1348 2817 l
1377 2789 1414 2817 De
1434 2789 1548 2822 clericis,
1570 2796 1630 2823 cap.
1647 2789 1692 2816 20.
1711 2790 1776 2817 Ser.
1795 2789 1837 2818 th
