1883 3056
80 105 128 132 {37

599 109 776 157 .EPISTOLS
794 111 839 137 AD
855 110 971 139 OMNES
989 111 1229 140 CllRlSTlANOS.

1646 121 1694 147 lES

79 170 131 193 tam
144 167 328 200 praesentibus
339 176 425 203 quam
442 169 540 198 tuturis
553 171 730 206 temporibus,
748 172 863 207 plurltna
878 177 901 204 Α
916 179 1005 200 autem
1020 174 1054 201 ad
1067 183 1124 202 eam
1137 182 1146 201 :
1160 174 1230 207 Quid
1255 175 1343 210 utique
1369 177 1485 204 convenit
1511 178 1581 205 vobis
1597 183 1695 207 tentare

75 216 104 240 et
114 213 278 247 elegantiora
292 221 410 249 possent
431 217 586 244 ministrare
601 218 724 245 ﬁdelibus
736 226 862 246 commu-

76 267 134 286 nem
145 260 223 286 ﬁdem
235 260 417 294 ducentibus,
430 270 511 297 quam
524 271 556 290 ex
570 264 656 298 pretio
670 272 781 295 eorum;
806 272 862 292 ca:-

74 310 166 340 perunt
178 306 283 340 praedia
295 311 324 334 et
342 315 434 342 agros,
451 316 520 343 quos
531 309 644 336 vendere
660 310 792 343 solebant,
802 318 861 336 ma-

73 350 182 378 tricibus
192 351 327 380 Ecelesiis
343 354 480 386 tradore",
496 359 524 382 et
547 362 581 382 ex
602 356 753 390 sumptibus
766 363 859 383 eorum

73 405 170 424 vivere.

102 497 169 533 Ipsa:
182 508 249 528 vero
263 509 308 529 res
321 502 348 529 in
364 503 467 530 ditione
480 503 646 535 singularum
655 503 856 537 parochiarum,

66 547 271 580 episcoporum,
288 548 336 583 qui
351 548 440 575 locum
457 553 547 575 tenent
562 549 756 583 apostolorum,
769 554 856 581 erant,

65 596 91 618 e2
106 597 172 618 sunt
197 601 287 627 usque
302 594 402 627 adhuc,
415 599 443 621 et
457 593 556 621 futuris
569 603 675 629 semper
685 595 782 622 debent
797 603 857 624 esse

65 637 247 670 temporibus.
264 637 285 664 E
299 639 400 673 quibus
412 640 531 674 episcopi
547 645 573 666 et
585 641 676 667 ﬁdeles
685 641 856 675 dispensato-

63 688 225 713 reseorum,
244 683 374 711 omnibus
388 691 561 712 communem
588 685 671 712 vitam
697 685 794 720 degere
808 694 855 713 vo-

63 726 193 759 lentibus,
206 729 365 756 ministrare
380 735 478 757 cuncta
491 732 643 758 necessaria
655 733 763 763 debent,
775 738 856 767 prout

63 774 162 801 melius
174 776 327 809 potuerint,
343 780 373 803 ut
389 784 471 803 nemo
483 777 508 804 in
532 778 572 805 eis
592 786 674 813 egens
688 779 851 807 inveniatur.

66 818 135 854 Ipsae
160 821 234 847 enim
250 829 293 848 res
304 821 422 850 ﬁdelium
433 823 582 850 oblationes
593 824 773 858 appellantur,
788 825 851 859 quia

915 218 1045 252 Spiritum
1062 220 1189 247 Domini?
1204 220 1271 247 Ecce
1284 223 1360 255 pedes
1371 230 1459 248 eorum
1475 223 1520 258 qui
1538 225 1694 258 sepelierunt

913 266 998 292 uirum
1012 271 1094 297 tuum,
1111 267 1145 292 ad
1161 257 1268 298 ostium,
1283 272 1306 294 et
1318 268 1423 302 elferent
1440 276 1473 295 te.
1491 269 1636 304 Confestim
1653 281 1695 299 ce-

911 311 977 338 cidit
990 311 1024 338 ad
1035 312 1110 346 pedes
1123 312 1191 346 ejus,
1203 318 1227 339 et
1237 314 1387 347 exspiravit.
1402 313 1536 342 latrantes
1548 321 1635 343 autem
1644 317 1693 352 ju-

911 366 994 390 venes,
1010 359 1161 385 invenerunt
1174 359 1249 385 illam
1267 366 1410 393 mortuam,
1435 366 1460 387 et
1484 362 1644 394 extulerunt,
1668 369 1692 391 et

910 404 1068 438 sepelierunt
1081 405 1115 431 ad
1131 405 1215 432 virum
1227 413 1314 433 suum.
1331 405 1363 433 Et
1378 407 1462 441 factus
1477 413 1514 434 est
1532 409 1611 435 timor
1635 418 1692 436 ma-

912 456 976 483 gnus
986 449 1012 474 in
1022 449 1166 475 universam
1176 449 1361 483 Ecclesium,et
1370 451 1396 477 in
1408 460 1494 478 omnes
1500 453 1690 487 quiaudierunt

908 494 963 520 [nec
971 494 991 520 ’.
1003 493 1075 525 ll:cc,
1086 494 1194 526 fratres,
1211 495 1289 522 valde
1302 496 1417 523 cavenda
1432 502 1495 524 sunt
1507 502 1532 524 et
1545 498 1665 525 timenda
1681 507 1688 525 :

909 539 972 574 quia
1000 548 1043 567 res
1067 539 1205 571 Ecclesiae,
1222 548 1276 567 non
1291 541 1369 576 quasi
1386 543 1503 576 propriae
1524 543 1555 575 ‘°,
1582 543 1630 571 sed
1659 549 1690 571 ut

906 592 1065 613 communes
1079 591 1105 613 et
1128 585 1241 613 Domino
1263 587 1361 614 oblata:
1375 588 1407 618 “,
1438 596 1498 615 cum
1523 597 1630 617 summo
1655 591 1689 617 ti—

907 639 981 658 more
995 640 1049 659 non
1064 633 1090 659 in
1102 633 1169 660 alios
1183 642 1263 668 quam
1279 634 1304 660 in
1319 634 1445 669 praefatos
1459 643 1524 663 usus
1548 641 1612 663 sunt
1623 637 1688 664 ﬁde-

906 677 966 705 liter
981 678 1178 712 dispensandze,
1206 688 1239 707 ne
1263 681 1394 716 sacrilegii
1416 686 1519 708 reatum
1536 682 1685 715 incurrant,

904 724 1005 758 quiens
1019 724 1080 751 itide
1094 725 1265 758 abstrahunt,
1276 727 1319 753 ubi
1331 727 1434 754 tradita:
1447 732 1519 759 sunt,
1534 736 1568 755 ne
1578 736 1685 763 pmnam

904 776 930 798 et
941 776 1056 798 mortem
1079 772 1191 800 Ananiae
1214 778 1240 799 et
1265 772 1386 808 Saphira:
1401 774 1548 807 incurrant,
1563 780 1587 802 et
1603 777 1686 810 (quod

904 817 979 851 pejus
997 818 1048 853 est)
1075 819 1218 845 anathema
1237 819 1395 846 maranatha
1410 820 1476 846 liant
1493 820 1523 851 ",
1544 825 1571 847 ct
1591 821 1614 848 si
1631 829 1685 848 non

61 864 179 893 Domino
194 866 359 895 olleruntur.
372 867 430 895 Non
442 876 506 902 ergo
518 869 616 896 debent
628 870 655 896 in
668 870 729 897 aliis
743 870 822 897 usibu

904 871 1023 898 corpore,
1038 867 1068 890 ut
1085 865 1205 891 Ananias
1220 869 1246 891 et
1265 865 1390 900 Saphira,
1410 867 1509 893 mortui
1526 866 1683 899 ceciderint,

60 919 143 946 quam
161 912 374 945 ecclesiasticis,
390 919 418 940 et
433 915 622 948 praedicmrum
635 915 851 942 Christianorum

59 956 174 984 fratrum
184 958 226 984 vel
239 958 417 993 indigentium
435 960 554 987 converti
566 970 572 987 :
584 961 647 995 quia
664 965 724 988 vota
740 965 804 988 sunt
820 961 851 988 ﬁ-

60 1004 160 1030 delium
171 1004 193 1035 ε,
205 1009 232 1030 et
242 1004 329 1038 pretia
336 1010 505 1039 peccatorum
514 1005 563 1040 (7),
572 1014 603 1033 ac
611 1007 772 1040 patrimonia
784 1014 851 1041 pau-

60 1055 165 1082 perum,
180 1054 264 1082 atque
279 1050 313 1076 ad
332 1050 490 1084 przedictum
508 1059 578 1086 opus
602 1052 775 1086 cupiendum,
792 1052 849 1079 Do-

58 1094 134 1120 mino
161 1095 279 1122 traditae.
307 1094 336 1121 Si
363 1096 425 1130 quis
451 1101 540 1124 autem
560 1098 642 1132 (quod
665 1097 745 1131 absit)
772 1105 850 1124 secus

57 1140 153 1174 egerit,
168 1141 260 1167 videat
277 1149 312 1168 ne
327 1142 532 1170 damnationem
559 1142 672 1170 Ananiae
687 1147 714 1170 et
727 1142 850 1177 Saphira)

57 1186 201 1220 percipiat,
215 1191 243 1213 et
258 1194 323 1213 reus
337 1187 747 1222 sacrilegiicﬁleiatur,sieutilli
762 1189 848 1216 ellecti

58 1236 133 1264 sunt,
150 1233 200 1267 qui
216 1234 307 1267 pretia
324 1234 512 1268 praedictarum
528 1242 618 1262 rerum
643 1234 847 1267 fraudaverunt,

56 1278 89 1305 de
96 1279 200 1313 quibus
211 1279 312 1314 legitur
323 1280 350 1307 in
368 1281 504 1315 praedictis
515 1281 702 1316 apostolorum
713 1281 825 1308 Actibus
838 1291 844 1308 :

60 1323 105 1351 Vir
119 1330 212 1352 autem
237 1326 350 1360 quidam
371 1327 474 1353 nomine
495 1326 625 1360 Ananias,
650 1334 709 1353 cum
731 1326 846 1361 Sap/iira

54 1377 136 1397 mre
146 1378 214 1403 sua,
229 1371 347 1398 vendidit
360 1380 452 1407 agrum
463 1377 487 1399 et
495 1372 628 1406 fraudavit
639 1371 670 1398 de
680 1372 764 1406 pretio
775 1373 845 1407 agri,

55 1417 160 1443 conscia
177 1425 262 1444 uxore
274 1426 324 1444 sua
338 1427 349 1445 :
360 1423 384 1445 et
405 1419 516 1452 afferent
531 1423 631 1452 partem
644 1419 794 1453 quamdam,
811 1419 844 1446 ad

54 1464 130 1498 pede:
143 1464 327 1498 apostolorum
341 1465 439 1499 posuit.
465 1465 536 1492 Dixit
561 1471 648 1492 autem
665 1465 759 1492 Petrus
773 1466 844 1492 Ana—

54 1511 103 1537 nic
121 1517 131 1536 :
148 1510 205 1537 Cur
221 1508 331 1537 tentavit
347 1510 462 1538 Satanas
480 1520 524 1539 cor
537 1518 622 1545 tuum,
636 1513 739 1539 mentiri
749 1517 772 1539 te
784 1511 843 1547 Spi-

52 1557 117 1582 ritui
130 1561 233 1589 sancto,
241 1561 265 1583 et
276 1557 403 1591 fraudare
410 1558 442 1584 de
450 1559 532 1593 pretio
541 1558 619 1593 agri?
633 1558 726 1586 Nonne
737 1567 842 1586 manens

52 1602 99 1627 tibi
116 1602 253 1634 manebat,
269 1607 294 1628 et
308 1603 492 1629 venumdatam
507 1609 564 1630 erat
579 1604 605 1630 in
629 1609 674 1631 tua
698 1605 844 1637 potestate?

52 1648 140 1679 Quare
153 1648 269 1682 posuisti
286 1648 313 1674 in
324 1649 402 1675 corde
413 1653 457 1675 tuo
472 1649 537 1675 hanc
548 1650 621 1676 rem?
641 1649 701 1676 Non
722 1658 747 1676 es
760 1650 844 1676 Itami-

51 1693 126 1718 nibus
144 1694 282 1724 mentitus.
296 1693 342 1720 sed
359 1693 479 1720 Domino.
493 1694 609 1720 Audiens
622 1699 710 1721 autem
722 1695 841 1722 Ananiae

52 1738 107 1766 nec
121 1739 210 1771 verba,
220 1739 330 1772 cecidit,
344 1744 368 1766 et
381 1739 534 1773 exspirat-it.
555 1738 589 1766 Et
604 1740 691 1775 factus
709 1746 747 1767 est
763 1741 842 1768 timor

52 1793 159 1819 magnus
171 1785 198 1810 in
211 1793 302 1811 omnes
318 1785 363 1820 qui
379 1785 533 1812 audierunt.
548 1785 687 1821 Surgentes
698 1791 783 1812 autem
795 1787 842 1821 ju-

51 1838 133 1862 renes,
146 1835 304 1857 amorerunt
313 1838 371 1857 eum
381 1839 390 1862 ,'
401 1835 425 1857 et
440 1831 589 1865 efferentes,
602 1831 766 1865 sepelierunt.
785 1831 842 1859 Fa-

50 1881 119 1901 ctum
130 1881 170 1902 est
181 1881 272 1902 autem
284 1876 363 1910 quasi
374 1876 500 1903 horarum
513 1877 593 1903 trium
604 1877 730 1911 spatium,
741 1882 764 1904 et
772 1885 840 1904 uxor

50 1921 143 1955 ipsius,
162 1922 283 1948 nesciens
298 1921 368 1956 quod
395 1921 494 1956 factum
520 1922 618 1956 fuerat,
639 1922 766 1949 introivit.
789 1922 839 1949 Re-

48 1967 180 2000 sponderi:
193 1972 285 1994 autem
298 1968 322 1993 ei
341 1967 449 2000 Petrus,
475 1967 540 1994 dixit
555 1975 564 1994 :
581 1968 629 1995 Dic
641 1968 714 1999 mihi,
733 1968 756 1994 ti
770 1968 839 1994 tanti

49 2019 142 2045 agrum
151 2011 331 2038 vendidistis.’
344 2012 379 2038 At
389 2011 436 2038 illa
448 2012 534 2039 diuit:
547 2011 637 2039 Etiam
651 2012 728 2039 tanti.
741 2011 836 2039 Petrus

903 911 992 936 anima
1010 915 1110 943 tamen,
1124 919 1184 945 quire
1205 911 1293 946 potior
1317 918 1357 939 cst
1382 919 1504 946 corpore,
1528 916 1635 939 mortua
1658 917 1684 940 et

902 957 1018 984 alienata
1032 965 1046 983 a
1062 958 1200 985 consortio
1213 958 1330 984 ﬁdelium
1341 959 1429 991 cadat,
1439 963 1464 984 et
1480 958 1506 984 in
1518 958 1682 993 profundum

902 1001 1022 1029 barathri
1038 1003 1154 1031 labatur.
1172 1003 1248 1031 Unde
1259 1004 1450 1031 attendendum
1462 1009 1503 1031 est
1513 1004 1639 1031 omnibus
1650 1005 1681 1036 ¹³,

900 1052 928 1075 et
940 1049 1054 1076 ﬁdeliter
1064 1050 1282 1083 custodiendum,
1296 1055 1321 1077 et
1340 1051 1411 1077 illius
1421 1051 1604 1084 usurpatiOnis
1615 1059 1681 1078 con-

900 1095 1011 1122 tumelia
1024 1095 1235 1130 depellenda,ne
1249 1097 1348 1130 praedia
1362 1097 1456 1124 usibus
1476 1101 1643 1124 secretorum
1660 1097 1682 1113 "

899 1140 1049 1167 ctelestium
1061 1140 1218 1173 dedicata,a
1227 1142 1388 1176 quibusdam
1402 1143 1569 1170 irruentibus
1581 1151 1676 1170 vexen-

900 1190 954 1212 tur.
966 1185 1042 1218 Quod
1055 1187 1077 1214 si
1092 1187 1153 1222 quis
1170 1188 1263 1214 l'ecerit
1275 1188 1373 1222 “,post
1386 1189 1482 1216 debitae
1492 1189 1680 1217 ultionisacri-

899 1232 1030 1265 moniam,
1054 1241 1114 1268 quia
1139 1241 1203 1268 erga
1230 1234 1377 1269 sacrilegos
1391 1234 1452 1268 jure
1468 1235 1615 1269 promenda
1629 1240 1679 1267 est,

900 1281 1030 1312 perpetua
1041 1278 1187 1305 damnetur
1203 1278 1324 1311 infamia,
1340 1283 1366 1306 et
1377 1279 1479 1306 carceri
1492 1279 1623 1311 tradatur,
1633 1285 1681 1306 aut

897 1324 992 1351 exsilio
1007 1329 1144 1359 perpetuae
1167 1325 1365 1359 deportationis
1381 1330 1472 1352 utatur
1485 1326 1516 1352 ¹⁸.
1533 1325 1678 1358 Quoniam,

894 1369 971 1404 juxta
987 1370 1146 1405 Apostolum
1163 1371 1196 1404 ’⁷,
1213 1371 1320 1398 tradere
1343 1375 1446 1405 oportet
1458 1371 1612 1406 huiusmodi
1627 1371 1679 1397 ho-

895 1416 996 1444 minem
1021 1417 1139 1450 Satanae,
1159 1421 1190 1444 ut
1216 1416 1329 1452 spiritus
1344 1417 1436 1445 salvus
1462 1417 1498 1444 sit
1525 1418 1552 1444 in
1568 1417 1610 1444 die
1625 1417 1678 1444 Do—

895 1463 972 1490 mini.

857 1541 878 1568 c
931 1554 1088 1582 Memoratis
1101 1563 1166 1590 ergo
1178 1555 1446 1590 augmentationibus
1457 1563 1489 1583 ac
1503 1557 1632 1588 cultibus,
1649 1557 1676 1583 in

896 1605 1000 1628 tantum
1017 1601 1145 1629 Ecclesia:
1157 1602 1188 1635 ",
1202 1602 1301 1636 quibus
1315 1602 1434 1636 episcopi
1451 1603 1604 1638 praesident,
1622 1603 1674 1629 Do-

895 1647 969 1674 mino
982 1648 1202 1681 adminiculante,
1221 1653 1374 1681 creverunt,
1399 1654 1425 1676 et
1453 1650 1535 1675 tantis
1557 1649 1675 1675 maxima

873 1697 876 1700 ‘
894 1700 957 1727 pars
971 1700 1064 1720 earum
1082 1693 1220 1720 abundant
1235 1693 1326 1726 rebus,
1351 1698 1380 1720 ut
1394 1691 1485 1720 nullus
1513 1694 1549 1720 sit
1574 1693 1600 1720 in
1624 1694 1674 1725 eis,

893 1746 1067 1766 communem
1083 1740 1186 1774 eligens
1199 1740 1219 1755 "
1234 1739 1328 1772 vitam,
1355 1740 1494 1774 indigens;
1511 1739 1557 1767 sed
1583 1740 1675 1766 omnia

893 1784 1045 1811 necessaria
1070 1785 1103 1811 ab
1119 1785 1247 1819 episcopo
1275 1785 1386 1820 suisque
1404 1785 1535 1813 ministris
1549 1785 1674 1820 percipit.

894 1831 958 1857 Ideo
972 1830 994 1858 si
1008 1831 1105 1865 aliquis
1116 1832 1250 1858 exstiterit
1265 1831 1403 1859 modernis
1427 1836 1475 1858 aut
1492 1832 1588 1858 futuris
1604 1836 1674 1858 tem-

893 1876 1015 1910 poribus,
1029 1877 1075 1911 qui
1092 1877 1148 1904 Ιηρο
1164 1877 1279 1905 avellere
1303 1878 1415 1910 nitatur,
1437 1877 1494 1912 ja‘m
1511 1877 1584 1904 dicta
1598 1877 1674 1904 dam-

891 1922 1000 1949 natione
1013 1922 1134 1950 feriatur.

1262 1968 1306 1996 ιγ.

925 2013 1003 2046 Quod
1020 2018 1110 2041 autem
1123 2014 1200 2042 sedes
1213 2014 1241 2041 in
1265 2015 1454 2049 episcoporum
1477 2014 1600 2042 ecclesiis
1626 2021 1674 2042 ex-

87 2094 218 2131 ‘Concil.
234 2093 325 2131 Milev.
338 2094 383 2131 ἓξ.
421 2093 564 2131 “Julianus
576 2093 789 2131 Pomerinslib!
800 2102 819 2131 ll
833 2094 875 2131 ρθ
893 2095 950 2131 yita
968 2097 1124 2131 contempl.,
1135 2104 1160 2124 c.
1185 2097 1235 2124 9et
1250 2096 1294 2124 l6.
1318 2095 1384 2123 Vide
1396 2095 1502 2123 Hincm.
1531 2104 1592 2131 epp.
1613 2096 1630 2124 5
1646 2102 1673 2124 et

48 2130 75 2162 8,
95 2130 162 2156 edit.
186 2128 350 2163 Mogunlinte
361 2129 457 2156 anaai.
495 2130 598 2156 ’Actor.
621 2138 648 2160 v,
665 2129 742 2156 l-ll.

48 2199 93 2226 2i.
133 2199 155 2214 "
172 2199 213 2224 l'l.
231 2198 332 2230 Quzest.
347 2202 364 2226 4
380 2209 385 2226 :
404 2199 600 2226 Attendendum
615 2203 666 2231 est,
682 2198 723 2226 'ne

49 2234 92 2266 ιο,
107 2241 192 2268 quam
205 2234 336 2268 expende.
387 2235 409 2249 "
424 2240 525 2261 uratur.
573 2234 612 2260 “l
631 2235 693 2261 Cor.
714 2242 741 2266 ν,
757 2234 784 2261 5.

49 2277 159 2303 gerens.

789 2130 810 2145 ¹⁰
829 2129 987 2166 θεραπεί.
1002 2132 1014 2158 l
1031 2141 1036 2158 :
1054 2129 1106 2159 Res
1121 2132 1242 2159 ecclesiae
1260 2140 1313 2158 non
1327 2132 1416 2166 quasi.

50 2167 107 2205 [ius
118 2164 320 2205 q_qi_supra,in
337 2172 419 2205 opere
431 2164 505 2205 quod
535 2164 602 2205 falso
639 2172 654 2205 a
681 2165 822 2205 plerisque.
845 2165 974 2205 tributum
997 2166 1048 2193 luit
1076 2166 1176 2205 Pro‘spe

742 2200 851 2233 prardia.
890 2200 911 2215 ιδ
924 2209 1074 2228 sacrorum.
1114 2202 1134 2217 ¹¹
1147 2202 1203 2228 Cod
1217 2200 1319 2229 Theod.
1334 2202 1379 2228 lib.
1390 2210 1417 2228 x1

757 2234 784 2261 5.
834 2235 856 2250 "
870 2233 971 2267 Quaest.
987 2237 999 2263 l
1017 2246 1023 2264 :
1038 2236 1165 2264 Videntes
1181 2242 1270 2264 autent
1284 2237 1417 2264 sacerdot.

1455 2133 1474 2147 ιι
1487 2131 1558 2159 Idem
1575 2131 1672 2159 Pome-

1179 2174 1209 2193 ro
1241 2167 1385 2201 Aquitano.
1445 2167 1466 2182 "
1490 2166 1498 2192 l
1525 2166 1588 2193 Cor.
1615 2173 1670 2196 xw.

1114 2202 1134 2217 ¹¹
1147 2202 1203 2228 Cod
1217 2201 1319 2229 Theod.
1334 2202 1379 2228 lib.
1390 2209 1445 2235 xvt,
1460 2202 1500 2228 tit.
1517 2201 1534 2227 2
1544 2221 1552 2233 ,
1582 2206 1670 2228 const.

1116 2241 1165 2262 ites
1181 2242 1270 2262 autem
1284 2237 1417 2262 sacerdot.
1465 2237 1485 2252 "
1502 2236 1605 2262 Deaens
1628 2236 1671 2262 vel

1524 2243 1605 2271 egens
1628 2244 1660 2263 vc

890 2200 911 2215 ιδ
924 2209 1074 2228 sacrorum.

84 2346 122 2381 (7)
136 2345 229 2372 Pretio
240 2350 416 2380 peccatorum.
428 2345 623 2381 Beeeptissima
638 2350 679 2374 est
691 2346 834 2380 expositio,
852 2348 876 2378 D
888 2347 1002 2381 perlinat
1018 2346 1090 2373 nobis
1104 2346 1261 2380 corporalia,
1272 2346 1365 2380 quibus
1388 2353 1435 2371 nos
1457 2345 1670 2381 spiritualiaim-

49 2385 78 2406 ut
95 2382 193 2408 hostire
211 2385 238 2407 et
253 2382 431 2416 eleemosynm
452 2389 501 2415 pro
521 2382 636 2416 peccatis
650 2382 758 2414 oblatre,
771 2389 849 2416 pec-.

48 2421 108 2442 cata
145 2417 325 2451 appellentur.
352 2416 421 2443 Osce
450 2424 509 2451 cap.
542 2425 568 2443 iv
593 2417 626 2443 de
648 2417 835 2444 sacerdotibus

49 2451 150 2486 dicitur
166 2460 172 2477 :
188 2450 304 2486 {cacata
316 2451 406 2486 populi
420 2452 469 2486 γνιςὶ
485 2450 628 2478 comedent.
644 2451 729 2484 Quem
745 2452 834 2479 locum

49 2484 179 2520 Cyrillus,
195 2482 424 2521 Theoplij'la'ctus,
436 2482 625 2514 Thcodoretus
641 2482 666 2513 et
679 2486 725 2513 alii
741 2494 834 2513 recen-

50 2521 133 2548 tiores
160 2526 231 2548 reete
260 2522 294 2548 de
316 2522 412 2548 hostiis
428 2521 648 2555 interpretantur.
665 2521 732 2547 Nam
760 2521 833 2548 Scri-

51 2560 127 2589 plura
144 2556 180 2582 ita
197 2555 354 2590 frequenter
376 2556 448 2590 loqui
471 2557 548 2587 solet,
567 2561 596 2583 ut
615 2557 641 2582 in
659 2556 753 2590 primis
776 2557 833 2583 evi-

49 2591 207 2626 dentissime
231 2596 305 2626 patet
329 2599 363 2618 ex
390 2591 464 2618 hisce
485 2592 574 2618 verbis
597 2591 673 2618 Pauli
697 2595 785 2625 apost.
811 2590 832 2617 ll

50 2625 123 2658 Cor.,
141 2634 202 2660 cap.
223 2625 240 2652 ν
256 2636 263 2653 :
279 2625 349 2652 Eum
367 2626 412 2661 qui
430 2632 562 2660 peccatum
577 2634 628 2652 non
646 2631 765 2661 noverat,
785 2634 832 2660 pro

49 2661 122 2687 nobis
135 2659 271 2695 peccatum
286 2661 360 2696 fecit,
373 2659 400 2686 ut
417 2659 462 2688 nos
470 2661 737 2696 efﬁcerenturjustitia
749 2659 798 2687 Dei
806 2662 833 2688 in

49 2695 112 2731 ipso.
132 2697 201 2730 Quia
217 2695 300 2731 igitur
324 2698 397 2722 bona
417 2695 575 2731 temporalia
587 2696 641 2723 Deo
655 2697 681 2722 in
698 2696 830 2724 ministris

50 2730 173 2759 Ecclesia:
186 2730 288 2765 oblata,
305 2735 416 2766 peccata
429 2730 611 2764 redimunt,et
627 2735 780 2765 peccantem
795 2731 828 2758 ad

49 2766 144 2794 donum
176 2767 346 2802 paenitentia:
370 2767 549 2802 obtinendum
572 2766 728 2800 disponunt,
755 2771 828 2793 recte

51 2808 128 2834 pretia
150 2800 328 2837 peccatorum
347 2801 525 2837 appellantur.
535 2800 572 2828 De
587 2802 638 2828 hoc
647 2805 823 2837 peccatorum

48 2838 128 2869 pretio
143 2835 354 2874 intelligendum
372 2841 414 2863 est
438 2836 503 2865 illud
518 2837 631 2872 apostoli
647 2835 723 2864 Pauli
741 2846 748 2863 :
767 2835 823 2864 Im-

148 2920 153 2924 ,
177 2885 321 2916 Pauor“
339 2884 398 2914 Gn.
413 2883 454 2914 ΧΓ

888 2380 1025 2416 pertimuit.
1053 2381 1108 2409 Hoc
1137 2381 1206 2408 idem
1235 2382 1329 2416 beatus
1359 2385 1524 2416 martyrrae
1549 2380 1671 2416 pontifex

885 2415 1038 2444 Alexander
1051 2417 1072 2449 Ι,
1093 2417 1171 2451 epist.
1188 2416 1213 2449 1,
1234 2415 1260 2441 ἱη
1285 2415 1427 2451 principio,
1444 2415 1530 2451 hisce
1545 2415 1646 2451 qverbis
1662 2424 1668 2442 :

887 2451 944 2486 Ipsi
983 2452 1063 2484 enim,
1093 2449 1190 2486 inquit,
1219 2458 1266 2484 pro
1285 2449 1291 2450 ί
1311 2450 1406 2485 populo
1440 2449 1616 2486 interpellant,
1646 2454 1672 2476 et

884 2485 972 2522 populi
999 2491 1105 2521 peccata
1132 2486 1279 2517 comedunt,
1304 2486 1366 2521 quia
1401 2485 1520 2519 precibus
1558 2485 1612 2522 suis
1646 2489 1672 2522 et

884 2519 1057 2549 oblationibus
1089 2530 1120 2548 ea
1156 2519 1326 2555 deleutatqu‘e
1359 2524 1523 2546 consumunt.
1557 2519 1671 2546 Comcdi

884 2558 955 2585 enim
998 2557 1192 2594 dieuntur__in
1229 2555 1378 2591 Scriptura,
1401 2554 1581 2594 psal._Lvtit,
1609 2562 1671 2594 quae

887 2598 1096 2620 consumuntur.
1128 2591 1270 2618 Discamus
1290 2589 1377 2625 'ergo
1413 2589 1485 2624 quod
1522 2589 1569 2623 qui
1598 2589 1671 2616 elec-

887 2629 1008 2664 mosynis
1036 2631 1063 2655 et
1096 2626 1437 2664 oblatio_nibus_ﬁdelium
1466 2625 1593 2664 fruimur,
1615 2631 1670 2664 leas

882 2659 1013 2697 precibus
1040 2664 1152 2699 nostris,
1177 2662 1247 2689 sicut
1268 2659 1669 2699 qobligramurhdiligentissime

881 2695 1100 2733 compensemus;
1116 2697 1237 2724 futurum
1250 2697 1381 2734 alioquin,
1394 2700 1423 2722 ut
1433 2695 1467 2722 de
1477 2695 1558 2734 rebus
1567 2695 1668 2734 injuste

880 2730 1007 2768 acceptis,
1023 2741 1114 2760 coram
1143 2732 1283 2768 tremendo
1304 2731 1403 2768 judice“
1422 2730 1526 2763 saeculi,
1551 2730 1668 2768 graviter

878 2763 1072 2805 periclitemur.
1102 2767 1167 2796 Vide
1184 2763 1319 2805 biberant
1337 2767 1364 2792 iu
1386 2765 1484 2793 Oscam
1498 2774 1523 2793 c.
1539 2763 1577 2799 tv,
1595 2772 1622 2792 ιι.
1638 2763 1666 2791 ll.

877 2805 941 2833 Sav.
968 2804 1026 2831 Bm.

1509 2879 1528 2908 ὅ
