1883 3056
217 104 268 132 ιω
569 104 724 132 URBANH
748 105 847 133 ΡΑΡΑΕ
869 106 1037 135 EPISTOLA

218 163 297 190 celsa!
310 163 465 192 constitutae
475 168 503 192 et
516 171 673 200 praeparata:
694 166 870 195 inveniuntur
885 175 915 196 ιιι
932 169 1008 196 tlu-o—
1023 173 1045 201 Α

218 217 279 241 nus,
290 210 505 244 speculationem
519 215 546 237 et
564 216 726 245 potestatem
744 213 894 248 iudicandi,
910 220 938 242 et
950 216 1005 242 sol-

218 256 297 283 vendi
311 261 394 292 atque
408 257 518 292 ligandi,
534 265 549 284 a
564 257 679 286 Domino
691 259 743 287 sibi
760 260 850 288 datam
865 262 1003 289 materiam

218 303 327 331 docent.
344 302 420 330 Unde
432 303 490 338 ipse
505 303 631 332 Salvator
642 305 670 332 in
683 305 830 342 Evangelio
845 308 883 335 ait
899 317 906 335 :
924 307 1004 341 Quie-

217 357 319 384 cunque
337 346 485 384 ligaveritis
500 358 579 386 super
596 357 706 384 terram,
730 358 805 380 erunt
831 353 914 389 ligata
938 361 963 382 et
978 356 1006 382 in

217 395 296 428 calo,-
311 399 336 422 ει
349 404 509 432 quiscunque
524 397 656 425 solveritis
667 407 746 433 super
759 404 947 433 terram,eruut
960 410 1005 428 σοι

217 442 274 469 luta
287 441 350 469 etin
365 442 429 470 caelo
444 443 479 470 ¹⁰.
494 443 527 470 Ει
539 444 603 471 alibi
625 453 631 471 :
651 445 768 480 Accipite
793 445 922 482 Spiritum
944 456 1005 475 δαη-

216 495 286 516 (tum
301 496 311 514 :
325 496 437 524 quantm
455 490 610 517 remiseritis
632 497 751 526 peccata,
771 493 941 521 remittuntur
950 495 1004 527 eis;

215 539 239 561 et
251 543 363 570 quorum
377 536 550 568 retinueritis,
567 541 668 564 retenta
681 544 743 565 sunt
755 539 787 566 ".

596 605 627 632 γ.

250 649 311 678 Ideo
322 650 373 678 ista
391 651 571 686 praetulimus,
589 651 743 680 charissimi
756 655 789 687 ",
803 658 833 681 ut
850 654 1005 690 intelligatis

213 700 376 730 potestatem
389 697 579 738 episcoporum
592 703 755 733 vestrorum,
771 701 799 727 in
815 701 908 736 eisque
920 701 1003 728 Deum

214 742 391 775 veneremini,
419 746 446 770 et
470 749 517 770 eos
535 748 563 771 ut
578 744 683 772 animas
695 750 802 773 vestras
818 746 951 782 diligatis;
977 752 1005 774 et

215 789 316 824 quibus
331 789 369 816 illi
380 797 434 817 non
447 790 722 824 communicant,non
739 792 961 827 communicatis;
978 798 1003 820 et

214 843 283 870 quos
291 835 491 870 eiecerintmon
506 836 744 871 recipiatis.Valde
754 838 826 865 enim
841 839 956 866 timenda
965 839 1003 876 (8)
1021 848 1040 875 Β

213 886 254 908 est
264 881 397 909 sententia
411 881 531 917 episcopi
546 881 579 913 ".
594 882 657 910 licet
684 881 783 916 injuste
796 883 860 918 liget
871 884 999 919 aliquem,

213 926 286 962 quod
297 931 386 955 tamen
402 935 577 964 summopere
592 929 740 964 prteviderc
752 929 840 958 debet.

587 985 632 1013 Vl.

248 1039 301 1068 Vos
308 1045 402 1068 autem
414 1041 566 1074 hortantes,
583 1049 729 1070 monemus
743 1044 906 1078 omnes,qui
921 1043 1000 1072 Chri-

211 1086 376 1115 stianitatem
406 1088 594 1122 suscepistis,
612 1093 639 1116 et
662 1097 677 1117 a
701 1089 811 1118 Christo
837 1091 999 1118 vocabulum

210 1133 360 1161 Christiani
385 1133 544 1168 sumpsistis
558 1134 591 1168 ",
605 1142 639 1162 ne
656 1135 683 1162 in
699 1136 792 1171 aliquo
806 1135 999 1164 Christianita-

210 1184 265 1207 tem
277 1184 399 1207 vestram
410 1179 515 1207 irritam
533 1180 705 1213 faciatis.sed
718 1182 904 1217 sponsionem,
916 1191 998 1218 quam

211 1225 327 1253 Domino
351 1225 378 1252 in
395 1225 532 1260 baptismo
549 1226 664 1260 fecistis,
687 1228 801 1256 ﬁrmiter
826 1229 951 1262 teneatis,
965 1237 999 1256 ne

203 1271 331 1306 .reprobi,
343 1271 390 1299 sed
405 1271 533 1307 condigni
544 1279 637 1300 coram
652 1273 881 1302 eoittveniamini.
893 1274 997 1310 thui-

210 1325 320 1352 cunque
335 1321 456 1346 vestrum
465 1325 637 1345 communem
647 1319 730 1346 vitam
739 1324 892 1355 susceptam
907 1321 996 1352 habet.

209 1366 237 1390 et
246 1362 319 1390 vovit
334 1369 365 1390 sa
379 1362 446 1390 nihil
457 1362 596 1397 proprium
612 1363 724 1396 habere,
742 1364 834 1391 videat
855 1371 890 1392 ne
915 1365 997 1400 polli-

202 1407 366 1437 citationem
384 1416 460 1437 suam
471 1409 585 1436 irritam
615 1409 696 1437 faciat
712 1409 734 1425 "
750 1419 756 1437 :
771 1410 817 1437 sed
837 1410 900 1444 hoc,
924 1411 998 1446 quod

211 1455 326 1483 Domino
341 1458 382 1483 est
397 1454 546 1490 pollicitus,
570 1454 684 1483 ﬁdeliter
714 1456 859 1488 custodiat,
873 1464 907 1484 ne
920 1457 998 1484 dam-

208 1501 358 1533 nationem,
387 1500 435 1529 sed
460 1501 601 1536 praemium
619 1501 683 1528 -sibi
706 1502 848 1536 acquirat;
865 1503 995 1537 quoniam

207 1549 293 1576 satius
305 1552 347 1576 est
361 1555 415 1575 non
430 1555 538 1580 vovere,
562 1556 645 1582 quam
672 1553 776 1580 votum,
797 1553 879 1584 prout
895 1549 992 1578 melius

207 1599 306 1629 potest.
324 1602 384 1622 non
404 1595 544 1629 perﬁcere.
562 1595 677 1623 Gravius
690 1594 764 1622 enim
785 1595 936 1630 puniuntur
946 1596 993 1631 qui

1008 1524 1029 1552 C

242 1666 265 1682 ³⁸
278 1665 373 1693 Matth.
385 1665 516 1699 xvm,l8.
556 1666 577 1682 "
593 1665 672 1693 Joan.
701 1674 746 1697 xx,
773 1667 819 1697 22,
841 1667 886 1694 ‘25.

957 1669 978 1683 “
995 1667 1037 1694 Η.

1060 109 1105 135 AD
1117 109 1234 138 OMNES
1249 110 1489 142 CiiRlSTlANOS.
1810 119 1866 147 HO

1059 176 1150 198 votum
1169 172 1290 200 iecerunt
1301 174 1334 206 “‘,
1349 179 1394 202 aut
1410 175 1489 202 ﬁdem
1504 182 1695 212 perceperunt,
1707 183 1736 206 et
1756 185 1863 207 votum

1057 224 1111 243 non
1127 217 1308 251 perfecerunt,
1324 224 1371 246 aut
1385 220 1411 248 in
1427 222 1508 249 malis
1517 223 1598 250 vitam
1613 224 1862 260 ﬁnierunt,quam

1057 260 1094 287 illi
1108 261 1155 295 qui
1172 262 1254 289 vitam
1269 263 1329 291 sine
1343 269 1407 292 vnto
1419 266 1557 300 ﬁnierunt,
1570 274 1617 296 aut
1630 270 1690 298 sine
1706 271 1766 298 ﬁilc
1780 280 1862 299 mor-

1056 307 1095 333 tui
1111 312 1184 340 sunt,
1199 313 1226 336 et
1240 313 1331 336 tamen
1343 311 1413 338 bona
1428 319 1542 348 egerunt
1555 323 1647 350 opera.
1658 316 1697 343 Ad
1708 317 1766 344 hoc
1779 319 1861 345 enim

1056 359 1166 380 sensum
1184 354 1370 383 rationabilem
1382 361 1485 385 naturae
1500 368 1612 388 munere
1629 362 1662 394 ³⁷,
1679 367 1707 390 et
1718 365 1863 392 secundae

1056 398 1205 427 nativitatis
1221 403 1417 436 reparationem
1444 406 1624 441 suscepimus,
1640 413 1669 436 ut
1691 411 1861 438 secundum

1057 445 1226 479 Apustolum,
1248 449 1332 483 magis
1344 458 1402 484 qute
1425 459 1530 478 sursum
1545 458 1616 485 sunt.
1632 456 1790 490 sapiamus,
1803 465 1859 484 non

1056 499 1113 526 qua:
1125 500 1203 527 super
1228 498 1325 521 terram
1347 496 1370 511 "
1388 505 1394 522 :
1410 497 1471 531 quia
1493 499 1624 532 sapientia
1648 501 1727 535 hujus
1756 503 1860 529 mundi

1056 538 1170 566 stultitia
1182 544 1220 566 est
1234 540 1304 575 apud
1316 540 1400 568 Deum
1411 543 1444 569 ‘9.
1459 543 1528 576 Quid
1544 550 1634 573 autent
1651 548 1763 581 suadet,
1784 549 1860 576 ρΙιὶιο

1056 585 1170 618 rissimi,
1185 586 1317 621 sapientia
1336 588 1417 623 hujus
1431 591 1534 623 saeculi,
1549 592 1601 619 nisi
1621 595 1752 622 nocitura
1775 604 1860 631 quaa-

1056 640 1127 665 rere,
1137 637 1163 660 et
1178 640 1271 661 amare
1285 634 1417 669 peritura,
1435 637 1570 672 negligere
1583 640 1724 675 salutaria,
1740 650 1798 677 pro
1813 643 1859 669 ni-

1056 677 1112 704 bilo
1123 684 1248 713 reputare
1259 684 1385 714 perpetua
1394 682 1406 706 Ἰ
1418 682 1598 717 Cupiditatcm
1611 689 1806 721 commendat,
1821 689 1858 717 de

1055 731 1109 759 qua
1122 725 1239 753 dicitur:
1256 726 1344 755 Radix
1355 730 1470 756 onmium
1480 730 1805 767 malorumestcupiditas
1821 734 1856 762 ".

1055 768 1120 802 Quae
1141 770 1265 806 inprimis
1279 773 1331 801 ltoc
1343 774 1445 802 malum
1461 775 1552 809 habet,
1566 777 1638 812 quod
1663 778 1728 805 dum
1746 779 1856 815 ingerit

1055 817 1222 851 transitoria,
1237 819 1378 848 abscondit
1389 826 1498 849 aeterna.
1513 821 1544 850 Et
1562 823 1625 851 dum
1642 831 1657 851 a
1674 824 1742 853 foris
1757 827 1855 861 posita

1054 864 1197 898 conspicit.
1214 865 1284 892 intra
1299 873 1329 893 se
1340 866 1450 894 latentia
1463 876 1517 896 non
1533 869 1695 904 introspicit,
1720 877 1752 899 et
1781 872 1852 900 dum

1051 909 1139 937 aliena
1154 911 1263 945 quan'it,
1277 914 1406 940 sectatori
1421 913 1441 928 "
1455 921 1506 941 suo
1526 916 1701 950 semetipsum
1718 917 1851 946 alienum

1051 955 1126 983 facit.
1147 957 1216 985 Ecce
1230 958 1295 993 quid
1312 959 1405 986 suadet
1417 961 1507 988 saeculi
1524 962 1658 996 sapientia
1672 963 1684 990 i
1702 964 1803 992 vivere
1822 965 1850 993 in

1050 1003 1165 1031 deliciis.
1178 1003 1256 1032 Unde
1281 1005 1381 1033 dicitur
1393 1015 1400 1034 :
1418 1006 1504 1034 Vidua
1514 1015 1572 1043 qua:
1585 1009 1611 1035 in
1623 1009 1726 1037 deliciis
1743 1016 1801 1044 est,
1811 1012 1851 1038 vi-

1050 1056 1109 1075 rens
1131 1054 1235 1077 mortua
1258 1056 1296 1078 est
1311 1051 1343 1078 ³³.
1360 1051 1462 1080 Suadet
1476 1060 1541 1088 ergo
1558 1054 1729 1083 mollissimis
1748 1057 1849 1084 suavi-

1050 1093 1162 1127 tatibus,
1175 1097 1304 1130 peccatis.
1317 1097 1390 1124 vitiis
1411 1103 1438 1125 et
1465 1098 1582 1126 ﬁammis
1597 1101 1702 1128 nutrire
1713 1109 1846 1136 carnem,

1049 1139 1102 1167 cibi
1117 1145 1144 1168 et
1156 1141 1213 1168 vini
1231 1141 1438 1178 intemperantia
1454 1145 1572 1172 animam
1588 1154 1723 1181 premere,
1751 1156 1788 1176 ac
1805 1150 1846 1176 vi-

1050 1190 1104 1213 tam
1121 1187 1233 1222 spiritus
1255 1189 1445 1223 intercludere,
1459 1195 1484 1218 et
1498 1195 1596 1219 contra
1609 1201 1637 1220 se
1652 1193 1725 1221 hosti
1737 1202 1794 1222 suo
1812 1195 1846 1222 de

1049 1239 1079 1259 se
1095 1232 1214 1267 gladium
1226 1234 1390 1262 ministrare.
1414 1235 1483 1263 Ecce
1498 1237 1563 1272 quid
1579 1238 1674 1266 suadet
1688 1240 1787 1267 szeeuli
1800 1248 1846 1267 sa-

1049 1276 1169 1311 pientia?
1183 1283 1209 1306 ut
1223 1279 1269 1313 qtti
1284 1279 1347 1307 boni
1361 1285 1435 1313 sunt,
1454 1282 1519 1309 ntali
1533 1290 1593 1310 esse
1608 1283 1715 1317 malint,
1740 1289 1772 1312 et
1795 1293 1844 1320 per

1047 1331 1167 1351 errorem
1182 1326 1294 1359 mentis,
1310 1327 1366 1355 ﬁeri
1389 1329 1470 1355 etiam
1488 1330 1613 1357 studeant
1628 1335 1803 1365 peccatores,
1817 1336 1844 1359 et

1048 1377 1102 1396 non
1117 1371 1236 1406 cogitent
1251 1372 1325 1400 illam
1341 1374 1488 1402 terribilem
1504 1374 1551 1402 Dei
1565 1383 1658 1403 vocem
1670 1396 1678 1409 ,
1707 1384 1776 1404 cum
1799 1385 1843 1404 ea:-

1048 1421 1157 1442 uretttur
1166 1423 1314 1451 peccatores
1329 1419 1397 1446 sicut
1415 1419 1504 1454 fenum
1516 1420 1548 1447 ".

1415 1495 1470 1524 VII.

1080 1549 1181 1578 Omnes
1192 1552 1263 1578 enim
1276 1551 1368 1579 ﬁdeles
1381 1552 1404 1568 ³⁸
1411 1560 1459 1588 per
1470 1561 1567 1583 manus
1576 1555 1783 1591 impositionem
1801 1557 1839 1592 (9)

1046 1595 1237 1631 episcoporum
1249 1596 1380 1632 Spiritum
1395 1604 1520 1628 sanctum
1535 1604 1598 1636 post
1611 1601 1784 1637 baptismum
1798 1611 1841 1630 ac-

1064 1668 1167 1706 Qusest.
1182 1669 1230 1706 βε
1261 1669 1367 1706 Quibus
1392 1671 1512 1706 episcopi
1537 1680 1590 1700 non
1617 1675 1836 1703 communicant.

207 1701 229 1717 "
285 1701 457 1744 _Greg._l12m.
470 1702 518 1744 26',
529 1701 558 1742 in
567 1701 720 1742 Evangelia.
745 1702 887 1744 ’z’ls‘idwu
904 1702 990 1744 ριιίεν
1006 1703 1047 1744 lt.
1176 1700 1303 1744 Quaeso—1
1322 1715 1329 1732 :
1345 1700 1579 1744 Scinius_vosrnou
1592 1708 1646 1744 ign.
1659 1700 1838 1744 νοιιὶῆἷῖέὲιᾷ

207 1736 329 1773 perlatis.
342 1735 482 1773 _:“_Conc.
497 1735 661 1764 Parisiensis
688 1745 733 1764 an.
754 1737 807 1765 829
825 1746 885 1773 cap.
908 1738 941 1765 l0
954 1735 1016 1766 libri

1044 1747 1061 1766 ll
1083 1740 1204 1778 alludere
1232 1741 1346 1778 videtur.
1394 1742 1572 1778 r"f§uchcr.
1595 1740 1642 1771 a'ut
1673 1746 1738 1778 quis
1765 1740 1836 1773 alius

207 1771 574 1812 ριοιῐι.ιιι(1ἰιξξξιξῐιιιᾼδεοειιξξ3
595 1779 682 1812 qualn
694 1773 764 1812 vide.
802 1771 950 1812 "(191055."
964 1782 1005 1812 ιιι.
1022 1774 1048 1801 2.
1087 1777 1110 1791 ²⁹
1131 1775 1140 1802 l
1158 1775 1219 1812 Cor.
1242 1783 1283 1806 ιιι,
1310 1776 1353 1803 l9.
1366 1811 1374 1812 ί
1391 1777 1413 1793 ³⁰
1431 1777 1523 1806 lTim.
1543 1787 1584 1812 Vl,
1600 1779 1643 1806 10.
1680 1771 1705 1796 ἶι
1724 1771 1835 1809 Facturi

207 1807 257 1839 leg.
270 1811 322 1834 est.
373 1807 411 1833 “l
434 1806 503 1834 Tim.
519 1808 584 1838 v.6.
604 1806 612 1807 ί
631 1807 763 1836 "Psalm.
783 1815 836 1839 xct.
853 1809 880 1836 8.
933 1809 955 1824 ³⁸
972 1809 1010 1837 De

206 1845 417 1870 sacramentum.

241 1904 285 1941 (8)7
301 1903 384 1932 Valde
396 1905 466 1932 enim
486 1905 613 1941 timenda.
638 1905 739 1941 Duplex
764 1910 805 1933 est
828 1914 986 1934 excommu-

203 1939 322 1967 nicatio:
335 1947 389 1967 una
399 1941 484 1975 justa,
499 1940 526 1967 in
542 1949 596 1975 qua
612 1939 688 1968 nulla
700 1941 788 1969 debita
805 1942 985 1970 circumstan—

203 1975 242 2002 tia
265 1975 451 2009 desideratur;
482 1976 565 2003 altera
597 1976 698 2010 injusta
718 1982 769 2009 est,
796 1977 840 2004 cui
865 1985 918 2004 una
947 1978 986 2004 vel

203 2010 445 2047 pluresrequisitzre
463 2012 673 2039 circumstantia:
687 2012 795 2040 desunt.
814 2011 876 2040 llaec
899 2017 988 2047 poste-

202 2045 270 2077 rior,
287 2046 309 2073 si
333 2046 450 2073 invalida
467 2047 512 2079 sit,
531 2052 594 2081 puta
612 2047 634 2074 si
648 2045 990 2082 excommunicans'potm

202 2085 300 2108 statem
315 2085 341 2108 et
364 2082 551 2109 auctoritatem
575 2089 629 2109 non
650 2083 758 2115 habeat,
776 2083 817 2110 vel
833 2083 856 2110 si
877 2088 988 2117 propter

203 2116 398 2152 bonutnhopus
422 2124 482 2143 eam
509 2116 589 2146 ierat.
609 2117 650 2144 vel
677 2118 792 2152 denique
807 2118 830 2145 si
852 2116 985 2145 solemnia

201 2151 290 2188 debita
305 2150 354 2188 (de,
364 2152 463 2187 quibus
482 2159 541 2187 cap.
571 2152 732 2185 Statuimus,
749 2150 782 2180 ‘ct
804 2161 864 2188 cap.
881 2153 987 2180 Consti-

201 2190 252 2213 tut.
263 2187 291 2220 2,
310 2186 343 2214 de
360 2192 429 2214 settt.
444 2186 672 2215 excoinmunicat.
692 2188 738 2215 lib.
754 2188 792 2222 vn)
814 2186 868 2214 non
888 2188 983 2215 obser-

199 2223 314 2255 vaverit,
329 2222 523 2249 conscientiam
542 2223 658 2250 ﬁdelium
675 2231 728 2250 non
742 2223 853 2257 obligat,
862 2223 984 2257 adeoque
1000 2221 1022 2247 Ι)

200 2258 262 2285 talis
288 2264 428 2292 nunquam
457 2258 575 2285 timenda
604 2258 684 2290 foret,
713 2258 765 2285 nisi
789 2259 858 2284 l'orte
879 2258 986 2285 ratione

199 2293 316 2327 alicujus
344 2292 475 2325 scandali,
492 2293 526 2320 ab
539 2293 679 2321 hominum
694 2293 843 2325 consortio,
852 2297 879 2320 et
895 2300 986 2320 sacra-

201 2332 354 2354 mentorum
383 2334 556 2362 perceptione
581 2328 774 2356 abstinendum
804 2328 884 2360 foret,
900 2327 985 2355 donec

199 2363 300 2398 populo
318 2363 427 2390 nullitas
442 2363 504 2390 lata:
519 2363 810 2391 excommunicatiouis
825 2363 983 2390 innotuerit.

197 2398 265 2431 Quae
279 2405 344 2425 vero
358 2398 467 2425 aliunde
487 2399 722 2429 exeommuuicato
740 2398 842 2432 injusta
868 2398 983 2429 videtur,

197 2440 231 2460 ex
257 2440 290 2460 eo
311 2433 440 2460 nimirum
454 2434 525 2467 quod
538 2434 656 2468 judicem
677 2440 730 2459 non
749 2438 822 2459 recta
835 2432 984 2459 intentione

194 2468 336 2503 iudicasse
357 2472 442 2502 putet,
455 2469 497 2496 vel
519 2476 549 2495 se
569 2469 741 2495 innocentem
757 2475 819 2495 esse
835 2468 982 2499 existimet.

197 2504 296 2531 merito
322 2504 437 2538 singulis
461 2503 587 2531 ﬁdelibus
605 2503 805 2538 extimescenda
829 2508 870 2529 est
890 2511 896 2529 :
920 2510 981 2529 cum

197 2539 321 2565 omnium
347 2537 452 2572 judicio
474 2543 578 2566 certum
605 2538 650 2568 sit,
668 2537 766 2564 talibus
782 2537 900 2563 fructum
921 2545 983 2564 ora-

198 2574 280 2601 tionis
291 2579 318 2601 et
331 2574 525 2608 sulli'agiorum
539 2572 725 2600 communium
739 2579 754 2598 a
769 2572 880 2606 reliquis
897 2573 983 2599 ﬁdeli-

198 2609 250 2636 bus
265 2609 338 2637 licite
361 2607 493 2643 applicari
513 2615 565 2634 non
583 2615 673 2641 posse,
690 2614 778 2640 neque
791 2608 904 2640 debere;
927 2607 981 2634 imo

197 2644 221 2670 si
233 2642 470 2671 excommunicato
493 2643 526 2669 de
540 2650 589 2670 sua
605 2642 758 2668 innoeentia
774 2649 827 2668 non
843 2643 981 2669 evidenter

198 2684 313 2710 constet.
332 2684 440 2706 tenetur
455 2677 538 2704 etiam
555 2678 606 2704 sub
622 2677 696 2711 gravi
715 2681 825 2710 peceato
840 2678 981 2705 sententia:

199 2713 259 2741 late
275 2721 381 2749 parere,
394 2719 422 2740 et
435 2720 522 2747 usque
534 2712 566 2738 ad
580 2711 778 2749 absolutionem
794 2712 829 2739 ab
839 2712 980 2749 hominum

198 2747 338 2777 consortio
354 2753 382 2775 et
395 2752 635 2776 sacramentorum
648 2747 819 2781 perceptione
831 2748 978 2775 abstinere.

199 2783 237 2810 De
258 2785 305 2811 tali
331 2784 416 2818 igitur
439 2782 731 2818 excommunicationis
754 2784 899 2815 sententia,
919 2791 980 2817 qua:

198 2819 301 2846 scilicet
326 2817 462 2853 probabili
487 2817 715 2853 judiciojudicis,
743 2819 850 2845 tametsi
877 2825 930 2844 non
950 2826 979 2845 re

197 2853 267 2890 ipsa,
293 2851 402 2883 causam
424 2853 527 2888 justam
557 2851 663 2885 habeat,
677 2852 789 2888 intelligi
812 2853 890 2881 debet
905 2855 976 2888 quod

1037 1817 1161 1839 consecr.
1186 1811 1248 1838 dist.
1274 1819 1290 1838 v
1323 1821 1329 1826 ν
1358 1811 1458 1840 Omnes
1488 1812 1580 1841 ﬁdeles
1607 1814 1836 1843 Couﬁrmationis

1035 1906 1086 1933 hac
1102 1905 1215 1940 epistola
1236 1906 1350 1939 dicitur;
1372 1906 1443 1933 sicut
1458 1911 1484 1933 et
1497 1905 1573 1938 iliud,
1599 1905 1672 1940 quod
1686 1906 1767 1934 hom.
1797 1907 1830 1933 26

1041 1942 1069 1968 in
1083 1941 1229 1976 Evangelia
1243 1941 1337 1968 scribit
1351 1940 1497 1975 Gregorius
1510 1950 1517 1968 ε
1532 1941 1697 1968 Sententiam
1712 1943 1829 1976 pastoris

1041 1977 1094 2003 sive
1112 1977 1197 2011 justu,
1218 1977 1271 2003 sive
1288 1977 1389 2011 injusta
1410 1977 1455 2009 sit,
1473 1976 1616 2003 timendam
1638 1985 1704 2003 esse.
1724 1977 1829 2005 Valent.

1041 2016 1108 2048 tom.
1130 2013 1173 2044 ιν,
1188 2011 1310 2048 disp._7,
1337 2016 1432 2048 quaest.
1454 2011 1499 2043 l7,
1519 2011 1659 2048 punctuﬁ.
1679 2011 1749 2048 Vide
1770 2020 1829 2048 qua:

1040 2046 1159 2073 diximus
1170 2053 1251 2080 supra
1268 2046 1294 2072 in
1308 2047 1380 2073 notis
1392 2047 1424 2073 ad
1437 2054 1498 2074 can.
1513 2045 1600 2080 apost.
1614 2045 1677 2074 Sev.
1696 2047 1759 2076 Bm.

1075 2081 1113 2116 (9)
1141 2082 1236 2108 Omnes
1259 2081 1349 2115 ﬁdeles
1374 2089 1420 2116 per
1433 2089 1526 2108 manus
1554 2083 1761 2116 imposittonem.
1789 2082 1828 2109 Ab

1045 2115 1154 2143 Urbano
1189 2115 1389 2143 sacramentum
1427 2115 1642 2144 coutirn'tationis
1671 2118 1826 2145 ittstitutnm

1039 2159 1109 2183 csse,
1130 2153 1153 2178 si
1174 2151 1221 2185 qui
1240 2159 1273 2178 ex
1291 2152 1343 2179 hoc
1365 2151 1424 2179 loco
1438 2152 1546 2186 probari
1560 2159 1640 2186 posse
1655 2153 1824 2184 existimant.

1038 2187 1156 2221 graviter
1171 2191 1272 2213 errant.
1287 2186 1408 2220 Apostoli
1422 2187 1505 2218 enim,
1522 2188 1569 2221 qui
1591 2187 1652 2214 Act.
1665 2195 1714 2214 vnt
1740 2194 1768 2216 et
1784 2196 1825 2214 xu

1035 2229 1117 2256 super
1133 2221 1282 2255 baptizatos
1302 2230 1399 2250 manus
1419 2222 1618 2256 imposuerunt,
1637 2227 1667 2250 ut
1692 2222 1823 2257 Spiritum

1037 2261 1163 2284 sanctum
1190 2257 1353 2290 acciperent,
1382 2259 1433 2284 hoc
1455 2262 1657 2284 sacratuetttuttt
1674 2259 1825 2285 conﬁrma-

1037 2292 1120 2327 tionis
1139 2292 1374 2318 administrarunt.
1400 2292 1510 2319 Accedit
1535 2293 1609 2327 quod
1637 2292 1824 2320 Tertullianus

1038 2326 1149 2353 Urbano
1175 2327 1314 2361 antiquior
1333 2326 1549 2354 conﬁrmationis
1567 2327 1691 2362 pluribus
1709 2328 1738 2355 in
1760 2329 1822 2355 locis

1036 2362 1199 2388 meminerit.
1222 2362 1249 2388 ln
1273 2362 1319 2389 lib.
1339 2362 1375 2389 De
1391 2363 1578 2389 resurrectione
1592 2363 1681 2389 carnis
1710 2371 1719 2390 .‘
1747 2364 1821 2394 Caro,

1036 2397 1132 2431 inquit,
1157 2397 1286 2429 abluitur,
1309 2403 1337 2424 ut
1357 2398 1644 2432 animarenmculetur;
1663 2406 1727 2424 cura
1747 2398 1821 2432 ungi-

1036 2436 1089 2462 tttr,
1111 2437 1139 2458 ut
1159 2432 1247 2458 anima
1258 2437 1432 2459 consecretur.
1450 2431 1481 2458 Et
1499 2432 1544 2459 lib.
1559 2433 1596 2459 De
1612 2433 1684 2467 bapt.
1698 2440 1708 2460 .'
1725 2431 1820 2460 Deinde

1035 2474 1129 2493 manus
1150 2467 1304 2501 imponitur,
1317 2475 1362 2501 per
1377 2468 1579 2494 benedictionem
1594 2468 1728 2494 adeamus
1743 2474 1769 2496 et
1782 2469 1819 2494 in-

1035 2502 1120 2538 pitans
1141 2502 1272 2536 Spiritum
1293 2508 1424 2529 sanctum.
1447 2502 1478 2529 Et
1500 2503 1526 2529 itt
1551 2503 1597 2529 ltb.
1616 2503 1654 2529 De
1669 2504 1817 2538 prtcscripl.

1034 2537 1148 2571 loquens
1160 2537 1193 2564 de
1208 2538 1326 2570 diabolo,
1338 2538 1384 2572 qui
1401 2538 1522 2564 imitatur
1536 2537 1703 2571 baptismqu
1719 2544 1748 2566 et
1759 2547 1819 2565 con-

1033 2572 1213 2609 ﬁrmationem
1226 2578 1347 2609 nostram
1371 2582 1377 2599 :
1401 2572 1499 2609 Tingit,
1517 2573 1614 2606 inquit,
1629 2579 1653 2599 et
1669 2574 1727 2607 ipse
1743 2582 1817 2609 quos-

1033 2607 1095 2643 dam
1112 2608 1199 2641 utique
1214 2608 1346 2634 credentes
1362 2607 1490 2643 etAﬁd'etes
1503 2615 1580 2638 suos;
1605 2609 1694 2643 signat
1718 2607 1774 2635 illic
1793 2607 1815 2633 in

1033 2642 1163 2676 frontibus
1180 2643 1276 2669 milites
1299 2651 1369 2669 suos.
1386 2641 1423 2668 De
1444 2642 1495 2669 hoc
1513 2641 1687 2670 sacramento
1709 2645 1739 2671 S.
1761 2643 1816 2669 Dio-

1032 2678 1127 2712 nysius
1140 2677 1505 2714 Areopagitaapostolorum
1523 2679 1694 2712 temporibus
1709 2677 1814 2714 aequalis

1031 2720 1091 2747 cap.
1111 2713 1138 2744 2,
1152 2718 1228 2747 parte
1256 2721 1274 2739 tt
1303 2712 1402 2739 Eccles.
1416 2713 1582 2744 ltierarcltitv,
1599 2714 1638 2740 sic
1650 2715 1689 2740 ait
1707 2723 1714 2741 :
1729 2712 1815 2747 Bapti—

1031 2753 1121 2774 zatum
1141 2749 1264 2775 indutum
1287 2747 1348 2773 alba
1385 2753 1452 2774 reste
1484 2748 1519 2774 ad
1540 2749 1690 2782 ponti/irem
1711 2750 1812 2778 ducunt,

1030 2782 1075 2820 ille
1086 2784 1174 2810 divino
1190 2792 1221 2809 ac
1234 2783 1326 2820 deiﬁco
1342 2790 1451 2820 prorsus
1466 2790 1596 2820 unguento
1619 2784 1705 2810 uirum
1721 2786 1811 2820 signat.

1031 2818 1063 2844 Et
1080 2819 1150 2845 inira
1168 2826 1229 2853 cap.
1243 2819 1270 2850 4,
1286 2823 1356 2852 part.
1367 2826 1397 2845 Ill
1411 2827 1416 2844 :
1432 2817 1483 2844 Sed
1499 2817 1521 2844 et
1537 2819 1600 2853 ipsis
1619 2820 1663 2854 qui
1677 2817 1811 2846 sacratis-

1030 2862 1096 2880 stmo
1111 2853 1313 2888 regenerationis
1326 2854 1450 2888 mysterio
1465 2859 1664 2887 consecrantur,
1677 2857 1811 2882 adventum
