1883 3056
72 121 112 148 ιιι
593 120 766 148 ASTERiUS
785 121 958 152 URBANUS.
975 138 1010 143 —
1026 123 1174 151 NOTITIA.

1634 129 1686 156 ΗΞ

72 177 149 211 cipere
161 176 266 208 debent,
282 182 314 204 ut
324 178 404 211 plene
418 176 565 204 Christiani
578 177 767 204 inveniantur:
780 178 842 212 quia
858 187 881 214 Α
896 187 967 211 mus,
980 184 1010 206 ut
1032 181 1146 208 luxnria:
1160 188 1191 208 ac
1206 180 1321 208 diversis
1344 181 1488 215 illecebris,
1505 187 1532 210 et
1549 183 1628 212 {milia
1644 185 1686 212 in‘

71 230 121 250 tum
140 221 254 256 Spiritus
279 228 396 251 sanctus
426 222 578 250 infunditur
592 223 625 252 ³⁵,
644 230 692 251 cor
708 222 787 250 ﬁdele
809 224 844 251 ad

69 266 223 302 prudentiam
250 272 277 295 et
303 268 485 296 constantiam
509 268 647 295 dilatatur.
678 267 716 295 De
741 267 843 303 Spiritu

68 318 148 341 saneto
167 314 331 349 accipimus,
361 319 391 342 ut
411 314 561 342 eiiiciamur
587 316 741 350 spirituales
756 325 763 342 :
781 315 845 351 quia

67 358 175 386 minaciis
201 359 282 386 homo
307 368 358 386 non
382 360 492 394 percipit
516 368 546 386 ea
561 368 620 395 qutz
645 366 705 388 sunt
721 360 840 396 Spiritus

66 404 105 431 Dei
115 404 144 430 ".
157 404 195 432 De
211 405 319 440 Spiritu
335 410 429 433 sancto
439 405 589 440 accipimus
602 407 634 438 ³⁷,
648 411 678 433 ut
700 407 839 442 sapiamus

64 451 122 477 inter
135 450 236 478 bonum
254 451 412 486 malumque
423 451 590 485 discernere,
615 453 688 487 justa
717 454 839 489 diligere,

62 498 149 533 iniusta
162 490 306 533 respuere,
331 502 361 525 ut
384 498 494 525 malitia:
509 506 541 526 ac
556 499 690 534 superbize
705 507 840 536 repugne-

83 567 102 583 ³⁸
114 567 182 595 Idem
200 566 358 595 Eucherius
378 568 439 595 loco
463 568 554 596 citato.
595 569 616 585 “
633 568 717 597 lCor.
734 578 764 601 n,
781 570 821 597 lt.

896 226 1040 261 dignisque
1049 226 1244 261 cupiditatibus
1252 227 1422 255 resistamus.
1434 227 1471 255 De
1481 229 1582 264 Spiritu
1591 236 1686 258 sancto

895 274 1054 308 accipimus,
1068 277 1097 300 ut
1109 281 1202 301 amore
1214 274 1276 301 vitae
1286 278 1313 301 et
1332 274 1424 309 εισι-ιε
1436 275 1534 303 ardore
1548 278 1684 311 succensi,

895 320 1000 355 erigere
1013 327 1027 345 θ
1044 319 1159 347 terrenis
1181 324 1299 347 mentem
1313 321 1346 348 ad
1362 328 1479 356 superna
1493 327 1521 349 et
1530 323 1621 350 divina
1636 331 1685 351 va-

895 365 1000 392 leamus
1013 365 1046 391 ιε.
1063 364 1130 392 Data
1139 365 1224 393 Nonis
1239 365 1417 400 Septembris.
1432 367 1459 394 id
1470 373 1522 401 est,
1531 369 1627 404 quinto
1641 369 1686 397 die

894 410 1016 445 ejusdem
1026 411 1282 443 mensis,Antonino
1294 411 1316 428 "
1341 417 1369 439 et
1382 413 1538 441 Alexandro
1550 414 1616 442 viris
1629 416 1684 443 cla-

894 456 1011 484 rissimis
1027 456 1198 496 consulibus.

877 571 898 586 ³⁷
911 570 962 598 Ista
980 571 1061 598 etiam
1087 570 1155 597 infra
1179 570 1313 598 habentur
1339 572 1366 597 in
1391 571 1499 598 decreto
1524 571 1682 601 Melcbiadis

59 610 130 639 papae.
178 602 200 618 ³³
226 602 369 639 Hactenus
396 603 545 631 Eucherius
574 612 655 639 quem
682 605 804 633 consule.
843 605 864 621 "
888 606 938 634 An.
954 606 1017 639 2°22,
1035 606 1141 633 vivente
1163 606 1251 633 adlmc
1267 606 1390 638 Callisto,
1415 608 1458 633 cui
1476 606 1602 635 Urbanus
1617 616 1680 636 suc-

58 637 127 665 cessit
138 645 209 664 anno
221 638 290 665 224.

57 694 158 734 Spiritus
166 697 260 734 sancti
275 699 600 734 coitsumntansungucnti
608 698 725 734 iitum-tio
733 698 831 734 elargi-

57 735 100 768 tur.
111 730 211 768 Similia
226 732 281 759 hae
292 732 327 758 de
341 739 370 759 re
380 733 434 759 duo
441 730 604 765 Cleuientes,
613 733 680 760 alter
689 730 829 761 Roman'us

57 766 78 801 i_n
101 766 154 793 suis
175 766 271 800 Apost.
291 767 399 794 constit.
425 768 512 798 libris.
527 768 594 794 alter
615 768 827 801 Alexandrinus,

56 799 164 828 Justinus
185 799 292 836 martyr
305 802 408 836 aliique
422 803 514 837 plures
524 803 558 830 de
572 803 623 830 hor.
639 799 828 831 sacratissimo

56 841 211 873 sacramento
235 837 419 873 scripserunt,
434 838 522 873 (longe
538 843 600 864 ante
616 838 717 866 Urbani
736 839 825 873 ponti—

885 702 1022 726 sacratum
1035 698 1087 724 hoc
1099 702 1267 731 unguentum
1279 697 1314 724 ab
1324 696 1435 724 Urbano
1450 697 1606 725 institutum
1618 699 1680 726 eose

884 733 983 768 potuit.
996 733 1068 767 quod
1092 732 1286 767 praedictorum
1309 732 1468 760 testimonio
1481 741 1497 759 a
1511 733 1621 760 Christo
1635 734 1679 760 in-

883 769 1007 802 stitutum
1034 772 1086 797 est,
1101 772 1127 794 et
1149 768 1184 794 ab
1209 768 1342 802 apostolis
1361 773 1547 802 rusurpatum,
1562 773 1589 795 et
1616 770 1679 796 uni~

883 776 978 796 stuutu
1034 776 1086 797 εει,
1101 776 1127 794 et
1149 776 1184 794 an
1209 776 1342 802 apostous
1372 776 1438 794 usur
1460 776 1547 800 atum,
1562 776 1589 795 et
1616 777 1678 796 um.

882 811 968 831 versa:
983 776 1117 830 lEcclesia:
1136 803 1266 830 traditum
1281 803 1341 830 est?
1357 801 1424 830 Vide
1441 776 1568 831 Bellarm.
1583 804 1629 831 lib.
1658 811 1678 831 ιι

881 838 919 866 De
938 838 1070 874 con/irini.
1093 846 1117 864 c.
1141 837 1158 864 5
1182 842 1209 865 ct
1232 840 1260 872 6,
1276 844 1302 865 et
1326 846 1350 864 Iv
1371 837 1409 864 De
1432 837 1545 866 Roman.
1568 838 1677 874 pomif.,

56 871 243 915 licis.tcmpora.
261 871 409 905 Quomodo
432 871 513 907 igitur
538 874 655 908 sigillum
674 871 781 901 Domini
799 879 825 901 et
879 881 902 901 c.
916 874 941 901 8.
964 871 1027 900 δέν.
1044 872 1102 900 Bis.

57 969 1666 994 mm

678 1061 763 1082 ANNO
786 1060 901 1083 DOMINI
922 1061 1061 1084 CCXXXII.

304 1149 836 1242 ASTEBIUS

905 1150 1269 1241 URBAN
1276 1153 1406 1243 US

719 1389 1018 1446 NOTITIA

468 1502 613 1534 (ﬂauum,
627 1501 744 1526 Veterum
754 1501 857 1526 Patrum
871 1498 995 1530 Bibliolll.,
1009 1500 1124 1532 Proleg.,
1134 1499 1177 1531 Ill,
1192 1500 1237 1530 χι.)

47 1653 62 1679 l.
75 1655 161 1681 Δίαιον
175 1654 258 1681 trium
270 1653 405 1680 librorum
417 1652 538 1679 adversus
556 1651 749 1687 Cataplzryqas,
766 1653 883 1678 Asterius
899 1651 1018 1678 Urbanus
1031 1651 1169 1687 (Inseritur.

46 1686 71 1715 ll.
86 1687 224 1724 Episcopus
239 1689 330 1723 fuisse
347 1688 554 1714 demonstratur.
571 1683 858 1722 Episcopi'antiquitus
871 1687 957 1713 vocati
976 1686 1133 1721 quandoque
1154 1684 1311 1719 presbyteri.
1331 1683 1439 1711 Zoticus
1457 1684 1582 1718 Otrenus,
1597 1685 1667 1720 alius

101 1733 116 1750 α
127 1725 292 1752 Comanense
308 1724 426 1750 videtur.

44 1757 77 1785 ΙΙΙ.
91 1760 142 1791 Quo
157 1766 275 1794 tempore
294 1758 432 1793 scripserit
447 1762 550 1791 auctor,
564 1758 719 1792 inquiritur.
739 1757 836 1792 Iniqua
849 1758 898 1785 viri
914 1757 984 1784 docti
998 1763 1107 1784 censura
1126 1755 1286 1782 retunditur.

70 1833 87 1860 Ι.
101 1833 222 1861 Veterum
235 1832 408 1861 sententiam
419 1831 452 1859 de
466 1831 549 1858 trium
564 1831 696 1859 librorum
710 1835 822 1858 auctore

900 1831 1017 1866 ιστέριον
1042 1829 1199 1866 Οὐρϐανὸν,
1225 1828 1256 1855 τὸ
1279 1828 1323 1856 διὰ
1346 1828 1519 1865 Μαξιμίλλης
1546 1829 1664 1865 πνεῦμα.

44 1878 152 1907 adversus
165 1879 375 1915 Cataphrygas,
396 1885 465 1913 quos
481 1877 590 1905 Avircio
608 1877 735 1905 Marcello
751 1885 822 1904 nun—

43 1932 136 1959 cupatos
157 1930 301 1953 memorat
328 1924 463 1952 Eusebius
484 1924 534 1957 (l),
561 1924 633 1951 haud
653 1931 735 1950 unum
761 1931 822 1951 esse

43 1972 216 2006 comperimus.
237 1969 526 2004 Hieronymus‘enim
552 1976 620 2004 opus
646 1969 712 1995 illud
740 1968 821 1996 modo

43 2014 192 2051 llhodonem,
209 2017 300 2044 modo
327 2015 502 2050 Apollonium
526 2015 624 2043 litteris
645 2016 821 2050 cousignasse

42 2062 108 2090 tradit
122 2062 169 2098 (2).
186 2063 312 2090 Ruﬁnus
331 2062 370 2096 (5)
387 2066 414 2089 et
437 2060 606 2096 Nicephorus
623 2061 661 2097 (4)
675 2061 820 2088 Claudium

41 2109 216 2143 Apollinarem,
228 2108 350 2136 Eusebii
366 2107 497 2134 nimirum
508 2112 625 2134 mentem
642 2107 734 2134 minus
750 2111 821 2134 recte

41 2156 148 2183 assecuti.
165 2155 218 2184 Sed
236 2153 384 2191 ejusmodi
405 2153 547 2188 opiniones
564 2160 619 2180 non
638 2160 700 2180 esse
722 2153 820 2180 admit-

40 2202 132 2236 tendas,
156 2202 221 2229 alibi
247 2200 370 2228 uberius
392 2201 570 2234 exposuimus
590 2199 639 2234 (5).
655 2198 733 2226 Nunc
754 2207 819 2226 vero

40 2250 88 2279 post
113 2248 185 2276 viros
212 2246 421 2279 doctissimos,
441 2245 578 2273 Valcsium
602 2245 652 2280 (6),
672 2245 820 2272 Tillemon-

41 2291 93 2318 tium
106 2292 152 2328 (7),
163 2293 383 2328 Languerueum
396 2291 433 2327 (8)
446 2296 473 2318 et
482 2291 648 2319 Dodwellum
659 2291 709 2327 (9),
721 2292 768 2326 qui
783 2296 821 2319 ta-

41 2344 88 2364 men
99 2344 187 2373 postea
201 2339 376 2367 sententiam
393 2337 508 2365 mutavit
524 2337 578 2373 (10)
591 2358 598 2370 ,
609 2338 746 2365 Asterium
765 2337 818 2365 Ur-

40 2382 122 2411 banum
137 2393 231 2412 eorum
247 2385 387 2412 librorum
405 2384 564 2418 scriptorem
578 2384 779 2412 existimamus.

65 2430 142 2466 Objici
157 2433 271 2468 quidem
286 2436 389 2467 potest,
407 2431 441 2458 ab
456 2431 570 2465 hujusce
583 2432 674 2466 operis
687 2431 819 2466 scriptore

40 2477 184 2504 mentionem
201 2477 263 2505 ﬁeri
280 2476 385 2503 Asterii
398 2474 518 2508 Urbani;
535 2480 565 2503 ut
575 2476 688 2511 proinde
700 2484 753 2503 non
768 2485 816 2503 au-

39 2525 85 2547 ctor
104 2522 181 2550 fuerit
203 2523 329 2558 ipsemet
344 2526 437 2550 noster
456 2522 590 2550 Asterius.
613 2521 658 2549 Sic
674 2522 746 2550 enim
771 2521 817 2549 ille

39 2566 169 2603 (ii):Ka\
193 2570 232 2606 μὴ
257 2568 366 2603 λεγέτω
392 2569 421 2594 ἐν
436 2567 475 2603 τῷ
496 2568 570 2603 αὐτῷ
591 2568 672 2603 λόγῳ,
693 2567 731 2603 τῷ
747 2568 816 2595 κατὰ

65 2646 97 2679 (1)
114 2646 224 2680 Euseb.,
242 2646 322 2673 Hist.
341 2644 403 2672 sccl.
418 2645 465 2672 lib.
481 2653 506 2678 v,
522 2653 581 2679 cap.
597 2644 640 2671 l6.

66 2681 98 2714 (2)
114 2681 234 2715 Hieron.,
250 2682 291 2709 De
307 2681 358 2708 vir.
372 2680 485 2713 illitum,
503 2688 581 2714 capp.
597 2680 631 2707 57
647 2684 673 2706 et
685 2679 728 2707 40.

65 2716 98 2751 (5)
112 2716 213 2750 Ruﬁn.,
231 2715 471 2751 interpr.7Euseb.7
481 2715 527 2742 l.b.
543 2724 569 2748 γ,
580 2723 641 2749 cap.
656 2715 700 2742 15.

65 2751 98 2787 (4)
110 2751 218 2787 Nicepb.
233 2750 407 2787 Calluﬂist.
418 2750 493 2787 σεεμ,
508 2751 553 2787 lib.
569 2758 604 2787 Iv,
621 2758 680 2784 cap.

66 2786 98 2819 (ὅ)
112 2784 265 2822 Prolegom.
295 2786 332 2822 ad
349 2785 418 2822 βίω.
438 2785 490 2814 Pl’.
512 2785 564 2813 vol.
582 2785 601 2816 l.
621 2793 681 2820 cap.
696 2785 742 2819 ‘25,
757 2784 770 2820 §
783 2785 811 2819 2,

39 2822 160 2857 ειςηιηιι.
174 2820 235 2857 cap.
251 2823 298 2853 1‘3.
316 2820 371 2856 52-

66 2856 99 2886 (6)
114 2855 216 2889 Vales”—
227 2857 262 2885 ad
278 2856 381 2884 Euseb.
395 2856 441 2883 lib.
460 2864 485 2890 v,
498 2863 557 2891 cap.
575 2855 617 2889 l6.

876 1877 929 1905 Sed
939 1877 1002 1912 quis
1018 1884 1072 1904 non
1092 1876 1183 1903 videat
1203 1876 1285 1903 verba
1306 1876 1467 1903 intermedia
1490 1875 1587 1903 seriem
1603 1883 1666 1903 ora-

874 1926 957 1954 tionis
974 1925 1095 1958 turbare,
1108 1924 1369 1958 rescribendumque
1381 1932 1388 1951 :
1398 1923 1453 1950 Καὶ
1471 1923 1508 1958 μὴ
1521 1922 1623 1956 λεγέτω
1633 1922 1666 1949 τὸ

872 1972 916 1999 διὰ
928 1971 1100 2006 Μαξιμίλλης
1115 1969 1233 2005 πνεῦμα,
1249 1977 1295 1996 nec
1306 1970 1372 1996 milii
1379 1969 1438 2004 jam
1456 1969 1528 1996 dicat
1543 1968 1589 1995 ille
1603 1968 1665 1996 Ma-

872 2017 984 2045 ximilla;
1008 2017 1137 2051 spiritus?
1161 2015 1230 2043 Hinc
1257 2016 1355 2043 merito
1389 2015 1497 2043 censuit
1522 2014 1662 2046 Valesius,

873 2064 957 2092 verba
972 2064 1018 2091 illa
1033 2071 1094 2099 quae
1115 2063 1325 2096 interseruntur,
1341 2063 1370 2088 ὲν
1385 2061 1424 2097 τῷ
1437 2060 1511 2097 αὺτῷ
1527 2060 1609 2096 λόγῳ,
1624 2061 1664 2096 τῷ

871 2110 943 2138 κατὰ
972 2110 1105 2146 Ἀστέριον
1126 2108 1283 2145 Οὐρϐανόν,
1303 2108 1427 2136 scholion
1450 2115 1512 2135 esse
1525 2107 1598 2142 quod
1614 2115 1662 2134 ve-
1704 2127 1708 2134 ι

871 2160 916 2184 tus
930 2156 1040 2191 quidam
1056 2154 1227 2187 scboliastes,
1239 2154 1280 2181 vel
1293 2154 1315 2181 si
1333 2153 1429 2184 mavis,
1446 2153 1581 2184 Eusebius
1592 2153 1660 2187 ipse,

872 2202 905 2229 ad
922 2201 1072 2236 marginem
1100 2200 1161 2227 libri
1179 2199 1222 2227 sui
1248 2202 1430 2234 apposuerat,
1451 2198 1483 2225 ad
1501 2198 1582 2225 verba
1600 2205 1662 2232 quae

871 2248 952 2283 paulo
979 2251 1042 2274 ante
1065 2250 1230 2276 occurrunt,
1245 2243 1323 2276 αὖθις
1349 2244 1377 2270 δὲ
1402 2245 1430 2270 ὲν
1446 2243 1485 2278 τῷ
1503 2242 1578 2278 αὐτῷ
1594 2251 1660 2278 φησι

870 2294 951 2330 λόγῳ.
966 2292 1043 2326 Quod
1059 2292 1168 2327 quidem
1183 2291 1317 2321 scbolion,
1333 2295 1363 2317 ut
1379 2290 1437 2316 licri
1451 2289 1564 2322 assolet,
1578 2288 1662 2316 fuerit

870 2341 998 2375 deinceps
1011 2347 1026 2366 a
1039 2339 1160 2366 librariis
1175 2338 1202 2365 in
1218 2343 1317 2364 textum
1334 2337 1439 2364 illatum
1454 2345 1460 2363 :
1473 2336 1659 2371 importunum

871 2383 936 2410 illud
951 2383 1074 2418 quidem,
1096 2383 1143 2410 sed
1169 2389 1201 2408 eo
1224 2381 1318 2407 saltem
1344 2381 1455 2407 nomine
1471 2381 1657 2412 commodum.

870 2428 943 2464 quod
961 2429 1024 2456 hinc
1039 2429 1148 2456 demum
1165 2434 1227 2455 cum
1241 2426 1299 2460 ipso
1315 2425 1374 2452 viro
1393 2425 1473 2453 docto
1487 2426 1657 2460 colligamus.

869 2475 1006 2503 Asterium
1025 2474 1163 2502 Urbanum
1178 2473 1261 2500 trium
1277 2472 1410 2499 librorum
1429 2471 1562 2498 adversus
1575 2471 1656 2498 Cata-

869 2522 987 2556 phrygas
999 2520 1154 2548 habendum
1168 2526 1229 2548 esse
1239 2522 1390 2548 auctorem,
1405 2524 1458 2543 non
1473 2521 1564 2544 autem
1579 2516 1657 2543 Clau-

870 2566 945 2594 dium
962 2566 1158 2601 Apollinarem,
1174 2568 1204 2591 ut
1224 2568 1287 2598 post
1301 2562 1428 2590 Rutilium
1443 2561 1598 2596 complures
1613 2569 1657 2589 re‘

900 2643 938 2678 (7)
955 2643 1074 2675 Tillem.,
1090 2641 1194 2678 Mem,
1208 2645 1276 2668 tom.
1295 2640 1328 2673 ll,
1352 2647 1431 2675 pagg.
1452 2639 1520 2672 450,
1544 2639 1608 2672 ul,
1629 2643 1657 2667 et

864 2676 933 2712 670,»
944 2683 1001 2706 not.
1018 2678 1043 2711 7,
1058 2685 1106 2706 sur
1121 2677 1159 2704 les
1170 2676 1289 2703 Montan.

900 2708 938 2749 (8)
954 2708 1102 2749 Langueri.
1117 2712 1227 2749 ΒίδεενιΣ
1240 2711 1272 2749 τίς
1287 2711 1420 2749 Mantum,
1434 2710 1447 2745 §
1464 2710 1508 2742 M,
1518 2717 1578 2749 pag.
1589 2708 1653 2737 265.

901 2744 939 2783 (9)
957 2744 1062 2779 υοίὶῖνη
1081 2747 1194 2775 Dissert.
1205 2747 1230 2783 74
1246 2745 1370 2783 Cypr.,§
1383 2747 1426 2776 ll,
1437 2744 1563 2783 pagg“.

913 2780 956 2818 iO)
972 2783 1021 2816 ld.,
1041 2783 1154 2818 Dissert.
1168 2783 1190 2818 έ
1204 2780 1377 2818 Ιιειιζζῇγδξ,
1392 2780 1529 2818 pag._3ti§)_.

913 2786 956 2818 iO)
972 2786 1021 2816 ld.,
1041 2786 1154 2810 Dissert.
1173 2786 1190 2809 4
1204 2786 1287 2813 lren.,
1304 2786 1319 2816 ᾗ
1333 2786 1377 2811 ὖὸ,
1392 2789 1454 2815 pag.
1468 2786 1529 2807 "6‘09.

900 2786 957 2856 (ll)
970 2820 1058 2848 Aster.
1074 2817 1152 2853 Urb.,
1167 2817 1277 2852 Fragm.
1295 2815 1404 2856 4_infr.,
1426 2815 1479 2843 col.
1499 2814 1564 2844 151.
