1883 3056
201 111 252 138 155

760 112 954 140 PONTIANUS
976 113 1115 141 PAPA..-
1133 113 1281 141 NOTlTIA.

1765 109 1814 138 156

197 171 258 198 dem
271 170 404 205 imperitia
418 171 524 198 initium
541 178 662 204 sumens,
676 171 702 198 in
717 173 862 199 amentiam
875 178 972 205 autem,

1058 182 1088 199 ou
1112 173 1240 208 ἀμαθίας,
1258 172 1452 208 καταστρέφων
1469 171 1497 198 δὲ
1518 172 1557 203 εἰς
1575 171 1701 198 ἀκούσιον
1717 170 1814 205 μανίαν

197 220 228 243 ιιι
254 217 310 250 jam
328 217 395 249 dixi,
412 216 625 243 involuntariam
652 217 790 245 desinens.
815 218 977 253 llujusmodi

197 267 262 288 vero
279 261 377 295 spiritu
406 261 510 287 nullum
529 269 650 295 unquam
670 270 719 289 nec
732 262 758 288 in
776 263 872 290 Vetere
888 271 937 291 nec
951 264 978 291 in

197 305 274 333 Novo
302 305 478 333 Testamento
503 307 663 341 prophetam
691 307 810 334 alllatum
854 312 980 342 poterunt

197 354 384 380 demonstrare
402 361 409 379 :
427 360 482 379 non
508 353 644 387 Agabum,
670 361 724 380 non
740 353 850 386 Judam,
867 361 920 380 non
938 354 981 382 Si-

153 406 155 409 '
197 397 262 430 lam,
277 405 326 424 nec
340 396 454 432 Philippi
469 398 608 430 ﬁlias,ncc
619 398 753 425 Aminiam
768 399 978 434 Philadelphen-

197 450 264 473 sem.
281 450 330 470 nec
342 443 521 476 Quadratum,
535 451 585 470 nee
605 445 696 479 plures
710 452 819 479 quoque
845 445 915 472 alios
931 445 980 480 qui

197 488 263 514 nihil
280 488 312 515 ad
331 488 405 523 ipsos
421 489 569 524 pertinent,
582 490 779 525 praadicabtmt.

228 603 297 630 Nam
314 603 336 630 si
350 603 470 638 quidem,
488 608 518 630 ut
532 603 688 638 praedicant,
701 608 762 638 post
774 602 940 636 Quadratum
952 608 980 632 et

196 651 332 678 Ammiam
354 649 607 684 Philadelphensem
633 650 760 678 mulieres
781 651 832 678 illa:
859 651 979 678 Montani

196 698 224 724 in
245 697 392 732 prophetim
408 697 521 730 gratiam
551 701 751 729 successerunt,
769 698 913 725 ostendant
930 706 980 724 no-

197 743 240 770 bis
263 743 374 776 quinam
402 742 472 769 inter
504 742 578 776 ipsos
603 742 731 769 Montano
749 751 780 770 ac
807 744 978 771 mulierculis

196 790 388 817 successerint.
413 789 519 816 Etenim
549 789 697 824 prophetiae
723 789 824 816 donum
851 790 878 817 in
904 790 979 817 omni

196 835 318 864 Ecclesia
334 835 367 862 ad
384 835 511 862 ultimum
526 843 613 870 usque
629 835 738 862 Domini
755 835 900 863 adventum
915 843 972 870 per-

1027 219 1125 254 ψυχῆς,
1145 219 1182 251 ὡς
1200 219 1370 254 προεὶρηται.
1388 217 1487 243 Τοῦτον
1501 217 1528 243 δὲ
1547 210 1591 243 ἐὸν
1615 216 1726 252 τρόπον,
1752 214 1814 242 οὔτε

1028 265 1087 291 τινὰ
1098 265 1151 290 τῶν
1165 264 1235 291 κατὰ
1252 265 1300 300 τὴν
1312 264 1440 296 Παλαιὰν,
1454 263 1515 290 οὒτε
1526 263 1580 290 τῶν
1599 262 1669 290 κατὰ
1686 262 1736 298 τὴν
1747 263 1816 290 Και-

1028 310 1077 345 νὴν
1092 310 1381 346 πνευματοφορηοέντα
1397 311 1540 346 προφήτην
1548 309 1630 342 δεῖξαι
1644 309 1814 344 δυνήσοπαι’

1028 354 1090 381 οὔτε
1106 355 1233 390 Ἀγαϐον,
1251 354 1313 381 οὔτε
1332 355 1441 386 Ἰούδαν,
1457 354 1518 380 οὔτε
1532 355 1621 385 Σίλαν,
1633 354 1695 380 οὔτε
1708 353 1756 385 τὰς
1768 355 1815 380 Φι-

1030 401 1131 428 λίππου
1159 401 1319 437 θυγατέρας,
1341 400 1402 428 οὔτε
1422 401 1471 436 τὴν
1495 401 1524 427 ὲν
1547 399 1720 435 Φιλαδελφείᾳ
1749 399 1817 434 Ἀμ-

1035 448 1109 483 μίαν,
1135 448 1195 474 οὔτε
1215 448 1360 483 Κοδρᾶτον,
1385 447 1446 474 οὔτε
1468 447 1517 482 ἤδη
1539 446 1615 478 τινὰς
1639 445 1734 478 ἄλλους
1758 446 1816 480 (50)

1035 494 1116 529 μηδὲν
1131 495 1221 526 αὐτοῖς
1235 495 1419 530 προσήκοντας
1433 493 1520 528 καυχή
1526 501 1624 520 σονται.

1066 605 1097 631 Et
1116 604 1169 640 γὰρ
1197 604 1265 640 μετὰ
1288 604 1423 640 Κοδρᾶτον
1449 605 1495 631 καὶ
1517 604 1565 640 τὴν
1587 605 1616 630 ὲν
1637 604 1818 641 Φιλαδελφεῐᾳ.

1039 651 1166 686 ’Λμμίαν,
1194 649 1231 681 ὦς
1253 658 1343 684 φαςιν,
1366 650 1393 676 αἱ
1414 651 1476 686 περὶ
1502 651 1639 677 Μοντανδν
1665 650 1818 683 διεδέξαντο

1032 697 1161 731 γυναῖκες
1178 696 1208 722 τὸ
1233 696 1399 733 προφητικὸν
1418 696 1550 732 χάρισμα,
1565 697 1628 728 τοὺς
1647 696 1700 723 ἀπὸ
1714 698 1819 724 Μοντα-

1033 741 1079 768 νοῦ
1094 740 1207 768 καὶτῶν
1226 741 1363 775 γυναικῶν
1380 741 1452 773 τίνες
1469 742 1533 776 παρ’
1553 742 1643 773 αὐτοῖς
1655 741 1817 774 διεδέξαντο,

1031 786 1208 819 δειξάτωσαν·
1225 787 1279 813 δεῖν
1299 787 1352 822 γὰρ
1377 785 1445 813 εἶναι
1466 787 1496 814 τὸ
1515 788 1680 823 προφητικὸν
1694 789 1819 824 χάρισμα

1030 833 1058 860 ὲν
1073 833 1146 868 πάσῃ
1156 834 1188 868 τῇ
1199 832 1345 868 Ἐκκλησία
1363 834 1442 869 μέχρι
1454 833 1498 860 τὸν
1513 834 1618 866 τελείας
1631 835 1784 870 παρουσίας
1804 837 1818 862 ὀ

197 890 309 910 manere
323 882 431 914 debere.
448 886 544 909 auctor
567 887 609 909 est
634 881 792 916 Apostolus.
809 881 860 909 Sed
873 882 972 909 nullum

1057 879 1193 911 ιπόςτολος
1204 880 1283 913 ἀξιοῖ·
1293 880 1349 906 ἀλλ’
1362 880 1410 906 οὐκ
1423 879 1455 906 ἂν
1468 880 1554 915 ἔχοιεν
1567 881 1651 913 δεῖξαι
1665 881 1738 916 (50⁸)
1753 890 1816 908 τεσ-

197 936 309 964 prorsus
316 932 439 962 poterunt
453 929 606 961 ostendere,
620 928 727 955 tametsi
736 928 797 962 jam
811 933 925 963 quartus
935 929 981 956 de-

197 974 286 1001 cimus
306 974 349 1001 hic
369 978 465 1008 agatur
477 982 565 1002 annus
576 974 610 1001 ab
623 974 698 1001 obitu
710 973 873 1001 Maximilla.

232 1031 287 1066 (50)
303 1032 376 1058 Οὔτε
402 1031 458 1065 ἤδη
475 1031 558 1064 τινὰς
582 1031 706 1064 ἄλλους.
723 1030 752 1058 In
779 1031 873 1059 codice
891 1030 978 1066 Med”

197 1066 265 1094 Mal.
285 1072 311 1094 et
329 1066 394 1093 Fnk.
409 1072 434 1094 et
461 1067 530 1101 apud
545 1066 726 1101 Nicephorum
757 1067 853 1102 legitur
868 1065 928 1093 οὔτε
940 1074 981 1091 ἐι-

1034 935 1098 962 σαρε
1103 926 1275 953 παιδέκατον
1282 927 1331 962 ἠδη
1345 935 1396 954 που
1403 926 1481 954 τοῦτο
1491 927 1550 959 ἔτος
1557 927 1611 954 ἀπὸ
1618 928 1666 964 τῆς
1675 927 1818 964 Maema-

1032 971 1081 1006 λης
1093 972 1229 1006 τελευτῆς.

1033 1032 1261 1101 νάῖὲίβῗλιίίιυὶι]
1277 1064 1372 1093 deesse
1388 1065 1502 1093 videtur.
1519 1066 1568 1094 En.
1587 1066 1707 1095 ΡΑτιιοι.

831 1259 869 1279 AN
876 1258 915 1280 ΝΟ
939 1257 1052 1278 DOMINI
1082 1257 1160 1277 CCXX
1167 1257 1215 1278 XIV

524 1344 972 1438 PONTIAI‘

1057 1345 1140 1435 lS
1185 1344 1476 1435 PAPA

863 1578 1163 1639 NOTITIA

198 1694 294 1725 (MANSI,
310 1691 412 1723 Concin,
424 1692 448 1723 Ι,
462 1692 516 1723 755,
527 1698 558 1725 ex
570 1691 645 1725 Libro
656 1692 789 1725 pontificali
802 1691 899 1725 Damasi
913 1699 990 1725 papae.
1003 1706 1034 1725 -τ
1045 1693 1269 1725 Yarlas_lectlones
1281 1693 1393 1725 adibunc
1405 1694 1486 1718 locum
1499 1693 1566 1719 Libri
1586 1693 1736 1720 pontiﬁcalis
1758 1695 1816 1720 vida

534 1724 559 1748 in
576 1723 704 1748 Anastasio
718 1722 920 1753 Bibliothecario,
930 1722 1079 1756 Palrologiw
1090 1723 1180 1749 Latina:
1190 1728 1209 1749 ί.
1222 1724 1335 1754 CXXVII,
1348 1725 1394 1749 col.
1407 1725 1489 1756 1357.)

233 1860 383 1897 Pontianus
397 1861 434 1895 (1)
449 1860 560 1888 natione
573 1860 722 1893 Romanus,
739 1869 770 1888 ex
785 1866 860 1896 patre
875 1862 1027 1895 Calfurnio,
1042 1863 1113 1891 sedit
1131 1870 1219 1890 annos
1233 1863 1260 1894 9,
1278 1870 1385 1890 menses
1401 1862 1427 1894 5,
1444 1862 1502 1890 dies
1515 1862 1532 1888 2
1549 1862 1598 1897 (2);
1619 1863 1751 1897 martyrio
1765 1871 1815 1890 co—

197 1901 318 1932 ronatur.
335 1895 397 1922 Fuit
413 1901 501 1932 autem
519 1897 686 1932 temporibus
702 1895 861 1929 Alexandri,
878 1905 893 1925 a
909 1900 1051 1926 consulatu
1068 1897 1224 1932 Pompeiani
1239 1903 1266 1925 et
1281 1897 1426 1932 Pelagiani.
1442 1897 1541 1924 Eodem
1560 1895 1681 1932 tempore
1692 1895 1815 1925 Pontia—

197 1940 248 1968 nus
262 1931 406 1968 episcopus
421 1936 451 1968 et
470 1930 609 1968 Philippus
638 1932 778 1968 presbyter
797 1932 823 1959 in
840 1933 937 1960 exsilio
954 1934 988 1960 ab
1003 1930 1156 1960 Alexandro
1169 1933 1207 1968 (5)
1225 1937 1289 1960 sunt
1306 1930 1438 1968 deportati
1456 1932 1482 1959 in
1500 1930 1664 1968 Sardiniain,
1684 1933 1710 1959 in
1733 1933 1816 1968 insu-

196 1966 249 1993 lam
265 1966 420 1996 Buceinam,
436 1965 535 1992 Severo
550 1971 576 1993 et
591 1965 738 1999 Quintiano
752 1967 922 1996 consulibus.
940 1968 967 1995 In
984 1969 1076 1996 eadem
1092 1965 1179 1995 insula
1197 1965 1321 1999 aulictus,
1336 1965 1479 1995 defunctus
1496 1972 1538 1995 est
1558 1975 1606 1994 xui
1624 1967 1737 1994 Kalend.
1761 1967 1816 1996 De-

196 2001 322 2028 cembris.
339 2000 387 2028 Hic
402 2001 464 2028 fecit
477 2001 662 2029 ordinationes
676 2002 744 2029 duas
763 2010 812 2037 per
828 2010 947 2030 mensem
966 2003 1149 2035 Decembrem,
1162 2003 1334 2037 presbyteros
1346 2009 1404 2033 sex,
1415 2003 1545 2030 diaconos
1557 2002 1688 2037 quinque,
1704 2003 1816 2037 episco-

196 2044 247 2072 pos
270 2044 319 2072 per
342 2036 447 2072 diversa
463 2037 521 2072 loca
544 2045 601 2064 sex.
617 2036 703 2069 Quem
726 2037 822 2064 beatus
843 2037 980 2066 Fabianus
1001 2038 1114 2065 adduxit
1132 2036 1193 2065 cum
1209 2036 1282 2064 clero
1297 2037 1415 2072 navigio,
1429 2041 1456 2064 et
1470 2036 1593 2072 sepelivit
1608 2036 1638 2065 in
1651 2036 1815 2066 cmmeterio

195 2071 298 2099 Callisti
314 2071 357 2098 via
370 2071 465 2106 Appia.
483 2070 515 2098 Et
529 2072 647 2099 cessavit
661 2073 833 2107 episcopatus
848 2080 863 2099 ει
878 2073 922 2100 die
939 2073 1118 2108 depositionis
1133 2081 1160 2099 xi
1179 2072 1291 2100 Kalend.
1307 2070 1448 2100 Decembr.
1462 2070 1521 2100 dies
1537 2073 1580 2100 l5.

230 2151 267 2184 (Ι)
290 2150 445 2186 Pontianus.
466 2151 722 2186 Postinterregnum
732 2152 888 2184 50dierum,
899 2156 972 2179 octa—
986 2156 1006 2185 (ς,
1023 2152 1124 2179 mensis
1149 2150 1320 2182 Novembris,
1338 2159 1409 2178 anno
1431 2150 1531 2178 Christi
1554 2150 1609 2178 nati
1625 2149 1688 2186 257.
1704 2149 1816 2185 Corpus

194 2194 228 2213 vo
244 2186 354 2213 Kalend.
369 2185 443 2219 Julii,
458 2194 529 2213 anno
542 2185 713 2221 Christi’253,
730 2187 874 2213 Alexandri
890 2187 973 2221 impe-

194 2222 293 2249 ratoris
308 2221 352 2250 10.
367 2221 515 2249 Pontianus
530 2220 640 2249 Urbano
661 2222 832 2256 subrogatur.
848 2221 904 2249 Sub
923 2220 973 2249 hoc

194 2257 321 2291 poutilice
339 2256 469 2289 Origenes
484 2256 615 2284 Caesareae
637 2257 838 2291 philosophiam
862 2258 972 2289 docens,

195 2291 353 2325 Gregorium
373 2291 522 2327 Magnum:
530 2295 710 2326 cognomento
727 2291 970 2327 Tbaumaturgum,

193 2326 355 2359 discipulum
380 2327 482 2353 habuit.
502 2326 558 2353 Hoc
580 2327 707 2360 pontilice
728 2331 803 2353 sexta
820 2326 972 2360 persecutio

193 2361 421 2392 Christianorum,
437 2365 464 2387 et
488 2361 605 2388 maxime
625 2362 770 2395 przesulum
795 2361 931 2392 Ecclesim.
958 2369 974 2388 a

196 2396 344 2422 Maximino
372 2396 533 2430 imperatore
563 2397 670 2430 publico
693 2396 781 2424 edicto
806 2397 973 2431 promulgata

192 2436 243 2463 est,
272 2435 413 2466 propterea
437 2431 509 2465 quod
535 2431 572 2458 dii
597 2432 720 2466 gentiles,
746 2436 775 2458 ut
801 2432 973 2465 spargebant,

192 2466 411 2493 Christianorum
438 2467 561 2493 moribus
590 2470 617 2493 et
646 2467 777 2500 religione
802 2467 972 2500 contempti,

193 2502 307 2535 ideoque
332 2501 366 2527 ad
392 2501 560 2527 iracundiam
588 2508 619 2527 ac
646 2501 793 2528 vindictam
822 2501 972 2535 provocati,

192 2537 348 2563 universam
383 2536 541 2562 orientalem
568 2536 673 2570 plagam
699 2536 866 2570 gravissimis
894 2541 973 2563 terrm

192 2572 312 2598 motibus
327 2570 501 2606 acerbissime
515 2571 707 2606 exagitassent.
728 2570 784 2598 Hac
799 2572 894 2598 eadem
912 2579 971 2606 per-

192 2607 331 2632 secutione
344 2605 504 2637 Pontianus,
516 2606 593 2639 jussu
611 2605 756 2632 Alexandri
776 2606 802 2632 in
820 2605 971 2633 Sardiniam

193 2641 336 2674 relegatus,
351 2639 490 2666 Maximini
509 2640 680 2674 imperatoris
702 2641 829 2668 mandato
851 2641 969 2668 fustibus

191 2676 359 2707 verberatus,
374 2675 533 2711 martyrium
549 2675 648 2704 ibidem
664 2677 862 2704 consummavit
876 2677 909 2705 l9
925 2677 969 2704 die

1026 2187 1098 2214 illius
1113 2191 1204 2221 postea
1223 2194 1237 2212 a
1251 2186 1371 2213 Fabiano
1385 2193 1454 2220 papa
1469 2185 1582 2221 Romani
1595 2185 1770 2216 translatum,
1786 2186 1814 2212 in

1025 2220 1182 2249 coemeterio
1205 2221 1311 2248 Callisti
1336 2221 1472 2255 sepultum
1496 2225 1547 2248 est.
1562 2220 1661 2247 Baron.
1677 2221 1814 2255 praedictc

1026 2265 1108 2288 anno,
1127 2265 1154 2283 ιι.
1173 2257 1200 2288 5,
1213 2256 1229 2282 6
1243 2261 1270 2283 et
1286 2255 1327 2282 10.
1344 2255 1406 2283 Ssv.
1424 2256 1482 2283 lim.

1061 2292 1099 2327 (‘2)
1119 2291 1191 2319 Sedit
1203 2299 1284 2327 unitos
1295 2291 1322 2320 9.
1330 2299 1429 2318 menses
1440 2291 1467 2323 5,
1478 2291 1533 2317 dies
1543 2290 1571 2318 2.
1590 2290 1684 2318 Annos
1694 2289 1721 2322 4,
1731 2297 1813 2327 men-

1026 2325 1118 2388 ses'},
1135 2326 1252 2387 dieslﬁﬁ,
1269 2327 1371 2354 sedisse
1396 2334 1429 2353 ex
1449 2326 1493 2354 die
1509 2326 1648 2361 ingressus
1669 2329 1698 2352 et
1718 2325 1814 2353 obitus

1026 2369 1059 2388 co
1082 2366 1171 2388 luitur.
1202 2370 1228 2388 D.

1026 2362 1171 2389 colliuilur.
1189 2362 1228 2388 11).

1063 2371 1346 2431 ἱὲῗιῖἕᾶεᾝιιεηιρονε
1360 2396 1517 2428 Pontianus,
1534 2399 1598 2431 ete.,
1615 2395 1644 2421 in
1663 2394 1760 2421 exsilio
1779 2395 1812 2421 ab

1026 2431 1192 2471 Alexandro.
1209 2430 1292 2471 Quod
1308 2440 1368 2471 non‘
1386 2436 1440 2458 tam
1463 2430 1708 2471 religionis-causa,
1725 2438 1812 2471 quam

1026 2467 1115 2501 aliqua
1139 2467 1230 2501 potius
1252 2466 1387 2493 calumnia
1404 2474 1418 2492 a
1434 2465 1578 2499 gentilibus
1591 2465 1811 2501 circumventum

1021 2499 1183 2529 Pontianum
1202 2502 1352 2528 Alexander
1366 2501 1532 2536 relegaverit,
1547 2500 1631 2536 ipsius
1648 2507 1719 2536 erga
1729 2499 1813 2536 Chri-

1020 2538 1124 2564 stianos
1150 2537 1271 2567 allectus,
1284 2541 1311 2564 et
1335 2534 1436 2563 familia
1459 2535 1622 2562 Christianis
1647 2534 1812 2561 hominibus

1021 2572 1118 2598 referta
1131 2572 1239 2598 indicat.
1252 2571 1362 2602 Euseb.,
1377 2571 1424 2598 lib.
1438 2579 1464 2597 vi
1491 2569 1576 2601 Mist.,
1588 2577 1612 2596 c.
1624 2569 1668 2596 2i.
1678 2569 1721 2596 0b
1734 2570 1810 2604 quod

1021 2607 1137 2638 facinus,
1156 2606 1210 2633 Deo
1222 2607 1336 2638 vindice,
1351 2614 1366 2632 a
1380 2606 1510 2633 militibus
1525 2605 1706 2632 Alexandrum
1722 2605 1811 2638 impe-

1020 2647 1136 2668 ratorem
1150 2642 1268 2668 occisum
1283 2649 1352 2672 esse,
1369 2648 1422 2667 non
1439 2649 1507 2667 vana
1523 2640 1678 2675 conjectura
1694 2639 1749 2667 dici
1761 2646 1811 2673 po-

1021 2677 1092 2704 terit.
1108 2677 1206 2704 Baron.
1227 2684 1298 2704 anno
1312 2676 1374 2708 257,
1393 2684 1421 2702 n.
1440 2676 1465 2702 l.
1485 2675 1522 2703 lo.
