1883 3056
59 131 99 158 ὶότ
761 132 829 160 ΝΟΤ

923 132 1064 160 \LTERA.

1629 132 1678 159 i58

61 223 1268 237 ————————————————

609 305 861 352 NOTITIA
896 305 1125 349 ALTERA

459 407 498 438 (D.
513 406 646 433 Cous-uxr,
661 401 777 437 Episton
788 405 856 430 Rom.
868 406 943 435 pant.,
958 407 1016 428 tom.
1034 402 1043 426 l
1059 404 1086 426 et
1102 402 1178 430 unic.,
1197 401 1277 432 p.115
1290 402 1298 432 )

80 546 101 572 Ι.
126 544 155 572 In
178 544 520 581 BucberianoCatalogo,
539 550 568 574 ut
592 550 619 573 et
642 546 668 572 in
684 545 830 573 Fossatens

923 543 1039 575 niscopus
1062 537 1219 570 damnavit,
1244 537 1326 572 hujus
1352 536 1492 563 sententiae
1518 535 1681 569 subscripsit

48 599 69 620 et
85 593 169 621 altero
184 593 295 627 reginae
321 593 486 624 Succorum,
511 593 545 619 de
567 591 701 619 Pontiano
723 592 780 619 haec
795 592 843 618 lia-

49 639 138 666 bentur
152 648 158 665 :
177 638 338 666 Pontianus
350 639 428 666 annis
444 639 567 674 quinque,
583 638 714 665 mensibus
729 637 840 670 duobus,

49 685 131 711 diebus
143 689 258 719 septem.
286 684 352 711 Fuit
376 685 533 718 temporibus
552 684 697 711 Alexandri
714 692 730 710 α
748 691 837 710 consit-

49 730 100 757 latu
113 730 274 765 Pompeiani
287 735 314 758 et
329 730 489 766 Peligniani.
501 729 539 757 Eo
554 734 667 765 tempore
678 728 842 764 Nepotianus

52 775 106 813 (leg.
122 776 291 812 Pontianus)
306 782 330 804 et
346 777 505 812 Hippolytus
518 777 651 812 presbyter
667 776 769 803 exsules
780 780 841 802 sunt

51 823 174 858 deportati
192 823 221 850 in
245 823 367 850 insulam
390 823 507 850 nocivam
524 822 678 850 Sardiniam
701 822 795 849 Severo
817 826 842 849 ed

53 869 223 902 Quintiniano
240 869 407 897 consulibus.
426 869 459 896 In
474 869 566 896 eadem
588 869 676 896 insula
696 868 841 895 discinctus

52 921 86 943 est
99 925 123 943 Iv
138 915 280 943 Kalendas
304 915 437 948 Octobris,
453 920 477 943 et
495 915 552 942 loco
574 915 631 950 ejus
647 915 784 943 ordinatus
804 919 842 941 est

53 963 156 991 Anteros
172 971 200 990 xl
218 962 359 990 Kalendas
372 962 532 995 Decembris,
547 962 697 990 consulibus
714 961 776 994 SS.,
791 962 842 989 hoc

54 1014 89 1036 est
102 1017 183 1044 supra
204 1009 330 1044 scriptis.

84 1077 110 1104 ‘2.
123 1075 194 1109 Quid
211 1077 269 1103 illic
283 1075 430 1103 discinctus
442 1076 492 1104 sibi
505 1075 578 1108 velit,
600 1076 651 1103 etsi
667 1076 737 1102 inter
748 1075 840 1103 crudi-

54 1128 94 1150 tos
118 1131 168 1150 non
196 1123 339 1154 convenit,
363 1123 401 1149 illi
426 1127 516 1150 tamen
541 1122 592 1150 hoc
613 1122 696 1150 verbo
716 1122 840 1150 Pontiani

54 1173 162 1197 mortem
184 1169 326 1196 enuntiari
349 1177 402 1197 non
425 1169 559 1196 dubitant.
577 1169 611 1196 Et
625 1177 689 1196 vero
703 1169 725 1196 si
742 1169 841 1196 discin-

894 589 992 615 Roma.
1014 584 1170 620 Hieronymi
1193 591 1225 611 ea
1240 583 1272 610 de
1296 591 1325 610 re
1344 583 1425 610 verba
1450 582 1565 610 Ruﬁnus
1578 581 1678 609 Inuect.

893 625 940 662 lib.
959 643 978 661 ll
1003 633 1044 661 sic
1064 631 1147 659 refert
1163 631 1171 646 ‘
1186 638 1192 656 :
1208 629 1355 656 Damnatur
1371 638 1387 655 a
1405 629 1537 656 Demetrio
1559 629 1680 663 episcopo

894 679 1082 716 (Origenes)...
1104 677 1138 704 In
1160 677 1357 703 damnationem
1383 675 1441 710 ejus
1466 675 1593 702 consentit
1619 674 1680 701 urbs

894 727 988 754 Roma.
1005 725 1068 760 Ipsa
1083 731 1174 752 contra
1189 724 1257 751 hunc
1273 723 1343 758 cogit
1363 726 1500 753 senatum;
1510 729 1560 747 non
1574 726 1682 756 propter

893 773 1045 807 dogmatum
1060 771 1211 802 novitatem,
1228 777 1279 796 non
1294 772 1399 803 propter
1415 766 1545 798 Itwresim,
1562 770 1590 792 ut
1610 773 1680 792 nunc

893 819 1017 845 adversus
1035 825 1093 844 eum
1110 816 1197 843 rabidi
1217 823 1293 843 canes
1318 815 1462 846 simulant;
1481 813 1526 841 sed
1544 814 1607 849 quia
1622 813 1680 848 glo-

894 865 961 891 riam
976 863 1132 898 eloquentitz
1152 862 1210 897 ejus
1231 866 1256 888 et
1273 861 1389 888 scientia:
1404 860 1472 895 ferre
1484 867 1536 886 non
1548 863 1679 894 poterant.

893 908 956 936 Haec
971 915 1053 943 porro
1067 906 1175 935 invidia:
1190 907 1264 934 labes
1279 905 1475 937 Alexandrino,
1487 911 1541 931 non
1557 903 1682 930 Romano

892 954 1007 982 antistiti
1029 954 1064 981 ab
1084 952 1248 988 Hieronymo
1273 951 1402 979 inuritur.
1423 949 1478 978 Nec
1493 949 1631 977 immerito
1646 949 1681 976 ad

893 1000 1045 1027 Romanum
1062 998 1215 1033 pontiﬁcem
1237 998 1351 1033 ejusque
1371 997 1474 1024 clerum
1491 996 1533 1022 vir
1549 995 1682 1030 religione

891 1051 918 1074 et
932 1046 1085 1073 eruditione
1100 1046 1191 1072 clarus
1207 1044 1232 1072 id
1244 1043 1448 1076 accommodat,
1462 1042 1535 1078 quod
1550 1041 1682 1076 Augusti—

892 1099 944 1118 nus
957 1091 968 1106 ‘
986 1091 1019 1118 de
1040 1090 1135 1123 altera,
1158 1089 1206 1116 sed
1231 1088 1314 1116 simili
1329 1094 1412 1115 causa
1434 1087 1524 1114 dixit:
1543 1085 1681 1113 Creditum

892 1143 930 1165 est
954 1138 1049 1165 litteris
1070 1136 1195 1168 concilii;
1221 1143 1301 1170 neque
1317 1135 1385 1161 enim
1409 1133 1487 1160 aliter
1508 1132 1679 1167 oportebat...

893 1184 973 1212 Salva
988 1183 1056 1210 enim
1072 1182 1231 1209 conscientia
1247 1181 1342 1208 litteris
1365 1180 1472 1206 concilii
1487 1178 1652 1206 crediderant
1671 1186 1679 1204 :

53 1223 106 1250 ge"
122 1215 148 1242 id
158 1220 208 1266 Fs"
223 1215 296 1250 apud
313 1215 518 1266 gra.mnmlicf’_sf
534 1215 701 1266 quoioﬂicia
714 1220 737 1242 ⁸1
752 1215 841 1250 digni'
855 1222 879 1251 Β
893 1238 974 1266 neque
988 1230 1058 1257 enim
1071 1229 1104 1255 ob
1121 1227 1270 1254 hominibus
1285 1227 1316 1253 de
1336 1226 1398 1252 aliis
1413 1224 1561 1252 hominibus
1576 1224 1679 1259 aliquid

54 1266 102 1288 tate
122 1262 248 1295 privare,
275 1269 330 1288 non
359 1261 448 1296 inepte
467 1261 566 1288 dicitur
588 1262 732 1288 discinclus
758 1268 838 1296 papa,

53 1315 126 1341 quem
144 1315 220 1334 mors
236 1306 377 1341 pontiﬁcia
388 1306 518 1341 dignitate
534 1306 658 1341 privavit.
677 1305 733 1333 Hoc
747 1310 838 1332 autem

53 1352 145 1385 posito,
173 1352 302 1387 sequitur
325 1356 356 1378 ut
378 1351 528 1378 Pontianus
549 1359 622 1378 anno
645 1351 708 1384 9.50,
725 1351 788 1378 Julii
803 1350 839 1376 2‘2

53 1399 101 1430 die,
117 1398 185 1425 feria
206 1399 306 1433 quinta
324 1397 484 1431 ordinatus,
504 1406 575 1424 anno
588 1398 650 1431 255,
673 1397 839 1432 Septembris

53 1443 83 1470 98
98 1444 141 1471 die
156 1452 212 1471 una
239 1452 302 1471 cum
324 1444 379 1471 vita
404 1449 557 1478 susceptam
576 1443 700 1471 amiserit
720 1443 838 1478 dignita-

52 1494 109 1517 tem.
124 1489 182 1517 Nec
199 1491 294 1517 obstat
308 1491 379 1525 quod
394 1498 465 1518 anno
481 1490 532 1518 930
545 1498 599 1517 non
613 1489 794 1525 Pompeianus
812 1493 839 1517 et

50 1534 224 1570 Felignianus
235 1556 243 1568 ,
260 1537 306 1564 sed
327 1536 453 1571 Agricola
470 1542 496 1563 et
511 1536 698 1564 Clementinus
713 1536 840 1564 consula-

50 1586 102 1608 tum
120 1582 271 1616 gesserint.
291 1581 337 1608 Sic
362 1583 434 1610 enim
457 1582 598 1614 hactenus,
613 1582 650 1609 uti
670 1582 726 1616 jam
743 1582 769 1608 in
788 1581 840 1609 Te-

49 1627 175 1662 lesplioro
203 1628 365 1662 observari,
390 1629 557 1663 compositus
583 1632 625 1656 est
651 1628 839 1656 Buclicrianus

48 1674 199 1710 catalogus,
227 1678 255 1702 et
280 1675 314 1702 ad
341 1675 401 1710 ejus
426 1675 604 1703 imitationem
627 1675 728 1707 caeteri,
749 1675 840 1710 utqui

49 1720 120 1747 illum
138 1721 320 1755 conscripsit,
337 1721 464 1748 consules
476 1721 575 1756 quibus
588 1721 704 1756 quisque
718 1721 840 1756 pontifex

48 1767 127 1794 vitam
146 1767 264 1800 linicrit,
280 1768 365 1794 semel
384 1772 493 1795 notasse
511 1772 665 1801 contentus,
679 1768 788 1796 eosdem
811 1768 839 1795 in

50 1820 241 1840 successorum
257 1813 337 1841 initio
351 1813 519 1848 designanda
535 1818 656 1848 repetere
675 1814 786 1842 caverit.
801 1814 840 1841 Ac

50 1859 109 1887 licet
123 1860 273 1894 plerosque
297 1860 393 1887 iisdem
409 1860 583 1893 consulibus,
598 1860 698 1895 quibus
713 1860 840 1888 decesso-

890 1276 1042 1304 incredibile
1064 1275 1217 1306 dicebatur,
1245 1278 1291 1300 aut
1319 1272 1356 1299 eis
1385 1276 1478 1298 contra
1507 1270 1680 1305 Euangelium

890 1323 1076 1350 credebatur...
1095 1320 1166 1347 Sane
1181 1318 1326 1346 concordia
1343 1316 1527 1344 Ecclesiarum
1549 1315 1678 1350 postulat,

890 1367 1118 1404 quemadmodum
1131 1365 1278 1393 concilium
1292 1363 1441 1395 Niczenum,
1452 1369 1513 1389 can.
1524 1361 1550 1394 5,
1563 1361 1680 1389 subinde

890 1416 991 1447 sanxit,
1007 1419 1035 1441 ut
1051 1421 1065 1441 a
1074 1404 1186 1448 prOprio
1198 1411 1327 1446 episcopo
1338 1410 1400 1445 quis
1412 1408 1678 1439 excommunicatus.

890 1462 925 1489 ab
944 1461 1005 1488 aliis
1019 1468 1072 1486 non
1096 1459 1254 1493 recipiatur,
1276 1457 1329 1484 nisi
1353 1456 1462 1483 aliunde
1477 1459 1614 1489 comperta
1631 1453 1679 1480 lia-

890 1507 986 1535 beatur
1009 1506 1069 1540 ejus
1091 1503 1258 1535 innocentia,
1276 1502 1365 1537 quoad
1386 1502 1472 1536 ipsius
1486 1507 1569 1527 causa
1585 1498 1620 1526 dc
1635 1499 1678 1525 in-

890 1558 966 1588 tegro
984 1551 1109 1579 discussa
1124 1550 1290 1577 absolvatur.
1307 1547 1374 1575 Hinc
1389 1553 1519 1582 praeterea
1531 1549 1679 1573 excusatur

891 1597 1077 1626 Romanorum
1097 1604 1159 1624 cum
1186 1594 1324 1622 Demetrio
1345 1594 1370 1620 in
1385 1592 1510 1628 Origenis
1525 1590 1679 1619 damnatio-

890 1652 952 1672 nem
965 1643 1121 1675 consensio,
1136 1642 1219 1677 quod,
1239 1645 1306 1669 teste
1323 1640 1421 1668 Ruﬁno
1437 1638 1515 1674 Apol.
1532 1647 1579 1673 pro
1589 1638 1678 1672 Orig.,

890 1689 1005 1717 Romam
1021 1688 1102 1715 delati
1117 1687 1225 1715 fuerant
1239 1686 1301 1713 libri
1320 1685 1428 1720 Origeni
1449 1684 1594 1719 suppositi,
1610 1684 1678 1716 imo,

890 1740 920 1762 ut
936 1734 1117 1769 Hieronymus
1137 1732 1216 1767 epist.
1230 1732 1265 1759 65
1282 1732 1315 1759 ad
1332 1730 1502 1764 Pammach.,
1521 1738 1546 1757 c.
1566 1729 1598 1762 5,
1615 1737 1680 1756 nar-

891 1785 942 1813 rat,
956 1780 1066 1815 quidam
1091 1780 1177 1814 ipsius
1199 1779 1303 1813 proprii
1328 1785 1382 1804 non
1404 1777 1471 1804 satis
1494 1776 1633 1811 castigati,
1650 1776 1679 1803 in

891 1828 991 1863 quibus
1005 1826 1136 1854 nonnulla
1152 1830 1230 1853 erant
1241 1823 1474 1860 reprehendenda,
1490 1830 1606 1858 quaeque
1617 1821 1680 1849 Ori-

891 1881 996 1908 gencm,
1013 1878 1041 1900 ut
1061 1872 1174 1907 ipsemet
1192 1875 1286 1906 postea
1305 1871 1332 1897 in
1350 1870 1464 1905 epistola
1476 1869 1510 1896 ad
1527 1868 1678 1896 Fabianum

49 1905 246 1953 .0bierum’
262 1905 296 1932 iis
311 1905 478 1932 successisse
491 1909 606 1938 consm’
625 1905 723 1932 horum
747 1910 837 1933 tamen
853 1924 873 1953 ο
892 1905 984 1947 lassus
996 1923 1048 1951 cst,
1068 1905 1208 1952 scripsisse
1222 1917 1379 1952 poenitebat.
1393 1916 1458 1944 Cum
1479 1920 1570 1943 autem
1584 1914 1679 1942 Deme-

49 1949 155 1978 iuitium
179 1959 235 1978 non
261 1951 297 1978 ab
318 1951 430 1984 iisdem,
446 1952 492 1979 scd
510 1959 523 1978 a
544 1952 719 1987 sequentibus
739 1960 839 1979 consu-

50 1996 117 2024 libus
132 1997 302 2032 consignare
316 1999 468 2025 consuevit.
483 1998 615 2025 Prasdirto
630 2002 719 2025 autem
734 1997 839 2024 calculo

49 2050 139 2070 Secum
167 2043 333 2071 conciliatur
361 2044 513 2076 Eusebius,
538 2045 585 2079 qui
615 2043 778 2071 Pontianum
810 2045 838 2071 in

49 2090 176 2118 Chronico
197 2091 310 2126 quidem
336 2092 412 2118 annis
429 2093 553 2127 quinque,
569 2093 595 2119 in
619 2086 838 2119 Ilistoria’annis

49 2145 91 2163 se:
113 2137 305 2172 episcopatum
332 2138 453 2165 tenuisse
480 2138 584 2165 scribit.
610 2138 678 2166 Nam
705 2142 732 2166 et.
760 2139 839 2165 annis

49 2183 167 2218 quinque
194 2184 357 2219 completis,
375 2188 404 2211 et
426 2191 473 2211 sex
497 2184 668 2219 incompletis
688 2184 837 2212 Ecclesium

49 2229 258 2257 administravit.
268 2229 297 2256 In
307 2230 521 2258 transcursuliic
534 2238 632 2257 moneo
640 2231 666 2257 in
682 2229 843 2258 Victoriano'

50 2283 150 2303 canone
168 2276 241 2311 apud
265 2276 434 2304 Bucherium
446 2297 454 2310 ,
468 2285 494 2311 p.
511 2277 560 2309 54,
584 2276 750 2312 Pompeiano
774 2285 838 2304 con-

51 2323 100 2349 suli
123 2331 177 2351 non
204 2323 416 2359 Pclignianum,
442 2324 487 2351 sed
511 2324 678 2351 Felicianum
707 2324 837 2359 collegam

50 2369 166 2405 adjnngi.
179 2369 284 2397 Verum
307 2370 360 2397 iste
379 2378 467 2398 canon
489 2379 542 2398 non
560 2371 641 2398 modo
655 2379 687 2398 ex
700 2371 837 2398 Romano-

50 2421 107 2442 rum
122 2417 284 2450 pontiﬁcum
302 2417 439 2452 catalogo,
461 2418 507 2444 sed
529 2422 556 2444 et
573 2425 606 2444 ex
620 2418 734 2452 antiquo
751 2417 837 2445 fasto-

50 2468 105 2488 rum
123 2464 312 2491 consularium
328 2463 481 2499 l'ragmento
497 2464 567 2498 apud
581 2465 706 2492 eumdem
732 2464 839 2492 Buche—

50 2507 114 2534 rium
126 2517 186 2545 pag.
200 2510 255 2536 247
267 2515 310 2537 est
324 2510 514 2544 corrigendos.

68 2553 102 2580 De
117 2555 237 2591 Origenis
252 2556 442 2588 damnatione,
457 2562 482 2583 et
496 2556 528 2583 de
542 2556 671 2584 Pontiani
687 2557 816 2592 epistolis.

85 2601 106 2627 l.
135 2601 284 2638 Postquam
310 2602 458 2637 Origenem
488 2602 641 2631 Demetrius
665 2603 835 2631 Alexandriae

86 2679 177 2717 'Apud
190 2682 322 2716 Hicron.,
334 2690 402 2710 nov.
420 2682 485 2711 edit.
500 2688 565 2722 tom.
578 2683 624 2718 IV,
638 2691 698 2720 pag.
712 2684 773 2712 450.

890 1965 934 1992 trii
951 1972 1025 1991 mors
1039 1971 1111 1990 anno
1122 1963 1172 1990 251
1190 1963 1307 1993 labente,
1327 1961 1368 1988 vel
1389 1966 1419 1988 ut
1432 1961 1520 1988 serius
1534 1968 1606 1988 anno
1625 1960 1679 1987 252

889 2011 1074 2046 consignetur.
1092 2009 1150 2036 haec
1161 2007 1286 2043 Origenis
1301 2006 1442 2034 damnatio
1460 2006 1596 2034 Pontiano
1609 2014 1679 2040 pon-

888 2057 970 2089 tilice,
984 2061 1010 2083 et
1024 2055 1117 2090 primis
1134 2055 1243 2090 quidem
1263 2053 1336 2081 illius
1356 2053 1435 2081 annis
1446 2074 1453 2087 ,
1476 2053 1622 2088 contigisse
1635 2053 1678 2080 di-

889 2100 972 2128 cenda
988 2104 1040 2127 est.
1053 2099 1109 2127 Hac
1124 2099 1157 2126 de
1174 2107 1203 2126 re
1219 2099 1369 2126 Pontianus
1387 2106 1441 2126 non
1454 2098 1541 2131 solus,
1554 2098 1600 2126 sed
1615 2106 1677 2125 cum

889 2150 1004 2179 senatu,
1032 2137 1085 2173 hoc
1105 2149 1147 2173 est
1171 2153 1233 2173 cum
1254 2145 1338 2177 clero,
1361 2145 1559 2179 pronuntiavit.
1584 2143 1678 2178 Neque

889 2193 960 2220 male
971 2197 1058 2220 coetus
1076 2192 1120 2219 ille
1131 2192 1208 2225 cieri,
1220 2199 1302 2227 quem
1315 2191 1505 2226 presbyterium
1521 2198 1618 2218 vocare
1632 2199 1678 2217 ve-

889 2242 960 2265 teres
975 2237 1074 2268 solent.
1097 2241 1202 2264 senatus
1217 2237 1251 2263 ab
1271 2235 1436 2271 Hieronymo
1457 2234 1607 2270 appellatus
1623 2239 1676 2262 est.

889 2283 986 2311 Latine
1007 2283 1107 2317 quippe
1135 2286 1242 2310 senatus
1270 2281 1371 2309 Graeca:
1397 2280 1457 2308 voci
1482 2279 1677 2316 πρεσὸυτέριον

889 2333 950 2364 apte
965 2329 1122 2363 respondet.
1133 2328 1268 2355 Caeterum
1287 2331 1376 2355 cretus
1392 2327 1438 2354 ille
1455 2326 1645 2361 presbyterium
1661 2334 1676 2354 a

888 2375 1006 2410 digniori
1023 2379 1100 2409 parte
1119 2378 1302 2408 nuncupatur,
1319 2373 1444 2407 quamvis
1460 2372 1542 2400 etiam
1567 2372 1677 2407 presby-

889 2421 957 2449 teris
977 2420 1123 2448 inl'eriores
1146 2418 1239 2447 clerici
1259 2418 1410 2454 convenire
1427 2419 1454 2445 in
1480 2426 1542 2446 eum
1563 2425 1677 2445 consue-

888 2467 986 2494 verint.

923 2513 1050 2541 Pontiani
1064 2513 1125 2541 duae
1137 2512 1252 2548 ﬁexstant
1266 2512 1387 2548 epistola;
1407 2511 1511 2538 Isidoro
1527 2510 1675 2538 architecto

889 2559 1069 2592 concinnatae,
1085 2558 1208 2594 adeoque
1232 2558 1260 2585 in
1283 2565 1377 2586 earum
1403 2557 1534 2590 classem,
1550 2563 1618 2591 quas
1630 2555 1676 2583 ille

888 2606 990 2640 pariter
1005 2605 1143 2639 conﬂavit,
1156 2604 1344 2632 amandandze.

848 2684 858 2699 '
873 2683 932 2712 Lib.
949 2683 1066 2721 Derunit.
1083 2683 1168 2717 Eccl.,
1182 2691 1207 2712 c.
1219 2683 1266 2717 25,
1277 2691 1306 2711 n.
1320 2681 1363 2711 l8.
