1883 3056
90 109 130 137 Ni

818 111 1007 140 ΕΡιδτοιΑε.

1642 116 1693 143 162

89 169 184 197 minum
197 168 314 197 insidias
329 169 628 206 adjuvare,eorumque
637 179 735 200 causas
747 177 866 208 portare,
881 174 904 202 Α
917 172 1114 201 instantissime
1139 172 1276 206 laborate,
1292 173 1482 209 eleemosynis,
1503 181 1572 209 quas
1587 182 1694 210 semper

89 216 177 243 scitote
192 222 242 242 vos
252 215 281 242 in
296 222 331 242 eo
349 217 429 244 valde
445 216 501 244 Deo
515 217 631 252 placere,
645 218 691 253 qui
708 218 758 246 sibi
771 226 819 246 eos
833 219 866 246 ad

89 259 255 287 serviendum
267 260 379 292 ascivit,
390 265 418 288 et
430 260 578 290 familiares
593 262 726 289 intantum
743 263 793 290 sibi
806 270 866 291 esse

89 305 178 347 voluit,
190 309 221 332 ut
234 306 317 332 etiam
336 307 452 333 aliorum
467 307 569 335 hostias
582 315 631 342 per
644 315 691 335 eos
704 312 864 343 acceptaret,

88 356 165 386 atque
182 359 277 378 eorum
290 356 400 386 peccata
413 352 535 386 donaret,
549 353 654 388 sibique
669 353 863 380 reconciliaret.

87 397 138 432 ipsi
161 405 273 433 quoque
287 399 397 433 praprio
420 406 468 426 ore
487 407 586 434 corpus
608 399 714 427 Domini
729 399 766 435 (6)
781 399 865 427 conti-

86 444 185 476 ciunt‘,
201 449 228 471 et
239 445 347 478 populis
363 445 482 472 tradunt.
491 445 527 472 De
540 446 593 473 illis
606 446 678 473 enim
690 446 790 473 dictum
803 451 863 474 est:

86 489 138 521 Qui
154 497 196 516 vos
208 490 386 521 contristabit,
398 498 438 517 me
449 491 614 518 contristabit
623 499 632 522 ς
642 497 665 518 et
677 491 721 525 qui
737 492 806 518 vobis
821 492 864 525 fa-

85 536 135 562 ciet
147 536 286 571 injuriam,
296 537 400 571 recipiet
408 537 435 563 id
443 538 510 572 quod
520 538 607 572 inique
616 538 694 572 gessit
701 538 721 565 '.
739 537 771 564 Et
781 538 843 565 alibi
855 547 862 564 :

85 581 139 613 Qui
153 590 197 608 vos
209 583 294 615 audit,
309 591 348 609 me
360 583 451 614 audit;
465 588 488 609 et
501 584 545 618 qui
557 591 600 610 vos
618 585 727 618 spernit,
743 593 781 611 me
794 593 859 619 sper-

84 627 123 652 nit
133 634 142 657 ;
152 628 197 660 qui
206 631 294 653 autem
305 635 344 654 me
355 628 464 662 spernit,
477 629 574 662 spernit
584 637 642 655 eunt
654 629 699 661 qui
711 637 750 656 me
761 631 833 656 misit
842 631 862 657 θ,

85 672 117 699 lli
132 673 206 699 enim
223 681 277 700 non
293 678 355 700 sunt
370 673 526 708 infestandi,
542 674 588 702 sed
607 675 768 703 honorandi.
781 675 808 702 ln
823 677 864 704 his

83 725 196 752 quoque
214 718 346 746 Dominus
363 719 523 751 honoratur,
547 720 625 755 cujus
648 720 780 756 legatione
803 721 862 748 fun-

84 779 194 809 guntur.
208 773 241 801 Hi
259 782 333 810 ergo.
350 775 372 802 si
387 775 456 803 forte
467 775 622 810 ceciderint,
636 785 651 804 a
667 777 790 805 ﬁdelibus
801 782 863 804 sunt

84 821 242 848 sublevandi
261 826 287 848 et
303 822 437 856 portandi.
452 822 600 850 Accusandi
625 829 714 850 autem
732 832 784 850 non
801 829 863 850 sunt

84 865 117 892 ab
129 865 292 898 infamibus,
310 871 356 893 aut.
376 868 524 901 sceleratis,
539 869 582 895 vel
598 868 724 902 inimicis,
740 874 786 896 aut
798 870 863 896 alte-

83 911 138 938 rius
154 915 236 938 sceta
249 911 292 938 vel
305 911 443 946 religionis
458 913 621 942 hominibus.
641 914 668 942 Si
683 916 862 950 peccaverint,

82 964 97 984 a
127 957 245 991 reliquis
276 963 424 993 arguantur
461 960 671 993 sacerdotibus;
708 961 754 988 sed
785 966 812 989 et
848 969 863 989 a

83 1003 197 1031 summis
215 1005 397 1038 pontiﬁcibus
413 1006 644 1040 constringuntur,
666 1011 693 1034 et
715 1015 768 1034 non
784 1015 798 1034 a
812 1015 864 1035 saa-

82 1049 231 1082 cularibus,
245 1054 295 1077 aut
312 1050 390 1077 malae
406 1051 468 1078 vitae
492 1051 649 1078 hominibus
665 1057 811 1087 arguantur
823 1053 864 1080 vel

83 1100 236 1122 arceantur.
251 1095 332 1129 Quod
349 1103 414 1131 ergo
427 1096 459 1123 de
472 1095 563 1124 fratris
586 1097 668 1124 vestri
686 1099 800 1126 transitu
815 1106 863 1127 vos

83 1141 237 1167 contristari
255 1141 412 1169 audivimus
427 1142 448 1175 ⁷,
467 1150 521 1169 non
535 1143 643 1170 modico
663 1144 795 1178 compulsi
815 1152 864 1172 su-

83 1193 141 1212 mus
153 1193 288 1213 mmrore.
305 1185 383 1214 Unde
399 1187 609 1222 omnipotentem
624 1188 706 1216 Deum
725 1197 863 1224 rogamus,

83 1235 110 1257 ut
123 1239 180 1258 suae
190 1239 243 1258 vos
261 1232 356 1267 gratia:
369 1233 533 1267 aspiratione
548 1234 713 1268 consoletur,
727 1243 828 1270 vosque
839 1242 865 1264 et

83 1282 97 1301 ί
112 1275 241 1310 malignis
253 1276 406 1310 spiritibus,
417 1281 444 1304 et
458 1285 472 1303 a
485 1279 618 1311 perversis
630 1279 797 1314 hominibus,
810 1289 865 1308 cm-

84 1321 138 1348 lesti
168 1321 346 1356 protectione
360 1323 516 1355 lcustndiat.
537 1323 605 1351 Nam
620 1329 655 1352 'et
677 1325 699 1352 si
714 1333 791 1361 Iquos
807 1332 866 1361 post

83 1367 153 1394 illius
181 1367 292 1394 obitum
313 1369 445 1395 tumultus
464 1370 643 1403 quorumdam
661 1371 864 1400 adversantium

83 1412 235 1443 sustinetis,
258 1412 342 1439 nolite
357 1412 467 1444 mirari,
486 1413 508 1440 si
525 1420 587 1446 vos,
611 1414 658 1448 qui
673 1413 726 1440 irui
745 1415 824 1442 bonis
838 1415 864 1442 in

82 1462 150 1485 terra
174 1462 281 1491 vestra,
298 1458 324 1485 id
339 1463 390 1490 est,
405 1459 442 1485 'in
466 1463 537 1486 terra
552 1459 700 1486 viventium
720 1460 840 1494 quaeritis
851 1481 860 1494 ,

915 216 1040 249 amastis,
1052 216 1109 251 jam
1125 224 1198 244 nunc
1219 217 1319 252 largius
1336 222 1416 253 atque
1429 219 1540 246 ulterius
1554 220 1615 247 date
1630 228 1691 255 ope-

914 269 983 293 ram,
997 267 1024 288 ut
1035 267 1110 289 tanto
1124 268 1184 296 post
1198 269 1302 291 crescat
1315 265 1392 292 vobis
1409 265 1435 292 in
1447 265 1623 293 retributione
1635 266 1694 293 fru-

915 312 974 335 ctus
989 307 1119 340 muneris,
1134 313 1236 342 quanto
1265 310 1309 337 hic
1331 311 1480 338 excreverit
1508 311 1627 338 studium
1652 311 1692 339 la-

913 353 998 381 horis.

949 399 1090 431 Praeterea,
1109 399 1258 428 salutantes
1270 405 1380 435 paterna
1390 401 1531 428 dulcedine
1545 402 1692 429 bonitatem

913 449 1029 472 vestram
1045 445 1066 478 ⁸,
1082 447 1197 480 petimus
1215 451 1243 473 ut
1266 447 1292 472 in
1314 446 1402 478 bouis,
1425 455 1484 480 qua:
1509 447 1640 482 coepistis,
1661 455 1695 475 ne

913 491 1053 518 deﬁciatis.
1077 491 1168 527 Neque
1183 493 1254 519 ullus
1272 499 1320 519 vos
1342 493 1376 519 ab
1399 493 1438 520 eis
1458 498 1578 520 avertere
1595 494 1692 528 possit,

913 537 959 564 sed
976 537 1002 563 in
1023 538 1127 564 cunctis
1142 538 1267 565 allectum
1286 544 1382 564 vestrm
1400 538 1550 570 charitatis,
1564 538 1654 565 clerici
1667 543 1695 565 et

914 583 983 609 servi
1003 582 1060 614 Dei,
1078 591 1110 610 ac
1120 583 1212 610 cuncti
1227 583 1386 613 Christiani,
1399 583 1444 616 qtti
1460 583 1486 609 in
1505 583 1558 610 illis
1573 583 1694 617 partibus

913 634 1126 660 commorantur,
1149 636 1241 656 amore
1263 628 1364 655 Christi
1387 633 1413 655 et
1431 628 1459 654 S.
1486 627 1557 655 Petri
1582 628 1695 662 pleniter

914 673 1075 707 inveniant,
1105 678 1130 700 et
1148 673 1248 700 favoris
1274 673 1355 700 vestri
1380 672 1502 704 solatiis,
1533 680 1694 707 quocunque

914 719 995 746 modo
1020 727 1131 746 necesse
1156 718 1254 750 fuerit,
1277 718 1431 752 potiantur;
1456 722 1589 752 quatenus
1606 723 1694 745 vestra

913 764 1001 790 cuncti
1025 771 1075 798 ope
1095 763 1197 791 defensi
1221 768 1301 797 atque
1315 763 1409 797 adjuti,
1431 767 1458 790 et
1475 770 1524 790 nos
1544 762 1619 789 vobis
1631 770 1694 797 gra-

915 809 1011 835 tiarum
1027 809 1163 843 possimus
1176 809 1305 835 exsistere
1319 808 1453 835 debitores
1469 808 1478 823 '
1488 828 1496 839 ,
1520 812 1547 834 et
1572 808 1695 835 Christus

879 846 899 872 Β
913 852 991 881 Jesus
1003 853 1131 880 Dominus
1148 859 1239 880 noster
1253 859 1379 880 aeternam
1401 853 1511 887 gloriam
1529 858 1694 887 compenset,

913 904 940 927 et
963 900 1058 927 beatus
1082 899 1220 934 apostolus
1234 898 1329 926 Petrus
1347 899 1530 932 apostolorum
1554 899 1694 934 princeps,

914 946 940 972 in
960 953 1076 980 quorum
1095 952 1142 972 vos
1158 946 1247 972 causis
1263 945 1427 980 impenditis,
1446 945 1531 979 ipsius
1550 940 1641 979 gloria).
1651 945 1695 980 ja-

914 999 994 1018 nuam
1010 992 1121 1026 aperiat.
1137 991 1201 1018 Data
1220 1000 1235 1018 ς
1251 990 1362 1018 Kalend.
1378 990 1442 1017 Feb.
1458 990 1558 1018 Severo
1572 995 1598 1018 et
1612 990 1696 1024 Quin-

914 1038 987 1065 tiano
1000 1038 1065 1065 viris
1077 1038 1236 1066 clarissimis
1249 1037 1406 1065 consulibus
1421 1037 1452 1062 ιο.

1196 1103 1363 1131 EPISTOLA
1383 1105 1414 1131 ll.

1151 1157 1183 1175 AD
1203 1156 1287 1177 OMNES
1305 1157 1452 1177 EPISCOPOS-

1014 1194 1052 1221 De
1064 1193 1181 1230 fraterna
1191 1195 1329 1221 dilectione
1342 1199 1365 1221 et
1379 1196 1493 1222 vitandis
1511 1196 1598 1224 malis.

950 1241 1102 1268 Posrtssus
1123 1245 1223 1267 sancta!
1238 1245 1262 1267 et
1277 1241 1437 1268 universalis
1451 1241 1576 1269 Ecclesiae
1589 1243 1696 1277 episco-

914 1295 975 1322 pus,
990 1286 1116 1313 omnibus
1129 1290 1201 1313 recte
1215 1285 1358 1312 Dominum
1373 1287 1523 1315 colentibus
1536 1292 1562 1315 et
1575 1288 1696 1315 divinum

915 1332 1016 1360 cultum
1033 1331 1198 1362 amantibus,
1213 1331 1337 1358 salutem.

951 1377 1041 1405 Gloria
1056 1378 1080 1403 in
1095 1377 1203 1403 excelsis
1220 1377 1283 1407 Deo,
1301 1382 1325 1403 et
1340 1377 1368 1403 in
1391 1380 1460 1403 terra
1476 1385 1529 1411 pax
1550 1377 1697 1405 hominibus

916 1424 988 1451 bona:
1003 1423 1144 1450 voluntatis
1163 1423 1194 1449 “.
1209 1422 1270 1449 Haec
1291 1422 1382 1453 verba.
1398 1422 1562 1455 charissimi,
1580 1431 1633 1450 non
1649 1423 1699 1450 ho-

915 1470 1018 1497 minum
1036 1472 1108 1501 sunt,
1125 1468 1170 1495 sed
1183 1468 1357 1502 angelorum;
1374 1471 1400 1494 et
1414 1474 1467 1494 non
1482 1467 1600 1494 humano
1617 1475 1698 1494 sensu

83 1505 150 1532 mala
171 1504 319 1531 hominum
335 1505 361 1531 in
378 1509 448 1532 terra
463 1505 550 1532 aliena
566 1506 688 1540 portatis.
707 1505 865 1541 Peregrina-

929 1516 1075 1549 :xcogitata,
1102 1514 1149 1541 scd
1170 1514 1204 1541 ab
1227 1513 1328 1548 angelis
1351 1513 1377 1539 in
1401 1517 1461 1539 ortu
1478 1512 1624 1539 Salvatoris
1648 1519 1700 1539 an—

83 1550 118 1577 tio
130 1551 238 1585 quippe
251 1555 294 1577 est
305 1550 358 1577 vita
374 1558 510 1585 presens;
527 1557 553 1579 et
571 1552 616 1586 qui
631 1552 750 1586 suspirat
769 1553 802 1580 ad
817 1561 866 1587 pa-

83 1597 174 1629 triam,
200 1597 227 1623 ei
266 1600 431 1624 tormentum
459 1601 500 1624 est
524 1598 751 1633 peregrinationis
772 1599 867 1631 locus,

84 1644 191 1671 etiamsi
205 1643 323 1670 blandus
336 1651 397 1670 esse
410 1643 543 1671 videatur.
560 1643 643 1671 Vobis
654 1649 743 1671 autem
759 1645 804 1679 qui
821 1653 869 1679 pa-

84 1690 163 1716 triam
195 1690 338 1725 quaeritis,
353 1689 423 1716 inter
439 1690 554 1724 suspiria
567 1697 627 1724 qua:
651 1690 768 1721 habetis,
787 1690 867 1717 etiam

86 1740 204 1771 gemitus
227 1736 309 1763 audio
341 1736 469 1763 humana:
496 1735 682 1770 oppressionis
711 1744 867 1771 exsurgere.

86 1782 166 1815 Quod
191 1782 262 1809 mira
282 1782 477 1817 omnipotentis
504 1781 552 1808 Dei
574 1781 752 1816 dispositione
768 1783 868 1818 agitur,

86 1832 116 1855 ut
135 1829 200 1855 dum
231 1829 331 1856 veritas
358 1836 406 1863 per
427 1835 546 1855 amorem
563 1833 651 1860 vocat,
666 1829 784 1856 mundus
802 1837 870 1864 prse-

87 1882 151 1902 sens
168 1883 183 1901 a
199 1874 291 1909 seipso
314 1875 435 1902 animum
452 1879 572 1903 vestrum
588 1882 637 1910 per
663 1875 867 1908 tribulationes,

87 1927 157 1955 quas
185 1920 302 1955 ingerit,
350 1920 477 1955 rejiciat;
514 1925 645 1956 tantoque
693 1920 798 1948 facilius
836 1922 870 1949 ab

87 1973 182 1993 amore
199 1966 282 2000 hujus
298 1966 390 1993 saeculi
409 1974 485 1993 mens
500 1970 588 1997 exeat,
607 1971 710 2000 quanto
731 1971 757 1993 et
775 1966 870 2001 impel-

88 2011 165 2043 litur,
193 2012 259 2039 dum
283 2017 406 2039 vocatur.
424 2012 516 2046 Itaque
538 2011 610 2047 quod
630 2011 764 2046 coepistis,
781 2011 872 2046 hospi-

918 1562 1051 1588 nuntiata.
1070 1560 1174 1593 Quibus
1192 1559 1373 1586 indubitanter
1393 1559 1426 1585 ab
1441 1559 1567 1585 omnibus
1588 1558 1699 1593 intelligi

918 1610 1020 1640 potest,
1036 1605 1108 1640 quod
1127 1612 1181 1631 non
1202 1604 1278 1630 maia:
1291 1604 1436 1631 voluntatis
1457 1604 1630 1635 hominibus,
1654 1605 1699 1632 sed

918 1651 1005 1682 bonae,
1030 1657 1082 1684 pax
1101 1649 1136 1676 sit
1156 1657 1170 1676 a
1193 1648 1307 1676 Domino
1323 1649 1395 1675 data.
1414 1648 1490 1676 Unde
1508 1648 1638 1676 Dominus
1654 1656 1702 1683 per

917 1696 1077 1731 Prophetam
1101 1694 1221 1729 loquitur
1249 1695 1360 1722 dicens:
1388 1694 1472 1727 Quam
1507 1694 1588 1721 bonus
1615 1694 1701 1734 Israel

917 1741 987 1768 Deus
1001 1741 1040 1767 Itis
1054 1741 1097 1775 qui
1112 1745 1180 1767 recto
1197 1745 1255 1766 sunt
1277 1739 1374 1766 corde!
1390 1739 1443 1766 Mei
1455 1744 1540 1766 autem
1557 1748 1620 1774 pene
1638 1737 1702 1767 mat‘

917 1792 977 1814 sunt
994 1786 1079 1821 pedes,
1095 1794 1158 1820 pene
1173 1785 1248 1819 effusi
1269 1790 1329 1811 sunt
1346 1793 1448 1820 gressus
1464 1785 1525 1818 mei,
1543 1787 1605 1820 quia
1619 1794 1703 1812 temu-

917 1832 986 1858 latus
999 1839 1054 1858 sum
1070 1835 1161 1857 contra
1177 1831 1291 1865 iniquos,
1310 1838 1400 1864 pacem
1413 1830 1553 1864 impiorum
1566 1831 1655 1857 uidens
1669 1831 1702 1856 ".

916 1877 954 1904 De
968 1877 1045 1904 bonis
1061 1883 1125 1903 vero
1140 1877 1195 1910 ipsa
1213 1884 1261 1911 per
1273 1883 1302 1903 se
1315 1875 1420 1903 Veritas
1439 1877 1491 1903 ait:
1507 1876 1584 1906 Beati
1606 1877 1704 1903 mundo

921 1922 1007 1954 corde,
1020 1922 1143 1956 quoniam
1163 1921 1213 1955 ipsi
1232 1920 1316 1947 Deum
1339 1920 1502 1948 videbunt”.
1526 1919 1618 1947 Mundi
1630 1921 1703 1948 enim

922 1975 976 1995 non
999 1971 1061 1994 sunt
1077 1966 1169 1998 corde,
1186 1966 1232 2000 qui
1247 1966 1315 1992 mala
1329 1966 1458 1999 cogitant,
1472 1970 1519 1992 aut
1540 1966 1634 1993 nociva
1653 1966 1704 1993 ad-

922 2021 1018 2041 versus
1031 2012 1127 2039 fratres
1142 2019 1223 2045 suos;
1238 2012 1301 2046 quia
1315 2011 1383 2038 nihil
1397 2011 1459 2038 mali
1474 2012 1539 2044 vult,
1555 2012 1600 2046 qui
1617 2011 1704 2038 ﬁdelis

90 2059 205 2086 talitatis
233 2066 327 2086 curam
342 2058 505 2093 impendite,
519 2058 547 2085 in
563 2058 685 2085 oratione
706 2062 734 2085 et
745 2057 872 2093 lacrymis
888 2066 910 2093 ι)
922 2064 964 2088 est
977 2060 1008 2087 ".
1031 2059 1131 2087 Fidelis
1147 2060 1216 2094 ergo
1231 2058 1313 2085 homo
1325 2058 1412 2092 magis
1431 2057 1519 2092 diligit
1532 2056 1627 2084 audire
1643 2064 1705 2091 qua:

90 2146 102 2160 ⁸
120 2145 196 2173 Hier.
213 2153 256 2180 ep.
275 2146 288 2172 1
306 2150 333 2172 et
346 2144 390 2172 85.
427 2144 438 2159 '
458 2143 539 2180 Zacb.
555 2143 629 2180 171,8.
667 2143 678 2158 ⁸
697 2142 862 2180 Luc:_x.16.

90 2181 180 2213 deque
194 2179 290 2208 versis.
329 2180 340 2196 ⁸
353 2180 426 2207 Idem
440 2187 482 2213 ep.
504 2179 536 2205 21
564 2179 610 2206 lib.
625 2185 674 2205 vlt.

93 2213 225 2244 "Psalm.
251 2223 342 2248 mm,
355 2216 367 2241 l
381 2235 388 2247 ,
399 2215 428 2248 2,
445 2215 471 2242 5.
510 2214 532 2229 ³³
545 2213 640 2240 Matth.
655 2221 685 2246 v,
702 2213 728 2240 8.

131 2300 166 2336 β)
186 2299 300 2336 Propria
321 2306 373 2336 ore
388 2305 480 2336 corpus
510 2295 794 2336 Dantiniuconﬁciunt.
819 2295 870 2328 Qui

90 2331 163 2363 hanc
175 2335 211 2362 ob
227 2331 338 2361 causam
359 2333 519 2360 Pontianum
534 2332 608 2358 velut
622 2331 807 2365 blasphemum
826 2338 871 2357 ac-

92 2375 201 2402 rusanl,
219 2370 299 2397 iidem
316 2373 439 2396 sanctum
454 2366 657 2402 Hieronymum,
677 2366 870 2402 Augustinum.

93 2406 328 2441 Chrysostomum.
346 2403 469 2441 aliosque
488 2402 578 2441 plures
592 2401 717 2441 Ecclesiae
737 2401 877 2441 catholica

93 2435 188 2468 Patres
200 2440 365 2466 orthodnxos
379 2438 412 2464 de
425 2435 537 2465 crimine
549 2440 652 2464 notant.
667 2435 693 2462 in
706 2443 760 2470 quo
771 2436 875 2462 nullum

95 2484 159 2503 sane
174 2475 278 2502 crimen
293 2475 479 2501 demonstrare
491 2475 614 2506 possunt.
630 2470 739 2506 Hieron.
756 2471 782 2497 i-n
795 2471 874 2504 epist.

94 2511 127 2539 ad
148 2510 341 2537 Heliodorum:
360 2508 448 2540 Absit,
466 2505 569 2541 inquit,
587 2510 616 2532 ut
634 2506 666 2532 de
680 2505 720 2532 his
735 2505 876 2540 quidquam

94 2546 234 2579 sinistrum}
251 2545 355 2578 loquar,
375 2543 420 2577 qui
436 2540 578 2579 apostolico
598 2542 681 2576 gradu
700 2540 875 2572 succedentes,

95 2581 193 2608 Christi
216 2577 309 2614 corpus
323 2586 400 2605 sacro
422 2577 636 2614 ore_conﬁciunt,
656 2584 702 2614 per
716 2580 879 2614 quos‘etnos

97 2615 243 2643 Christiani
260 2610 368 2644 sumus,
388 2613 432 2647 qui
449 2610 539 2639 claves
550 2612 623 2647 regni
635 2611 758 2647 prelorum
781 2610 880 2647 haben-

99 2656 144 2683 tes,
159 2650 354 2686 quodammodo
367 2645 534 2686 anteiudicii
546 2645 615 2673 diem
626 2646 758 2686 judicant.
775 2645 806 2686 ,Α
813 2653 880 2686 ngu-

98 2679 184 2713 stinu's
205 2687 284 2720 epist.
305 2684 411 2716 12‘2,ad
430 2679 633 2720 “etot-ianum,
652 2681 697 2720 ubi
718 2681 751 2707 de
772 2679 881 2720 feminis

97 2722 208 2756 captivis
221 2715 290 2748 inter
305 2715 454 2747 barbaros:
474 2717 538 2749 Ora,
555 2717 661 2756 ἰηρυὶῑῇ
672 2715 752 2743 Deum
765 2723 817 2756 pro.
831 2715 878 2756 ei’s‘,

98 2761 121 2783 et
128 2749 206 2791 Iroga,
224 2761 252 2783 ut
267 2757 348 2782 etiam
363 2756 439 2791 ipsas
449 2757 540 2791 doceat
554 2749 619 2778 talia
633 2751 729 2791 dicere,
746 2750 836 2791 qualia

100 2785 208 2818 Andrias
226 2793 296 2819 inter
315 2785 414 2817 uetera
431 2789 459 2814 in
473 2788 588 2825 oratione
602 2792 625 2813 et
641 2786 800 2825 confessione
810 2785 881 2825 fudit

102 2828 132 2853 ad
147 2827 246 2859 Deum;
267 2827 305 2853 sic
321 2825 395 2852 enim
417 2822 554 2859 suntrillre
576 2822 604 2848 in
627 2827 697 2859 terra
720 2821 881 2859 captiuitatis

103 2870 160 2896 tute,
175 2855 304 2899 quomodo
321 2863 402 2888 erant
420 2857 462 2885 illi
481 2858 509 2885 in
521 2864 600 2891 terra,
615 2857 658 2884 ubi
674 2864 719 2884 nec
734 2855 883 2889 sacriﬁcare

723 2178 733 2194 '
753 2178 829 2218 [ire
848 2185 892 2218 ep-
910 2177 944 2205 τε
960 2178 1081 2218 Cissim
1099 2177 1133 2218 ,με

768 2213 789 2229 ⁸⁸
803 2212 872 2240 Sixti
886 2218 955 2240 sent.
972 2213 1041 2246 205,
1058 2217 1084 2240 et
1098 2212 1145 2239 ibi.

929 2142 983 2196 ξς,
999 2143 1078 2177 Greg.
1095 2149 1138 2203 ep.
1153 2141 1197 2182 7_0,
1214 2141 1261 2168 lib.
1283 2148 1320 2173 tx,
1337 2139 1432 2182 paucis
1446 2147 1495 2175 pro
1509 2146 1583 2165 more
1604 2146 1706 2172 susque
1753 2164 1755 2167 .

929 2196 944 2203 α
960 2178 1081 2203 eiiisdem
1122 2177 1184 2203 tbrt.
1258 2175 1279 2191 "
1294 2183 1338 2202 an.
1354 2175 1416 2202 205.
1490 2175 1510 2190 ¹¹
1525 2173 1591 2201 Luc.
1610 2181 1639 2203 ιι.
1661 2173 1704 2201 14.

1122 2173 1194 2205 ἱιπίέ
1258 2175 1279 2191 ’⁵
1294 2173 1416 2202 δυξῖὅῦ.
1446 2173 1455 2175 “
1490 2175 1510 2190 ¹¹
1525 2173 1591 2201 Luc.
1610 2181 1639 2205 ιι,
1661 2173 1704 2201 14.

923 2303 994 2322 more
1011 2301 1058 2320 suo
1077 2296 1198 2328 poterant
1223 2291 1350 2328 Domino.
1372 2290 1445 2328 sient
1457 2296 1503 2314 nec
1513 2288 1580 2328 ista:
1599 2291 1706 2328 possunt

923 2330 962 2356 uel
985 2329 1052 2363 ferre
1067 2322 1224 2355 oblationem
1243 2326 1280 2363 ad
1293 2325 1382 2363 altare
1397 2324 1456 2363 Dei.
1480 2323 1518 2349 vel
1536 2323 1650 2363 ingenim
1670 2322 1706 2363 ibi

924 2357 1146 2397 sacerdotemmcr
1155 2369 1228 2396 quem
1241 2360 1351 2393 offerant
1362 2359 1424 2385 Deo.
1434 2358 1550 2397 Sanetus
1564 2357 1705 2397 Clit-ysost.

929 2400 1010 2427 |ib.ttt
1020 2398 1056 2425 De
1064 2392 1219 2428 sacerdotio,
1227 2392 1390 2432 comparans
1396 2393 1576 2420 sacerdotium
1584 2400 1660 2432 novae
1669 2392 1709 2418 le-

947 2435 970 2462 is
985 2442 1046 2462 cum
1065 2432 1217 2460 sacerdotio
1228 2427 1326 2456 veteris
1341 2429 1422 2463 legis,
1438 2433 1581 2463 postquam
1596 2427 1709 2463 dixisset

946 2470 1081 2497 udaaorum
1094 2467 1243 2494 sacerdotes
1258 2472 1310 2491 non
1326 2462 1426 2497 lepram
1438 2462 1582 2497 'purgaSse,
1613 2462 1659 2488 sed
1676 2462 1712 2487 de

929 2497 1042 2542 purgata
1057 2500 1349 2542 duntaxatjndicasse:
1372 2497 1615 2542 ΝοξινξεξήίρίιξιίξΖ
1623 2504 1710 2542 scier:

930 2531 1044 2572 (rictibus,
1061 2546 1111 2565 non
1126 2531 1239 2570 corporis
1255 2535 1362 2572 lepratn,
1384 2535 1428 2559 sed
1442 2533 1537 2559 anima:
1553 2531 1641 2557 surdos
1659 2538 1711 2556 non

930 2576 989 2602 dico
1006 2569 1131 2609 purgatas
1146 2569 1272 2609 probare,
1288 2569 1333 2609 sed
1352 2575 1463 2609 purgare
1474 2573 1712 2609 prorsus-conare?

931 2619 990 2637 sum
1006 2602 1067 2636 last."
1081 2602 1156 2640 Quod
1185 2606 1266 2641 igitur
1288 2604 1439 2641 Pontianus
1454 2602 1504 2641 hic.
1521 2602 1635 2641 scribit,
1659 2608 1711 2641 per

933 2636 1209 2676 sacerdotesmcorpusv
1218 2639 1324 2667 Domini
1338 2638 1452 2676 comici,
1471 2637 1585 2676 aliorum
1607 2636 1712 2662 hostias

934 2688 949 2707 a
965 2680 1020 2707 Deo
1037 2679 1129 2713 recipi,
1148 2673 1255 2712 peccata
1272 2674 1411 2713 hominum
1426 2673 1631 2713 ᾳὶιιιὶιιίηριὶίειξι
1647 2677 1712 2713 ργα-

934 2705 1067 2743 batissimi
1091 2705 1214 2740 auct-ores
1245 2709 1363 2745 przcdicti
1386 2708 1580 2745 scripserunt,_
1597 2705 1712 2745 ideoque

934 2741 1006 2785 quod
1022 2741 1265 2785 Magdcburgenses
1289 2746 1315 2771 in
1340 2741 1471 2785 Pontiano
1493 2741 1712 2785 reprehendunt,

935 2775 1006 2813 riihii
1022 2775 1152 2811 estualiud
1169 2775 1249 2816 quam
1265 2788 1338 2807 mera
1348 2778 1500 2816 calumnia.
1519 2775 1644 2804 Bellar'm.
1663 2775 1711 2801 lib.

935 2812 962 2848 vt
974 2821 1012 2848 De
1026 2819 1137 2847 Roman.
1151 2812 1257 2852 p6ntif.,
1269 2822 1329 2850 cap.
1345 2815 1369 2843 8.
1383 2814 1445 2841 Ssv.
1458 2812 1515 2839 Βω-
