1883 3056
201 102 251 129 £65
764 104 924 132 I’ONTlANl

1081 96 1270 132 Erasmus.
1770 104 1813 132 illi

200 166 316 198 oportet,
331 170 412 198 quam
428 162 517 190 dicere
538 171 597 197 qua:
615 171 671 191 non
694 168 810 198 oportet.
833 163 866 191 Et
883 164 906 192 si
921 164 982 199 quis
996 166 1020 193 A
1033 172 1078 198 per
1090 172 1220 190 sermones
1234 168 1291 190 tuos
1307 162 1492 190 admirabitur.
1507 162 1750 191 Nocissimeautcm
1762 172 1816 198 per-

201 209 288 236 iidelis
300 213 351 241 est,
374 208 463 236 vident
488 217 522 236 tte
543 210 613 236 mala
637 211 773 245 loquatur,
793 215 840 237 aut
854 210 981 245 cuiquam
1034 214 1113 237 vertet
1134 218 1161 236 os
1185 217 1276 242 suum,
1293 214 1317 236 et
1339 210 1367 236 in
1384 210 1467 236 verbis
1486 209 1537 236 tuis
1559 210 1632 236 dabit
1653 210 1814 236 scandalum.

201 256 314 284 insidias
337 262 430 291 ponat.
451 257 478 284 In
501 257 552 284 hoc
576 264 639 292 ergo
663 257 855 283 discernuntur
870 256 918 283 ﬁlii
936 256 983 284 Dei
1035 254 1120 281 Multa
1137 254 1218 285 odivi,
1232 259 1320 281 etnon
1333 255 1464 289 coa'quavi
1475 255 1510 286 ci,
1524 260 1548 281 et
1563 255 1689 281 Dominus
1702 254 1772 281 odiet
1786 255 1816 281 il—

199 307 227 328 et
239 301 285 328 ﬁlii
301 302 411 330 diaboli.
427 302 486 329 Filii
506 310 622 337 namque
640 301 686 328 Dei
703 309 809 336 semper
826 302 945 338 cogitant
957 307 983 329 et
1033 300 1097 327 lum.
1113 299 1165 332 Qui
1179 300 1206 326 in
1222 300 1305 326 altum
1319 300 1433 335 lapidem
1448 300 1540 331 mittit,
1562 307 1639 334 super
1662 300 1719 334 ejus
1742 305 1815 344 caput

200 355 278 383 agere
293 348 461 375 contendunt
483 356 543 383 qute
563 348 609 375 Dei
627 352 701 380 sunt,
724 353 751 375 et
766 347 864 376 fratres
884 348 983 375 indesi-
1034 346 1118 378 cadet,
1136 351 1159 373 et
1181 345 1260 381 plaga
1284 346 1377 373 dolosa
1393 346 1478 373 dolosi
1502 346 1600 372 dividet
1625 346 1743 372 vuiaera.
1768 346 1816 378 Qui

199 398 293 421 neuter
307 394 445 427 adjuvant,
459 398 486 421 et
500 394 566 421 nulli
586 401 684 421 nocere
696 394 801 421 volunt.
817 394 878 421 Filii
892 398 942 421 aut

1072 392 1100 418 lit
1115 392 1226 426 foveam,
1243 392 1339 418 incidet
1352 392 1379 418 in
1394 391 1484 423 illam;
1499 395 1524 418 et
1540 391 1585 425 qui
1599 391 1692 418 statuit
1705 390 1815 424 lapidem

198 438 299 465 diaboli
311 443 421 466 econtra
445 439 513 466 mala
534 444 560 466 et
577 440 672 466 miciva
689 447 796 475 semper
809 440 981 473 meditantur,
1032 439 1163 473 proximo,
1184 437 1296 472 offendet
1316 438 1343 464 in
1363 445 1407 469 eo;
1426 442 1450 464 et
1464 438 1509 472 qui
1524 438 1645 472 laqueum
1661 438 1709 464 alii
1728 438 1816 472 ponit,

197 484 260 518 quia
278 491 358 518 opera
378 492 472 512 eorum
491 485 561 511 mala
582 489 655 512 sunt.
680 484 719 512 De
741 485 841 520 quibus
863 486 983 520 loquitur
1031 484 1124 517 peribit
1137 485 1164 511 in
1178 485 1234 512 illo.
1248 483 1368 511 Facienti
1380 484 1566 518 nequissimum
1579 484 1729 514 consilium,
1742 491 1817 517 super

196 528 329 557 Dominus
342 538 390 565 per
402 531 547 558 Jeremiam
562 532 733 566 prophetam,
751 532 860 560 dicens:
876 532 983 568 Loquar
1032 532 1117 565 ipsum
1137 531 1302 563 devolcetur;
1328 535 1352 557 et
1371 538 1422 556 non
1450 535 1585 565 cognoscet
1609 530 1677 557 unde
1700 531 1818 557 adveniet

191 575 298 609 judicia
319 584 375 603 mea
388 584 447 602 cum
461 577 509 608 eis,
531 585 610 611 super
630 578 700 604 omni
720 578 823 604 ntalitia
845 586 934 605 eorum
949 578 982 605 ”.
1032 577 1083 604 illi.
1105 576 1200 603 lllusio
1213 583 1237 603 et
1254 576 1438 611 improperium
1453 576 1634 610 superborum,
1656 581 1681 603 et
1703 576 1817 603 vindicta

197 620 340 655 Propterea
363 621 466 656 judicio
489 622 642 649 contendam
666 623 751 649 adhuc
774 623 920 655 vobiscum,
944 623 982 650 ait
1032 624 1099 650 sicut
1121 623 1159 649 leo
1173 623 1345 649 insidiabitur
1365 622 1416 648 illi.
1437 621 1542 656 Laqueo
1555 621 1676 656 peribunt
1690 622 1736 656 qui
1749 622 1818 648 oble-

199 665 334 699 Dominus,
351 671 375 693 et
387 675 443 693 cum
457 667 520 701 ﬁliis
537 668 628 694 vestris
644 667 793 702 disceptabo
808 668 839 694 “.
852 667 918 695 Ecce
936 676 982 703 ego
1032 674 1139 696 ctantur
1153 677 1216 696 casu
1234 669 1382 703 iustorum;
1403 668 1479 694 dolor
1498 674 1586 695 autem
1602 672 1735 694 consumet
1758 667 1817 694 illos

197 712 266 747 ﬁngo
286 717 376 739 contra
397 721 440 740 vos
456 714 565 746 malum,
580 719 604 741 et
619 715 703 749 cogito
718 720 809 741 contra
823 723 866 742 vos
883 716 982 750 cogita-
1032 721 1170 750 antequam
1188 716 1347 741 moriantur.
1371 714 1419 741 Ira
1430 719 1454 741 et
1474 713 1559 748 furor,
1577 718 1686 747 utraque
1701 721 1819 740 exsecra-

197 758 293 784 tionem
314 758 346 784 ”.
363 757 436 791 limo,
460 758 569 791 fratres,
585 760 662 787 valde
678 765 741 788 sunt
761 760 891 793 timenda,
907 766 934 788 et
948 761 982 788 ah
1033 761 1096 788 bilia
1111 765 1188 793 sunt;
1210 765 1234 787 et
1253 761 1292 788 vir
1310 764 1431 795 peccator
1445 760 1578 787 continens
1595 760 1644 786 erit
1663 759 1771 786 illorum
1784 759 1816 786 ".

195 804 323 832 omnibus
342 806 477 839 cavenda;
497 807 627 841 quoniam
650 814 732 841 super
751 814 831 841 quem
849 805 981 841 judicium
999 838 1015 841 Α»
1034 807 1085 841 Qui
1102 807 1232 834 vindicari
1247 807 1312 840 vult,
1337 815 1353 833 a
1371 805 1425 833 Deo
1440 806 1550 833 inveniet
1564 805 1708 832 vindictam
1724 809 1751 831 ct
1765 814 1819 839 pet--

195 849 243 876 Dei
257 851 394 884 ceciderit,
420 859 475 879 non
501 852 574 880 exiet
594 838 766 887 impun-itus.-
778 851 810 879 Et
825 838 885 879 ideo
899 860 983 880 unus-
999 838 1019 866 “
1035 838 1096 881 cata
1115 854 1187 881 illius
1208 838 1312 880 servans
1337 852 1459 880 servabit.
1484 852 1608 886 Relinque
1630 852 1751 885 proximo
1766 838 1818 878 tua

194 897 310 931 quisque
318 898 462 938 praevideat
474 907 507 926 ne
515 899 567 927 hoc
576 899 744 926 machinatur
757 903 802 926 aut
817 902 879 934 agat
890 899 917 925 in
929 898 984 926 fra-
1035 901 1137 928 nocenti
1153 906 1187 933 te,
1202 905 1226 928 et
1245 905 1305 927 tum:
1319 900 1469 934 deprecanti
1484 899 1530 926 tibi
1549 904 1657 933 peccata
1674 897 1818 925 solventur.

195 947 274 977 trem,
286 945 357 978 quod
373 944 429 980 ipse
442 946 496 980 pati
510 946 638 973 noluerit.
654 945 686 972 Et
698 953 747 973 nec
760 945 786 972 in
803 945 983 980 suspicionem
1036 947 1122 974 Homo
1140 947 1239 974 homini
1258 950 1370 973 reservat
1384 947 1468 977 iram,
1485 950 1510 972 et
1531 953 1547 972 a
1562 945 1616 972 Deo
1629 945 1724 980 quwrit
1739 945 1820 972 mede-

194 990 285 1017 voniat
301 991 382 1017 homo
395 991 491 1023 ﬁdelis,
509 997 538 1019 ut
552 993 625 1020 dicat
642 997 689 1019 aut
710 991 791 1018 faciat
809 999 839 1018 ea
857 999 917 1026 quae
929 991 984 1026 pati
1034 993 1110 1020 tam?
1124 992 1157 1019 In
1170 992 1299 1019 hominem
1317 991 1429 1018 similem
1448 991 1499 1018 sibi
1513 998 1565 1017 non
1580 990 1655 1017 habet
1669 991 1820 1017 miscricor-

194 1043 246 1062 non
262 1036 327 1063 vult.
345 1036 421 1064 Unde
441 1043 593 1072 suspectos,
613 1043 660 1066 aut
680 1038 808 1065 inimicos
823 1037 854 1070 ’⁸,
873 1041 919 1064 aut
944 1036 984 1064 fa-
1034 1039 1124 1072 diam,
1147 1042 1171 1065 et
1185 1038 1217 1065 de
1235 1038 1349 1072 peccatis
1369 1038 1424 1064 suis
1449 1036 1603 1071 deprecatur
1626 1035 1821 1062 Altissimum?

193 1081 245 1108 cile
259 1081 406 1117 litigantes,
421 1087 448 1110 et
463 1091 510 1111 eos
527 1084 574 1118 qui
596 1091 649 1110 non
668 1089 731 1111 sunt
744 1083 822 1110 boote
836 1090 982 1110 convcrsa-
1034 1084 1093 1119 Ipse
1105 1092 1164 1111 cum
1183 1092 1245 1110 caro
1262 1084 1312 1116 sit,
1331 1086 1443 1110 reservat
1460 1082 1527 1109 iram
1539 1103 1547 1114 ,
1564 1085 1588 1108 et
1605 1081 1819 1116 propitiationem

193 1126 285 1160 tionis,
308 1133 354 1155 aut
369 1136 485 1163 quorum
512 1130 567 1156 vita
581 1134 623 1157 est
641 1129 814 1162 accusabilis,
830 1133 856 1156 et
871 1128 917 1164 qui
940 1136 983 1156 rc-
1032 1132 1096 1166 petit
1109 1139 1126 1158 a
1140 1130 1213 1157 Deo?
1225 1129 1290 1163 Quis
1302 1129 1388 1156 orabit
1398 1137 1445 1163 pro
1460 1128 1563 1156 delictis
1580 1128 1673 1155 illius?
1688 1127 1820 1155 Memento

192 1176 263 1200 ctam
279 1180 333 1201 non
353 1179 445 1202 tenent
465 1179 493 1202 et
510 1176 608 1203 docent
628 1175 718 1207 ﬁdem,
736 1179 909 1203 accusatores
922 1181 982 1202 ossa
1033 1177 1242 1208 nouissimorum,
1258 1181 1282 1203 et
1299 1176 1386 1202 desine
1404 1175 1553 1207 inimicari;
1573 1173 1693 1201 tabitudo
1710 1174 1783 1200 enim
1796 1180 1819 1200 et

192 1224 219 1248 et
233 1225 326 1253 testes,
343 1225 370 1249 et
388 1226 576 1250 antecessores
595 1222 681 1250 nostri
704 1221 851 1256 apostolica
874 1221 981 1254 repule-
1032 1231 1101 1250 mors
1114 1222 1248 1249 imminent
1263 1221 1395 1248 mandatis
1409 1222 1443 1248 ¹².
1465 1220 1610 1247 Memorare
1626 1220 1744 1246 timerent
1758 1219 1819 1251 Dei,

192 1269 255 1292 runt
269 1266 439 1297 auctoritate,
455 1270 483 1294 et
495 1274 544 1294 nos
559 1267 763 1299 submovemus,
782 1270 862 1299 atque
882 1264 935 1291 [ιλιι

1078 1277 1119 1296 ton
1133 1269 1258 1296 irascaris
1269 1268 1399 1303 proximo.
1413 1267 1558 1294 Memorare
1575 1266 1724 1293 testamenti
1739 1266 1821 1292 Altis-

191 1312 358 1346 lemporibus
380 1312 562 1344 excludimus,
591 1320 624 1339 ne
647 1313 762 1340 libenter
785 1311 838 1339 labi
865 1311 979 1345 possint,
1031 1315 1109 1348 simi,
1126 1320 1150 1341 et
1169 1314 1271 1349 despice
1291 1313 1467 1349 ignorantiam
1481 1312 1605 1347 proximi.
1628 1311 1737 1337 Abstine
1756 1314 1784 1337 te
1805 1319 1820 1336 tt

191 1364 261 1391 quos
275 1365 326 1385 nos
343 1363 434 1385 tenere
451 1362 479 1385 et
495 1358 600 1385 salvare
613 1357 759 1385 debemus:
783 1364 816 1383 ne
831 1355 919 1391 (Quod
935 1356 981 1382 ³1)-
1031 1360 1086 1393 lite,
1103 1364 1127 1386 at
1144 1360 1243 1386 minues
1257 1363 1375 1394 peccata.
1393 1359 1477 1385 Ilomo
1489 1359 1559 1385 enim
1571 1357 1714 1384 iracundus
1730 1357 1821 1383 incen-

191 1402 245 1438 sit)
276 1404 433 1438 praedictum
455 1403 501 1431 Dei
523 1403 676 1438 judicium,
701 1410 756 1430 non
780 1407 884 1429 tantum
900 1409 931 1429 sn

1083 1405 1165 1436 litem.
1177 1409 1202 1432 et
1214 1405 1254 1432 vir
1264 1410 1386 1440 peccator
1399 1403 1515 1431 turbabit
1528 1404 1638 1436 amicos,
1652 1409 1676 1430 et
1693 1403 1721 1430 in
1732 1403 1819 1430 media

190 1455 321 1485 utrosque
332 1451 432 1483 veniat,
447 1451 494 1478 sed
506 1455 533 1478 ct
547 1458 599 1478 nos
614 1457 708 1478 eorum
725 1449 792 1476 vitio
805 1449 886 1484 (quod
909 1448 980 1476 Deus
1030 1459 1120 1486 pacem
1144 1451 1296 1478 habentium
1316 1451 1438 1478 immittet
1462 1449 1639 1477 inimicitiam.
1668 1448 1820 1476 Secundum

190 1497 311 1530 avertat)
344 1504 497 1532 pereamus.
520 1496 656 1531 Scriptum
674 1500 715 1523 est
733 1495 823 1522 enim:
847 1494 980 1521 Rectorem
993 1517 1014 1544 ε
1030 1497 1098 1524 enim
1119 1497 1191 1532 ligna
1205 1497 1294 1529 silete,
1315 1497 1352 1523 sic
1373 1496 1441 1530 ignis
1456 1494 1620 1526 exardescet;
1634 1498 1659 1521 et
1676 1493 1820 1520 secundum

190 1546 214 1568 te
230 1543 391 1576 posuerunt?
405 1551 495 1569 curam
508 1543 615 1570 iUorum
627 1541 702 1581 habe,
718 1545 746 1568 ut
762 1541 859 1568 lwlaris
876 1544 980 1574 propter
996 1540 1014 1544 “
1031 1544 1151 1570 virtutem
1165 1543 1288 1574 hominis,
1305 1543 1344 1569 sic
1358 1541 1495 1568 iracundia
1514 1541 1586 1568 illius
1599 1540 1665 1573 erit;
1682 1545 1707 1567 et
1725 1548 1820 1567 secun-

190 1587 263 1620 illos,
279 1592 303 1614 et
317 1593 500 1614 ornamentum
513 1588 606 1623 gratim
625 1587 739 1621 accipias
754 1593 887 1614 coronam.
902 1590 926 1612 et
939 1586 979 1612 di-
1031 1589 1093 1614 dum
1104 1588 1278 1615 substantiam
1297 1594 1373 1613 suam
1389 1585 1517 1613 exaltabit
1538 1585 1606 1612 iram
1620 1592 1706 1611 suam.
1725 1585 1820 1612 Certa-

190 1632 339 1665 gnationem
373 1632 541 1667 consequaris
578 1631 769 1666 corrogatianis
794 1631 824 1657 η.
861 1629 979 1657 Verbum
1031 1642 1088 1660 men
1101 1634 1253 1668 festinatum
1275 1633 1393 1659 incendat
1411 1633 1504 1667 ignem,
1528 1636 1552 1658 et
1576 1631 1608 1658 lis
1627 1631 1757 1666 festinans
1780 1631 1820 1665 ef—

189 1677 263 1704 enim
276 1685 392 1712 nequam
407 1678 533 1705 immutat
551 1685 608 1709 eor,
629 1685 661 1705 ex
681 1685 735 1712 quo
754 1682 871 1711 Quatuor
890 1681 979 1711 partes
1030 1680 1120 1714 fundet
1144 1680 1313 1715 sanguinem,
1329 1683 1353 1706 et
1367 1678 1458 1713 lingua
1481 1678 1625 1712 testiﬁcaris
1651 1677 1674 1693 “
1703 1677 1819 1704 adducet

188 1722 327 1755 oriuntur,
346 1722 448 1751 bonum
473 1727 500 1750 et
522 1722 635 1756 malum,
654 1722 708 1749 vita
727 1726 753 1749 et
773 1729 858 1754 mors,
885 1726 912 1748 et
930 1721 979 1748 do-
1029 1730 1149 1753 mortem.
1170 1725 1200 1753 Si
1214 1725 1356 1760 suﬁlaveris
1377 1725 1405 1751 in
1424 1723 1580 1756 scintillant,
1599 1723 1674 1758 quasi
1688 1723 1760 1758 ignis
1775 1731 1819 1750 ar-

187 1767 318 1794 minatrix
338 1772 381 1795 est
407 1775 501 1796 eorum
532 1768 641 1796 assidue
667 1768 768 1803 lingua.
799 1767 852 1795 Pro
878 1767 978 1795 talibus
1029 1770 1114 1802 debit;
1138 1776 1162 1797 et
1180 1770 1203 1797 si
1222 1769 1356 1804 exspueris
1374 1777 1452 1804 super
1470 1768 1557 1801 illam,
1579 1769 1779 1803 exstinguetur,
1795 1773 1819 1794 et

188 1813 309 1848 praedicti
321 1813 424 1841 vitandi
440 1813 586 1843 admodum
604 1818 676 1845 sunt,
695 1818 721 1841 et
735 1814 893 1849 priusquam
910 1821 978 1848 prae-
1029 1821 1139 1852 utraque
1155 1824 1187 1843 ea:
1207 1823 1250 1843 ore
1270 1815 1484 1850 proficiscuntur.
1508 1813 1623 1841 Susurro
1643 1818 1667 1840 et
1692 1813 1819 1849 bilinguis

188 1859 267 1886 dicta:
279 1859 442 1886 enucleatim
457 1860 648 1887 examinentur
662 1860 816 1894 opiniones,
837 1865 864 1888 et
880 1859 913 1887 ab
925 1860 977 1888 illis
1029 1863 1184 1890 maledictus
1198 1883 1205 1895 ,
1222 1861 1317 1888 multos
1339 1861 1408 1887 enint
1433 1859 1546 1887 turbavit
1568 1867 1658 1894 pacem
1682 1859 1817 1886 habentes.

187 1904 270 1932 alieni
294 1905 479 1938 inveniantur,
498 1913 558 1932 non.
573 1910 638 1932 sunt
654 1906 830 1941 suscipiendi,
849 1907 977 1941 quoniam
1028 1908 1132 1944 Lingua
1145 1908 1221 1935 tertia
1239 1907 1334 1934 multos
1356 1906 1503 1938 commovit,
1526 1910 1550 1932 et
1570 1905 1693 1940 dispersit
1709 1905 1771 1931 illos
1788 1905 1819 1931 de

187 1950 349 1984 sacriﬁcium
371 1950 488 1977 salutare
510 1955 559 1984 est,
570 1951 701 1978 attendere
723 1952 866 1983 mandatis,
882 1955 906 1978 et
922 1951 978 1978 dis—
1027 1961 1100 1990 gente
1115 1956 1142 1981 ῑη
1152 1959 1261 1990 gentem,
1282 1953 1405 1980 σίυίιαιεε
1420 1951 1531 1978 diuitum
1544 1951 1658 1977 munitas
1673 1950 1697 1966 ιι
1711 1950 1819 1976 desim-

186 1996 277 2023 cedere
295 1995 326 2022 ab
338 1996 409 2022 omni
422 1996 571 2031 iniquitate.
588 1995 786 2031 Beneplacitum
810 2001 848 2023 est
864 1996 976 2024 Domino
1026 2002 1076 2033 πίε,
1091 2005 1117 2028 et
1132 2001 1221 2027 domos
1241 2003 1392 2034 magnotum
1409 1997 1510 2032 e/l'odit.
1534 1996 1648 2024 Virtutes
1659 1995 1818 2031 populorum

187 2043 306 2070 recedere
320 2042 352 2069 ab
364 2043 520 2078 iniquitate;
537 2047 562 2070 ei
579 2042 710 2074 laudatio.
727 2042 844 2070 recedere
858 2042 890 2069 ab
906 2043 930 2069 in

1077 2047 1185 2080 cidit,et
1196 2051 1280 2081 gentes
1296 2045 1376 2079 fortes
1390 2043 1519 2071 dissolvit.
1542 2042 1647 2076 Lingua
1661 2042 1740 2068 tertia
1758 2049 1818 2067 mu—

187 2089 263 2116 stitia
272 2089 305 2116 '°.
321 2088 454 2122 Quoniam
466 2090 597 2124 scriptum
615 2094 656 2117 est
677 2098 682 2116 :
698 2089 784 2125 Dilige
804 2090 952 2124 proximum
967 2109 974 2121 ,
1027 2093 1102 2119 lieres
1114 2092 1214 2118 viratas
1226 2091 1248 2106 ’⁸
1263 2090 1351 2125 ejecit,
1363 2095 1387 2117 et
1399 2089 1510 2124 privavit
1526 2088 1585 2115 illas
1600 2087 1733 2113 laboribus
1747 2087 1816 2113 suis.

185 2141 209 2162 et
224 2135 378 2170 conjungere
393 2136 445 2170 ﬁde
457 2144 515 2162 cum
530 2136 586 2164 illo.
598 2135 673 2169 Quod
687 2137 709 2163 si
723 2135 894 2162 denudat-eris
916 2137 975 2162 abs-
1028 2135 1080 2168 Qui
1092 2134 1196 2168 respicit
1209 2133 1294 2164 illam.
1310 2141 1360 2160 non
1375 2133 1479 2160 habebit
1491 2132 1613 2167 requiem,
1626 2139 1672 2158 nec
1683 2131 1818 2157 habitabit

186 2189 265 2207 consa
294 2181 379 2213 illius,
404 2190 455 2208 non
474 2183 634 2217 persequeris
651 2186 708 2217 post
722 2190 790 2209 eum.
815 2181 889 2208 Sicut
907 2182 976 2208 enint
992 2186 1013 2213 ι)
1028 2189 1087 2207 cum
1108 2181 1195 2216 requie
1217 2180 1250 2207 ’⁵.
1274 2179 1389 2215 Flagelli
1404 2179 1482 2214 plaga
1502 2178 1609 2205 livorem
1631 2178 1712 2212 facit,
1734 2178 1817 2212 plaga

185 2225 261 2252 homo
274 2227 319 2261 qui
333 2227 417 2261 perdit
432 2228 545 2254 anticum
560 2237 647 2260 suum,
665 2228 702 2254 sic
719 2228 763 2262 qui
786 2228 871 2262 perdit
886 2228 975 2254 amici—
1026 2232 1113 2254 autem
1132 2226 1230 2261 linguw
1251 2226 1407 2253 comminuet
1429 2233 1499 2252 ossa.
1522 2224 1600 2251 Multi
1619 2223 1770 2250 ceciderunt
1789 2224 1818 2250 in

185 2273 250 2299 tiam
262 2273 376 2306 proximi
388 2273 440 2300 sui.
457 2273 490 2300 Et
501 2274 569 2301 sicut
586 2274 631 2309 qui
644 2274 752 2301 dimittit
765 2282 836 2302 avem
849 2274 880 2300 de
894 2282 974 2300 manu
1025 2281 1069 2299 ore
1083 2272 1182 2308 gladii;
1203 2272 1247 2300 sed
1261 2280 1312 2298 non
1331 2272 1379 2305 sic,
1397 2271 1525 2306 quomodo
1537 2270 1582 2305 qui
1598 2270 1754 2297 interierunt
1770 2277 1819 2303 per

183 2325 244 2348 sua,
261 2318 298 2344 sic
310 2318 355 2352 qui
366 2318 529 2354 dereliquisti
543 2320 692 2354 proximum
708 2325 793 2353 tuum,
811 2324 899 2346 etnon
915 2327 973 2346 eum
1027 2319 1143 2354 linguam
1164 2327 1249 2346 suam.
1278 2318 1374 2345 Beatus
1392 2318 1436 2352 qui
1458 2321 1540 2344 tectus
1566 2320 1604 2343 est
1627 2324 1642 2342 α
1662 2315 1754 2350 lingtta
1767 2324 1818 2342 ne-

183 2364 281 2397 capies.
305 2362 366 2390 Non
391 2364 467 2391 illum
494 2366 630 2400 sequaris,
653 2366 776 2400 quoniam
794 2365 869 2400 longe
889 2365 971 2392 abest.
1026 2373 1114 2400 quam,
1133 2366 1177 2400 qui
1191 2366 1218 2391 in
1236 2364 1402 2391 iracundiam
1419 2363 1492 2390 illius
1508 2371 1558 2389 non
1573 2362 1706 2394 transivit,
1726 2367 1751 2388 et
1769 2362 1818 2396 qui

184 2407 286 2443 E/fugit
301 2409 370 2436 enim
383 2410 459 2444 quasi
474 2418 567 2445 caprea
585 2411 617 2438 de
637 2411 739 2446 laqueo,
759 2411 821 2446 quia
837 2411 973 2437 vulnerata
1026 2420 1077 2439 non
1091 2411 1204 2439 attraxit
1214 2411 1308 2446 jugum
1328 2411 1394 2445 ejus,
1411 2416 1437 2438 et
1451 2410 1561 2437 vinculis
1582 2410 1638 2444 ejus
1655 2417 1707 2435 non
1725 2414 1764 2435 est
1787 2409 1821 2435 li-

181 2460 220 2482 cet
240 2456 331 2483 anima
349 2457 415 2492 ejus.
436 2457 511 2484 Ultra
532 2465 592 2485 eum
612 2466 663 2485 non
678 2459 774 2493 poteris
790 2458 930 2493 colligare,
951 2463 976 2485 et
1027 2463 1113 2493 gaius.
1131 2457 1230 2492 Iugum
1245 2458 1313 2484 enim
1327 2457 1401 2483 illius
1415 2456 1510 2491 jugum
1523 2455 1633 2489 ferreum
1649 2460 1697 2487 est,
1719 2459 1744 2481 et
1758 2455 1821 2481 vin-

182 2501 317 2529 malcdicti
335 2507 375 2529 est
405 2503 584 2530 concordatio.
612 2499 752 2530 Denudare
782 2508 869 2531 autem
894 2503 973 2530 amici
1025 2503 1114 2530 culum
1128 2503 1200 2530 illius
1228 2503 1358 2530 vinculum
1376 2510 1472 2530 (ereum
1486 2507 1534 2529 est.
1550 2501 1623 2528 Mors
1638 2500 1723 2533 illius,
1743 2509 1819 2527 mors

181 2548 328 2582 mysteria,
349 2549 496 2582 desperatio
523 2553 563 2576 est
585 2549 681 2577 anima:
700 2549 825 2584 infelicis.
849 2550 972 2576 Annucns
1025 2549 1200 2583 nequissima;
1221 2552 1245 2575 et
1262 2548 1335 2575 utilis
1351 2547 1438 2583 potius
1451 2547 1568 2581 infernus
1580 2554 1658 2581 quttm
1669 2544 1727 2572 illa.
1750 2545 1819 2571 Per-

181 2593 256 2620 oculo
269 2594 384 2626 fabricat
404 2594 506 2629 iniqua,
519 2600 544 2621 et
561 2602 636 2621 nemo
650 2603 710 2621 eum
728 2595 842 2628 objiciet.
860 2595 893 2622 In
906 2603 968 2621 con-
1024 2595 1169 2622 severantia
1185 2594 1258 2622 illius
1282 2603 1334 2621 non
1354 2594 1524 2628 permanebit,
1545 2593 1589 2619 sed
1612 2592 1737 2619 obtinebit
1758 2592 1819 2617 vias

181 2644 270 2673 specta
282 2639 416 2667 oculorum
439 2644 543 2667 tuorum
561 2640 725 2668 conculcabit
737 2649 765 2667 os
786 2649 873 2673 suum,
888 2646 913 2668 et
926 2650 971 2668 su—
1022 2641 1196 2676 injustorum,
1213 2646 1237 2668 et
1253 2641 1277 2661 ³⁷
1291 2641 1400 2675 ﬂamma
1423 2647 1472 2666 sua
1492 2647 1545 2666 non
1562 2638 1692 2665 comburet
1709 2637 1817 2672 justas.

217 2729 239 2744 "
250 2728 349 2757 Jerem.
377 2738 401 2762 t,
417 2731 459 2769 16ἶ
484 2766 489 2769 _
520 2731 652 2769 “legem.
672 2740 710 2769 tt_.
731 2732 764 2769 9ζ
809 2733 830 2749 ’⁷
844 2732 944 2761 Jerem.

1071 2736 1108 2765 ll.
1161 2736 1181 2752 ³⁸
1194 2735 1261 2762 Sitti
1277 2734 1397 2769 ejusdem
1411 2734 1543 2762 sent.108
1559 2738 1585 2760 et
1600 2732 1659 2760 169.
1677 2733 1712 2769 5,
1730 2740 1758 2767 q.
1776 2732 1814 2769 5:

182 2763 327 2804 ﬁuspcctos
342 2770 433 2804 autem
453 2766 662 2804 ini.;7et_2,_»q.
686 2767 701 2793 7
719 2776 725 2794 :
747 2766 926 2804 Quaerendum
940 2776 995 2803 est;
1010 2763 1077 2798 et'in
1092 2763 1193 2799 decret.
1222 2763 1299 2797 Ινοηῖ
1314 2769 1360 2796 lib.
1377 2777 1412 2796 tv.
1452 2770 1473 2784 ”
1487 2769 1570 2796 Eccli.
1588 2776 1673 2804 xxxii,
1695 2763 1770 2804 1η
1784 2768 1814 2794 5-

217 2797 401 2843 ξῖξδξξξςδκινζν
416 2801 443 2833 2.
458 2802 484 2842 ὃς
512 2797 544 2818 ’¹¹
562 2797 651 2830 Ερὲιίῖ
663 2797 856 2843 μιχνιιξίὶξςὸβ.
896 2805 918 2820 ¹²
930 2805 956 2833 in
970 2797 1192 2843 mandatis-eius;
1228 2806 1251 2822 "
1266 2805 1407 2833 festinans.
1445 2805 1469 2821 ”
1481 2809 1610 2832 muralas.
1635 2797 1816 2832 “veridicae

180 2832 204 2848 “
217 2833 324 2862 habebit
341 2836 458 2864 amicum
478 2837 505 2865 in
519 2845 574 2873 quo
595 2832 754 2872 requiescat.
792 2839 813 2855 ’7
827 2839 864 2867 in.
