1861 3052
195 70 243 98 161

895 78 1022 107 ANTERI
1038 78 1136 107 PAF/8

1755 83 1800 111 tts

198 165 1788 190 Ἦ,-

731 247 984 293 ΝΟΤΙΤΙΑ
1025 249 1258 296 ALTERA

706 338 747 370 (D.
765 338 896 370 Consum,
908 339 1020 371 Epistolas
1030 341 1099 366 Rom.
1112 344 1188 373 pont.,
1200 342 1219 373 1,
1233 342 1301 374 118.)

222 449 349 483 Anterus,
367 450 405 478 uti
425 451 482 486 jam
498 458 512 478 e
531 451 660 485 catalogis
683 451 849 484 Fossatensi,
867 452 972 480 Buche-
986 456 1007 483 Α
1021 453 1092 481 sicut
1107 457 1134 480 et
1156 453 1252 480 mortis
1269 452 1364 480 Antcri
1388 453 1446 481 dies
1463 454 1645 481 numerandos
1666 462 1721 481 non
1747 462 1802 482 esse

187 497 263 523 riano
280 497 318 531 (in
335 505 389 532 quo
403 499 515 524 Anteros
530 498 700 533 appellatur),
715 503 741 525 et
757 499 856 532 regina:
872 498 970 526 Sueco-

188 551 247 570 rum
272 543 437 575 audivimus,
454 553 481 571 ιι
497 543 633 571 Kalendas
658 544 817 576 Decembris,
831 544 924 572 Severo
948 550 972 572 et

188 589 361 621 Quintiuiaao
379 591 546 623 consulibus,
568 591 620 618 hoc
643 594 684 618 est
701 598 773 617 anno
785 590 852 623 255,
871 592 972 619 mensis

186 635 346 664 Novembris
358 636 390 663 21
408 636 461 669 die,
475 637 612 663 ordinatus
626 641 673 667 est,
688 641 768 671 alque
786 641 812 663 ut
829 637 855 663 in
876 637 970 664 iisdem

187 680 317 716 catalogis
331 681 437 715 legitur,
453 689 537 708 mense
551 689 602 707 uno
616 689 646 707 ac
661 681 750 707 diebus
765 681 850 707 decem
866 681 892 707 in
904 689 971 716 pon-

187 727 289 753 tificatu
308 727 421 760 exactis,
443 727 550 753 dormiit
563 735 591 754 ιιι
608 726 698 754 Nonas
713 726 838 753 Januarii
852 726 970 754 Maximo

187 772 254 807 (leg.
275 772 439 806 Maximino)
459 777 483 799 et
505 773 632 807 Africano
657 772 826 806 consulibus,
853 773 904 800 huc
930 778 970 800 est

185 825 257 845 anno
271 818 333 850 236,
348 818 469 846 Januarii
487 819 566 845 tertio
583 819 636 850 die,
660 826 714 853 quo
738 818 819 844 etiam
837 819 969 845 memoria

186 863 260 891 illius
289 865 315 890 in
343 863 542 900 Martyrologiis
567 864 705 891 recolitur.
735 863 770 891 Ut
796 868 885 890 autem
918 863 969 891 iste

185 911 267 937 unius
290 911 393 938 mensis
418 918 449 937 ac
473 911 566 938 decem
590 911 714 944 dierum,
730 911 775 946 qui
797 910 899 937 Antero
916 910 966 937 tri-

185 955 315 988 buuntur,
331 956 451 984 calculus
475 957 554 992 plane
568 957 692 991 quadret,
709 965 735 984 lx
751 956 886 983 Kalendas
903 955 966 982 Duc.

188 1008 238 1035 pro
262 1009 287 1028 xl
312 1000 448 1028 Kalendas
477 1001 537 1029 Dec.
562 1002 715 1036 legendum,
739 1006 776 1036 et,
792 1001 970 1028 ordinationis

1025 498 1214 526 Tillemontius
1231 499 1364 526 observat.
1379 498 1406 526 ln
1418 504 1524 527 vetusto
1538 499 1695 527 Corbeiensi
1713 501 1803 528 codice

1025 545 1126 572 mensis
1146 552 1216 571 unus
1234 552 1265 571 ac
1278 544 1335 571 dies
1351 545 1475 572 undecim
1498 546 1599 572 Antcro
1618 546 1802 574 ascribuntur.

1024 589 1155 617 Eusebius
1175 589 1284 624 quidem
1307 598 1390 617 unum
1414 591 1545 618 duntaxat
1563 599 1682 618 mensem
1701 581 1802 619 memo-

1024 642 1086 663 rat:
1103 635 1148 662 sed
1166 635 1232 662 nihil
1257 635 1318 663 inde
1343 636 1472 663 adversus
1497 636 1558 664 illos
1580 637 1638 664 dies
1650 638 1801 664 conficitur.

1024 680 1255 714 Quemadmodum
1275 681 1346 708 enim
1361 682 1507 709 historicus
1522 682 1566 721 ille
1582 682 1608 709 in
1621 683 1682 710 aliis
1697 684 1804 718 pontili-

1026 727 1102 755 cibus
1128 732 1192 762 quot
1215 728 1329 762 quisque
1349 735 1434 755 annos
1459 729 1634 762 apostolicam
1654 730 1748 756 sedem
1765 735 1802 757 te-

1022 774 1120 807 nuerit,
1136 782 1190 800 non
1203 773 1338 808 adjunctis
1351 774 1489 801 mensibus
1502 779 1548 802 aut
1562 775 1669 808 diebus,
1684 775 1804 803 indicare

1022 819 1089 846 satis
1111 819 1207 852 habet,
1222 819 1259 846 ita
1283 824 1309 846 et
1326 819 1370 846 hic
1396 819 1442 846 ubi
1461 820 1519 847 dies
1538 821 1656 854 omittit,
1686 822 1756 848 nihil
1771 822 1802 848 ab

1022 865 1073 892 hoc
1089 872 1165 892 more
1178 871 1227 891 suo
1241 864 1357 891 alienum
1373 864 1446 891 facit.

1055 909 1149 937 Anteri
1166 909 1354 937 circumfertur
1368 911 1446 938 unica
1459 911 1582 946 epistola,
1594 919 1654 946 quae
1667 911 1802 940 lsidorum

1019 961 1161 992 parentem
1178 955 1281 982 habuit.

742 1156 1009 1214 ANTERI
1052 1138 1252 1211 PAP/E

820 1267 1115 1315 EPISTOLA
1148 1259 1188 1295 (⁸)

602 1357 639 1385 De
659 1362 802 1385 mutatione
823 1357 1001 1391 episcoporum
1022 1351 1142 1389 [aedium
1167 1350 1381 1387 episcopalium].

218 1427 391 1456 Charissimis
407 1427 536 1454 fratribus
549 1434 597 1462 per
624 1426 755 1454 Bceticam
784 1429 864 1460 atque
879 1425 888 1440 ί
915 1420 971 1449 Τυ-’
983 1424 1003 1451 Β
1018 1421 1083 1450 dicit
1095 1427 1155 1448 esse
1171 1419 1317 1455 superﬂua,
1335 1427 1409 1454 Spem
1422 1426 1474 1446 non
1487 1418 1589 1447 habens
1602 1419 1635 1447 de
1649 1418 1765 1455 futuris,
1779 1426 1804 1447 et

183 1475 298 1502 lctanam
314 1473 469 1509 provincias
488 1472 621 1508 episcopis
635 1471 790 1499 constitutis
800 1491 807 1504 ,
835 1470 962 1496 Annuus

182 1521 325 1556 episcopus
343 1520 369 1546 in
389 1519 503 1546 Domino
523 1518 649 1545 salutem.

218 1565 357 1600 Optarem,
376 1563 473 1590 fratres
491 1562 661 1594 charissimi,
681 1568 786 1596 semper
811 1559 963 1587 dilectionis

181 1615 210 1639 et
225 1611 300 1645 pacis
315 1615 410 1637 vestrae
430 1608 593 1636 sinceritatis
615 1607 712 1644 gaudia
727 1606 822 1634 audire
835 1606 856 1637 ',
878 1605 914 1632 ita
935 1609 964 1632 ut

182 1657 303 1684 vicissim
328 1654 543 1682 discurrentibus
566 1653 663 1681 litteris
696 1652 834 1687 sospitatis
860 1650 962 1678 indicia

181 1702 352 1736 iuvarentur,
370 1699 392 1726 si
407 1699 512 1733 quietos
527 1706 577 1726 nos
592 1699 625 1725 ab
639 1698 793 1725 incursione
804 1704 850 1724 sua
866 1702 963 1722 vacare

182 1747 269 1775 hostis
286 1747 413 1780 antiquus
427 1745 543 1773 sineret:
559 1745 605 1779 qui
619 1745 650 1771 ab
664 1745 739 1771 initio
754 1747 866 1770 mendas:
879 1743 900 1775 ³,
915 1742 963 1769 ini-

181 1792 271 1819 micus
284 1791 415 1822 veritatis,
431 1790 545 1817 :emulus
562 1790 689 1822 hominis,
708 1797 787 1824 quem
811 1793 840 1815 ut
854 1788 962 1822 decipe-

181 1841 233 1869 ret,
248 1843 277 1864 se
295 1840 357 1863 ante
372 1836 486 1869 decepit,
501 1835 636 1869 pudicitiae
649 1834 830 1866 adversarius,
845 1833 960 1860 luxuria:

182 1882 326 1918 magister;
339 1880 544 1908 crudelitatibus
557 1880 687 1915 pascitur,
704 1880 864 1907 abstinentia
880 1879 960 1915 puni-

180 1933 242 1961 tur;
256 1927 313 1955 odit
322 1927 436 1963 jejunia,
450 1927 582 1954 ministris
594 1927 652 1954 suis
661 1927 879 1962 prasdicantihus,
893 1926 958 1953 dum

217 2007 227 2022 ί
243 2014 297 2046 [ton
310 2006 415 2046 probat.
432 2006 494 2046 Ant.
505 2006 575 2046 βας.
592 2007 620 2034 in
634 2014 694 2041 cap.
707 2006 741 2033 62
757 2006 819 2034 coll.
834 2006 946 2033 Adriani
960 2013 1046 2041 papae.

179 2050 226 2075 xv,
242 2042 287 2069 52.
323 2041 333 2058 ⁸
350 2041 418 2068 idem
433 2041 555 2068 Siricius.

1013 1466 1135 1502 Apostoli
1149 1465 1283 1494 sententia
1298 1472 1484 1499 repercussus,
1497 1465 1630 1493 dicentis:
1647 1465 1798 1493 Mandata-

1012 1521 1069 1540 mus
1093 1517 1117 1539 et
1141 1511 1273 1542 bibamus,
1291 1519 1350 1537 cras
1372 1511 1441 1536 enim
1461 1510 1602 1537 moriemur
1622 1510 1643 1537 ⁸.
1662 1510 1684 1538 Ο
1703 1511 1803 1538 infelix

1014 1558 1138 1590 audacia,
1153 1564 1170 1583 0
1181 1557 1327 1591 desperata:
1342 1555 1440 1582 mentis
1451 1556 1561 1582 astutia!
1577 1555 1634 1590 Ipse
1648 1556 1720 1583 enim
1736 1557 1807 1583 lior—

1014 1608 1086 1631 tatur
1102 1602 1175 1634 odia,
1197 1607 1223 1628 et
1239 1601 1314 1636 fugat
1330 1600 1514 1628 concordiam.
1535 1600 1569 1627 Et
1588 1601 1651 1636 quia
1670 1601 1756 1629 facile
1772 1602 1806 1628 λι

1014 1650 1172 1677 deteriorem
1192 1652 1296 1683 partem
1318 1655 1394 1674 mens
1418 1647 1536 1674 humana
1558 1647 1754 1675 trausducitur
1777 1649 1806 1681 ',

1013 1696 1108 1724 volens
1119 1702 1206 1728 magis
1222 1701 1269 1728 per
1285 1694 1432 1728 spatiosam
1459 1693 1529 1720 viam
1547 1693 1697 1726 ambulare,
1714 1702 1805 1729 quam

1013 1746 1096 1769 arcta:
1112 1741 1163 1768 viae
1179 1741 1230 1768 iter
1246 1748 1307 1767 cum
1322 1739 1414 1766 labore
1432 1738 1557 1765 transire.
1570 1738 1628 1771 Qua
1642 1739 1675 1766 de
1687 1747 1726 1772 re,
1745 1740 1806 1768 fra-

1013 1793 1066 1816 tres
1082 1787 1261 1819 dilectissimi,
1278 1785 1420 1814 sectamini
1437 1785 1559 1818 meliora,
1586 1790 1612 1812 et
1632 1793 1745 1821 semper
1763 1795 1806 1814 re-

1011 1833 1125 1869 linquite
1141 1833 1283 1861 deteriora.
1302 1831 1375 1859 Bona
1389 1831 1459 1865 agite
1471 1852 1477 1864 ,
1494 1830 1564 1857 mala
1581 1831 1674 1863 vitate,
1694 1835 1727 1858 ut
1740 1840 1806 1859 vere

1011 1879 1137 1914 discipuli
1152 1878 1260 1906 Domini
1271 1885 1332 1905 esse
1347 1875 1533 1904 inveniamini.

1047 1926 1085 1954 De
1098 1925 1248 1953 mutatione
1271 1930 1336 1958 ergo
1351 1922 1537 1957 episcoporum
1557 1920 1605 1957 (5),
1620 1921 1714 1949 unde”
1735 1930 1805 1950 san-

1671 2003 1683 2018 ⁸
1701 2002 1712 2030 I
1728 2004 1799 2032 Cor.

1095 2005 1106 2021 ί
1121 2004 1236 2032 Siricius
1247 2011 1290 2038 ep.
1304 2002 1332 2029 2.
1381 2003 1392 2018 ⁸
1406 2001 1485 2030 Joan.
1503 2010 1563 2036 vni,
1577 2001 1622 2029 Η.

180 2099 276 2126 Exstat
291 2099 370 2126 etiam
391 2099 499 2134 elegans
515 2099 680 2134 epigramma
696 2097 810 2134 Ausonii
821 2096 860 2134 ad
883 2100 961 2123 nota-
974 2098 995 2126 C
1013 2095 1097 2134 rectos
1113 2095 1241 2134 martyrio
1255 2095 1369 2122 afﬁcitur
1385 2095 1428 2122 die
1440 2094 1457 2122 5
1470 2093 1602 2134 Januarii,
1619 2102 1695 2123 coss.
1712 2096 1806 2124 Maxi-

180 2135 250 2161 rium
269 2142 348 2162 suum
362 2132 490 2162 velociter
501 2132 691 2169 excipientem,
704 2133 747 2160 his
757 2132 881 2160 versibus
895 2139 962 2159 con-

180 2175 285 2197 teutum
296 2179 303 2197 τ

319 2235 405 2268 Quam
418 2235 539 2270 prwpetis
551 2234 650 2261 dextra
665 2234 727 2268 fuga

320 2271 360 2298 Tu
383 2268 422 2297 me
433 2268 578 2305 loquentem
590 2269 715 2304 prwvenis

320 2306 395 2338 Quis,
409 2303 506 2340 auerso,
524 2305 581 2340 quis
596 2312 634 2330 me
650 2303 788 2338 prodidit?

319 2341 384 2372 Quis
399 2339 451 2367 ista
466 2341 524 2375 jam
540 2340 606 2365 dixit
622 2339 680 2371 tibi,

318 2376 384 2407 Qme
403 2374 549 2410 cogitabant
565 2374 671 2400 dicere?

321 2411 386 2442 Quae
399 2409 469 2444 furta
486 2409 562 2436 corde
575 2410 601 2435 in
620 2409 714 2435 intimo

320 2445 430 2472 Exercet
452 2445 505 2471 ales
519 2444 646 2470 dextera?

320 2479 386 2511 Qui;
400 2480 463 2506 ordo
476 2486 562 2506 rerum
576 2483 629 2504 tam
640 2485 732 2510 navus,

326 2514 417 2541 Veniat
434 2515 461 2541 in
477 2521 553 2540 aures
567 2518 594 2538 ut
610 2518 669 2539 tuas

319 2550 395 2582 Quod
407 2549 497 2584 lingua
514 2547 629 2577 nondum
644 2546 802 2574 absolverit!

178 2618 245 2652 Qua:
264 2617 426 2653 igiturrActa
449 2620 609 2653 martyrum,
630 2616 707 2653 jussu
729 2614 887 2653 Clementis,
910 2625 957 2652 per

179 2650 302 2681 notarios
326 2652 439 2679 fideliter
463 2650 617 2684 conscripta
642 2650 764 2682 fuerant‘,
787 2658 817 2678 ca
840 2650 956 2680 Antei-us

178 2688 299 2723 pontifex
313 2687 453 2723 diligenter
466 2685 640 2720 conquisivit,
656 2690 729 2723 etne
749 2686 789 2723 vel
803 2687 954 2723 interirent,

179 2721 220 2749 vel
242 2723 276 2749 ab
290 2722 405 2749 ethnicis
423 2725 671 2756 corrumperentur,
689 2721 715 2747 in
727 2721 840 2749 ecclesia
857 2730 954 2750 recon-

179 2758 256 2785 didit.
271 2757 451 2790 Quamobrem
463 2757 497 2784 ad
511 2755 612 2783 Iulium
625 2755 800 2783 Maximinum
814 2757 954 2791 imperato-

178 2800 247 2825 rem,
263 2793 309 2827 qui
327 2793 513 2820 sacerdotibus
529 2795 670 2827 cruentum
694 2791 793 2827 bellum
811 2793 954 2824 indixerat,

179 2825 294 2861 delatus,
307 2835 353 2863 per
365 2827 527 2856 Vitalianum
540 2831 587 2855 aut
598 2825 728 2855 Sabiumu
742 2826 878 2855 Maximini
891 2836 956 2863 prae-

1013 2131 1088 2158 mino
1107 2134 1134 2156 et
1154 2123 1292 2161 Africano,
1313 2137 1430 2165 quorum
1450 2123 1608 2165 consulatus
1628 2138 1696 2165 cum
1725 2123 1806 2159 anno

1011 2165 1113 2192 Christi
1133 2165 1185 2191 238
1207 2169 1234 2191 et
1257 2164 1328 2192 anno
1351 2166 1368 2192 2
1396 2164 1505 2200 imperii
1525 2164 1665 2192 Maximini
1691 2167 1807 2194 coinci-

1011 2201 1060 2227 dit.
1081 2200 1143 2227 Sev.
1160 2199 1218 2226 BIN.

1011 2201 1060 2228 dit.
1081 2200 1143 2227 Sev.
1160 2200 1218 2226 BIN.

1047 2234 1085 2268 (4)
1100 2234 1232 2269 Suspecta
1248 2235 1349 2268 pariter
1373 2234 1440 2262 viris
1463 2234 1549 2262 doctis
1576 2234 1618 2261 vel
1647 2242 1681 2261 ex
1713 2243 1804 2263 unius

1013 2269 1171 2303 Hieronymi
1185 2270 1341 2303 segmentis.

1050 2305 1088 2339 (5)
1108 2303 1147 2331 De
1158 2304 1301 2331 mulatione
1318 2305 1507 2339 episcoporum.
1536 2303 1661 2331 Pontifex
1672 2304 1708 2331 de
1724 2305 1807 2332 sedi-

1010 2339 1061 2367 bus
1085 2339 1284 2373 episcopalibus
1306 2339 1500 2366 transferendis
1526 2344 1552 2366 et
1576 2341 1806 2368 transmutandis

1009 2375 1160 2406 consultus,
1177 2375 1228 2401 hac
1238 2375 1350 2408 epistola
1364 2374 1452 2406 docet.
1467 2380 1494 2401 et
1505 2375 1627 2408 exemplo
1638 2374 1712 2400 Petri
1731 2382 1806 2409 apo-

1010 2410 1071 2436 stoli
1085 2409 1253 2443 aliorumque
1269 2409 1385 2443 plurium
1408 2409 1503 2444 probat
1527 2409 1734 2436 translationem
1757 2418 1806 2436 se-

1010 2444 1052 2471 dis
1069 2444 1228 2479 episcopalis
1249 2444 1349 2471 licitam
1373 2452 1443 2475 esse,
1468 2444 1491 2471 si
1505 2444 1620 2471 utilitate
1630 2448 1658 2470 et
1672 2445 1805 2471 nece53i-

1011 2483 1065 2506 tale
1079 2478 1190 2506 alterius
1202 2478 1329 2506 Ecclesia:
1343 2479 1464 2513 exigente
1481 2479 1527 2505 liat
1543 2486 1603 2505 cum
1617 2479 1803 2512 superiorum

1008 2514 1198 2549 episcoporum
1215 2514 1370 2548 cognitione
1383 2519 1409 2541 et
1419 2521 1569 2545 consensu;
1583 2513 1604 2539 si
1624 2521 1689 2539 vero
1703 2514 1749 2539 vel
1767 2522 1806 2540 es

1008 2550 1132 2583 avaritia,
1158 2549 1198 2575 vel
1213 2549 1360 2575 ambitione
1373 2553 1419 2575 aut
1433 2549 1655 2582 priesumptionc,
1686 2556 1719 2575 ac
1739 2550 1804 2575 sola

1007 2585 1117 2619 propria
1132 2584 1269 2611 voluntate
1284 2584 1426 2618 episcopus
1443 2584 1533 2610 sedem
1553 2588 1649 2616 mutet,
1664 2583 1804 2610 illicitum

1006 2624 1064 2652 est,
1081 2624 1108 2646 et
1126 2619 1360 2654 apostolicaﬂlege,
1375 2626 1435 2653 qua:
1449 2623 1539 2645 exstat
1559 2626 1656 2654 canon.
1672 2621 1805 2653 apostol.

1008 2654 1052 2686 M,
1070 2652 1251 2682 interdictum.
1269 2652 1344 2680 Unde
1359 2652 1420 2680 cum
1439 2660 1559 2687 tempore
1581 2653 1682 2679 Nicaeni
1700 2655 1806 2679 conci-

1007 2689 1035 2715 lii
1055 2697 1085 2716 ex
1101 2689 1286 2719 Autiochenis,
1304 2689 1348 2715 alii
1363 2687 1510 2715 Eusebium
1525 2688 1738 2719 CtBSﬂl‘lCllSCln,
1751 2690 1803 2715 alii

1007 2723 1181 2751 Eustachium
1198 2723 1359 2751 Beroensem
1384 2724 1530 2751 antistitem
1557 2731 1612 2749 non
1635 2723 1696 2749 sine
1712 2724 1806 2750 turba

1006 2760 1089 2786 totius
1105 2759 1196 2794 populi
1207 2763 1370 2793 expeterent,
1399 2763 1573 2785 sacrosancta
1589 2758 1712 2794 synodus
1726 2766 1785 2784 san
1798 2772 1806 2778 -

1005 2793 1125 2822 ctissime
1140 2795 1177 2826 id,
1192 2794 1263 2828 quod
1279 2793 1312 2820 ab
1326 2794 1456 2827 apostolis
1471 2793 1648 2820 constitutum
1660 2793 1716 2827 jam
1728 2799 1806 2821 ante

1006 2829 1104 2863 fuerat,
1130 2828 1309 2862 confirmavit,
1328 2835 1362 2856 ne
1380 2828 1510 2864 episcopi,
1535 2828 1687 2863 presbyteri
1708 2832 1806 2862 atque
