1861 3052
51 70 89 98 169

777 69 832 98 EPI
836 67 962 97 STOLIE

1606 64 1657 91 170

52 135 105 157 ctam
112 129 197 157 sedem
213 130 400 165 apostolicam
423 130 564 158 consulere
576 129 712 162 voluistis,
725 129 822 157 scitote
836 131 860 159 Α
874 124 1092 161 legis,judicittm,
1103 127 1128 150 et
1136 120 1344 149 misericordiam
1350 124 1374 147 et
1383 118 1662 154 ﬁdent.ﬂ¢coportlil

53 183 97 204 eam
109 183 240 204 communi
254 176 377 204 utilitate
388 180 469 211 atque
481 175 641 203 necessitate
655 175 712 202 tierl
726 175 819 207 licere.

52 222 88 250 sed
102 229 149 249 non
161 222 242 249 libitu
259 223 427 258 cujusquam
441 228 489 249 aut
503 222 698 250 dominatione.
709 221 820 253 Petrus,

52 273 146 297 sanctus
156 269 289 304 magister
303 273 398 297 noster
409 273 436 296 et
448 268 571 303 princeps
582 268 778 303 apostolorum,
790 268 824 294 de

51 313 177 341 Antiochia
191 313 320 340 utilitatis
335 320 420 340 causa
435 312 582 340 translatus
597 316 640 338 est
653 311 778 342 Romam,
794 316 825 338 ut

52 360 136 387 ibidem
164 360 256 395 potius
283 360 416 395 prolicere
439 363 541 394 posset.
565 357 700 386 Eusebius
714 358 723 373 ⁷
755 366 823 392 quo-

50 413 94 441 que
106 406 143 440 (6)
157 405 191 433 de
211 405 333 440 quadam
353 412 436 440 parva
453 403 562 432 civitate
573 423 581 435 ,
610 402 759 438 apostolica
772 410 825 430 aue

51 451 173 484 claritate,
184 455 306 479 mutatus
317 455 358 478 cst
373 450 385 466 ⁸
399 450 601 477 Alexandriam.
627 449 756 476 Similiter
771 448 824 476 Fe-

50 496 100 524 lix'
118 496 151 524 de
177 496 300 529 civitate,
326 503 380 530 qua
407 495 549 522 ordinatus
566 498 624 522 erat
639 494 771 522 electione
786 494 826 522 ci-

49 542 125 574 vium,
148 545 260 577 propter
282 541 433 569 doctrinam
458 545 485 568 et
506 541 606 567 bonum
637 539 718 567 vitam
743 546 826 575 quam

51 587 168 618 habebat,
186 585 328 613 communi
341 586 530 621 episcoporum
548 589 575 612 et
595 585 763 620 reliquorum
780 592 827 612 sa-

50 632 181 659 cerdotum
206 639 240 658 ac
267 630 429 666 populorum
449 630 576 663 consilio,
608 631 757 657 translatus
785 633 828 657 est

50 676 188 712 Ephesum.
199 675 260 703 Non
268 677 341 704 enim
352 676 448 704 transit
457 676 490 704 de
502 676 612 704 civitate
621 675 654 703 ad
666 675 804 704 civitatem
817 695 826 709 ,

48 723 88 758 qui
99 731 150 750 non
163 731 215 750 suo
231 723 309 751 libitu
323 727 370 750 aut
381 723 485 750 ambitu
497 722 549 750 hoc
557 721 631 756 facit,
646 723 695 750 sed
710 722 828 751 utilitate

49 770 156 805 quadam
164 773 214 797 aut
224 769 387 797 necessitate
398 769 549 802 aliorum”,
560 769 668 797 hortatu
677 773 704 797 et
713 770 828 797 consilio

873 173 970 208 facere,
980 176 1004 198 et
1019 170 1067 197 illa
1079 177 1130 196 non
1142 166 1361 195 amittereJJuces
1372 166 1444 193 τινι-ἰ.
1456 165 1604 193 εποιωιιρι
1615 173 1662 192 cit--

875 219 963 250 licem,
976 216 1103 244 ratnelum
1114 221 1202 242 autem
1216 211 1472 250 gluticutes“.Quod
1483 212 1546 239 licet
1563 218 1617 239 non
1629 211 1664 238 li-

874 264 946 291 cet"
958 267 1001 296 ;et
1008 261 1081 297 quod
1095 269 1149 288 nun
1159 261 1230 292 licet,
1241 259 1336 286 licet“.
1348 257 1582 292 Quemadmodum
1597 255 1662 284 Jan-

874 318 923 337 nes
934 314 961 337 et
972 308 1109 335 Mambres
1118 306 1278 334 restiterunt
1287 304 1407 337 veritati,
1418 304 1460 331 sic
1472 307 1498 330 et
1508 303 1559 336 Illi,
1575 306 1666 331 mente

873 354 1120 390 reprobi,amantes
1130 352 1294 386 voluptatem
1305 351 1391 386 magis
1399 357 1479 385 quam
1490 348 1664 383 Deum,quod

875 401 956 433 licet,
971 400 1071 427 docent
1085 406 1139 426 non
1154 398 1252 431 licere,
1268 397 1294 424 id
1317 401 1359 424 est
1369 417 1377 430 ,
1393 397 1534 431 episcopOs
1548 395 1667 430 migrare

876 447 909 475 de
920 447 1029 475 civitate
1040 444 1074 473 ad
1085 444 1235 477 civitatem,
1248 448 1397 478 pralaxato
1412 442 1510 475 modo;
1524 440 1597 476 quod
1611 448 1667 468 non

876 493 949 527 licet,
964 493 1065 521 docent
1075 492 1169 524 licere,
1184 490 1211 517 id
1221 494 1273 523 est,
1285 488 1500 517 misericordiam
1515 495 1569 514 non
1586 494 1667 523 agere

876 539 951 568 circa
967 539 1102 574 patientes
1118 536 1309 565 necessitatem
1324 555 1332 567 ,
1354 534 1407 562 hoc
1420 538 1477 567 est,
1493 533 1534 561 eis
1548 534 1594 568 qui
1610 533 1668 568 epi-

877 593 991 621 scopum
1004 592 1058 612 non
1071 584 1182 616 habent,
1196 588 1223 611 et
1231 589 1311 611 sacro
1326 581 1473 616 episcopali
1486 580 1607 615 indigent
1617 579 1669 606 mi-

877 631 1002 663 nisterio,
1023 630 1181 665 episcopum
1197 628 1231 657 de
1243 629 1296 656 alia
1311 627 1421 655 civitate
1437 634 1520 654 causa
1543 625 1669 653 utilitatis

877 677 921 705 vel
933 675 1106 704 necessitatis
1119 674 1202 702 tribui
1219 683 1227 701 :
1245 679 1272 701 et
1295 672 1432 709 episcopis
1452 670 1669 708 persecutionem

879 727 927 750 aut
938 722 1129 750 necessitatem
1144 721 1321 757 patientibus,
1343 719 1424 746 aliam
1439 718 1597 746 cathedram
1611 717 1670 745 dari

878 772 987 804 negant.
1004 766 1200 795 (Iontradicunt
1213 766 1294 794 etiam
1309 773 1394 794 sacrae
1407 764 1553 800 Scriptura:
1564 764 1598 798 ι’,
1612 770 1671 798 quia

48 817 175 850 potiorum
193 815 367 843 transfertur.
383 813 438 843 Nec
456 815 621 843 transfertur
633 815 667 843 de
676 815 775 844 minori
786 816 828 844 ci-
844 826 865 855 Β
880 819 993 845 testatur
1005 814 1084 841 malle
1092 814 1175 841 Deum
1187 813 1394 841 misericordiam
1404 820 1484 847 quam
1494 811 1627 846 judicium
1635 810 1670 836 “.

47 863 121 890 ritate
135 862 170 889 ad
186 862 321 897 majorem
334 861 381 897 qui
395 861 446 889 hoc
459 869 513 889 non
524 861 628 889 ambitu
644 869 693 889 nec
719 862 828 897 propria

47 909 178 936 voluntate
193 908 270 941 facit,
285 908 332 936 sed
345 913 393 935 aut
405 908 431 935 vi
445 915 460 935 a
471 908 580 943 propria
594 908 658 936 sede
669 908 830 944 pulsus,aut

47 955 204 982 necessitate
217 959 343 986 coactus,
355 957 403 981 aut
414 954 529 981 utilitate
541 953 593 981 loci
602 959 649 981 aut
660 953 762 989 populi,
775 961 830 981 nou

47 1001 167 1035 superbe,
197 1000 247 1028 sed
263 1008 327 1027 cum
353 999 522 1033 humilitate,
539 1000 574 1026 ah
599 999 661 1027 aliis
684 999 832 1027 translatus

48 1051 70 1073 et
83 1046 287 1074 inthronizatus
300 1050 356 1079 est;
372 1045 437 1080 quia
448 1045 530 1073 homo
542 1045 614 1073 videt
627 1045 653 1073 in
670 1045 749 1078 facie,
762 1045 832 1073 Deus

47 1097 130 1120 autem
145 1093 174 1119 in
190 1092 284 1120 corde.
303 1091 336 1119 Et
350 1091 483 1120 Dominus
499 1099 547 1126 per
561 1091 723 1128 Propltetam
740 1092 831 1127 loqui-

48 1144 85 1165 tur
103 1138 221 1166 dicens:
249 1137 379 1164 Dominus
407 1139 457 1164 scit
487 1137 662 1172 cogitationes
686 1137 831 1170 hominum,

48 1184 166 1218 quoniam
181 1191 259 1210 vana
274 1188 335 1210 sunt
355 1183 387 1210 ¹¹.
403 1181 464 1210 Νοιι
480 1189 545 1216 ergo
559 1186 645 1209 mutat
663 1182 753 1209 sedem
764 1202 771 1213 .
786 1183 833 1217 qui

48 1237 96 1256 non
108 1234 199 1256 mutat
226 1233 356 1256 mentem.
372 1227 429 1256 Nec
449 1232 536 1254 mutat
548 1227 696 1261 civitatem,
711 1227 758 1262 qui
779 1235 834 1254 non

49 1283 92 1302 sua
108 1279 220 1310 sponte,
233 1275 281 1302 sed
293 1275 410 1303 consilio
425 1278 452 1301 et
465 1273 597 1301 electione
611 1273 727 1301 aliorum
743 1278 834 1301 muta-

50 1325 88 1347 tur
103 1321 135 1347 “.
158 1320 220 1347 Non
250 1328 316 1356 ergo
339 1321 439 1356 migrat
462 1319 495 1347 de
507 1319 618 1348 civitate
635 1319 669 1346 ad
685 1319 834 1352 civitatem,

49 1367 91 1400 qui
109 1374 163 1394 non
176 1366 302 1393 avaritia:
324 1373 418 1398 causa,
434 1373 484 1394 nec
499 1371 596 1401 sponte
611 1365 722 1393 dimittit
737 1372 833 1398 suam;

909 860 997 894 (Quae,
1012 868 1120 896 precor,
1137 860 1225 895 major
1241 860 1370 893 charitas,
1385 864 1433 886 aut
1449 859 1522 893 quod
1534 857 1672 886 etlicacius

881 908 991 943 pietatis
1016 906 1198 942 patrocinium
1218 911 1308 942 potest
1332 913 1347 933 a
1363 912 1503 941 quoquam
1522 905 1603 932 alicui
1620 904 1672 931 im-

881 953 972 988 pendi,
993 961 1076 989 quam
1101 953 1124 980 si
1141 953 1304 989 ignorantiae
1327 953 1455 980 tenebras
1482 957 1509 979 et
1530 951 1673 986 imperitiae

882 1000 1024 1035 caliginem
1039 999 1074 1026 ab
1089 1007 1122 1027 eo
1136 999 1259 1034 repellat,
1283 1006 1316 1027 ac
1330 998 1440 1026 demum
1461 1005 1531 1025 verte
1546 997 1607 1024 lldei
1621 998 1672 1025 do-

883 1047 978 1073 ctrina:
993 1045 1104 1081 pabulo,
1128 1053 1181 1073 non
1204 1046 1238 1072 ad
1253 1049 1401 1080 questum.
1427 1052 1481 1071 non
1497 1044 1531 1071 ad
1547 1043 1673 1071 ambitio-

883 1100 956 1124 nem,
977 1092 1024 1120 sed
1042 1092 1075 1119 ad
1088 1091 1273 1119 eruditionem
1288 1095 1316 1118 et
1328 1091 1534 1118 aediﬁcatiOnem
1550 1089 1673 1118 reﬁciat?

883 1137 1027 1173 Tanquam
1042 1138 1115 1165 enim
1131 1137 1227 1165 mutilo
1244 1137 1272 1164 tit
1291 1144 1400 1169 manus,
1424 1136 1519 1163 claudo
1534 1143 1590 1171 per,
1612 1144 1674 1162 ocu-

885 1184 926 1212 lus
941 1193 1009 1212 εωεο
1025 1185 1059 1218 ¹¹,
1088 1185 1134 1219 qui
1159 1183 1319 1219 ignorantia
1338 1183 1457 1210 tenebris
1475 1182 1615 1215 obvoluto,
1630 1190 1674 1210 sa-

884 1230 993 1265 pientiae
1009 1234 1037 1257 et
1051 1230 1173 1257 scientiae
1188 1229 1347 1256 thesaurum
1361 1232 1475 1260 reserat.
1490 1231 1517 1255 et
1529 1227 1679 1255 candorem.

885 1275 955 1303 lucis
968 1275 1083 1310 viasque
1099 1274 1207 1302 Domini
1221 1275 1376 1310 benigniter
1389 1274 1478 1309 aperit
1491 1273 1536 1308 ".)

923 1320 1052 1357 Utrisque
1074 1328 1177 1354 autem,
1198 1321 1225 1349 id
1254 1325 1336 1349 estet
1353 1320 1453 1348 famem
1469 1320 1544 1348 verbi
1568 1319 1614 1347 Dei
1629 1327 1676 1354 pa-

887 1367 1029 1400 tientibus,
1052 1372 1080 1396 et
1103 1367 1239 1403 episcopis
1261 1368 1471 1399 necessitatem,
1498 1366 1609 1402 quando
1635 1367 1676 1394 in-

48 1413 92 1440 sed
114 1413 225 1448 (utjam
250 1413 352 1440 dictum
374 1413 426 1447 est)
440 1416 487 1440 aut
504 1413 599 1448 pulsus
615 1420 631 1439 a
643 1412 707 1440 sede
726 1419 775 1439 sua
789 1416 837 1439 aut
888 1413 1078 1441 tln-onizantur
1096 1419 1205 1449 propter
1226 1421 1400 1442 communem
1414 1413 1558 1440 utilitatem
1574 1413 1601 1440 in
1614 1412 1676 1440 aliis

48 1460 210 1487 necessitate
233 1463 363 1490 coactus,
378 1463 426 1486 aut
440 1459 573 1486 electione
596 1463 623 1486 et
649 1458 837 1486 exhortatione
888 1460 1054 1493 civitatibus,
1066 1469 1118 1488 non
1133 1461 1238 1488 modica
1251 1461 1395 1488 exhibetur
1409 1459 1606 1488 misericordia.
1620 1458 1675 1486 Ne.

48 1505 221 1532 sacerdotum
240 1508 268 1532 et
280 1504 453 1539 populorum,
479 1504 627 1532 translatus
654 1507 697 1531 est
717 1503 750 1531 ad
775 1503 839 1531 alle-
852 1505 875 1537 C
890 1511 1082 1542 gantesautem
1098 1508 1165 1540 haec,
1175 1508 1238 1535 licet
1249 1508 1360 1542 speciem
1368 1507 1482 1535 habeant
1495 1507 1612 1542 pietatis,
1623 1509 1676 1534 air-

49 1559 105 1578 um
121 1551 276 1579 civitatem.
291 1549 360 1578 Nam
375 1550 446 1578 sicut
460 1550 580 1586 episcopi
595 1550 697 1578 habent
717 1554 838 1585 potesta-

48 1602 100 1625 tcm
123 1597 257 1625 ordinare
272 1596 436 1632 regulariter
460 1597 602 1631 episcopos
616 1601 643 1623 et
657 1596 777 1631 reliquos
796 1604 841 1624 sa-

49 1643 176 1671 cerdotes
189 1643 223 1676 ",
247 1644 287 1671 sic
310 1643 418 1678 quoties
434 1643 537 1671 utilitas
552 1647 599 1670 aut
615 1644 766 1670 necessitas
776 1649 840 1670 coe-

48 1689 118 1724 gerit
130 1689 164 1720 “,
181 1688 342 1724 supradicto
359 1689 441 1716 modo
454 1694 482 1717 et
494 1693 600 1716 mutare
615 1693 641 1716 et
657 1688 842 1716 inthronizare

49 1739 213 1770 potestatem
247 1734 358 1763 habent.
380 1734 444 1763 Haec
464 1740 495 1763 ut
514 1734 647 1770 petiistis,
679 1734 742 1762 licet
764 1734 842 1762 vobis

48 1780 215 1815 incognita"
228 1787 284 1807 non
298 1780 364 1812 sint,
383 1780 496 1808 tenenda
509 1779 682 1812 mandamus,
705 1787 740 1807 ne
761 1780 840 1815 igno-

48 1827 139 1853 rantia
152 1826 338 1861 quorumdam
349 1846 358 1860 ,
372 1825 485 1854 meliora
499 1830 526 1853 ct
546 1825 655 1853 utiliora
672 1826 801 1858 vitentur,
814 1829 842 1853 et

49 1873 193 1900 inutiliora
209 1876 365 1904 sumantur,
382 1871 454 1899 sicut
478 1872 506 1899 in
529 1877 624 1899 sancto
637 1871 736 1907 legitur
750 1870 838 1898 Evan-

47 1919 120 1953 gelia
136 1928 143 1946 :
160 1917 205 1945 Va
220 1917 303 1950 vobis,
313 1918 466 1953 hypocrita,
478 1918 541 1953 quia
551 1918 684 1945 decimatis
698 1917 839 1951 ment/tam,

47 1971 71 1990 et
78 1966 247 1997 auetlmm,et
254 1964 426 1996 cuminum,et
438 1963 580 1998 reliquistis
587 1971 644 1998 quae
649 1964 771 1998 graviora
779 1968 840 1990 sunt

892 1555 973 1579 tutam
989 1556 1075 1579 tamen
1099 1552 1156 1588 ejus
1180 1553 1310 1588 abnegant
1325 1553 1360 1581 ".
1386 1552 1455 1580 Nam
1470 1553 1496 1580 in
1509 1554 1555 1580 tali
1568 1553 1676 1589 negotio

892 1597 1048 1633 prosapiam
1063 1598 1086 1613 "
1100 1605 1154 1625 non
1165 1605 1284 1633 agnosco
1296 1598 1337 1632 “;
1353 1598 1376 1626 si
1386 1599 1450 1634 quis
1462 1602 1552 1627 tamen
1564 1599 1677 1634 sapien-

893 1641 973 1673 tium.
987 1650 1057 1677 quos
1071 1642 1263 1677 insipientibus
1277 1643 1448 1678 tempestatis
1465 1643 1548 1678 hujus
1558 1643 1678 1679 procella

894 1687 955 1715 aliis
971 1688 1085 1716 sociavit
1101 1688 1271 1721 auctoribus,
1295 1688 1448 1717 facinorum
1470 1689 1678 1724 participatione

894 1734 1058 1767 maculatur,
1083 1735 1212 1770 splendor
1231 1735 1372 1770 sapientis,
1392 1735 1445 1763 etsi
1456 1735 1678 1763 communionem

893 1780 1039 1808 criminum
1053 1780 1180 1815 incurrit,
1199 1782 1287 1811 nescit
1301 1787 1390 1810 tamen
1404 1782 1501 1810 ducem
1516 1790 1546 1810 se
1558 1783 1680 1817 praebere

893 1826 1080 1860 peccantibus.
1108 1827 1168 1854 Alia
1181 1834 1291 1862 quoque
1303 1832 1345 1855 est
1355 1835 1439 1855 causa
1453 1827 1577 1855 utilitatis
1590 1832 1616 1855 et
1632 1836 1679 1867 ne-

892 1872 1038 1905 cessitatis,
1051 1878 1078 1900 et
1085 1873 1138 1900 alia
1149 1873 1270 1901 avaritia
1280 1878 1307 1900 et
1322 1874 1606 1908 praesumptionis,aut
1614 1882 1679 1909 pro-

893 1918 959 1954 priae
972 1919 1129 1946 voluntatis.
1147 1919 1276 1947 Avaritiae
1290 1927 1400 1955 quoque
1415 1928 1499 1948 causa
1507 1921 1540 1954 “,
1555 1920 1597 1948 vel
1611 1929 1680 1956 prmo

894 1966 1068 2001 sumptionis,
1092 1969 1140 1993 aut
1162 1966 1279 2001 propriae
1292 1966 1451 2000 voluntatis,
1472 1974 1526 1994 non
1543 1971 1607 1994 sunt
1620 1967 1679 2001 epi-

83 2013 99 2054 ξ
113 2012 139 2038 7.
154 2011 228 2054 q.1_:
245 2011 407 2054 minationes
423 2011 627 2054 episcoporum:
635 2011 667 2039 Et
687 2011 714 2038 in
736 2011 818 2054 decr._
833 2011 909 2054 ΙνοιιΖ
926 2014 973 2054 lib.
992 2021 1032 2040 ιιι.
1062 2015 1085 2054 ,⁷.
1096 2014 1205 2054 ignotus
1221 2013 1287 2054 viris
1309 2014 1407 2054 doc_t_is_.
1444 2013 1455 2030 '
1469 2013 1555 2054 ἐπι-’³
1572 2013 1680 2054 ignotus

47 2047 146 2088 iisdem
151 2068 158 2075 .

47 2090 257 2118 episcoporum.
349 2090 518 2116 exposcens;
538 2090 573 2108 ua
588 2090 615 2108 et
630 2090 697 2108 Luc.

49 2118 70 2134 ί·
86 2118 238 2145 Enr-adius
252 2117 279 2144 in
295 2116 373 2152 Apol.
386 2125 436 2151 pro
449 2117 614 2152 Symmacho
626 2124 704 2152 papa.

200 2048 222 2063 "
242 2047 356 2082 apostol.
376 2054 437 2074 can.
453 2047 496 2074 14.
518 2046 521 2047 ⁷
536 2047 556 2062 ¹¹
568 2046 668 2082 Psalm.
681 2054 776 2080 xcxni,
790 2048 829 2075 1|.

47 2187 112 2216 loco
134 2196 222 2223 supra
243 2188 336 2215 citato.

889 2049 909 2064 ¹¹
926 2049 1016 2084 arpis-st
1027 2048 1129 2075 πολλῶν
1142 2048 1312 2084 ἐπισκόπων.
1351 2049 1373 2065 ¹³
1390 2048 1415 2076 7.
1427 2048 1680 2084 q.1:7Muta’tiones

315 2082 336 2097 '-‘
349 2082 518 2116 exposcerit;
538 2081 573 2108 ita
588 2086 615 2108 et
630 2081 697 2108 Luc.
736 2083 756 2098 ⁸⁵
772 2083 878 2117 ignota,
899 2083 934 2111 ita
947 2081 983 2111 ἰιι
997 2083 1064 2111 Luc.
1103 2084 1125 2100 ’θ
1139 2083 1234 2111 Matth.
1250 2092 1318 2116 xxii,
1329 2084 1376 2117 25,
1387 2081 1445 2111 24.’
1470 2084 1492 2101 ³⁷
1510 2083 1532 2111 ll
1544 2083 1615 2111 ’l‘im.
1635 2093 1676 2110 ιιι.

315 2117 373 2144 ,1)01.
386 2125 436 2144 nro
449 2117 704 2144 Svmmachonana.
758 2118 779 2133 η
793 2118 862 2144 Osee
888 2127 927 2144 vr.
948 2121 974 2144 ti.
1038 2119 1062 2134 ¹⁰
1074 2119 1251 2144 sacriﬁcium.
1301 2120 1323 2135 “
1344 2118 1406 2144 Job-
1421 2127 1497 2144 xxix.
1514 2119 1557 2144 15.
1609 2119 1631 2135 ⁹¹
1651 2119 1676 2144 in

49 2121 70 2134 ι’
86 2121 238 2145 Ennodius
252 2121 279 2144 in
295 2121 373 2152 Apol.
386 2125 436 2151 pro
449 2121 614 2152 Symmacho
626 2124 704 2152 papa.
758 2121 779 2133 “'
793 2121 862 2145 Usee
888 2127 927 2150 vr,
948 2121 974 2146 ti.

47 2154 147 2180 eodem
175 2161 229 2181 ms.
247 2153 346 2180 desunt
364 2159 425 2188 qua:
439 2152 543 2179 ansulis
556 2153 659 2179 clausa.
698 2153 720 2168 "
739 2152 761 2179 ll
777 2152 845 2179 Tim.
862 2161 903 2186 ιιι,
920 2154 947 2182 5.

47 2187 112 2216 loco
134 2196 222 2223 supra
243 2188 336 2215 citato.
389 2187 411 2203 ²⁴
431 2186 456 2214 7.
471 2195 498 2222 q.
515 2187 525 2214 1
546 2187 730 2215 :Mutationes
745 2188 947 2224 episcoporum.

1038 2119 1062 2134 ¹⁰
1074 2119 1251 2146 sacriﬁcium.
1301 2120 1323 2135 “
1344 2118 1406 2146 Job.
1421 2127 1497 2152 xxrx,
1514 2119 1557 2146 15.
1609 2119 1631 2135 ⁹²
1651 2119 1677 2146 iu

995 2153 1018 2170 "
1037 2154 1173 2189 propriam
1189 2154 1354 2190 prosapiem.
1405 2155 1428 2170 ³⁵
1448 2155 1518 2182 idem
1539 2154 1680 2182 Eunodius

48 2247 163 2275 diaconi
190 2247 224 2275 de
242 2246 361 2274 ecclesia
383 2246 411 2273 in
428 2254 482 2281 qua
495 2246 612 2273 ordinati
629 2251 701 2279 sunt,
714 2247 743 2282 in
760 2247 840 2274 aliam
860 2251 880 2278 ι)
894 2246 1065 2275 Sardicensis
1078 2248 1265 2280 decreverunt,
1280 2252 1310 2274 ut
1325 2247 1392 2275 tales
1404 2247 1542 2282 deinceps,
1555 2254 1610 2274 non
1622 2251 1681 2274 tan-

48 2283 268 2312 transferantur.
288 2281 341 2308 nisi
360 2282 510 2309 necessitas
533 2282 574 2308 vel
589 2282 699 2309 evidens
713 2281 842 2310 Ecclesiae

47 2319 157 2345 utilitas
195 2317 263 2344 illud
285 2316 414 2351 requirat.
443 2316 510 2343 Nam
523 2321 554 2343 nt
567 2317 648 2344 alicui
663 2316 720 2344 sedi
737 2317 771 2344 ab
785 2317 841 2344 lue~

48 2354 143 2380 reticis
158 2352 354 2388 pessumdata,
371 2352 494 2388 insignis
509 2351 607 2386 aliquis
623 2352 735 2388 alterius
747 2352 840 2379 Eccle-

47 2388 95 2415 sia!
109 2387 451 2423 cpi’scopusrpraticiatur,
471 2387 496 2414 id
514 2395 567 2414 non
585 2387 667 2423 modo
680 2395 734 2423 non
748 2391 841 2414 sancta

46 2421 176 2458 synodus
189 2421 339 2458 prohibuit,
349 2422 396 2449 sed
407 2430 422 2449 e
434 2427 527 2458 contra
540 2423 629 2456 potius
640 2422 669 2458 id
685 2421 838 2458 faciendum

45 2456 111 2485 esse
124 2456 257 2492 exeiixplo
270 2457 389 2492 edocuit,
414 2465 476 2484 cum
498 2456 616 2484 Eusebio
639 2456 839 2484 Nicomediensi

46 2497 75 2520 et
89 2491 256 2528 Theognide
272 2491 387 2528 Nicaenor
400 2493 534 2527 episcopis
550 2492 659 2520 Arianis
684 2492 840 2525 insigniori-

46 2528 102 2555 bns
119 2527 268 2563 depositis.
293 2527 320 2555 in
343 2527 432 2563 sedem
457 2528 577 2563 ipsorum
594 2527 708 2563 aliarum
735 2527 839 2555 sedium

47 2562 194 2590 antistites
207 2563 384 2590 suffecerunt.
410 2562 441 2589 Et
455 2563 518 2597 quia
532 2562 641 2590 Eusebii
654 2562 841 2589 Nicomedien-

46 2599 88 2626 sis
116 2598 243 2626 hominis
263 2597 376 2632 inquieti
398 2601 425 2624 et
443 2598 579 2625 ambitiosi
604 2598 661 2632 (qui
684 2602 745 2632 post
772 2598 841 2625 duas

47 2635 131 2661 aedes
144 2638 269 2660 mutatas
281 2632 546 2668 Constantinopolim
560 2632 746 2668 sertrarnsferri
760 2640 840 2668 cura:

47 2668 99 2704 vit)
117 2669 259 2704 exemplo.
282 2667 440 2704 frequenter
466 2668 501 2704 ab
512 2667 621 2704 Arianis
637 2667 729 2704 ﬁebat,
751 2671 781 2704 ut
793 2667 841 2702 qui

46 2702 185 2739 humana:
195 2702 289 2739 gloriae
299 2703 547 2739 libidinerincitati,
563 2702 721 2739 muneribus
737 2702 770 2739 ad
783 2710 842 2739 ma:

45 2738 126 2772 iores
149 2737 231 2767 sedes
255 2738 367 2774 provehi
396 2738 560 2769 laborarent,
586 2737 621 2765 iis
639 2738 773 2772 episcopis
794 2737 841 2772 qui

49 2774 210 2808 majoribus
224 2773 382 2801 civitatibus
402 2778 546 2808 praeerant,
568 2774 707 2807 negotium
728 2773 843 2808 facesse-

48 2814 130 2842 rent;
163 2809 226 2838 ideo
237 2808 330 2837 Patres
352 2807 521 2836 sacrosancti
546 2808 707 2836 meumenici
733 2807 848 2841 cancilii

217 2869 356 2900 Panos.
380 2867 440 2897 Gn.
449 2903 458 2907 _
471 2867 513 2899 Χ.

894 2287 949 2310 tum
978 2282 1048 2310 inter
1073 2283 1215 2318 episcopos
1237 2290 1291 2309 non
1314 2287 1560 2318 numerarentur,
1575 2283 1621 2310 sed
1645 2283 1680 2311 ab

893 2317 968 2358 omni
982 2317 1097 2358 penitus
1108 2318 1212 2345 ordinis
1225 2317 1403 2358 ecclesiastici
1419 2318 1508 2358 gradu.
1519 2317 1630 2358 dejectj,
1642 2319 1681 2345 in-

893 2357 935 2380 ter
956 2352 1039 2380 laicos
1062 2357 1309 2384 commorarentur,
1334 2352 1390 2379 imo
1415 2360 1450 2379 ne
1474 2353 1543 2380 laica
1565 2353 1679 2387 quidem

893 2389 1086 2415 communione
1096 2388 1124 2414 in
1137 2388 1189 2414 line
1203 2388 1264 2414 vitae
1283 2388 1496 2421 impartirentur.
1511 2388 1600 2415 Baron
1612 2395 1677 2415 ann.

894 2423 997 2450 Christi
1010 2423 1074 2455 524,
1092 2431 1168 2450 num.
1185 2423 1256 2456 155;
1273 2429 1344 2449 anno
1355 2422 1418 2456 325,
1432 2430 1509 2451 num.
1522 2422 1592 2456 155;
1614 2423 1677 2451 item

893 2465 966 2485 anno
979 2458 1042 2491 547,
1059 2466 1135 2485 num.
1151 2457 1195 2484 46.
1209 2456 1272 2484 Ssv.
1288 2457 1344 2484 an.

929 2493 966 2528 (6)
987 2492 1115 2520 Eusebius
1135 2501 1246 2528 quoque.
1273 2492 1322 2519 Hic
1337 2495 1379 2519 est
1393 2491 1454 2528 ille
1468 2491 1602 2519 Eusebius
1614 2492 1678 2519 Ale-

894 2526 1043 2555 xandrinus
1055 2526 1209 2563 episcopus,
1233 2528 1279 2563 qui
1303 2527 1412 2562 scripsit
1425 2526 1459 2554 18
1473 2534 1613 2563 sermones
1629 2535 1679 2554 nu-

894 2571 942 2598 per
954 2563 980 2590 in
995 2562 1183 2598 vetustissimo
1197 2562 1266 2591 libro
1282 2563 1451 2598 bibliothecae
1471 2562 1576 2598 Cryptae
1590 2562 1677 2590 ferra-

895 2597 939 2631 tae,
949 2602 980 2625 ut
992 2602 1107 2625 testatur
1119 2597 1271 2626 Turriauus
1283 2605 1342 2633 cap.
1358 2597 1402 2630 12,
1415 2597 1528 2633 libroin,
1543 2601 1678 2633 .uventos,

894 2633 923 2661 in
933 2640 1051 2668 quorum
1062 2641 1126 2663 uno
1145 2641 1226 2668 quem
1247 2633 1281 2661 de
1296 2632 1463 2660 Ascensione
1486 2632 1594 2660 Domini
1611 2632 1680 2660 scri-

894 2669 959 2704 psit,
973 2675 1040 2696 usus
1053 2673 1095 2696 est
1108 2670 1192 2696 verbo
1208 2668 1358 2701 Homousii,
1377 2669 1453 2704 quod
1467 2672 1585 2704 sanctus
1594 2668 1679 2695 Atha-

894 2703 1032 2738 nasiusrin
1048 2704 1127 2738 epist.
1141 2704 1175 2731 ad
1193 2704 1334 2732 Africanos
1359 2703 1397 2731 ait
1412 2711 1465 2730 non
1481 2703 1566 2730 fuisse
1580 2703 1607 2730 in
1615 2710 1681 2738 syn-

895 2739 948 2766 odo
981 2737 1090 2766 Nicena
1107 2739 1258 2771 inventum,
1285 2739 1332 2767 sed
1353 2740 1429 2773 prius
1449 2738 1534 2766 fuisse
1548 2737 1680 2765 eti‘am’ab

894 2774 1031 2808 episcopis
1054 2773 1226 2802 Alexandriae
1251 2777 1422 2809 usurpatum,
1449 2774 1482 2800 ad
1492 2773 1680 2809 iusserendam

895 2814 990 2837 contra
1007 2809 1149 2838 haereticos
1164 2808 1474 2838 consubstantialitatem
1491 2808 1552 2836 Filii
1569 2808 1627 2836 Dei.

1505 2867 1525 2898 6
