1861 3052
195 75 242 101 Hi

883 75 1011 103 ANTERI
1032 76 1132 104 ΡΑΡΑΞ

1756 77 1802 105 172

193 135 267 168 seupi
282 135 403 161 mutandi
419 135 452 162 de
464 134 574 161 civitate
590 134 622 162 ad
640 135 787 166 civitatem,
813 135 860 162 sed
874 137 973 163 utilita-
987 140 1010 168 Α
1024 143 1065 164 tus
1081 137 1103 152 "
1122 141 1161 163 est
1191 137 1218 163 in
1228 137 1340 164 naribus
1363 137 1471 168 nostris,
1497 141 1522 163 et
1542 145 1626 164 sermo
1647 137 1756 164 scintilla
1770 137 1802 164 ad

193 182 228 208 tis
250 185 277 207 et
293 181 470 208 necessitatis.
501 179 578 213 Quod
602 188 682 207 nemo
706 186 794 215 negat,
819 181 870 209 nisi
895 182 974 209 bide

191 227 292 261 quibus
305 226 407 254 dictum
421 231 463 253 est
478 235 484 252 :
504 225 666 252 Errat-erunt
682 227 708 252 in
723 226 857 259 ebrietate,
877 227 974 254 nescie-

190 277 254 299 runt
275 272 412 303 videntem,
436 272 622 306 ignoraverunt
649 272 781 305 judicium
795 273 827 299 ’⁷.
855 272 921 299 Nam
950 273 973 300 si

191 320 345 347 enarrando
359 327 470 353 cogerer
487 318 591 353 aperire
605 324 741 346 transacta
755 319 787 351 ’⁸,
804 320 973 347 ostenderem

190 366 267 392 vobis
281 365 384 391 nultum
403 365 512 392 evenire
526 365 652 392 solatium
667 365 700 392 dc
717 366 920 400 comparatione
933 365 973 393 fa-

190 416 304 438 ctorum.
321 410 452 437 Caeterum
466 415 542 442 state,
554 411 718 442 cbarissimi,
733 419 810 445 super
824 412 891 443 vias,
902 413 974 446 aspi-

187 457 282 484 cientes
296 461 320 483 et
334 457 524 492 interrogantes
533 457 564 483 de
577 458 678 484 semitis
694 457 799 484 Domini
808 459 922 493 antiquis
937 459 971 491 '9,

186 508 210 530 et
228 502 309 530 videte
321 511 382 538 'qnto
405 508 442 530 est
467 504 509 530 via
527 503 594 530 bona
612 508 637 530 et
652 508 733 536 recta,
754 508 779 530 et
794 505 929 532 ambulate
944 505 971 532 in

185 557 226 581 ea,
243 553 267 575 et
281 549 417 575 invenietis
431 549 545 583 requiem
567 549 706 576 animabus
724 550 817 577 vestris
833 550 865 576 3°.
896 550 929 577 Et
942 554 972 577 ut

182 593 261 628 juxta
275 593 421 628 Sapientiae
438 601 528 621 vocem
543 594 667 621 dicamus
684 603 691 621 :
708 594 969 630 Diligitejustitiam,

184 641 367 676 qitijudicatis
383 645 491 668 terram.
516 639 614 667 Sentite
631 640 663 667 de
676 640 788 668 Domino
802 641 831 668 in
845 641 970 675 bonitate,

183 692 209 713 et
224 687 252 713 in
268 687 438 720 simplicitate
453 687 539 713 cordis
558 687 666 721 quan-ite
680 687 777 717 illum;
792 687 916 722 quoniam
931 688 971 713 ἰη-

185 734 286 761 venitur
305 732 336 759 ab
353 733 393 759 his
407 733 451 767 qui
466 741 517 759 non
536 737 635 759 tentant
651 732 746 764 illum;
762 738 868 767 apparet
883 738 970 760 autem

182 779 218 806 eis
234 780 278 814 qui
295 778 372 811 ﬁdem
384 778 477 805 [tabent
500 779 527 804 in
547 778 634 805 illum.
664 778 797 806 Perversaa
814 780 882 806 enim
898 781 969 815 rogi-

183 825 295 852 tationcs
321 829 444 859 separant
463 832 478 850 a
496 824 559 855 Deo,
584 824 695 858 probata
707 829 793 852 autem
812 826 894 852 virtus
909 834 968 852 cor-
983 820 1003 847 Β

181 872 244 906 ripit
257 871 419 905 insipientes.
436 870 567 902 Quoniam
580 872 609 897 in
621 871 775 898 mulevolam
788 872 904 898 animant
916 880 967 899 non

180 918 300 945 introibit
325 917 467 952 sapientia,
492 925 537 943 nec
553 916 681 943 habitabit
695 917 721 943 in
740 925 847 951 corpore
861 917 967 944 subdito

180 964 303 999 peccatis.
334 963 450 997 Spiritus
475 963 544 989 attint
565 967 672 989 sanctus
696 962 843 997 disciplina:
862 964 967 998 effugiet

181 1011 282 1045 fictum,
307 1015 330 1036 et
346 1010 446 1044 auferet
463 1017 489 1035 se
503 1017 519 1034 a
534 1008 736 1043 cogitationibus
761 1017 820 1043 qua:
838 1014 898 1036 sunt
911 1011 966 1037 sine

180 1057 325 1087 intellectu,
351 1060 375 1082 et
395 1056 554 1090 corripietur
577 1063 593 1081 a
607 1055 798 1088 superveniente
816 1055 964 1090 iniquitate.

181 1102 313 1137 Benignus
332 1107 368 1128 est
384 1102 453 1128 enim
467 1101 577 1135 spiritus
592 1101 738 1134 sapientia,
767 1105 791 1127 et
803 1109 854 1127 non
870 1101 966 1128 libera-

179 1148 216 1174 bit
232 1148 401 1174 maledictum
414 1148 434 1163 ³¹
452 1155 467 1174 a
481 1147 559 1174 labiis
582 1147 653 1179 suis;
675 1148 799 1181 quoniam
825 1156 914 1175 renum
927 1148 963 1175 il-

179 1194 230 1221 lius
252 1194 326 1221 testis
350 1199 388 1220 est
409 1192 491 1226 Deus,
514 1197 538 1220 et
551 1193 637 1219 cordis
651 1193 707 1228 ejus
727 1199 859 1220 scrutator
868 1199 907 1221 est
922 1203 964 1222 vc-

178 1247 235 1272 rus,
252 1243 277 1266 et
292 1239 388 1274 litigare
403 1239 476 1266 illius
492 1239 608 1266 auditor.
625 1239 761 1271 Quoniam
777 1239 892 1274 Spiritus
908 1241 963 1267 Do-

177 1285 240 1311 mini
253 1284 359 1320 replevit
384 1284 471 1311 orbem
487 1289 628 1316 terrarum,
652 1290 676 1312 et
692 1286 748 1314 hoc.
766 1285 835 1320 quod
847 1286 963 1312 continet

175 1331 275 1362 omnia,
303 1331 441 1357 scientiam
456 1330 532 1356 habet
547 1331 627 1357 vocis.
656 1330 767 1365 Propter
781 1331 838 1363 hoc,
860 1332 904 1366 qui
920 1332 961 1357 lo-

175 1375 266 1410 quitur
280 1375 379 1410 iniqua,
407 1382 458 1401 non
470 1380 552 1409 potest
566 1375 659 1408 latere,
680 1384 726 1402 nec
741 1376 872 1410 prwtcriet
885 1375 960 1402 illum

173 1422 316 1456 corripiens
334 1421 477 1455 judicium.
510 1420 543 1447 In
567 1421 769 1456 cogitationibus
793 1422 863 1448 enim
886 1422 961 1456 impii

173 1468 345 1503 interrogatio
359 1468 421 1495 erit.
446 1467 603 1494 Scrmonum
618 1474 704 1493 autem
722 1467 794 1495 illius
808 1468 909 1494 auditio
926 1467 960 1494 ad

172 1513 316 1540 Dominum
335 1514 427 1545 veniet,
448 1518 473 1540 et
489 1512 523 1539 ad
535 1513 725 1546 correptiunem
737 1513 908 1547 iuiquitatum
923 1514 959 1540 il-

172 1558 239 1591 lius;
268 1559 394 1594 quoniam
409 1559 483 1585 auris
499 1559 548 1585 zeli
571 1559 645 1584 audit
666 1559 765 1590 omnia,
791 1565 815 1586 et
830 1559 960 1586 tumultus

172 1605 412 1631 murmuratianum
421 1613 472 1630 non
483 1603 662 1630 abscondetur.
670 1603 805 1631 Custodite
819 1613 879 1639 ergo
891 1613 933 1632 vos
943 1614 959 1632 a

171 1653 391 1681 murmuratione,
417 1657 476 1684 qua:
497 1649 563 1675 nihil
578 1649 700 1683 prodest;
725 1654 749 1676 et
764 1658 779 1675 a
797 1650 958 1678 detractione

169 1696 270 1730 parcite
285 1695 397 1730 lingua;
421 1696 546 1731 quoniam
568 1704 652 1722 sermo
667 1698 791 1723 obscurus
801 1697 834 1723 ‘in
846 1705 956 1724 vacuum

169 1749 223 1768 non
237 1741 294 1768 ibit.
324 1741 359 1768 Os
374 1742 443 1776 quod
459 1741 593 1773 mentitur,
607 1742 703 1768 occidit
718 1742 845 1769 animam.
877 1742 955 1770 Noli-

170 1793 194 1814 tc
208 1787 294 1814 zelare
309 1793 419 1814 mortem
433 1789 558 1814 inerrare
571 1789 630 1814 vitm
646 1793 746 1821 vestrm,
770 1796 849 1823 neque
863 1789 954 1824 acqui-

170 1835 236 1861 ratis
260 1834 432 1868 perditionem
450 1835 482 1860 in
501 1833 623 1868 operibus
646 1842 772 1860 manuum
788 1841 950 1867 vestrarum;

168 1880 293 1914 quoniam
311 1879 380 1906 Deus
396 1885 505 1906 mortem
517 1887 568 1906 non
582 1879 654 1913 fecit,
678 1888 723 1906 nec
735 1880 842 1907 la’tatur
854 1881 882 1907 in
893 1889 952 1915 per-

167 1926 268 1952 ditione
283 1925 408 1952 vivorum.
437 1924 541 1952 Creavit
554 1925 633 1958 enim,
649 1930 677 1952 ut
692 1930 786 1959 essent,
813 1927 912 1959 omnia,
926 1931 951 1954 et

166 1971 300 1998 sanabiles
322 1979 378 1997 esse
401 1970 482 1997 voluit
498 1972 616 1998 nationes
631 1971 702 1998 orbis
715 1976 857 1999 terrarum.
888 1972 950 1999 Non

165 2022 204 2045 est
221 2018 250 2044 in
265 2017 319 2044 illis
334 2017 551 2044 medicamentum
565 2018 726 2050 exterminii,
745 2025 790 2044 nec
805 2018 949 2052 inferorum

165 2074 272 2101 regnum
287 2065 315 2092 in
329 2069 400 2092 terra
422 2065 572 2092 viventium.
601 2064 712 2091 Iustitia
734 2070 857 2099 perpetua
871 2072 909 2093 est
922 2070 947 2093 et

163 2111 339 2143 immortalis;
363 2111 497 2146 injustitia
520 2116 608 2138 autem
630 2111 721 2138 mortis
742 2115 780 2138 est
795 2112 944 2146 acquisitio.

1027 182 1238 208 commovendum
1249 190 1295 208 cor
1309 187 1445 213 nostrum;
1459 190 1510 216 qua
1522 183 1663 215 exstincta,
1685 183 1744 209 cinis
1756 184 1801 210 erit

1027 235 1119 262 corpus
1134 232 1264 260 nostrum,
1281 232 1306 254 et
1316 228 1425 262 spiritus
1439 227 1595 261 effundetur,
1610 233 1733 262 tanquam
1742 228 1801 255 mal-

1025 273 1059 300 lis
1077 281 1132 299 aer.
1161 272 1196 298 Et
1215 272 1339 299 transibit
1351 273 1403 299 vita
1419 277 1510 298 nostra
1527 277 1652 308 tanquam
1676 274 1801 308 vestigium

1025 319 1112 350 nubis,
1135 323 1159 345 et
1176 319 1246 345 sicut
1269 318 1362 345 nebula
1377 318 1544 350 dissolvetur,
1559 327 1618 354 quae
1637 319 1726 354 fugata
1736 325 1772 347 ut
1785 329 1803 347 ιι

1025 365 1108 392 radiis
1123 365 1198 396 solis,
1221 370 1245 391 et
1261 374 1276 391 α
1291 364 1378 391 calore
1394 364 1468 392 illius
1487 370 1641 400 aggravata.
1671 365 1704 392 Et
1717 375 1801 393 nomen

1025 416 1145 437 nostrum
1172 410 1327 437 oblivionem
1352 410 1460 445 accipiet
1487 418 1531 444 per
1554 415 1664 446 tempus,
1690 416 1713 438 et
1733 420 1801 438 nemo

1024 457 1177 484 memoriam
1191 456 1293 482 habebit
1313 464 1417 490 operum
1438 461 1598 484 nostrorum.
1619 457 1723 484 Umbra:
1736 466 1800 485 enim

1024 504 1155 530 transitus
1174 507 1211 530 est
1228 507 1326 536 tempus
1349 507 1478 536 nostrum,
1501 507 1525 530 et
1540 510 1590 529 non
1601 508 1639 530 est
1655 503 1759 530 reversio
1773 504 1802 538 fi.

1024 550 1064 576 nis
1077 550 1172 582 nostri,
1194 549 1317 584 quoniam
1340 549 1495 584 consignata
1508 553 1557 581 est,
1570 554 1595 575 et
1610 557 1685 576 nemo
1699 555 1800 576 reverte-

1025 600 1068 622 tnr
1082 595 1115 622 “.
1141 595 1285 630 Propterea
1312 595 1458 629 unicuique
1481 595 1681 629 praavidendum
1700 600 1747 628 est,
1772 601 1801 622 ut

1023 648 1197 676 summopere
1218 648 1248 668 se
1270 640 1414 674 custodiat,
1438 645 1465 668 et
1488 640 1590 668 utiliter
1609 649 1637 668 se
1651 642 1799 676 praevideat,

1023 692 1053 714 ut
1067 695 1128 714 cum
1144 687 1202 714 dics
1217 691 1338 714 extrema
1356 687 1471 721 ﬁnisque
1496 688 1557 714 vita:
1578 687 1725 719 advenerit,
1747 697 1800 716 non

1024 738 1145 761 transeat
1157 731 1190 760 ad
1203 738 1359 768 perpetuam
1379 737 1504 764 mortem,
1525 735 1570 761 sed
1586 735 1618 761 ad
1633 735 1714 762 vitam
1728 740 1801 762 atter-

1024 789 1096 807 nam.
1111 779 1193 807 Facta
1209 781 1281 807 enim
1298 780 1467 808 subditorum
1481 781 1637 816 judicantur
1651 790 1664 808 a
1679 782 1756 810 nobis
1767 783 1800 815 ",

1019 831 1112 853 nostra
1138 834 1201 853 vero
1221 825 1327 860 iudicat
1349 825 1430 853 Deus.
1459 825 1497 853 Ex
1514 827 1610 853 merito
1636 835 1701 854 vero
1718 828 1802 863 plebis

1019 879 1214 907 nonnunquam
1227 872 1346 906 episcopi
1359 872 1581 907 depravantur“,
1594 878 1728 907 quatenus
1741 882 1802 909 pro-

1018 919 1114 945 clivius
1128 918 1227 945 cadant
1240 918 1285 952 qui
1300 924 1461 952 sequuntur.
1482 918 1578 953 Capite
1599 919 1800 954 languescente,

1017 969 1114 992 ctetcra
1139 963 1261 998 corporis
1292 965 1414 991 membra
1443 965 1613 993 inticiuntur.
1650 965 1802 994 Deteriorcs

1017 1015 1091 1043 sunt,
1115 1011 1160 1045 qui
1184 1011 1267 1038 vitam
1293 1018 1438 1046 moresque
1460 1011 1595 1038 bonorum
1613 1018 1800 1047 corrumpunt,

1018 1056 1059 1083 bis
1082 1057 1127 1091 qui
1156 1057 1323 1084 substantias
1348 1057 1461 1084 aliorum
1486 1057 1640 1092 praediaque
1660 1058 1799 1093 diripiunt.

1015 1100 1115 1128 Caveat
1133 1102 1321 1136 unusquisque
1338 1109 1371 1128 ne
1386 1107 1433 1129 aut
1447 1102 1578 1137 linguam,
1595 1106 1642 1130 aut
1656 1110 1737 1130 aures
1750 1104 1798 1130 ha-

1016 1146 1078 1172 beat
1101 1146 1254 1180 prurientes
1266 1146 1300 1178 ³⁷,
1322 1146 1348 1173 id
1368 1150 1409 1173 est
1432 1154 1467 1174 ne
1488 1153 1535 1174 aut
1554 1147 1611 1182 ipse
1625 1147 1686 1174 aliis
1710 1148 1800 1175 detra-

1015 1191 1071 1224 hat,
1097 1196 1144 1218 aut
1167 1191 1235 1219 alios
1256 1192 1348 1219 audiat
1361 1192 1545 1220 detrahentes.
1570 1192 1682 1225 Sedens,
1699 1194 1798 1228 inquit,

1014 1237 1137 1264 adversus
1163 1237 1272 1271 fratrem
1290 1242 1362 1264 tuum
1383 1238 1548 1272 loquebaris,
1573 1239 1748 1274 detrahendo,
1773 1245 1799 1266 et

1014 1284 1136 1310 adversus
1161 1284 1247 1318 ﬁlium
1269 1284 1363 1310 matris
1390 1289 1442 1311 tua:
1460 1285 1572 1318 ponebas
1592 1286 1748 1312 scandalum
1763 1287 1797 1318 ³⁸,

1012 1333 1064 1357 etc.
1087 1328 1204 1356 Parcant
1218 1330 1316 1364 singuli
1333 1330 1492 1358 detractioni
1505 1331 1614 1365 linguae,
1627 1332 1798 1360 custodiant-

1012 1383 1066 1410 que
1080 1383 1221 1403 sermones
1241 1383 1322 1408 suos;
1342 1380 1369 1403 et
1384 1376 1480 1409 sciant,
1498 1376 1561 1411 quia
1574 1382 1672 1404 cuncta
1687 1385 1749 1411 quae
1762 1377 1798 1405 de

1012 1423 1073 1450 aliis
1087 1422 1245 1457 loquuntur,
1261 1430 1310 1449 sua
1325 1423 1461 1450 sententia
1473 1423 1677 1458 judicabuntur.
1708 1422 1798 1451 Nemo

1013 1467 1098 1495 invito
1120 1467 1237 1494 auditori
1262 1467 1377 1495 libenter
1394 1467 1486 1495 refert.
1515 1467 1601 1496 Ollicii
1623 1468 1796 1503 singulorum

1012 1513 1058 1545 sit,
1075 1513 1255 1545 dilectissimi,
1284 1521 1337 1541 non
1352 1514 1438 1541 solum
1457 1514 1552 1541 oculos
1567 1519 1657 1542 castos
1672 1522 1796 1546 servare,

1010 1559 1058 1587 sed
1071 1563 1098 1587 et
1111 1560 1242 1594 linguam.
1263 1559 1318 1587 Nec
1334 1560 1398 1594 quid
1416 1560 1443 1586 in
1459 1559 1620 1595 cujusquam
1634 1560 1716 1588 domo
1729 1568 1798 1596 aga~

1011 1611 1065 1639 tur,
1091 1606 1142 1634 alia
1157 1607 1255 1634 domus
1267 1614 1314 1641 per
1330 1614 1379 1633 vos
1393 1614 1512 1641 unquam
1527 1607 1641 1634 noverit.
1669 1606 1798 1634 Habeant

1008 1659 1104 1678 omnes
1129 1651 1330 1686 simplicitatem
1346 1650 1479 1678 columbae
1492 1650 1524 1683 ",
1544 1658 1577 1677 ne
1591 1650 1719 1685 cuiquam
1734 1658 1797 1677 ma-

1007 1697 1151 1724 cbinentur
1165 1696 1242 1724 dolos
1259 1704 1267 1730 ;
1280 1701 1306 1724 et
1321 1696 1453 1731 serpentis
1467 1696 1606 1727 astutiam,
1624 1704 1658 1724 nc
1673 1697 1795 1724 aliorum

1006 1743 1214 1777 supplantenlur
1239 1742 1355 1770 insidiis.
1381 1741 1438 1769 Non
1461 1747 1502 1769 est
1527 1742 1689 1769 humilitatis
1712 1750 1794 1775 mea,

1005 1796 1093 1823 neque
1117 1796 1260 1821 mensurae,
1284 1789 1409 1823 judicare
1432 1789 1464 1815 de
1483 1788 1596 1819 caeteris,
1619 1792 1646 1815 et
1660 1789 1694 1816 de
1708 1789 1796 1816 mini—

1004 1835 1068 1862 stris
1080 1834 1261 1862 Ecclesiarum
1277 1834 1417 1862 sinistrum
1431 1833 1571 1868 quidpiam
1584 1833 1684 1861 dicere.
1700 1833 1794 1866 Absit,

1004 1886 1033 1907 ut
1046 1881 1194 1915 quidquam
1217 1880 1358 1907 sinistrum
1383 1880 1416 1907 de
1429 1880 1470 1907 his
1486 1879 1584 1914 loquar
1602 1879 1635 1912 ⁸⁸³,
1659 1880 1707 1914 qui
1720 1887 1794 1915 apo-

1002 1927 1099 1954 stolico
1111 1927 1205 1962 gradui
1217 1927 1402 1959 succedentes,
1414 1926 1515 1954 Christi
1531 1934 1630 1960 corpus
1646 1934 1726 1954 sacro
1743 1935 1795 1954 ore

1001 1971 1158 2005 conﬁciunt,
1183 1980 1230 2007 per
1249 1979 1318 2007 quos
1340 1980 1390 2000 nos
1413 1972 1494 1999 etiam
1510 1972 1657 2000 Christiani
1673 1980 1788 2004 sumus,

1000 2018 1046 2052 qui
1070 2017 1160 2044 claves
1183 2018 1258 2052 regni
1280 2017 1410 2045 caelorum
1434 2017 1575 2048 habentes.
1594 2022 1656 2045 ante
1681 2017 1787 2051 judicii

998 2063 1070 2091 diem
1080 2063 1214 2098 judicant.
1243 2062 1333 2090 Veteri
1346 2063 1455 2097 quidem
1470 2063 1527 2098 lege
1543 2064 1658 2091 habetur
1672 2064 1706 2096 δι,
1724 2064 1793 2098 qui-

998 2117 1105 2144 cunque
1119 2108 1306 2136 sacerdotibus
1328 2116 1383 2136 non
1397 2109 1618 2144 obtemperasset,
1644 2113 1692 2136 aut
1705 2113 1791 2136 extra

162 2159 242 2193 [mpii
260 2164 346 2185 autem
369 2158 489 2184 manibus
507 2163 531 2184 et
548 2158 632 2185 verbis
653 2159 829 2186 accersierint:
851 2158 944 2191 illam;
960 2160 984 2189 D
999 2161 1087 2183 castra
1115 2155 1220 2190 positus
1254 2155 1424 2190 lapidabatur
1451 2163 1468 2182 a
1491 2156 1600 2190 populo,
1625 2160 1673 2183 aut
1692 2157 1792 2192 gladio

158 2209 185 2230 et
200 2205 360 2231 testimantes
374 2211 431 2229 eam
446 2203 568 2235 amicam,
588 2203 764 2237 defluxerunt,
781 2209 805 2231 et
823 2206 943 2240 sponsio—

160 2258 205 2276 nes
219 2254 360 2284 posuerunt
381 2249 414 2275 ad
430 2249 522 2279 illam,-
537 2249 661 2283 quoniam
683 2254 764 2276 morte
780 2250 853 2285 digni
870 2256 942 2281 sunt,

159 2295 205 2330 qui
221 2300 280 2322 sunt
294 2303 326 2322 ea:
340 2301 415 2330 parte
426 2295 499 2321 illius
519 2295 551 2322 ³³.
583 2294 711 2322 Dixerunt
724 2296 803 2327 enim,
832 2296 901 2328 apud
913 2305 943 2323 se

156 2340 302 2375 cogitantes
331 2349 382 2369 non
400 2345 485 2369 recte:
499 2339 630 2375 Exiguum
651 2345 700 2372 est,
724 2346 748 2368 et
773 2350 831 2368 cum
850 2342 940 2372 twdia,

157 2391 260 2420 tempus
284 2387 343 2413 vitm
365 2390 471 2418 nosti-az,
494 2390 519 2412 et
536 2394 588 2412 non
609 2391 648 2413 est
668 2386 833 2421 refrigerium
848 2387 874 2413 in
890 2387 941 2420 ﬁne

154 2432 282 2464 hominis,
299 2436 331 2458 et
344 2440 394 2459 non
407 2437 445 2459 est
458 2432 502 2467 qui
525 2433 630 2467 agnitus
646 2433 680 2458 sit
694 2440 809 2459 reversus
825 2431 856 2457 ab
872 2432 940 2465 infe-

157 2479 204 2506 ris.
232 2478 364 2510 Quoniam
384 2485 416 2505 ea:
432 2478 512 2504 nihilo
524 2478 579 2504 nati
595 2486 697 2506 sumus.
718 2482 742 2504 et
757 2482 813 2512 post
826 2478 873 2504 hoc
888 2478 940 2504 eri-

155 2532 214 2552 mus
227 2529 351 2560 tanquam
370 2532 421 2551 non
436 2523 572 2558 fuerimus.
602 2522 732 2556 Quoniam
751 2523 839 2557 fumus
859 2523 940 2557 affla-

190 2638 212 2655 "
225 2638 276 2666 lsa.
291 2647 388 2671 xxvm,
404 2638 432 2664 π.
460 2638 483 2655 ³⁵
503 2638 571 2665 idem
596 2636 734 2664 Ennodius
755 2644 820 2664 mox
836 2637 971 2664 laudatus.
1010 2637 1032 2653 ”
1053 2635 1304 2672 synodieahlartini

728 2672 750 2688 ³⁵
771 2672 835 2707 Sap.
859 2673 893 2707 nl,
912 2672 968 2699 1-5.
1010 2672 1032 2687 ³⁸
1050 2672 1076 2699 9.
1099 2680 1125 2706 q.
1140 2672 1166 2698 5.
1189 2672 1270 2697 Facta
1291 2672 1473 2698 subditorum.
1526 2672 1548 2686 ⁸⁵
1569 2672 1630 2697 Isid.
1646 2677 1780 2702 tn,sent.

728 2708 866 2735 mtianum.
914 2708 936 2723 “
957 2707 1056 2735 Psalm.
1085 2715 1162 2740 xux,
1193 2704 1237 2732 20.
1273 2705 1294 2721 ⁸⁸
1315 2705 1384 2732 idem
1398 2705 1471 2733 Hier.
1485 2713 1528 2739 ep.
1544 2706 1594 2737 l5,
1608 2710 1664 2732 tum
1683 2714 1728 2739 cp.
1750 2706 1780 2738 ι,

303 2675 324 2689 ³³
345 2673 410 2708 Sap.
427 2681 446 2700 ι.
488 2673 510 2688 ³³
529 2681 561 2700 ac
582 2672 671 2699 flatus.

318 2709 340 2724 "
362 2707 391 2736 εξ
418 2708 492 2735 Hier.
509 2715 551 2742 rp.
581 2708 600 2742 2
615 2708 648 2734 ad
678 2707 866 2742 Nepotianum.

154 2673 255 2700 dicum.

155 2707 207 2738 '58,
222 2708 265 2735 42.

155 2750 259 2780 necnon
274 2751 281 2770 I
310 2745 342 2770 ad
374 2739 559 2780 Heliodorum.
581 2741 656 2769 Unde
670 2739 792 2780 arguitur
807 2742 1165 2780 “creatoris,mangonimn_
1179 2739 1392 2780 putidissimum.

675 2776 854 2806 uHactenus
872 2778 945 2805 Hier.
969 2778 1069 2805 Antei-0
1090 2776 1182 2804 multis
1203 2777 1282 2802 annis
1295 2776 1436 2809 posterior.

361 2780 382 2794 "
399 2777 507 2806 Denter.
529 2786 594 2804 xvu.

154 2777 313 2812 quidquam.

431 2812 453 2828 "
473 2812 536 2847 Sap.
557 2820 607 2845 xu,
616 2813 630 2839 1

155 2811 187 2847 τι,
197 2811 269 2840 atat.
286 2819 331 2844 ιν.
346 2813 374 2841 5.

998 2202 1104 2229 cervice
1145 2201 1284 2236 subjecta,
1308 2205 1491 2236 contemptum
1514 2201 1640 2236 expiabat
1671 2210 1790 2230 cruore.

998 2247 1074 2275 Nunc
1103 2255 1165 2274 vero
1197 2247 1355 2275 inobedicns
1381 2247 1514 2282 spirituali
1546 2247 1792 2276 animadversione

997 2298 1148 2327 truncatur,
1172 2298 1199 2321 et
1224 2293 1326 2328 ejectus
1351 2293 1386 2320 ab
1398 2292 1533 2326 Ecclesia,
1557 2293 1652 2320 rabido
1678 2293 1791 2321 daemo-

996 2347 1060 2366 num
1094 2347 1141 2366 ore
1166 2332 1390 2373 discerpitur".
1426 2337 1536 2373 Oportet
1563 2338 1635 2365 enim
1670 2343 1700 2366 ut
1734 2340 1789 2374 qui

997 2385 1079 2412 Deum
1105 2385 1258 2411 bmreditate
1281 2384 1420 2419 possident
1444 2384 1485 2417 ⁸³,
1511 2384 1615 2418 absque
1641 2384 1697 2412 ullo
1729 2385 1789 2412 im-

994 2429 1148 2464 pedimento
1163 2429 1253 2457 satculi
1269 2429 1324 2456 Deo
1337 2429 1467 2461 serviant,
1491 2433 1520 2455 ut
1534 2428 1623 2456 dicere
1644 2430 1759 2464 possint
1778 2440 1785 2458 :

996 2475 1121 2502 Dominus
1133 2483 1194 2509 pars
1210 2474 1371 2502 htvreditatis
1384 2482 1447 2501 metc
1461 2474 1495 2501 “.
1520 2474 1542 2501 0
1561 2483 1639 2509 quam
1653 2475 1741 2502 bonus
1758 2483 1786 2503 et

992 2524 1078 2549 suavis
1089 2528 1128 2551 est
1141 2521 1257 2557 Spiritus
1275 2526 1345 2555 tuus,
1363 2521 1481 2554 Domine,
1496 2522 1522 2548 in
1539 2522 1657 2549 omnibus
1664 2520 1698 2546 ⁸⁵1
1709 2521 1786 2550 Par-

1394 2635 1416 2650 "
1436 2634 1490 2663 Jer.
1511 2643 1549 2666 vr,
1573 2635 1616 2662 i6.
1650 2635 1673 2651 ³¹
1693 2635 1785 2663 male-

1010 2672 1032 2687 "
1050 2669 1076 2699 9'.
1099 2680 1125 2706 ιι.
1140 2672 1166 2698 5.
1189 2669 1473 2706 Factarsubditorum.
1526 2670 1548 2686 ⁸⁸
1569 2669 1630 2697 Isid.
1646 2678 1689 2702 tu,
1701 2677 1782 2698 sent.

1451 2741 1473 2756 ⁸ο
1494 2741 1536 2767 Η.
1556 2749 1583 2775 q.
1603 2740 1629 2767 5.
1646 2741 1729 2767 Absit
1748 2745 1782 2767 ut

1507 2776 1529 2791 “
1547 2774 1610 2803 Isid.
1635 2783 1652 2802 ιι
1672 2775 1725 2803 Otl‘.
1749 2776 1779 2803 1-
