1861 3052
75 80 118 108 I75
779 81 970 110 EPISTOLAS.

1639 86 1690 113 ΓΗ

70 149 104 168 τις
124 146 215 169 autem
236 142 377 175 omnibus,
404 143 533 178 quoniam
560 148 605 170 tua
631 147 704 175 sunt,
729 142 851 176 Domine,
867 145 890 173 Α
905 143 982 177 quasi
998 143 1159 176 insipientes,
1186 143 1231 170 sed
1246 147 1275 169 ut
1288 143 1433 178 sapientes;
1455 144 1608 171 redinwu'es
1623 150 1689 172 tent-

70 189 110 222 qui
121 188 227 215 animas
244 196 329 217 amas.
360 189 474 225 Ideoque
487 190 544 222 hos,
562 190 605 225 qui
621 194 742 217 exerrant
769 190 850 224 parti-

71 234 121 266 bus,
147 236 334 271 corripis;,de
348 237 443 271 quibus
464 241 581 271 peccant,
609 236 733 263 admones
747 242 770 263 et
783 235 852 262 allo-

70 281 161 316 queris,
183 286 213 307 ut
227 281 322 308 relicta
337 282 456 315 malitia,
483 282 590 309 credam
603 283 630 308 in
649 287 682 314 te,
696 281 806 308 Domine
816 282 849 308 ⁸⁸.

72 325 106 352 Tu
119 329 218 358 autem,
245 325 317 352 Deus
340 332 438 360 noster,
462 328 550 354 suavis
561 331 585 354 et
600 335 674 354 verus
685 335 721 358 es,
738 327 850 361 patiens,

69 376 92 398 et
102 372 125 398 in
140 371 327 398 misericordia
346 372 485 407 disponens
498 372 596 399 onmia.
626 371 739 401 Etenim.
754 373 778 399 si
794 380 852 406 pec-

69 417 219 450 caterimus,
244 418 282 444 tui
296 426 398 448 sumus,
416 418 524 444 scientes
538 418 743 452 magnitudinem
767 421 849 443 luant.

71 462 101 489 Et
113 463 136 489 si
146 471 198 490 non
211 463 416 498 peccaverimus,
439 464 536 490 scimus
549 465 672 498 quoniam
687 463 757 498 apud
772 470 795 490 te
807 471 852 490 su-

69 518 120 536 mus
131 511 279 544 camputati
293 510 325 536 ‘7.
341 509 456 544 Spiritus
469 511 616 536 timentium
633 509 772 537 Dominum
781 518 852 544 quee-

69 562 135 583 retur
145 556 178 583 ab
190 565 230 589 eo,
241 561 265 583 et
278 557 304 583 in
319 562 436 591 respectu
447 557 520 583 illius
537 556 720 583 benedicentur
732 556 764 583 ⁸⁸.
780 555 853 588 Qua-

67 608 179 637 propter,
206 603 306 637 frutres
323 602 484 634 charissimi,
509 603 593 629 onmis
618 610 703 629 sermo
722 602 807 628 malus
820 609 854 628 ea:

67 656 106 674 ore
120 653 206 675 vestro
217 657 268 675 non
282 648 425 682 procedat;
436 648 480 675 sed
492 648 514 674 si
527 648 586 683 quis
598 647 679 674 bonus
691 652 733 674 est
745 647 778 674 ad
789 647 853 674 ordi-

68 694 213 728 ficationem
239 694 456 728 opportunitatis,
482 699 510 720 ut
526 695 568 721 det
584 694 700 729 gratiam
721 694 854 721 audienti-

67 739 120 772 bus,
145 744 170 765 et
189 738 273 765 nolite
289 739 446 766 contristare
460 737 589 773 Spiritum
608 744 729 765 sanctum
743 739 801 769 Dei.
825 739 852 766 in

66 793 113 820 quo
132 786 235 820 signati
246 785 308 812 estis
320 786 347 811 in
358 786 426 812 diem
441 785 637 820 redemptionis.
664 785 754 813 Omnis
775 794 851 812 ama-

67 833 159 864 ritudo,
175 836 202 858 et
214 833 268 864 ira,
282 837 306 858 et
320 832 478 866 indignatio,
491 836 515 858 et
526 831 636 864 clamor,
653 835 676 858 et
691 831 851 865 blasphemia

67 877 170 904 tollatur
184 885 201 903 ιι
219 876 293 903 vobis
310 885 370 902 cum
395 876 466 903 omni
478 876 581 902 malitia
595 876 627 903 "’.
653 875 745 902 Estote
765 882 852 903 autem

64 923 169 950 invicem
183 923 305 956 benigni,
321 922 513 956 misericordes,
526 921 652 949 donantes
661 922 780 956 invicem,
796 923 853 950 sic-

64 974 90 996 ut
113 974 137 996 et
160 968 234 995 Dens
258 970 288 995 in
311 968 416 996 Christo
439 969 545 996 donavit
566 968 648 996 vobis.
671 968 762 996 Estote
793 977 853 1004 ergo

65 1014 208 1040 imitatores
226 1013 290 1046 Dei,
304 1013 373 1040 sicut
386 1014 437 1048 ﬁlii
450 1014 615 1046 charissimi;
638 1019 663 1040 et
679 1014 812 1042 ambulate
826 1014 853 1040 in

65 1060 211 1092 dilectione,
239 1060 309 1086 sicut
332 1064 355 1086 et
369 1060 492 1087 Christus
508 1060 601 1087 dilexit
613 1069 669 1093 nos,
690 1065 715 1087 et
742 1060 854 1087 tradidit

64 1106 229 1139 semetipsum
246 1113 296 1139 pro
316 1105 390 1132 nobis
406 1105 565 1132 oblationem
579 1110 604 1132 et
623 1105 739 1132 hostium
758 1105 813 1132 Deo
827 1106 855 1132 in

65 1151 166 1177 odorem
187 1151 346 1178 suavitatis.
373 1150 527 1178 Fornicatio
544 1156 632 1178 autem
652 1156 676 1178 et
698 1152 782 1179 omnis
802 1152 855 1178 im-

64 1197 194 1224 munditia
211 1201 261 1223 aut
276 1197 391 1224 avaritia
405 1205 457 1224 non
469 1199 617 1224 nominetur
634 1199 662 1224 in
681 1198 762 1230 vobis,
788 1198 855 1225 sicut

63 1248 85 1269 et
97 1243 168 1270 decet
192 1248 316 1276 sanctos,
344 1249 390 1270 aut
412 1244 558 1278 turpitudo,
583 1249 628 1271 aut
650 1245 854 1280 stultiloquium,

64 1293 106 1315 aut
119 1289 291 1321 scurrilitas,
315 1297 372 1324 qute
393 1289 426 1315 ad
441 1297 494 1315 rem
511 1298 561 1316 non
580 1290 720 1324 pertinent,
742 1290 786 1316 sed
799 1298 856 1316 ma-

63 1335 99 1369 gis
113 1336 269 1369 gratiarum
296 1335 376 1362 actio.
400 1334 458 1361 Hoc
471 1335 540 1361 enim
564 1335 666 1367 scitote,
683 1336 855 1371 intelligentes

63 1381 129 1415 quod
151 1381 242 1407 omnis
266 1381 423 1415 fornicator,
443 1386 489 1408 aut
502 1381 664 1415 immundus,
686 1386 732 1408 aut
748 1391 854 1415 auarus,

64 1428 130 1463 quod
150 1433 192 1455 est
213 1428 348 1455 idolorum
368 1429 488 1459 servitus,
510 1437 560 1455 non
583 1429 658 1455 habet
673 1429 855 1456 haereditatem

901 197 960 223 pus,
979 189 1102 223 quoniam
1124 189 1179 215 dies
1199 188 1263 215 mali
1276 194 1348 216 sunt.
1372 188 1515 224 Propterea
1530 191 1612 217 nolite
1631 192 1690 226 ﬁeri

902 233 1090 267 imprudentes,
1115 234 1161 259 sed
1180 233 1352 268 intelligentes
1375 242 1433 269 qua:
1446 235 1480 261 sit
1498 235 1618 262 uoluntas
1631 232 1697 263 Deiﬁ

902 278 938 305 Et
954 279 1035 305 nolite
1051 279 1178 306 inebriari
1194 280 1262 312 vino,
1281 280 1306 306 in
1320 288 1369 315 quo
1383 286 1420 307 est
1435 280 1542 307 luxuria
1557 290 1565 312 ;
1579 281 1624 307 sed
1637 282 1689 308 im-

902 323 1028 358 pleamini
1053 323 1155 359 Spiritu
1177 330 1276 357 sancto,
1303 325 1436 360 loquentes
1459 326 1648 361 nobismetipsis
1662 327 1690 353 in

902 370 1024 404 psalmis,
1040 370 1143 405 hymnis
1159 375 1183 397 et
1203 371 1315 397 canticis
1330 370 1525 405 spiritualibus,
1553 377 1689 399 cantantes

902 422 926 443 et
950 416 1090 451 psallentes
1116 417 1144 443 in
1166 417 1289 443 cordibus
1310 417 1402 444 vestris
1423 417 1554 448 Domino.
1589 419 1690 453 gratias

902 468 1006 496 agentes
1022 471 1121 497 semper
1133 471 1180 497 pro
1195 462 1313 489 omnibus
1326 463 1353 490 in
1366 464 1469 490 nomine
1485 463 1592 491 Domini
1605 466 1690 491 nostri

901 509 966 536 Jesu
981 508 1081 536 Christi
1100 508 1153 535 Deo
1165 515 1188 536 et
1207 508 1295 542 Patri,
1313 508 1422 544 subjecti
1433 510 1539 536 invicem
1555 511 1581 537 in
1598 510 1691 537 timore

903 555 1003 583 Christi
1018 555 1052 583 ⁵⁸.
1082 554 1155 582 State
1172 556 1272 590 itaque,
1297 555 1406 590 fratres,
1429 561 1454 583 et
1469 561 1551 583 tenete
1565 557 1690 584 traditio-

903 609 948 628 nes
970 601 1206 636 apostolorumect
1228 601 1385 636 apostoliczn
1410 603 1493 635 sedis,
1517 609 1545 630 ut
1561 603 1690 630 Dominus

903 653 991 674 noster
1011 647 1089 674 Jesus
1116 646 1249 681 Christus,
1273 652 1298 674 et
1321 647 1402 674 Pater
1416 653 1514 680 noster,
1537 649 1582 683 qui
1597 649 1690 676 dilexit

903 701 960 726 nos,
973 698 997 720 et
1009 693 1080 720 dedit
1094 693 1299 720 consolationem
1317 698 1453 727 teternam,
1469 700 1494 721 et
1511 703 1582 729 spem
1596 695 1690 722 bonum

903 740 930 766 in
947 740 1044 774 gratia,
1070 739 1222 766 exhortetur
1244 739 1324 766 corda
1345 744 1442 773 vestra,
1466 744 1490 767 et
1513 741 1648 775 conﬁrmet
1663 742 1690 768 in

904 786 975 812 omni
988 794 1064 820 opere
1083 791 1108 812 et
1131 786 1158 812 in
1170 794 1287 813 sermone
1300 785 1366 812 bono
1383 786 1416 813 ".
1445 785 1484 813 De
1504 791 1608 820 ca’tero,
1634 787 1692 822 fra-

904 836 965 862 tres,
984 836 1056 858 orate
1068 839 1114 865 pro
1128 831 1214 863 nobis,
1231 835 1259 858 ut
1276 839 1359 858 sermo
1374 831 1482 858 Domini
1493 835 1582 858 currat
1598 836 1622 858 et
1636 831 1692 858 cla-

904 877 1031 911 ri/icetur,
1052 877 1119 904 sicut
1136 881 1162 903 et
1175 877 1245 911 apud
1265 885 1320 908 vos,
1339 882 1363 903 et
1383 882 1412 903 ut
1434 877 1576 904 liberemur
1593 877 1624 904 ab
1638 878 1691 905 im-

903 924 1022 958 portunis
1037 928 1060 950 et
1074 923 1152 950 malis
1176 923 1344 956 hominibus;
1371 931 1422 950 non
1442 925 1511 950 enim
1523 925 1639 952 omnium
1652 928 1692 951 est

903 970 980 1004 ﬁdes.
1008 969 1109 997 Fidelis
1134 974 1221 996 autent
1243 970 1312 996 Deus
1326 974 1374 1002 est,
1399 970 1619 1005 quiconﬁrmubit
1635 978 1690 1004 vos,

904 1021 928 1043 et
937 1016 1065 1043 custodiet
1080 1025 1096 1042 a
1110 1015 1180 1042 malo
1190 1016 1224 1042 ⁵³.
1238 1015 1433 1051 Quapropter"
1447 1017 1534 1052 ponite
1543 1017 1691 1044 indesinen-

906 1068 944 1090 ter
963 1063 1043 1089 corda
1067 1067 1153 1089 vestra
1174 1063 1200 1089 in
1219 1063 1316 1089 virtute
1337 1062 1395 1096 Dei,
1417 1067 1441 1090 et
1464 1063 1577 1090 resistite
1590 1072 1691 1098 semper

905 1109 991 1140 malis,
1021 1114 1046 1135 et
1069 1113 1190 1135 enarrate
1209 1109 1273 1141 huc,
1288 1108 1360 1141 iuxta
1382 1116 1476 1136 vocem
1496 1108 1647 1144 Prophetas,
1663 1109 1691 1136 in

903 1155 1038 1190 progenies
1051 1155 1160 1186 alteras,
1170 1155 1296 1189 quoniam
1308 1154 1347 1181 hic
1357 1158 1395 1181 est
1404 1154 1473 1181 Deus
1482 1154 1551 1181 Deus
1563 1159 1651 1181 noster
1663 1155 1692 1180 in

905 1204 1041 1231 a'ternum,
1064 1204 1088 1225 ct
1109 1199 1164 1228 ipse
1184 1203 1254 1234 reget
1273 1207 1320 1225 nos
1332 1199 1358 1225 in
1373 1198 1471 1226 stecula
1481 1199 1515 1226 “.
1540 1198 1616 1226 Unde
1630 1207 1688 1230 \os,

905 1245 951 1280 qui
978 1245 1003 1272 in
1027 1245 1135 1280 specula
1158 1253 1173 1272 a
1195 1244 1312 1272 Domino
1325 1245 1391 1272 estis
1403 1245 1552 1278 constituti,
1572 1245 1691 1280 compri-

906 1300 980 1319 mere
993 1296 1019 1319 et
1036 1292 1165 1326 repellere
1179 1299 1227 1319 eos
1242 1299 1415 1326 summopere
1436 1291 1552 1324 debetis,
1575 1292 1622 1326 qui
1636 1291 1691 1318 fra-

906 1337 992 1365 tribus
1018 1338 1132 1365 insidias
1153 1342 1315 1373 pra‘parant,
1343 1336 1429 1364 autin
1443 1345 1490 1364 eos
1502 1337 1650 1365 seditiones
1664 1341 1691 1364 ct

905 1383 1033 1411 scandala
1045 1384 1175 1412 excitant.
1203 1383 1293 1411 Facile
1313 1388 1353 1411 est
1366 1383 1438 1411 enim
1456 1383 1593 1410 hominem
1608 1383 1689 1410 verbo

906 1429 999 1458 fallere
1011 1431 1034 1446 "
1045 1451 1052 1463 ,
1079 1431 1126 1458 sed
1151 1438 1204 1457 non
1226 1430 1381 1458 Dominum.
1406 1429 1468 1457 ldeo
1482 1429 1532 1457 hos
1546 1428 1691 1464 reprehen-

65 1475 90 1500 in
107 1482 189 1510 regno
205 1474 308 1501 Christi
328 1480 352 1501 et
369 1474 427 1501 Dei.
456 1474 539 1501 Nemo
553 1483 596 1502 vos
610 1475 717 1502 seducat
733 1475 854 1502 inanibus
868 1486 890 1514 ο
906 1477 979 1510 dere,
995 1482 1021 1504 et
1034 1477 1068 1504 ab
1083 1477 1127 1504 his
1137 1484 1186 1504 vos
1199 1481 1319 1504 avertere
1330 1480 1446 1511 oportet,
1477 1479 1622 1510 quatenus,
1639 1483 1689 1502 ex-

65 1521 156 1548 rerbis.
185 1520 300 1554 Propter
317 1520 371 1547 Iuec
381 1520 450 1547 enim
469 1521 537 1547 venit
556 1521 598 1547 ira
610 1520 657 1548 Dei
674 1522 702 1548 in
715 1521 785 1556 ﬁlios
801 1522 855 1556 dif-

65 1567 193 1601 fidentiae.
222 1566 314 1594 Nolite
329 1575 389 1602 ergo
410 1567 472 1601 effici
485 1568 625 1602 participes
637 1576 736 1595 eorum.
763 1568 854 1595 Eratis

65 1613 130 1639 enim
156 1613 304 1648 aliquando
325 1613 445 1644 tenebrat.
470 1622 538 1640 nunc
554 1619 641 1641 autem
665 1614 710 1640 lux
723 1614 748 1640 in
761 1614 854 1641 Domi-

65 1666 107 1684 no.
146 1657 182 1685 Ut
204 1658 257 1692 ﬁlii
292 1658 358 1685 lucis
388 1659 520 1685 ambulate
549 1659 661 1694 (fructus
691 1660 759 1686 enim
788 1660 853 1687 lucis

66 1709 101 1729 est
116 1704 143 1730 in
161 1702 375 1736 omniibonitate,
391 1708 415 1730 et
429 1703 547 1738 justitia,
559 1708 583 1730 et
595 1704 725 1740 veritate),
741 1705 855 1739 proban-

67 1754 102 1776 tes
122 1750 188 1784 quid
203 1750 240 1775 sit
255 1748 444 1784 beneplacitum
464 1749 528 1776 Deo.
554 1749 589 1776 Et
608 1749 687 1777 nolite
707 1751 854 1777 communi-

66 1803 123 1822 care
137 1794 262 1829 operibus
284 1795 456 1829 infructuosis
478 1795 651 1829 tenebrarum,
669 1797 752 1831 magis
766 1801 854 1823 autem

66 1841 227 1875 redarguite.
252 1839 319 1872 Qua:
331 1841 400 1867 enim
411 1841 439 1867 in
453 1841 554 1868 occulto
576 1842 643 1876 ﬁunt
660 1842 692 1868 ab
711 1842 784 1876 ipsis,
799 1847 855 1869 tur-

65 1895 94 1921 pe
105 1892 142 1913 est
155 1891 181 1913 et
195 1886 296 1913 dicere.
324 1886 420 1914 Omnia
433 1891 519 1914 autem
535 1896 593 1923 qua:
612 1893 770 1924 arguuntur,
785 1897 801 1916 a
814 1888 855 1915 lu-

66 1934 132 1960 mine
147 1933 369 1967 manifestantur.
390 1933 471 1960 Omne
485 1935 555 1960 enim
569 1935 637 1969 quod
657 1935 854 1970 manifestatur,

65 1979 149 2006 lumen
169 1985 221 2008 est.
247 1979 364 2014 Propter
379 1981 448 2015 quod
469 1980 558 2006 dicit:
576 1980 658 2015 Surge
681 1981 725 2016 qui
744 1980 854 2015 dormis,

65 2031 87 2052 et
97 2034 210 2062 exsurge
229 2035 247 2053 α
260 2026 386 2060 mortuis,
408 2030 433 2053 et
446 2025 608 2053 illuminabit
624 2032 648 2054 te
659 2026 788 2054 Christus.
810 2027 856 2054 Vi-

64 2074 118 2101 dete
132 2075 236 2112 itaque,
263 2074 376 2108 fratres,
398 2074 527 2108 quomodo
550 2079 625 2101 caute
641 2075 789 2107 ambuletis,
806 2083 857 2102 non

91 2182 118 2201 ⁸⁶’
128 2181 194 2220 Bap.
207 2193 259 2218 xu,
360 2183 431 2220 βιῳ.
441 2182 572 2220 ξιιμ-2.

61 2218 151 2248 Thess.
168 2218 201 2251 ll,
214 2220 260 2251 14,
279 2218 383 2250 15,16.

71 2290 146 2328 Greg.
163 2299 208 2327 ep.
223 2290 274 2323 52,
291 2289 341 2316 lib.
360 2296 398 2315 Ix.

620 2182 643 2199 ⁵⁸
661 2182 742 2210 Eccli.
770 2190 862 2213 xxxiv.
885 2182 928 2209 M.
962 2181 1092 2216 “iEphes.
1106 2189 1144 2213 Iv,
1154 2180 1251 2207 29-51.
1304 2180 1328 2195 "
1347 2180 1446 2216 Ephcs:
1463 2180 1598 2216 mut-"2.12

440 2219 462 2234 "
482 2210 504 2244 ll
515 2210 609 2245 Thess.
628 2225 670 2251 ιιι,
683 2217 742 2251 1,2,
751 2218 778 2245 5.
816 2218 839 2233 "
857 2210 1039 2251 Celasius'ep.
1053 2216 1080 2244 9.
1117 2210 1142 2232 “
1161 2215 1233 2251 Psal.
1251 2210 1453 2251 quIILHLiS.
1489 2211 1513 2227 "
1530 2210 1600 2251 Sisti
1615 2214 1686 2251 stin}.

60 2255 114 2284 176,
145 2257 169 2272 ⁵⁸
189 2250 292 2289 Steph.
314 2253 447 2281 Dorensls
467 2253 495 2280 in
516 2253 607 2280 libello
618 2250 708 2280 oblato
724 2261 769 2280 an.
784 2252 847 2283 649,
872 2253 898 2279 in
911 2250 1100 2288 synodsRom.
1116 2259 1192 2279 cons.
1208 2250 1236 2277 2.

71 2290 146 2323 Grex.
163 2299 208 2323 ep.
223 2290 274 2323 52,
291 2289 341 2316 lib.
360 2296 398 2315 Ix.
438 2289 461 2304 "
481 2288 597 2316 servitis.
635 2288 657 2304 ‘°
675 2287 756 2323 (ἔτεα.
772 2296 815 2323 ep.
831 2287 930 2318 50.lil).
948 2295 985 2315 Iv.
1023 2287 1046 2303 “
1065 2295 1099 2314 ex
1114 2294 1167 2314 ms.
1180 2285 1236 2313 Just

908 1523 1004 1551 stincta
1024 1522 1147 1549 funditus
1162 1521 1316 1556 hujusmodi
1338 1521 1452 1556 caligine
1467 1521 1501 1554 ⁸⁵,
1527 1519 1635 1548 Lucifer
1649 1520 1690 1547 eis

907 1568 1089 1602 resplendeat,
1111 1572 1138 1595 et
1163 1567 1255 1594 laetitia
1276 1567 1380 1595 oriatur
1399 1568 1426 1594 in
1441 1567 1567 1594 cordibus
1582 1574 1688 1593 eorum.

908 1613 1070 1648 Confidimus
1084 1618 1171 1640 autem
1186 1614 1218 1640 de
1232 1613 1311 1646 nobis,
1327 1613 1435 1645 fratres,
1448 1614 1479 1640 in
1493 1613 1616 1646 Domino,
1626 1621 1690 1648 quo-

908 1660 979 1686 niam
993 1668 1052 1695 qute
1062 1660 1243 1694 prweepimus,
1252 1664 1275 1686 et
1288 1659 1387 1694 facitis,
1401 1663 1425 1685 et
1435 1659 1538 1692 facietis
1549 1658 1582 1685 ⁸⁷.
1599 1658 1690 1691 Quan-

907 1709 934 1732 to
951 1705 1023 1732 enim
1039 1705 1169 1732 beneﬁcia
1179 1710 1269 1733 vestra
1281 1705 1323 1732 his
1338 1704 1454 1739 amplius
1470 1704 1613 1733 exhibetis.
1629 1708 1689 1731 tan-

907 1753 935 1777 to
948 1749 1077 1784 majorem
1104 1750 1316 1777 vicissitudinem
1340 1750 1375 1776 ab
1394 1749 1570 1784 omnipotenti
1583 1749 1638 1777 Deo
1653 1749 1689 1782 ⁸⁸,

907 1795 951 1822 cui
970 1795 1091 1822 serviunt
1105 1796 1127 1811 ⁵⁹
1138 1815 1145 1829 ,
1161 1795 1332 1830 exspectatis.
1358 1794 1534 1830 Omnipotens
1556 1794 1627 1822 Deus
1639 1802 1689 1822 sua

906 1849 955 1870 vos
980 1842 1148 1876 protectione
1174 1843 1309 1870 custodiat
1321 1841 1353 1875 ⁸ο,
1380 1842 1566 1876 honoremque
1581 1845 1688 1876 etprae-

907 1891 1015 1921 ceptum
1041 1893 1151 1914 servare
1176 1886 1321 1918 concedat,
1343 1890 1370 1912 ει
1380 1885 1464 1920 gloria
1479 1885 1619 1919 honorque
1633 1883 1689 1910 Deo

906 1932 981 1960 Patri
995 1931 1309 1967 omnipotenti,ejusquo
1321 1931 1459 1966 unigenito
1472 1929 1541 1957 Filio
1554 1928 1689 1956 Salvatori

908 1984 1012 2010 nostro,
1040 1985 1102 2005 cum
1128 1977 1230 2012 Spiritu
1257 1980 1351 2004 sancto
1367 1976 1403 2003 sit
1421 1976 1447 2002 in
1462 1975 1560 2004 sarcula
1574 1975 1689 2002 saculo-

907 2033 978 2052 rum.
1003 2024 1100 2051 Amen.
1126 2023 1193 2051 Data
1212 2023 1233 2039 θ’
1259 2031 1297 2050 sn
1326 2021 1386 2049 Kal.
1411 2021 1509 2056 Aprilis
1525 2020 1690 2047 Maximiano

906 2075 934 2098 et
949 2070 1080 2098 Africano
1095 2069 1161 2097 viris
1175 2068 1336 2097 clarissimis
1351 2067 1520 2096 consulibus.

1304 2178 1328 2195 ιο
1347 2178 1446 2213 Ephes.
1463 2184 1490 2208 ν,
1505 2175 1598 2213 Art-21“
1625 2175 1646 2190 δι
1666 2174 1689 2202 ιι

1279 2250 1300 2265 ⁸⁷
1322 2243 1344 2276 ll
1378 2248 1474 2276 Thess.
1491 2254 1532 2277 ιιι,
1547 2246 1574 2273 ι.
1614 2245 1636 2260 ⁵⁸
1655 2243 1688 2274 S.

1023 2287 1046 2303 “
1065 2295 1099 2314 ex
1114 2294 1167 2314 ms.
1180 2284 1297 2313 Justelli.
