1861 3052
77 83 120 110 177

598 84 627 112 S.
648 84 819 113 FABIANUS
837 84 937 112 PAPA.
959 99 994 107 --
1012 83 1163 113 NOTiTIA.

1641 89 1689 116 1·Ὶὸ

80 141 452 180 Horatianumdejicclcsia,
463 148 492 180 rt
512 144 653 180 quosdam,
664 144 846 180 confessores,
861 149 1006 180 postquam
1021 143 1109 173 Mﬂes
1124 145 1149 171 in
1166 151 1282 180 carcere
1298 143 1442 172 defunctus
1458 149 1509 175 est.
1527 144 1641 180 quiifuit
1654 145 1691 172 ibi

78 185 173 204 menses
192 178 222 205 l-l
239 178 291 214 (9).
305 178 341 205 Et
358 181 399 206 sic
416 179 492 215 multi
507 179 656 206 Christiani
674 179 800 214 fugerunt
814 178 881 214 (10}.
896 178 945 207 Hic
957 180 1021 207 fecit
1037 180 1224 207 ordinationes
1238 179 1359 215 quinque
1374 188 1421 214 per
1440 178 1561 207 mensein
1578 179 1690 207 Decem—

77 214 345 255 ill'Elll‘pr-PSIZYIECOS.
359 214 455 255 viginti
472 214 691 255 d_uos,diagor_105
701 219 815 255 septeni,
830 216 974 255 episcopos
994 223 1040 250 per
1057 215 1163 255 diversa
1182 214 1592 255 lucaniidccim.Qu_i_scpultus
1607 215 1692 243 estin

76 249 222 276 cauncterio
236 248 360 281 Callisti,
376 248 420 276 via
430 249 526 284 Appia,
539 258 587 277 xm
605 248 740 277 Kalendas
753 248 904 278 Februarii.
921 248 954 278 Et
968 248 1086 278 cessavit
1101 251 1273 286 episcopatus
1287 251 1345 278 dies
1358 257 1406 278 sex
1422 250 1490 286 (ll).

627 429 885 476 NOTITIA
920 431 1150 476 ALTERA

404 528 447 564 (D.
461 527 616 561 Cous'nur.
628 527 756 564 Epistolis
770 527 846 556 Rom.
859 529 968 564 pontif.,
987 534 1053 558 tom.
1067 529 1078 556 1
1094 533 1121 557 et
1138 528 1224 562 unic.,
1241 537 1267 564 p.
1283 529 1356 562 ll8.)

104 667 128 694 1.
141 666 211 694 Cum
230 666 334 695 fratres
347 674 445 695 omnes
461 669 488 695 in
503 668 619 696 ecclesia
640 674 733 697 essent
747 678 860 705 congre-
876 674 899 703 Α
947 672 974 699 3.
994 670 1031 699 De
1052 671 1131 699 beato
1155 669 1268 698 Fabiani
1288 670 1363 698 esitu
1385 669 1538 706 Cyprianus
1560 670 1624 698 cleri
1645 670 1697 698 Ro-

73 713 132 748 gati,
149 717 180 740 ιιι
200 721 268 740 eum
294 714 342 748 qui
368 714 469 741 Antero
486 722 665 743 successurus
679 721 738 743 erat
753 716 864 745 ordina-

75 764 138 791 rent,
160 759 256 786 subito
277 759 378 794 illapsu
399 759 546 792 columbae,
562 768 623 795 quae
642 759 756 789 Fabiani
770 762 864 790 vertici

74 805 180 838 insedit,
193 810 341 840 permotus
355 805 472 840 populus
484 805 634 833 Fabianum
648 806 807 842 episcopatu
823 806 865 834 di-

76 857 153 885 gnum
171 857 236 878 esse
257 850 456 882 conclamavit,
473 851 621 886 statimque
637 852 864 887 comprehensum

74 895 235 924 sacerdotali
254 896 394 923 cathedrae
413 896 553 931 imposuit.
587 896 792 925 Ordinationem
805 899 865 934 ejus

75 941 207 969 Eusebius
231 941 260 968 in
285 940 416 969 Chronica
441 947 501 977 post
516 942 655 970 Maximini
676 948 793 971 mortem
819 951 865 971 re-

74 991 183 1019 censet;
199 986 295 1014 sedibi
308 994 363 1014 non
376 991 417 1013 est
430 992 586 1015 accuratus.
599 986 666 1014 Nam
677 992 703 1015 et
716 988 774 1022 ipso
782 996 864 1022 anno,

74 1033 117 1068 qui
135 1033 281 1060 Maximini
299 1041 393 1061 necem
415 1034 537 1069 excepit,
556 1034 648 1062 Anteri
664 1034 864 1062 ordinationem

75 1084 99 1106 et
105 1080 224 1112 obitum,
234 1079 403 1116 Fabianique
412 1081 571 1108 electionem
580 1081 800 1116 consignatdicet
809 1081 867 1108 haec

76 1125 124 1153 tria
141 1125 298 1153 Maximino
320 1126 465 1161 superstite
493 1126 676 1161 contigerint,
704 1131 787 1162 atque
813 1127 867 1154 alio

75 1180 145 1200 anno
154 1173 280 1200 Anterus
296 1173 449 1205 ordinatus.
464 1177 490 1200 et
507 1173 560 1199 alio
575 1173 629 1200 vita
647 1172 757 1200 functus
769 1172 864 1201 fuerit.

108 1219 135 1246 2.
150 1219 180 1246 ln
197 1219 374 1246 Bucberiano
389 1219 504 1254 aliisque
517 1219 638 1254 antiquis
658 1219 790 1254 catalogis
808 1219 865 1247 haec

77 1265 192 1300 legimus
209 1274 217 1293 :
235 1264 373 1292 Fabianus
398 1273 480 1292 annos
505 1265 553 1297 M,
578 1273 689 1292 mensem
711 1265 737 1298 l,
751 1265 806 1292 dies
822 1265 865 1293 10.

78 1311 140 1338 Fuit
154 1312 318 1346 temporibus
340 1311 484 1338 Maximini
502 1317 526 1338 et
550 1311 683 1338 Gordiani
699 1317 723 1339 et
738 1312 866 1347 Philippi,

914 718 988 745 mani
1002 717 1100 745 litteris
1117 717 1218 744 certior
1228 715 1327 748 factus,
1346 724 1409 744 mox
1426 717 1578 744 rescribens
1591 718 1599 733 ¹
1619 717 1698 753 hujus

914 762 1002 789 sancti
1016 761 1151 797 pontificis
1165 761 1282 796 elogium
1298 761 1341 789 his
1356 761 1450 796 paucis
1461 762 1620 797 complexus
1635 768 1677 791 cst
1690 772 1697 790 :

915 806 981 835 Cum
1001 807 1033 834 de
1052 815 1160 835 excessu
1177 807 1236 834 boni
1260 807 1309 834 uiri
1331 807 1438 842 collega:
1459 808 1509 834 mei
1524 816 1614 835 rumor
1629 809 1700 843 apud

915 861 962 881 nos
979 855 1095 881 incertus
1116 859 1192 885 esset.
1212 854 1309 888 [rati-es
1325 854 1484 886 charissimi,
1498 858 1522 881 et
1547 855 1635 888 opinio
1651 861 1700 882 ιιιι-

915 900 959 927 bia
974 905 1089 932 nutaret,
1103 900 1191 934 accepi
1206 909 1222 926 a
1238 900 1309 927 vobis
1323 899 1427 927 litteras
1443 901 1477 927 ad
1492 909 1532 927 me
1547 902 1641 927 missas
1656 909 1701 935 μυι-

916 945 1089 973 Clementium
1114 946 1342 981 hypodiaconum.
1367 945 1462 981 quibus
1489 945 1641 981 plenissime
1669 946 1701 973 ds

915 992 1029 1027 glorioso
1054 992 1110 1025 eius
1133 993 1206 1019 exitu
1231 993 1386 1019 instruerer.
1406 992 1439 1018 Et
1464 992 1595 1019 exsultaui
1618 993 1701 1024 satis,

916 1039 985 1073 quod
1000 1047 1046 1073 pro
1064 1039 1216 1074 integritate
1234 1039 1475 1066 administrationis
1491 1039 1564 1074 ejus,
1581 1047 1703 1066 consum-

917 1084 998 1110 matio
1014 1092 1114 1118 quoque
1135 1083 1243 1110 honesta
1258 1085 1422 1117 processerit.
1438 1083 1471 1110 1η
1484 1091 1535 1119 quo
1554 1083 1624 1110 vobis
1635 1092 1702 1119 quo-

917 1139 965 1165 que
987 1130 1131 1164 plurimum
1157 1129 1287 1165 gratulor,
1305 1130 1373 1164 quod
1394 1130 1451 1164 ejus
1471 1130 1625 1157 memoriam
1647 1134 1702 1156 tam

917 1175 1012 1202 celebri
1030 1179 1054 1201 et
1081 1174 1181 1201 illustri
1207 1175 1354 1202 testimonio
1377 1175 1589 1210 prosequamini',
1610 1179 1638 1202 ut
1658 1183 1704 1210 per

917 1230 962 1248 uos
978 1221 1148 1248 innotesceret
1161 1221 1245 1254 nobis,
1260 1223 1329 1256 quod
1342 1226 1366 1248 et
1380 1220 1451 1248 vobis
1467 1226 1533 1248 esset
1551 1222 1622 1248 circa
1635 1229 1704 1256 prta-

918 1267 997 1302 positi
1013 1267 1166 1294 memoriam
1178 1267 1332 1303 gloriosum,
1349 1272 1373 1294 et
1390 1267 1463 1294 nobis
1480 1275 1581 1303 quoque
1595 1267 1657 1301 ﬁdei
1672 1275 1704 1294 ac

919 1313 1024 1339 uirtutis
1047 1312 1173 1347 prteberet
1193 1313 1349 1346 exemplum.
1365 1312 1436 1339 Nam
1453 1318 1580 1348 quantum
1598 1313 1704 1347 pericu-

77 1367 93 1384 a
114 1358 259 1385 consulatu
283 1356 426 1384 Maximini
448 1363 472 1384 et
497 1358 619 1391 Africani
643 1365 724 1392 usque
741 1357 820 1384 Decio
835 1356 864 1384 ll
885 1355 903 1382 Β
918 1358 974 1384 losa
989 1366 1028 1384 res
1049 1362 1087 1385 est
1110 1358 1144 1385 ad
1163 1359 1322 1394 sequendum
1345 1358 1449 1394 lapsum
1464 1359 1542 1385 ruina
1556 1359 1702 1394 praepositi,

77 1405 139 1438 (leg.
156 1404 240 1431 Decio
254 1403 280 1437 I)
294 1408 318 1431 et
337 1403 419 1431 Grato
432 1403 495 1438 (hoc
506 1407 547 1430 cst
564 1403 598 1430 ab
615 1411 686 1430 anno
701 1403 804 1430 Christi
814 1403 867 1431 236

78 1451 110 1478 ad
130 1451 208 1485 250).
225 1450 327 1477 Passus
347 1454 385 1477 est
401 1457 439 1476 xu
454 1449 536 1484 (apud
553 1448 621 1477 Boll.
641 1457 710 1482 xui;
731 1450 758 1476 in
772 1449 877 1477 Fossat.

79 1505 128 1525 ms.
143 1496 202 1532 xw)
219 1495 357 1523 Kalendas
372 1495 525 1523 Februarii.
542 1494 579 1522 Ex
594 1495 646 1522 hoc
663 1495 768 1523 calculo
785 1495 810 1523 si
822 1502 870 1523 au-

79 1543 185 1570 feratur
203 1542 309 1570 mensis
332 1549 414 1575 unus,
432 1545 459 1569 et
477 1541 636 1577 praeferatur
657 1541 739 1569 lectio
767 1541 870 1569 codicis

79 1589 105 1616 in
120 1596 179 1624 quo
198 1587 340 1615 Fabianus
356 1595 406 1614 ιιιι
422 1586 487 1614 Kal.
503 1586 584 1614 Febr.
601 1595 695 1622 passus
713 1586 869 1620 adnotatur,

79 1639 209 1670 aequetur
224 1638 256 1661 ut
274 1634 298 1661 is
311 1642 378 1669 papa
393 1641 465 1661 anno
477 1633 540 1666 256,
553 1632 676 1660 Januarii
691 1632 798 1660 decimo
815 1632 868 1664 die,

79 1681 124 1715 qui
140 1681 170 1708 in
185 1681 359 1708 Dominicam
383 1680 530 1713 incidebat,
545 1679 699 1711 ordinatus,
717 1686 789 1706 anno
804 1678 868 1710 2569,

80 1727 204 1755 Januarii
217 1726 254 1754 20
268 1726 313 1754 die
328 1725 453 1762 martyrii
469 1733 597 1753 coronam
614 1725 728 1760 adeptus
745 1725 799 1752 sit:
815 1732 870 1760 quo

80 1773 191 1807 quidem
212 1772 258 1800 die
278 1771 306 1799 in
326 1771 453 1799 omnibus
469 1770 590 1805 antiquis
609 1769 805 1802 monumentis,
819 1777 869 1796 no-

81 1820 264 1854 minatimque
293 1818 320 1845 in
345 1818 416 1845 libro
438 1816 671 1845 Sacramentorum
693 1815 722 1843 S.
747 1815 870 1852 Gregorii

81 1866 181 1894 festum
193 1865 254 1900 ejus
268 1864 425 1892 ascribitur.

124 1946 134 1962 '
149 1945 231 1981 Apud
242 1944 404 1978 Pamelium,
417 1944 498 1979 epist.
513 1944 540 1971 4.

79 2018 158 2039 sares
172 2011 199 2038 in
221 2017 330 2038 carcere
345 2009 545 2042 detinebantur,
566 2014 593 2036 ct
610 2016 666 2044 quo
676 2009 703 2036 in
715 2009 803 2036 locum
819 2008 871 2036 Fa-

918 1404 944 1430 in
962 1408 1066 1431 tantum
1081 1403 1145 1430 utile
1159 1409 1197 1431 est
1213 1409 1238 1430 et
1251 1404 1380 1437 salutare,
1396 1412 1455 1430 cum
1470 1412 1496 1431 se
1511 1404 1645 1438 episcopus
1659 1410 1704 1438 per

919 1449 1115 1484 ﬁrmamentum
1131 1450 1193 1485 ﬁdei
1217 1450 1344 1485 fratribus
1366 1449 1463 1485 pra'bet
1479 1450 1648 1477 imitandum.
1666 1450 1702 1477 Ea

919 1496 971 1524 fuit
983 1496 1124 1523 beatorum
1139 1496 1246 1524 illorum
1265 1501 1414 1531 temporum
1432 1497 1507 1528 fides,
1522 1501 1550 1523 ut
1562 1505 1624 1524 cum
1641 1497 1704 1523 boni

920 1547 946 1569 et
975 1541 1049 1569 utilis
1070 1542 1187 1577 pastoris
1206 1542 1313 1577 jactura
1337 1542 1439 1570 luctum
1465 1547 1492 1569 et
1516 1542 1648 1577 lacryinas
1670 1542 1704 1568 ab

921 1586 1008 1621 ipsius
1025 1593 1105 1622 grege
1119 1586 1282 1620 exprimere,
1297 1589 1324 1612 et
1348 1585 1382 1612 ah
1404 1585 1493 1612 amico
1507 1585 1705 1612 consolatorios

921 1633 1026 1661 litteras
1049 1633 1157 1668 exigere
1184 1632 1283 1660 debere
1310 1632 1460 1665 videretur,
1483 1635 1510 1659 et
1535 1631 1651 1658 Romani
1678 1635 1706 1658 et

921 1679 1027 1707 amicus
1042 1686 1137 1707 eorum
1152 1678 1305 1714 Cyprianus
1324 1678 1430 1706 animos
1455 1678 1481 1705 in
1501 1681 1624 1705 mutuam
1644 1684 1705 1712 gra—

922 1725 1082 1753 tulationem
1098 1724 1284 1755 eﬂunderent;
1298 1725 1364 1752 certi
1384 1725 1512 1751 nimirum
1532 1723 1600 1750 nihil
1614 1722 1708 1750 Eccle-

921 1772 968 1799 size
981 1776 1117 1806 ereptum,
1134 1771 1178 1798 cui
1197 1771 1356 1806 praeclarum
1378 1770 1528 1806 praestitum
1547 1769 1582 1797 sit
1595 1769 1661 1796 ﬁdei
1673 1776 1706 1796 ac

920 1817 1028 1845 virtutis
1043 1818 1208 1853 exemplum.

922 2013 1004 2036 etiam
1031 2014 1078 2034 sex
1104 2006 1243 2034 mensibus
1262 2009 1379 2039 tantum,
1399 2005 1470 2041 quod
1496 2005 1542 2032 alii
1567 2009 1705 2036 asserunt.

81 2047 154 2074 biani
167 2047 225 2082 jam
241 2046 311 2072 ultra
335 2052 437 2072 annum
452 2041 600 2082 _i_nartvrio_
618 2041 717 2082 allecti,
735 2048 796 2082 post
825 2046 903 2076 ειη-(ζ
920 2043 967 2070 sed
988 2042 1062 2082 ultra
1090 2042 1225 2076 integrum
1249 2049 1352 2082 annum
1378 2041 1430 2069 hoc
1462 2045 1583 2082 tempore
1610 2041 1703 2082 sedem

80 2079 371 2120 nuumZinterregnum
385 2080 566 2120 pontificium,
581 2079 723 2120 Cornelius
739 2080 869 2120 suffectus

78 2121 149 2144 erat.
167 2115 236 2143 Nam
252 2113 302 2150 qui
315 2116 372 2142 haec
385 2113 470 2142 verba
486 2116 518 2142 ad
532 2120 638 2150 tempus
654 2113 765 2142 Fabiani
780 2115 870 2142 adhuc

79 2152 199 2179 viventis
211 2150 344 2183 referunt,
360 2150 477 2184 graviter
491 2155 599 2184 errant;
617 2157 680 2178 cum
694 2158 748 2177 non
764 2154 869 2177 tantum

79 2186 164 2214 Liber
182 2185 350 2221 pontiﬁcalis
363 2185 409 2213 hic
430 2185 456 2221 in
473 2185 533 2213 Vita
552 2185 677 2221 Fabiani,
703 2190 730 2212 et
756 2185 827 2221 infra
842 2185 869 2221 in

80 2221 141 2249 Vita
157 2220 292 2252 cornelii,
314 2228 410 2248 verum
430 2220 488 2256 ipse
518 2228 628 2256 quoque
653 2220 734 2256 Cypr.
760 2220 868 2256 epistol.

79 2257 123 2289 69,
143 2257 180 2284 52
209 2261 237 2283 et
265 2256 310 2289 '16,
336 2255 785 2291 aperte'scribant'Novatianuni
814 2262 870 2282 non

79 2298 142 2319 ante
158 2300 174 2319 a
191 2291 298 2319 Novato
325 2291 466 2318 seductum
490 2291 584 2323 fuisse,
594 2291 654 2326 nisi
675 2294 736 2326 post
750 2291 869 2319 schisma

78 2330 215 2355 adversus
231 2326 387 2354 Cornelium
414 2325 572 2353 conﬂatum.
592 2325 667 2353 Unde
677 2325 748 2360 quid
764 2326 798 2353 de
809 2326 868 2360 epi-

78 2363 148 2389 stola
166 2362 283 2390 Fabiani
301 2362 399 2396 prima,
420 2369 473 2396 qua
484 2361 652 2389 Novatianus
666 2369 681 2388 a
698 2360 801 2389 Novato
811 2361 870 2395 ejus

77 2402 204 2433 tempore
235 2397 366 2433 seductus
389 2397 612 2433 esserscribitur,
632 2397 804 2433 sentiendan
822 2397 868 2429 sit,

78 2432 106 2460 in
121 2431 197 2460 notis
223 2433 258 2460 ad
283 2431 397 2467 primam
422 2432 501 2466 epist.
521 2432 643 2460 dicemus
668 2431 748 2459 infra.
768 2431 868 2459 Baron.

78 2475 152 2496 anno
166 2467 232 2499 258,
249 2475 327 2495 num.
345 2467 362 2494 9
377 2472 404 2494 et
416 2475 492 2502 seqq.

113 2504 153 2539 (9)
174 2503 326 2539 Postquam
335 2502 428 2539 Moses
443 2501 592 2539 inicrarcere
602 2501 743 2536 defunctus
758 2502 870 2539 esl,_qui

80 2539 131 2574 fuit
142 2537 182 2565 ibi
193 2537 296 2566 menses
314 2537 441 2574 H.__Cum
458 2538 523 2565 sede
537 2538 628 2565 adhuc
641 2542 754 2574 vacante
765 2538 798 2565 ad
813 2537 870 2564 Mo-

78 2572 138 2605 sen.
150 2574 302 2602 Maximum
317 2578 344 2600 et
353 2572 548 2608 Nicostratum,
562 2577 706 2608 postquam
721 2572 748 2608 in
761 2580 870 2600 carcere

79 2611 149 2637 ultra
166 2617 271 2637 annum
301 2608 404 2636 detenti
436 2607 687 2639 fuissent,sanctus
716 2607 870 2643 Cyprianus

78 2646 220 2680 epistolam
237 2643 468 2680 scripserit,rquae
489 2647 532 2670 est
557 2644 592 2670 16
614 2643 742 2680 editionis
754 2643 871 2680 Pamel.,

79 2678 236 2716 fuerintque
267 2685 335 2707 tunc
359 2678 532 2740 adhuclpace
556 2678 703 2705 et‘unitate
720 2679 872 2706 concordes

79 2719 204 2740 tnunrmn
241 2715 384 2740 Maximus
404 2717 431 2740 et
482 2714 629 2740 icostratus
658 2718 719 2740 nost
746 2719 868 2740 creatum

77 2714 205 2752 (quorum
241 2715 384 2752 Maximus
404 2717 431 2740 et
457 2714 487 2740 Ni

74 2748 245 2784 Cornelium,
263 2751 300 2778 ab
325 2749 435 2781 eodem,
459 2753 489 2775 ut
512 2756 544 2776 ex
560 2749 678 2776 Eusebio
706 2752 825 2781 constat,
839 2748 866 2775 in

72 2789 222 2816 schismate
236 2785 323 2815 divisi
337 2785 427 2818 sunt),
441 2784 622 2812 certissimum
633 2789 736 2811 estnon
750 2791 797 2811 sex
809 2784 867 2810 die-

71 2823 130 2858 bus,
158 2828 189 2852 ut
221 2822 300 2851 infra
330 2824 430 2848 auctor
455 2818 621 2848 Pontificalis
647 2819 752 2854 scribit,
780 2825 867 2855 neque

482 2717 629 2741 icostratus
658 2718 719 2748 post
746 2719 868 2741 creatum
885 2720 907 2748 υ

939 2077 1086 2105 ontitlciam
1110 2075 1232 2104 vacasse.
1258 2076 1358 2104 Baron.
1375 2083 1448 2104 anno
1475 2075 1539 2109 253,
1565 2082 1642 2103 num.
1659 2075 1703 2103 28.

939 2086 1086 2105 onttltctam
1110 2086 1232 2104 vacasse.
1258 2086 1358 2104 uaron.
1375 2086 1448 2104 anno
1475 2086 1539 2109 τοῦ,
1565 2086 1642 2103 ιιιιιιι.
1659 2086 1703 2103 zo.

920 2086 1006 2146 auem
1021 2117 1116 2141 auctor
1133 2113 1177 2140 hic
1196 2113 1221 2139 in
1239 2119 1347 2139 carcere
1374 2111 1532 2140 defunctum
1559 2117 1620 2138 esse
1635 2110 1705 2146 insi-

921 2145 998 2181 nuat,
1021 2155 1056 2175 ex
1083 2148 1162 2183 epist.
1187 2147 1300 2183 Cornel.
1327 2147 1368 2183 ad
1398 2146 1511 2183 Fabium
1539 2145 1705 2173 Antiochen.

921 2191 1001 2218 quam
1027 2181 1108 2211 infra"
1125 2191 1159 2210 ex
1181 2182 1300 2210 Eusebio
1326 2182 1380 2210 huc
1400 2181 1567 2214 infer-emus,
1597 2185 1707 2208 constat

921 2217 1039 2254 glorioso
1051 2219 1179 2255 martyrio
1194 2218 1301 2252 publice
1312 2219 1339 2245 in
1361 2217 1482 2255 omnium
1497 2219 1706 2255 conspectuﬂco-

921 2251 1151 2316 ronanggiartyrii
1163 2251 1291 2289 adeptum
1306 2261 1378 2281 esse.
1391 2253 1430 2279 Ita
1444 2252 1542 2279 Baron.
1558 2259 1629 2278 anno
1638 2251 1704 2284 255,

921 2297 997 2316 num.
1046 2308 1054 2315 .

921 2297 997 2316 1111111.
1009 2297 1054 2316 ον.

957 2324 1013 2359 (10)
1029 2324 1063 2351 Et
1087 2325 1126 2351 sic
1147 2325 1225 2352 multi
1249 2324 1395 2351 Christiani
1421 2325 1557 2386 ingerunt.
1589 2322 1704 2350 lndictio

957 2360 1120 2386 rsecutionis
1137 2360 1317 2386 atrocissimas
1332 2360 1399 2386 adeo
1436 2359 1573 2386 lcclcsiam
1597 2358 1704 2385 univer-

921 2360 1120 2394 persecutionis
1137 2360 1317 2388 atrocissimas
1332 2360 1399 2387 adeo
1421 2358 1573 2387 Ecclesiam
1597 2358 1706 2394 univer-

921 2392 979 2422 sam
1010 2395 1160 2426 concussit,
1187 2401 1217 2423 ut
1242 2394 1408 2429 complures,
1426 2395 1488 2422 licet
1507 2392 1661 2429 fortissimi,
1676 2400 1706 2419 se

921 2431 1112 2459 subduxerint.
1142 2434 1170 2457 et
1187 2428 1392 2465 quidemgintcr
1419 2430 1487 2457 alios
1512 2428 1705 2465 sanctissimus

921 2466 1086 2500 Cyprianus,
1095 2465 1186 2492 divino
1195 2463 1277 2499 prope
1290 2463 1391 2499 Spiritu
1400 2465 1551 2500 impulsus,
1560 2463 1705 2500 Dionysius

921 2498 1132 2533 Alexandrinus,
1146 2508 1178 2527 ac
1193 2498 1293 2528 Paulus
1308 2498 1421 2537 ereinita
1435 2498 1448 2527 ί
1463 2499 1511 2534 qui
1537 2498 1664 2537 deinceps
1676 2499 1704 2523 in

921 2537 1155 2571 spelunca,quam
1172 2541 1237 2564 tunc
1260 2536 1389 2571 temporis
1413 2533 1511 2562 nactus
1536 2537 1587 2571 est,
1613 2533 1706 2560 solita-

921 2569 990 2598 riam
1005 2569 1088 2598 vitani
1105 2580 1198 2606 agens,
1220 2569 1374 2606 exemplum
1395 2571 1457 2606 vitae
1467 2569 1625 2606 monasticae.
1635 2575 1706 2606 prat-

922 2607 999 2638 bens,
1017 2603 1167 2642 permansit
1179 2603 1212 2634 ad
1227 2603 1328 2633 annuin
1345 2607 1434 2634 aetatis
1450 2605 1510 2642 115,
1522 2605 1569 2642 qui
1581 2608 1623 2632 est
1633 2603 1707 2630 Con—

921 2640 1025 2704 ;tpgitii’
1041 2642 1213 2677 imperatoris
1245 2642 1261 2668 7
1288 2642 1443 2669 inchoatus.
1471 2640 1605 2668 Baronius
1633 2644 1708 2666 anno

940 2688 956 2704 ί)
977 2697 984 2704 .

940 2678 984 2705 55.

952 2712 1012 2774 ⁴311)
1044 2710 1161 2754 Cessavit
1188 2713 1352 2748 episcopatus
1378 2713 1433 2740 dies
1452 2712 1478 2740 6.
1503 2712 1580 2740 Ultra
1604 2718 1707 2739 annum

971 2755 1013 2774 em
1030 2747 1197 2774 nontiticiam
1222 2756 1344 2774 vacasse.
1360 2753 1468 2774 constat
1488 2757 1521 2774 ex
1538 2748 1572 2774 iis
1585 2754 1646 2774 oua:
1662 2754 1707 2773 sti-

922 2747 1013 2775 sedem
1030 2747 1206 2782 pontiticiam'
1222 2756 1344 2781 vacasse,
1360 2753 1468 2776 constat
1488 2757 1521 2776 ex
1538 2748 1572 2776 iis
1585 2754 1709 2783 quaiso-

922 2791 969 2820 pra
990 2783 1057 2815 dixi,
1071 2783 1160 2820 verbis
1169 2783 1315 2819 Postquam
1341 2783 1448 2816 Moses;
1477 2793 1530 2820 qua
1541 2784 1574 2811 de
1589 2782 1618 2811 re
1631 2782 1708 2818 plura

921 2819 1043 2847 dicemus
1053 2818 1134 2847 infra.
