1861 3052
165 127 217 156 I79

798 125 829 154 S.
847 125 1018 154 FABIANUS
1037 124 1135 152 PAPA.

1732 120 1792 148 £80

164 185 204 214 De
222 187 340 222 epistolis
361 191 387 215 et
408 187 639 215 constitutionibus
659 185 694 213 ad
710 184 861 213 Fabianum
883 186 947 213 atti-
960 189 984 217 Α
999 193 1070 217 rum,
1085 185 1111 212 in
1136 184 1234 219 quibus
1256 182 1392 210 Fabianus
1415 186 1443 210 et
1463 174 1567 216 septeni
1589 179 1789 210 subdiaconos.

490 222 621 249 nentibus.

201 279 227 307 1.
242 278 382 315 Origenes,
405 278 523 306 Eusebio
544 283 612 306 teste
627 279 648 312 ’,
664 278 697 306 ad
713 277 864 306 Fabianum
879 286 947 313 apo-

163 324 306 359 logeticam
327 325 436 359 scripsit
456 324 618 359 epistolam,
637 332 691 359 qua
711 332 740 352 se
764 324 946 351 orthodoxum

163 371 279 406 probare
291 370 436 397 nitebatur.
451 369 524 398 Hanc
539 375 636 398 notans
650 369 832 406 Hieronymus
843 370 870 397 ἐ
886 369 947 404 Ipse

165 415 298 450 Origenes,
313 415 412 450 inquit,
426 416 453 442 in
473 415 583 450 epistola
599 423 677 450 quam
691 415 782 442 scribit
795 415 829 442 ad
846 415 947 442 Fabia-

163 469 225 488 num
238 460 364 489 Romante
376 461 448 488 urbis
459 462 616 496 episcopum,
630 462 808 497 paenitentiam
821 462 886 497 agit,
899 469 947 489 cur

163 506 228 533 talia
250 506 297 541 (ob
319 514 380 542 quas
400 507 427 534 in
455 507 515 542 ejus
540 507 745 535 damnationem
776 506 862 535 Roma
893 507 946 535 sub

161 551 294 579 Pontiano
311 552 500 588 consenserat)
520 553 666 588 scripserit,
684 558 710 580 et
731 561 825 580 causas
842 553 946 580 temeri—

162 597 225 624 tatis
239 597 267 623 in
281 597 449 624 Ambrosium
464 598 553 633 refert,
569 598 638 633 quod
654 603 752 625 secreto
770 599 841 625 edita
855 599 881 625 in
897 606 946 633 pu-

161 642 257 669 blicum
269 643 420 677 protulerit.

195 688 223 716 2.
239 689 393 725 Cyprianus
407 688 487 724 epist.
502 690 537 717 53
550 691 584 718 ad
602 690 758 718 Cornelium
780 690 869 723 docet,
886 689 945 718 Pri-

161 739 253 762 vatum
267 735 490 766 Lambesitanum
506 736 664 771 episcopum
687 737 714 763 in
730 737 787 771 ipsa
805 736 944 764 Lambesi-

161 787 224 809 tuna
237 782 354 815 colonia,
369 782 404 809 ob
421 783 504 810 multa
520 787 547 810 et
565 782 656 818 gravia
672 783 780 815 delicta,
795 783 943 816 nonaginta

160 828 350 862 episcoporum
375 829 508 856 sententia
532 828 704 860 damnatum,
718 827 831 854 Fabiani
846 832 870 854 et
889 827 943 854 Do-

997 231 1042 266 qni
1057 231 1168 258 totidem
1185 229 1299 256 notariis
1313 229 1346 256 ad
1361 227 1558 256 conscribenda
1573 232 1725 262 martyrum
1738 234 1790 261 ge-

997 281 1039 304 sta
1054 276 1237 308 imminerent,
1254 274 1431 303 constituisse
1455 273 1569 307 legitur,
1595 279 1684 306 neque
1699 272 1788 298 etiam

994 330 1046 357 par
1059 322 1166 350 videtur
1180 321 1357 349 additamenti
1380 321 1462 356 hujus
1475 319 1633 347 auctoritas.
1646 318 1787 345 Praeterea

995 376 1028 396 ex
1042 375 1086 402 eo,
1098 368 1171 403 quod
1185 367 1342 403 Gregorius,
1355 367 1390 394 ab
1403 366 1516 401 Eulogio
1528 364 1714 392 Alexandrino
1729 364 1787 398 epi-

995 421 1080 448 scopo
1092 417 1201 449 rogatus
1216 418 1245 440 ut
1255 421 1315 448 qua:
1327 412 1461 440 Eusebius
1473 411 1619 446 collegerat
1630 414 1786 444 martyrum

995 464 1069 494 gesta
1090 460 1123 488 ad
1146 467 1176 487 se
1196 460 1402 492 transmitteret,
1420 458 1466 485 lib.
1484 465 1543 489 νιιι,
1565 456 1644 491 epist.
1665 456 1717 487 29,
1735 463 1784 481 re-

995 505 1110 540 spondet
1125 514 1132 531 :
1147 504 1232 532 Nulla
1247 505 1274 532 in
1288 505 1392 531 archiva
1399 504 1475 538 hujus
1491 508 1588 530 nostra:
1602 503 1726 530 Ecclesia
1740 501 1787 529 vel

995 551 1023 578 in
1035 551 1162 579 Romana:
1173 551 1245 578 urbis
1259 551 1419 578 bibliothecis
1432 559 1487 578 esse
1500 551 1617 586 cognovi,
1631 551 1682 576 nisi
1692 557 1786 584 pauca

994 597 1116 632 quandam
1133 599 1161 625 in
1183 598 1261 625 unius
1278 598 1376 625 codicis
1395 597 1524 624 volumine
1543 597 1669 629 collecta;
1681 596 1714 624 de
1731 603 1785 624 ve-

994 643 1073 670 ritate
1088 648 1236 679 gestorum,
1251 651 1311 678 qua:
1335 648 1364 670 ut
1383 642 1477 670 Roma:
1492 643 1644 677 conscripta
1664 642 1793 670 circum--

993 688 1130 722 l’eruntur,
1149 690 1274 717 nonnulli
1291 689 1425 716 dubitant.
1442 688 1535 716 Verbis
1546 693 1636 715 tamen
1654 687 1783 723 Gregorii

994 735 1116 770 pressius
1140 735 1320 763 insistendum
1342 743 1396 762 non
1414 739 1465 762 est.
1484 734 1523 762 Eo
1542 734 1613 761 enim
1638 734 1784 768 antiquior

993 784 1021 807 et
1040 788 1131 808 rerum
1151 781 1344 808 historicarum
1367 781 1481 817 peritior
1494 780 1619 808 Gelasius
1630 781 1711 814 epist.
1731 780 1782 811 35,

993 833 1021 852 η.
1041 825 1068 858 6,
1081 826 1202 861 agnoscit
1216 834 1248 853 ac
1263 826 1358 860 recipit
1372 829 1443 861 gestu
1454 830 1605 852 sanctorum
1616 830 1782 859 martyrum,

161 875 216 901 nati
237 874 333 901 litteris
354 874 515 901 severissime
538 878 658 900 notatum
683 873 775 907 fuisse.
803 872 880 906 Quod
905 873 942 899 ita
959 872 980 901 Β
993 871 1038 905 qui
1054 872 1245 906 multiplicibus
1263 877 1452 900 tormentorum
1468 871 1628 898 cruciatibus
1651 877 1675 898 et
1692 872 1782 897 mira-

155 918 276 954 -intclligi
302 923 408 953 potest,
428 923 457 945 ut
474 918 612 945 Fabianus
636 917 818 944 Lambesitani
835 916 942 944 concilii

159 964 258 992 litteris
283 969 339 992 tum
364 965 397 992 de
420 964 518 991 Privati
534 964 640 991 delictis
662 968 689 990 et
710 963 816 995 haeresi,
834 967 890 990 tum
909 963 943 990 de

160 1010 294 1038 sententia
317 1012 344 1037 in
368 1018 429 1037 eum
451 1010 506 1037 lata
521 1010 620 1038 certior
635 1009 733 1043 factus,
754 1009 786 1036 ad
804 1009 940 1037 Privatum

160 1056 249 1090 ipsum
277 1056 426 1091 scripserit,
445 1064 561 1091 eumque
578 1056 750 1084 severissime
764 1056 940 1090 corripuerit;

159 1102 210 1134 vd,
223 1102 296 1137 quod
315 1103 483 1137 probabilius
495 1103 612 1135 videtur,
628 1102 660 1129 ad
682 1103 814 1138 synodum
831 1111 892 1138 quae
907 1103 939 1130 ad

159 1155 189 1175 se
213 1148 358 1183 scripserat
382 1148 552 1180 rescribens,
574 1148 762 1184 gravissimam
782 1149 845 1176 huic
858 1149 941 1176 hatre—

159 1195 212 1222 lico
239 1198 331 1221 notam
354 1194 493 1221 inusserit.
516 1193 608 1229 Neque
625 1199 714 1221 tamen
741 1195 843 1229 quievit
859 1195 941 1222 versi-

158 1239 236 1274 pellis
258 1240 340 1267 homo
355 1250 362 1273 ;
379 1240 425 1268 sed
451 1244 512 1275 post
534 1240 658 1274 Fabiani,
677 1245 707 1268 ut
723 1241 848 1276 colligere
865 1246 906 1268 est
918 1241 938 1274 ⁸,

159 1290 286 1318 mortem,
300 1293 347 1321 spe
364 1286 491 1313 inductus
505 1286 657 1321 decipiendi
679 1287 744 1314 cleri
761 1287 833 1322 ejus,
846 1295 940 1322 quem-

158 1331 248 1358 dame
270 1332 397 1366 nequitia:
418 1340 474 1359 sua:
496 1333 608 1359 cohorte
633 1333 803 1360 vexillarium
825 1332 938 1360 Romam

158 1377 242 1410 misit,
258 1378 302 1412 qui
316 1377 387 1412 furto
404 1383 428 1404 et
448 1378 630 1412 fraudulenter
644 1379 746 1405 litteras
762 1379 834 1413 pacis
847 1379 940 1406 elicere

158 1428 270 1449 curaret.
299 1422 385 1450 Simul
409 1428 436 1450 et
460 1423 611 1458 Cyprianus
629 1424 716 1450 eidem
735 1424 809 1451 clero
829 1432 938 1457 cavens,

158 1477 211 1495 rem
231 1468 372 1496 sollicitam
394 1469 444 1504 ipsi
466 1469 617 1501 nuntiavit,
644 1470 695 1497 hoc
719 1475 760 1497 est
778 1470 820 1497 vel
836 1471 869 1497 de
885 1479 938 1506 qua

158 1513 290 1541 sollicitus
316 1518 375 1541 erat
401 1514 490 1541 clerus
516 1513 667 1545 Romanus,
689 1514 731 1541 vel
756 1515 857 1549 potius,
879 1524 937 1543 mea

156 1559 266 1591 quidem
284 1560 428 1592 sententia,
444 1559 477 1587 de
501 1567 555 1594 qua
579 1559 712 1587 sollicitus
731 1565 791 1587 erat
812 1561 869 1595 ipse
886 1561 938 1597 Cy-
952 1559 973 1589 ’Ἴ

156 1605 279 1639 prianus,
297 1613 329 1632 ne
344 1605 468 1632 videlicet
482 1604 608 1632 Privatus
629 1605 761 1633 Romanis
779 1606 937 1641 imponeret.

157 1649 257 1677 Verum
280 1650 488 1685 rigilantissimo
513 1650 586 1677 clero
609 1650 748 1686 imponere
772 1659 826 1679 non
855 1653 938 1680 valuit

156 1694 273 1720 emissus
289 1702 304 1719 a
325 1693 433 1720 Privato
455 1693 574 1728 perﬁdiae
595 1701 709 1722 consors
732 1695 855 1724 callidus.
869 1696 936 1724 Nam

155 1743 182 1766 et
205 1743 349 1773 antequam
374 1739 500 1774 Cypriani
521 1739 548 1766 in
573 1739 671 1768 Urbem
697 1741 791 1769 litterae
815 1744 937 1777 pervt-ni-

155 1788 227 1816 rent,
241 1791 287 1810 nec
299 1784 357 1819 quis
376 1790 442 1811 esset
464 1785 553 1818 latuit,
572 1794 616 1813 nec
638 1785 740 1814 litteras
755 1796 820 1822 quas
837 1789 936 1816 volebat

154 1830 263 1864 accepit.

189 1878 216 1905 5.
234 1877 321 1906 Verba
343 1879 393 1907 ista
418 1880 578 1908 Bucheriani
594 1881 716 1917 Catalogi
737 1882 769 1909 de
787 1881 905 1909 Fabiano
927 1892 933 1908 :

155 1923 207 1951 Hic
232 1925 347 1960 regiones
368 1926 458 1953 divisit
481 1927 645 1956 diaconibus.
664 1932 687 1954 ct
707 1928 804 1955 multas
820 1929 934 1963 fabricas

152 1978 198 2004 per
212 1971 356 1998 ctemeteria
381 1972 440 2006 fieri
457 1972 549 2007 jussit,
574 1973 600 2000 in
626 1973 782 2001 Fossatensi
804 1980 831 2002 et
850 1975 934 2002 altero

153 2015 253 2050 reginae
273 2015 422 2044 Succorum
439 2019 479 2046 sic
493 2019 651 2054 interpolata
671 2020 786 2054 legimus
803 2028 810 2046 :
831 2020 881 2047 Hic
894 2029 934 2047 re-

152 2061 242 2095 giones
255 2062 344 2089 diuisit
357 2063 520 2096 diaconibus,
533 2069 558 2091 el
574 2065 635 2100 fecit
650 2070 746 2099 septem
763 2065 844 2100 (apud
864 2065 931 2093 Boll.

151 2106 208 2141 sex)
224 2106 408 2140 subdiaconos,
420 2109 465 2143 qui
475 2113 571 2144 septem
587 2111 697 2137 notariis
713 2111 888 2144 imminerent,
906 2116 933 2138 ut

151 2158 225 2188 gesta
238 2159 385 2189 martyrum
399 2155 512 2189 ﬁdeliter
524 2156 691 2191 colligerent;
705 2165 737 2184 ac
749 2158 844 2185 deinde
857 2158 934 2185 omit-

151 2199 227 2231 titur,
241 2204 266 2226 et
281 2200 378 2227 multas
402 2201 517 2235 fabricas
535 2210 580 2236 per
601 2203 747 2229 cmmeteria
765 2204 823 2237 ﬁeri
837 2203 931 2238 jussit.
949 2216 971 2242 υ

151 2243 269 2279 Tempus
296 2246 387 2280 pacis,
411 2254 464 2280 qua
490 2246 611 2275 Ecclesia
635 2248 759 2283 Philippo
784 2249 933 2283 imperante

151 2291 302 2323 fruebatur,
318 2292 407 2319 locum
425 2292 544 2320 Fabiano
556 2294 639 2328 dedit,
665 2299 695 2322 ut
714 2295 740 2321 in
757 2295 931 2326 coemeteriis,

151 2337 177 2363 in
197 2338 297 2372 quibus
317 2346 467 2366 conventus
484 2340 621 2368 celebrare
639 2348 672 2368 ac
688 2348 765 2368 sacra
787 2340 876 2367 facere
890 2349 933 2368 so-

151 2383 241 2410 lebant
262 2383 365 2417 ﬁdeles,
383 2384 499 2412 fabricas
517 2386 575 2413 ﬁeri
596 2386 637 2412 vel
658 2386 751 2420 augeri
764 2386 932 2420 praeciperet.

150 2428 222 2457 Idem
238 2438 347 2465 quoque
370 2435 485 2466 tempus,
507 2437 535 2459 ut
558 2433 701 2467 quemdam
717 2432 840 2467 regenda:
852 2432 933 2461 Urbis

149 2476 363 2504 commodiorem
394 2478 516 2505 ordinem
551 2478 722 2509 institueret,
747 2478 771 2504 ei
799 2478 931 2512 permisit.

149 2523 283 2556 Quocirca
302 2532 364 2551 cum
381 2523 543 2552 Bucheriani
562 2523 676 2559 catalogi
694 2524 720 2550 in
741 2524 848 2550 Liberio
861 2524 933 2551 desi-

148 2570 239 2597 uentis
255 2571 416 2605 antiquitas,
431 2576 486 2598 tum
509 2570 566 2604 ipsa
582 2570 708 2604 temporis
729 2562 797 2596 ratio
814 2569 840 2597 id
854 2570 932 2597 nobis

149 2615 228 2643 facile
241 2617 416 2651 persuadent,
430 2617 502 2651 quod
515 2617 541 2643 in
554 2623 586 2643 co
598 2616 720 2650 catalogo
732 2616 765 2643 de
778 2616 932 2650 regionibus

148 2662 318 2697 singulorum
339 2663 517 2690 diaconorum
535 2669 608 2689 cura:
621 2662 775 2689 commissis
789 2670 821 2689 ac
841 2662 933 2689 multis

148 2707 260 2735 fabricis
276 2708 387 2736 Fabiani
399 2709 479 2744 jussu
495 2708 658 2736 constructis
673 2707 809 2734 scribitur.

184 2755 210 2782 ἆ.
225 2755 277 2783 Sed
293 2756 355 2791 quia
371 2764 420 2791 par
435 2764 489 2783 non
509 2759 551 2782 est
569 2754 716 2788 antiquitas
740 2761 833 2781 eorum
849 2754 932 2781 libro-

186 2853 198 2870 ³
213 2852 313 2879 Euseb.
339 2853 386 2880 lib.
403 2861 438 2885 ri,
467 2861 489 2880 c.
517 2854 561 2880 26.
624 2853 716 2882 'llier.
743 2853 821 2884 epist.
843 2852 876 2880 65
899 2854 932 2880 ad

993 916 1090 943 bilibus
1113 917 1306 952 confessionum
1339 917 1477 952 triumphis
1503 917 1646 943 irradiant.
1675 915 1781 942 Verum

992 963 1039 990 ubi
1064 963 1136 990 addit
1161 963 1230 990 idem
1254 971 1323 998 papa
1347 973 1354 990 ε
1378 963 1441 990 Ideo
1466 963 1607 990 secundum
1637 963 1780 996 antiquam

991 1008 1204 1034 consuetudinem
1219 1008 1350 1043 singulari
1366 1008 1468 1035 cautela
1492 1008 1519 1034 in
1541 1012 1634 1034 sancta
1654 1006 1781 1034 Romana

992 1054 1112 1082 Ecclesia
1133 1063 1183 1082 non
1207 1055 1340 1090 leguntur,
1356 1056 1418 1090 quia
1441 1061 1466 1082 et
1490 1063 1578 1082 eorum
1596 1055 1640 1089 qui
1657 1054 1782 1080 conscri-

990 1108 1063 1134 psere
1083 1102 1189 1127 nomina
1211 1101 1314 1135 penitus
1340 1101 1504 1136 ignorantur,
1529 1100 1649 1135 praedicti
1665 1100 1780 1127 addita-

991 1148 1074 1174 menti
1091 1147 1171 1174 tidem
1191 1148 1305 1174 multum
1323 1147 1468 1174 imminuit.
1484 1146 1555 1174 Nihil
1570 1147 1669 1182 quippe
1681 1147 1716 1173 ad
1729 1155 1780 1182 ge.-

990 1198 1095 1220 storum
1111 1193 1218 1220 illorum
1230 1193 1373 1220 αὑθεντίαν
1385 1193 1504 1221 defuisse
1515 1193 1660 1225 videretur,
1678 1193 1700 1220 si
1720 1192 1780 1220 Ro-

990 1240 1064 1266 mani
1077 1240 1212 1274 pontiﬁcis
1224 1240 1383 1267 auctoritate
1394 1247 1409 1266 a
1423 1244 1524 1274 septem
1537 1239 1661 1271 notariis,
1673 1239 1781 1274 quibus

990 1286 1127 1320 praepositi
1152 1286 1267 1314 fuissent
1286 1286 1396 1313 totidem
1419 1286 1597 1318 subdiaconi,
1617 1286 1778 1319 conscripta

989 1336 1090 1359 essent.
1111 1331 1145 1358 Ut
1166 1337 1196 1359 ut
1219 1336 1277 1365 est,
1303 1332 1437 1359 Eusebius
1458 1332 1504 1359 lib.
1524 1340 1549 1359 vt
1573 1332 1658 1364 llist.,
1677 1339 1702 1358 c.
1725 1332 1776 1363 45,

989 1376 1070 1404 ﬁdem
1096 1376 1172 1410 facit,
1197 1378 1248 1405 sub
1274 1377 1386 1405 Fabiani
1410 1385 1568 1405 successore
1591 1377 1718 1405 Cornelio
1745 1378 1776 1404 in

989 1422 1112 1450 Romana
1131 1423 1249 1451 Ecclesia
1266 1428 1367 1458 septem
1385 1423 1515 1451 diaconos
1527 1424 1694 1458 totidemque
1710 1423 1778 1450 sub-

989 1469 1120 1496 diaconos
1135 1469 1271 1497 exstitisse
1286 1479 1293 1496 :
1309 1478 1340 1496 ac
1358 1470 1497 1505 probabile
1517 1474 1557 1497 est
1572 1470 1723 1497 Fabianum
1740 1478 1780 1497 eo

990 1513 1049 1547 ipso
1065 1518 1195 1548 tempore,
1213 1522 1267 1549 quo
1283 1515 1397 1550 singulis
1411 1516 1532 1542 diaconis
1553 1515 1638 1542 cilicia
1655 1516 1778 1550 partitus

989 1562 1040 1590 est,
1059 1566 1108 1585 sua
1129 1558 1212 1585 etiam
1234 1560 1418 1592 subdiaconis,
1434 1561 1535 1594 qumvis
1557 1560 1601 1586 illa
1618 1560 1682 1593 sint,
1702 1560 1780 1587 assi-

989 1612 1094 1639 gnasse.
1112 1604 1188 1632 Tunc
1200 1613 1264 1632 vero
1281 1605 1367 1632 Roma
1385 1606 1410 1632 in
1426 1606 1629 1641 quatuordecim
1645 1606 1778 1640 regiones

988 1651 1176 1685 dividebatur;
1194 1659 1227 1679 ex
1239 1660 1293 1687 quo
1306 1652 1439 1686 sequitur,
1463 1656 1493 1679 ut
1513 1653 1627 1687 singulis
1648 1653 1778 1682 diaconi:

987 1697 1048 1724 dum
1061 1698 1197 1725 attributae
1214 1697 1333 1730 fuerint,
1347 1706 1402 1732 quo
1418 1698 1525 1726 facilius
1542 1707 1674 1733 pauperes
1687 1707 1778 1734 quos-

987 1751 1040 1778 que
1054 1743 1223 1779 dignoscere,
1240 1744 1334 1778 eisque
1347 1744 1492 1771 subvenire
1506 1749 1626 1778 possent.

1022 1788 1061 1816 De
1076 1789 1138 1816 aliis
1153 1789 1271 1823 epistolis
1289 1798 1319 1816 ac
1334 1789 1444 1816 decretis
1461 1789 1580 1816 Fabiano
1598 1791 1734 1824 ascriptis.

1022 1835 1048 1862 1.
1062 1834 1181 1862 Isidorus
1196 1834 1330 1862 Mercator
1350 1835 1436 1863 tribus
1454 1835 1576 1870 epistolis
1593 1835 1706 1863 Fabiani
1724 1846 1776 1864 no-

986 1881 1060 1908 mine
1073 1882 1207 1914 contictis,
1223 1881 1340 1916 ideoque
1353 1882 1435 1908 alium
1447 1882 1474 1908 in
1489 1886 1591 1908 tomum
1604 1883 1776 1918 reﬁciendis,

986 1927 1173 1954 collectionem
1193 1935 1270 1955 suam
1284 1928 1368 1955 auxit.
1389 1927 1428 1954 Ex
1447 1936 1499 1955 una
1520 1928 1625 1955 illarum
1642 1937 1673 1956 ea
1693 1929 1777 1957 ﬂuxit

986 1973 1088 2008 opinio,
1106 1981 1160 2008 qua
1175 1973 1320 2005 Fabianus,
1335 1978 1362 2000 ut
1376 1973 1496 2000 chrisma
1515 1982 1563 2008 per
1579 1975 1703 2010 singulos
1723 1983 1776 2002 an-

986 2027 1047 2053 nos,
1061 2024 1151 2048 vetere
1167 2020 1291 2052 incenso,
1305 2020 1332 2047 in
1346 2021 1431 2047 Crena
1449 2020 1555 2047 Domini
1576 2021 1773 2054 conﬁceretur,

986 2065 1161 2092 constituisse
1177 2065 1306 2092 creditur.
1319 2065 1452 2097 Quocirca
1464 2066 1513 2092 levi
1528 2073 1593 2092 sane
1604 2074 1635 2092 ac
1648 2067 1774 2094 sublesta

986 2111 1148 2137 auctoritate
1170 2110 1264 2136 nititur
1284 2110 1440 2145 hujusmodi
1465 2110 1566 2145 opinio.
1581 2111 1656 2138 Illam
1677 2118 1772 2139 autem

985 2156 1153 2191 expendendi
1176 2156 1264 2190 aptior
1282 2156 1390 2184 dabitur
1407 2158 1526 2189 occasio,
1543 2157 1587 2184 ubi
1604 2165 1634 2184 ea
1645 2177 1652 2188 ,
1671 2158 1700 2184 in
1715 2166 1774 2193 qua

986 2202 1058 2230 istud
1071 2202 1168 2229 asserit
1181 2201 1309 2235 Isidorus,
1323 2203 1435 2236 cpistola
1451 2204 1554 2230 edctur.

1020 2246 1047 2272 2.
1065 2246 1196 2273 Ρτωιρτεθ
1213 2247 1300 2274 eidem
1321 2255 1397 2282 papa:
1410 2248 1436 2274 in
1452 2248 1617 2276 editionibus
1633 2248 1775 2276 Concilio-

986 2300 1046 2319 rum
1063 2292 1156 2319 decem
1177 2293 1361 2321 attribuuntur
1381 2294 1487 2321 decreta
1502 2302 1517 2321 e
1538 2294 1669 2321 Gratiano
1685 2299 1712 2321 et
1732 2296 1775 2322 al—

985 2343 1044 2365 tera
1068 2339 1257 2373 compilatione
1282 2340 1403 2373 collecta,
1421 2341 1467 2367 sed
1490 2348 1576 2375 neque
1601 2340 1698 2374 majori
1718 2340 1775 2368 ﬁde

973 2382 1078 2416 'digna.
1096 2382 1129 2410 Et
1142 2383 1239 2410 horum
1261 2385 1371 2418 quidem
1395 2385 1511 2419 primum
1532 2385 1571 2411 sic
1585 2385 1746 2412 enuntiatur
1762 2394 1770 2412 :

986 2428 1016 2455 Si
1032 2429 1089 2464 quis
1108 2430 1278 2456 contristatus
1299 2431 1411 2457 noluerit
1428 2431 1592 2458 reconciliari
1608 2432 1686 2466 fratri
1709 2441 1772 2466 suo,

985 2475 1165 2509 satisfacieute
1186 2485 1215 2503 eo
1233 2478 1277 2512 qui
1300 2478 1478 2509 contristabit,
1499 2479 1775 2506 acerrimismacere-

986 2523 1029 2545 tur
1059 2520 1172 2555 inediis,
1195 2523 1338 2557 usquedum
1361 2524 1478 2557 gralanti
1499 2523 1587 2549 animo
1604 2524 1774 2557 satisfactio-

985 2573 1043 2592 nem
1061 2567 1176 2601 recipiat.
1190 2566 1282 2602 Neque
1298 2567 1324 2594 id
1340 2576 1353 2594 a
1371 2567 1501 2594 Gratiano
1517 2573 1620 2595 tantum
1638 2569 1704 2596 dist.
1724 2570 1771 2602 90,

985 2619 1010 2639 c.
1028 2611 1071 2644 10,
1088 2613 1132 2640 sed
1149 2618 1176 2640 et
1191 2613 1225 2640 ab
1238 2612 1319 2640 lvnne
1335 2621 1392 2648 par.
1410 2614 1450 2645 15,
1468 2622 1491 2640 c.
1508 2614 1551 2647 60,
1568 2619 1594 2641 ct
1610 2615 1773 2643 Burchardo

984 2658 1022 2684 lib
1045 2666 1070 2690 x,
1084 2667 1107 2685 c.
1123 2659 1166 2692 59,
1183 2660 1276 2686 eodem
1294 2659 1401 2686 nomine
1416 2660 1550 2687 laudatur.
1563 2659 1662 2687 Verum
1677 2662 1771 2694 priora

984 2705 1044 2740 ejus
1058 2706 1138 2733 verba
1151 2713 1279 2740 expressa
1293 2711 1354 2732 sunt
1366 2713 1398 2732 ex
1414 2705 1505 2732 Basilii
1523 2705 1632 2741 Regula,
1650 2707 1677 2733 iu
1690 2708 1772 2741 cujus

985 2752 1072 2785 capite
1090 2751 1121 2778 7t
1139 2752 1189 2779 ista
1204 2759 1237 2778 ex
1254 2751 1473 2785 interpretatione
1489 2751 1578 2778 Ruﬁni
1592 2753 1773 2786 praemittitur

987 2853 1142 2881 Pammach.
1157 2859 1183 2881 ct
1194 2853 1307 2887 0cean.,
1319 2861 1343 2881 c.
1358 2853 1383 2880 ι.
1440 2854 1448 2870 ⁸
1462 2853 1541 2888 Cypr.
1556 2853 1581 2880 in
1596 2853 1648 2880 line
1664 2861 1708 2889 cp.
1722 2853 1766 2882 ω.
