1861 3052
65 114 104 142 181

66 175 190 210 quaestio:
209 175 281 207 Quid
297 175 323 203 si
347 177 529 212 satisfacient:
551 186 580 204 eo
603 179 647 213 qui
669 180 845 212 contristauit,

66 221 169 247 noluerit
186 222 358 249 reconciliari
374 223 397 249 is
417 223 462 258 qui
479 224 650 251 contristatus
670 225 729 251 est?
741 224 778 251 Ex
796 226 846 252 alia

65 272 146 293 autem
165 265 283 302 Regula,
298 268 340 295 vel
354 268 388 295 ad
405 268 582 296 imitationem
599 269 707 305 Regula:
720 271 845 306 alicujus,

66 311 227 340 architectus
248 312 351 340 decreti
378 313 459 348 hujus
482 315 628 349 propositae
645 317 789 350 quaestioni
804 325 847 344 re-

65 357 234 390 sponsionem
253 359 286 386 de
303 366 354 386 suo
374 359 499 394 subjecit.
519 359 546 387 In
569 361 707 388 Pachomii
733 361 845 396 Regula,

65 409 119 436 cap.
133 402 179 434 18,
194 403 329 438 legimus:
348 405 378 431 Si
401 406 459 440 quis
484 407 627 433 iracundus
649 408 688 434 vel
708 408 845 435 tristitiam

63 448 97 475 rei
113 448 243 475 invidiam
258 454 325 476 tenet
339 454 429 476 contra
441 451 590 485 proximum
602 460 688 485 suum,
702 457 729 478 ut
745 458 844 487 tempus

63 495 171 520 tenuerit
183 515 190 527 ,
209 496 248 522 ita
272 496 323 522 erit
344 497 494 531 paenitentia
508 497 580 532 ejus,
603 497 630 524 in
644 506 709 532 pune
724 503 748 526 et
763 507 842 534 aqua.

60 539 107 567 Cui
122 539 233 576 Regula
247 542 326 570 aliine
339 548 381 571 est
401 543 550 577 decretum,
571 545 644 580 quod
662 546 707 573 lvo
724 555 783 581 par.
799 547 843 579 15,

60 593 84 612 c.
101 585 145 618 16,
171 595 283 615 rursum
308 589 381 617 velut
398 597 431 616 ex
449 590 568 618 Fabiano
585 596 679 619 nostro
702 592 767 620 citat
787 602 794 620 :
813 592 843 620 Si

58 631 115 665 quis
139 640 194 659 non
210 633 266 660 vult
281 635 447 662 reconciliari
460 636 539 670 fratri
562 644 610 663 suo
633 645 709 672 quem
722 639 782 665 odio
797 638 844 665 Im-

57 677 106 710 bet,
123 678 220 704 tandiu
236 679 263 705 in
274 687 342 714 pane
354 684 380 707 et
393 689 461 716 aqua
476 682 617 716 paeniteat,
631 684 774 718 usquedum
802 692 843 710 re-

55 723 216 750 concilietur
229 725 264 751 ei.

87 769 114 795 5.
138 770 275 801 Alterum,
292 771 440 799 secundum
454 771 613 802 Gratianum
631 782 668 806 vr,
685 780 780 809 quaest.
797 776 840 809 11,

53 821 76 841 c.
86 814 167 848 l8,et
181 816 292 843 lvonem
309 825 366 851 par.
376 817 419 849 12,
429 826 453 845 c.
467 818 511 851 65,
528 820 554 846 in
573 820 644 848 hunc
653 821 763 848 modum
778 830 841 856 pro-

51 859 138 887 fertur
150 869 157 886 :
169 860 326 897 Quicunque
344 863 428 890 sciens
447 873 473 891 se
488 865 642 899 pejeraverit
662 864 840 902 quadraginta

49 906 104 932 dies
113 907 139 932 in
148 915 219 940 pane
225 913 250 934 et
260 914 366 943 aqua,et
373 915 468 944 septem
477 917 609 946 sequentes
619 921 700 941 annos
704 915 838 947 pwniteut;

48 959 72 978 et
87 961 228 988 nunquam
243 955 279 981 sit
291 957 522 993 sine‘ptenitentia,
537 963 561 985 et
578 966 711 994 nunquam
724 960 751 987 in
767 962 840 988 testi-

49 999 169 1025 monium
194 1001 359 1034 recipiatur;
389 1004 594 1031 communionem
621 1010 707 1033 tamen
731 1007 839 1042 post/iac

48 1046 173 1079 recipiat.
189 1045 242 1074 Cui
265 1055 319 1074 non
341 1048 464 1076 absimile
479 1053 520 1077 est
538 1050 614 1082 illud,
636 1053 709 1087 quod
733 1052 834 1081 Gratia-

47 1099 102 1118 nus
118 1100 190 1125 nu,
206 1099 305 1128 qumst.
321 1094 349 1126 5,
364 1102 388 1122 c.
404 1095 431 1127 4,
449 1095 571 1129 Gelasio,
585 1096 630 1124 lvo
648 1102 738 1125 autem
753 1107 778 1134 p.
793 1099 841 1130 12.

46 1144 71 1163 c.
89 1137 134 1170 66,
152 1142 183 1164 ιιι
205 1143 234 1166 et
256 1139 412 1171 Anselmus,
430 1139 596 1176 Polycarpus
620 1150 651 1170 ac
665 1142 838 1172 Bnrchardus

46 1182 156 1219 Pelagio
174 1184 331 1212 attribuunt
347 1195 353 1212 :
370 1185 400 1213 Si
418 1187 476 1221 quis
491 1195 518 1214 se
531 1188 715 1223 perjuraverit,
731 1195 754 1216 et
771 1189 836 1217 alios

46 1230 128 1256 sciens
139 1231 169 1256 in
180 1231 330 1265 perjurium
343 1232 459 1265 duxerit,
481 1234 656 1268 quadraginta
668 1235 723 1262 dies
737 1236 838 1270 inpune

45 1281 68 1301 et
76 1282 291 1309 aqua,etseptem
302 1283 435 1312 sequentes
443 1286 524 1305 annos
536 1279 695 1314 paeniteat,“
704 1290 836 1316 nunquam

44 1321 79 1347 sit
94 1322 153 1349 sine
160 1323 327 1356 ptenitentia.
340 1323 374 1351 Et
387 1324 466 1350 aliisi
479 1326 578 1352 conscii
587 1326 703 1360 fuerunt,
716 1328 838 1354 similiter

44 1368 202 1401 peniteant.
217 1368 304 1397 Porro
318 1371 376 1398 haec
398 1371 453 1398 duo
467 1371 574 1399 decreta
599 1380 631 1399 ex
647 1373 741 1399 eodem
763 1372 839 1400 fonte

45 1413 129 1440 ﬂuere
152 1421 210 1441 non
226 1415 302 1450 ,Ιτνίς
327 1417 447 1451 suspicio
463 1422 514 1445 est.
532 1417 617 1450 Quem
643 1425 708 1446 vero
733 1417 839 1446 fontem

45 1457 121 1485 illum
137 1460 295 1494 opinemur.
313 1461 367 1489 nisi
380 1461 513 1490 Theodori
527 1463 730 1491 Cantuariensis
745 1463 836 1491 Paeni-

45 1505 165 1538 tentiale,
179 1514 213 1533 ex
228 1515 284 1542 quo
299 1513 326 1535 et
343 1509 413 1542 apud
425 1508 610 1537 Burchardum
624 1509 670 1537 lib.
685 1518 734 1543 ιιιι,
752 1518 777 1538 c.
790 1511 833 1543 11,

43 1555 70 1576 et
81 1551 155 1585 apud
168 1552 282 1580 lvonem
294 1561 321 1588 p.
334 1553 378 1586 1‘2,
391 1563 416 1581 ιη
426 1554 469 1587 68,
487 1555 512 1581 id
525 1556 662 1590 conceptis
671 1557 760 1584 verbis
774 1557 826 1584 lau~

43 1596 136 1622 datum
145 1597 266 1632 legimus
276 1605 283 1624 :
298 1597 328 1625 Si
342 1599 401 1633 quis
414 1600 563 1634 suspicatur
571 1601 638 1635 quod
647 1601 681 1627 ad
687 1601 835 1636 periurium

43 1641 170 1675 ducatur,
179 1648 204 1669 et
220 1647 309 1670 tamen
322 1652 354 1671 ea:
366 1652 491 1671 consensu
497 1645 767 1680 jurat,quadraginta
777 1647 840 1674 dies'

44 1688 182 1720 paeniteat,
200 1693 226 1715 et
239 1696 375 1724 nunquam
389 1690 424 1717 sit
437 1691 492 1717 sine
506 1691 578 1725 gravi
592 1692 764 1726 paenitentia?
776 1693 833 1720 lmo

45 1737 70 1758 et
93 1733 132 1764 id,
149 1735 224 1768 quod
240 1743 324 1769 supra
348 1735 460 1763 Fabiani
485 1738 595 1764 nomine
620 1737 745 1770 refertur,
761 1739 832 1773 apud

46 1777 215 1814 Reginonem
228 1781 276 1808 lib.
291 1790 323 1814 ιι,
349 1789 375 1809 c.
399 1782 468 1814 3‘24,
487 1788 516 1811 ut
537 1791 570 1811 ex
598 1784 790 1817 Pwuitentiali,
806 1791 832 1813 et

45 1825 113 1859 apud
129 1825 191 1854 Jac.
210 1826 327 1855 Petitum
341 1833 407 1856 tom.
422 1828 443 1863 l,
458 1837 520 1865 pag.
541 1830 584 1863 72,
605 1834 635 1857 ut
649 1838 682 1857 ex
703 1830 831 1858 Theodori

46 1870 230 1899 Ptznitentiali
253 1873 295 1900 sic
317 1874 489 1902 decurtatum
520 1875 618 1911 legitur
644 1884 650 1902 :
678 1876 831 1912 Quicunque

44 1919 126 1946 sciens
148 1921 337 1954 perjuraverit,
352 1926 448 1955 septem
471 1930 552 1949 annos
568 1924 702 1957 poeniteat,
719 1928 742 1950 et
756 1928 829 1958 past-

45 1964 91 1991 hac
116 1966 329 1992 communionem
352 1966 477 2001 accipiat.
502 1966 533 1993 Ei
556 1972 644 1994 autem
673 1968 762 2003 parti,
776 1976 829 2003 qua

45 2011 170 2045 perjurus
184 2020 327 2047 nunquam
343 2013 370 2039 in
384 2013 567 2041 testimonium
579 2013 750 2049 recipiendus
761 2023 829 2049 pra:-

44 2057 160 2091 cipitur,
189 2058 367 2085 consentiunt
396 2058 596 2087 Matisconense
622 2068 629 2086 ι
661 2060 828 2092 concilium,

44 2111 101 2130 can.
122 2104 168 2136 17,
187 2109 216 2132 et
238 2105 389 2139 capitularc
414 2105 504 2132 Caroli
522 2105 611 2141 Magni
633 2114 693 2140 cap.
710 2107 744 2134 59
758 2107 827 2142 apud

44 2147 132 2176 Baluz.
149 2157 213 2185 pag.
227 2150 292 2183 518,
305 2158 361 2185 quo
372 2155 483 2178 cavetur
496 2161 502 2179 :
520 2151 572 2183 Qui
587 2151 665 2178 semel
678 2152 827 2186 perjurntns

45 2195 131 2228 fuerit,
147 2204 194 2222 nec
207 2196 281 2222 testis
295 2197 331 2222 sit
342 2201 400 2231 post
411 2197 476 2224 litae.
495 2196 562 2224 Vide
578 2201 604 2224 et
618 2197 754 2232 vulgatum
776 2197 829 2225 Ra-

45 2242 102 2268 bani
119 2241 208 2269 Mauri
226 2242 326 2269 librum
343 2251 373 2270 Ill
389 2243 426 2270 De
439 2243 619 2278 paenitentiam
636 2244 828 2279 satisfactione,

45 2294 66 2313 ε.
82 2287 126 2319 59,
146 2292 174 2314 et
189 2286 332 2322 Halilgarii
348 2288 446 2315 librum
463 2297 499 2323 Iv,
513 2297 537 2317 c.
554 2289 598 2316 28.

75 2333 101 2360 ι.
118 2332 187 2361 Illud
203 2343 210 2361 :
228 2332 322 2369 Neque
337 2334 454 2369 furiosus
478 2343 557 2371 neque
569 2336 672 2370 furiosa
691 2338 829 2365 matrimo-

45 2380 111 2406 nium
133 2381 290 2407 contrahere
304 2389 411 2415 possunt
424 2389 435 2414 ;
456 2382 500 2408 sed
517 2382 540 2409 si
561 2387 725 2409 contractum
737 2383 827 2418 fuerit,

45 2433 91 2452 non
110 2432 280 2462 separentur,
297 2427 370 2462 quod
394 2427 541 2455 Gratianus
566 2437 659 2462 xxxii,
681 2433 777 2464 qutesl.
795 2429 825 2461 7,

44 2477 67 2499 ε.
81 2471 128 2505 26;
144 2477 171 2500 et
194 2473 239 2499 [vr
259 2480 320 2507 par.
336 2472 364 2505 8,
384 2480 409 2500 c.
427 2473 478 2500 168
489 2493 497 2507 ,
513 2478 543 2501 ιιι
559 2473 672 2502 Fabiani
688 2475 825 2502 decretum

46 2516 156 2548 laudant.
175 2526 190 2544 a
207 2518 350 2554 Reginone
373 2518 421 2545 lib.
440 2526 471 2551 ιι,
486 2527 512 2546 c.
527 2519 588 2553 129,
606 2520 705 2548 rectius
726 2521 826 2548 citstur

46 2568 70 2589 ut
92 2572 123 2590 ex
146 2563 202 2600 lege
232 2564 367 2591 Romana.
391 2563 441 2592 Est
461 2565 532 2592 enim
556 2564 619 2592 Julii
637 2565 713 2593 Pauli
731 2567 777 2594 lib.
796 2576 824 2600 ιι,

45 2609 80 2636 ιιι.
94 2610 135 2642 19,
152 2611 290 2638 sententia
309 2611 456 2645 postremis
469 2611 560 2639 verbis
577 2612 699 2640 mutatis.
715 2612 768 2640 Pro
783 2613 825 2641 his

44 2652 131 2688 quippe
154 2654 259 2682 Paulus
277 2655 359 2688 dixit,
376 2655 421 2682 sed
441 2661 605 2683 contractum
627 2657 824 2684 matrimonium

43 2697 119 2732 furore
131 2701 325 2736 (postmodum
349 2700 505 2736 accedente)
529 2710 581 2729 non
607 2702 725 2735 tollitur;
751 2704 822 2738 quod

41 2744 118 2773 minus
143 2746 323 2782 ambiguum.
342 2744 409 2772 Vide
435 2745 536 2781 Digest.
562 2746 609 2775 lib.
634 2756 717 2781 mu,
738 2749 779 2775 tit.
794 2748 822 2780 Ξ,

39 2789 79 2827 leg.
93 2793 134 2827 10,
147 2798 176 2821 et
192 2793 308 2821 lvonem
323 2800 386 2828 par.
402 2792 446 2827 15,
458 2801 482 2821 c.
501 2793 535 2821 87
546 2798 576 2822 et
588 2794 632 2827 88,
648 2801 751 2823 necnon
768 2795 822 2824 Re-

37 2837 148 2871 tiMnem
164 2840 216 2867 lib.
237 2846 270 2872 ιι,
289 2837 393 2867 c.130.
461 2840 469 2851 τ

787 119 938 146 ΝΟΤΙΤΙΑ.

1630 116 1679 144 183

861 184 884 211 Α
935 178 961 205 5.
984 177 1130 206 Gratianus
1152 185 1233 210 xxxv,
1258 181 1354 211 qumst.
1376 176 1393 203 Ξ
1408 180 1435 203 et
1453 176 1486 209 3,
1505 183 1527 203 c.
1546 175 1582 207 ὅ,
1604 179 1633 202 ut
1646 183 1678 202 ex

898 224 1017 252 Fabiano
1030 224 1160 251 exscribit
1181 223 1245 250 illud
1261 232 1268 249 :
1284 223 1322 249 Dc
1335 223 1496 258 propinquis,
1512 223 1556 257 qui
1574 221 1608 247 ad
1625 221 1679 255 ulli-

897 272 1006 297 nitatem
1017 277 1062 304 per
1075 271 1160 297 cirum
1169 275 1193 297 et
1207 278 1312 296 uxorem
1328 271 1442 302 ueniunt,
1459 269 1584 302 defuncta
1597 276 1678 295 uxore

897 315 934 342 rel
956 316 1028 348 viro,
1054 315 1081 342 in
1109 315 1200 350 quinta
1226 315 1389 350 generatione
1415 315 1633 350 conjunyantur;
1650 314 1677 340 in

895 367 1000 396 quarta,
1016 362 1039 388 si
1054 362 1151 388 inuenti
1173 362 1282 396 fuerint,
1301 370 1352 388 non
1366 367 1528 396 separentur.
1544 359 1577 387 In
1599 360 1678 386 tertia

896 412 982 434 tamen
994 408 1190 442 propinquitate
1208 416 1258 435 non
1278 408 1338 435 licet
1353 415 1461 434 uxorem
1480 406 1590 434 alterius
1605 406 1676 432 acci-

895 462 955 487 pere
977 458 1034 487 post
1057 453 1157 480 obitum
1179 454 1246 488 ejus.
1261 453 1412 488 quualiter
1439 453 1477 480 rir
1500 452 1675 487 conjungatur

894 499 921 525 in
944 498 1110 525 matrimonio
1133 499 1169 525 eis
1188 507 1245 534 qua:
1264 499 1315 525 sibi
1339 499 1536 534 consanguinea:
1560 504 1633 531 sunt,
1647 501 1674 524 at

894 543 984 569 uxoris
999 551 1054 570 sum
1069 544 1268 578 consanguineis
1283 549 1341 578 post
1364 549 1472 571 mortem
1495 552 1550 571 sua:
1571 543 1674 572 uxoris.

895 588 994 616 Verum
1009 590 1150 618 novissimi
1166 590 1289 618 Gratiani
1305 591 1422 618 editores
1437 598 1451 617 e
1465 589 1598 617 Theodori
1615 589 1675 616 Pa:-

892 635 1024 662 nitentiali
1047 642 1204 671 excerptum
1232 637 1341 664 docent.
1372 637 1440 664 Illud
1467 637 1558 669 rcipsa
1583 637 1610 663 in
1641 644 1672 663 ea

892 680 1085 709 Panitentialis
1103 681 1237 710 Theodori
1252 687 1338 718 parte,
1356 690 1436 717 quam
1452 681 1608 710 Coislianus
1625 689 1673 709 co-

891 727 940 754 dex
952 734 967 753 a
989 727 1040 754 700
1055 728 1133 754 annis
1150 733 1277 755 exaratos
1294 733 1429 760 asservat,
1448 729 1597 762 reperimus
1621 728 1673 754 sub

892 773 971 800 titulo
984 772 1022 800 De
1036 774 1223 808 questionibus
1236 775 1426 808 canjugiorum.
1440 773 1533 808 Neque
1541 780 1604 801 vero
1621 774 1670 800 sibi

891 822 999 845 constat
1009 817 1165 852 Gratianus,
1181 820 1280 854 quippe
1294 819 1339 854 qui
1358 819 1422 846 ibid.
1432 826 1456 846 c.
1475 819 1522 850 15,
1543 825 1595 845 una
1609 826 1670 845 cum

856 858 875 886 Β
891 862 970 891 lvone
986 871 1045 898 par.
1063 864 1089 897 9,
1107 872 1166 899 cap.
1188 865 1239 896 45,
1253 869 1279 892 et
1297 864 1452 892 Burchardo
1474 864 1519 892 lib.
1534 872 1588 897 νιι,
1603 872 1628 891 c.
1645 863 1671 896 'l,

891 914 1053 944 postremam
1069 910 1168 937 decreti
1187 910 1268 945 hujus
1288 915 1390 945 partem
1407 910 1479 937 Julio
1495 918 1570 945 papze
1585 911 1671 937 ascri-

891 955 938 982 bit.
957 955 993 983 De
1011 956 1061 983 hac
1075 961 1166 982 autem
1180 956 1414 983 matrimoniorum
1427 957 1497 982 circa
1511 956 1672 990 aliineslege

890 1009 953 1028 ann.
976 1001 1055 1033 1216,
1079 1002 1106 1028 in
1123 1001 1238 1028 concilio
1260 1001 1376 1037 generali
1394 1001 1580 1034 Lalerancnsi,
1597 1001 1670 1036 quod

890 1047 994 1074 Decrct.
1010 1047 1130 1082 Gregorii
1145 1047 1190 1080 lx,
1205 1048 1252 1075 lib.
1266 1056 1302 1080 iv,
1324 1048 1364 1075 tit.
1382 1048 1433 1082 M,
1449 1056 1473 1075 c.
1492 1048 1525 1080 8,
1543 1048 1670 1081 refertur,

889 1094 1045 1128 derogatur"
1062 1094 1121 1121 fuit.

924 1140 950 1166 6.
965 1140 1101 1174 Supcriori
1114 1140 1223 1167 decreto
1234 1139 1381 1167 Gratianus
1392 1140 1501 1175 subjicit
1513 1140 1583 1167 istud
1598 1141 1670 1167 velut

889 1186 922 1213 ad
940 1185 1064 1212 eumdem
1087 1185 1236 1212 Fabianum
1257 1187 1394 1220 pertinens
1411 1194 1418 1212 :
1434 1185 1485 1218 Qui
1497 1187 1669 1222 propinquam

888 1232 1024 1266 sanguinis
1046 1240 1153 1258 uxorem
1174 1232 1270 1258 ducunt
1285 1237 1308 1258 et
1323 1237 1491 1266 separantur,
1510 1241 1559 1258 non
1582 1232 1668 1260 licebit

886 1278 934 1310 eis,
948 1278 1065 1313 quandiu
1082 1279 1185 1314 utrique
1197 1279 1294 1311 rirunt,
1307 1278 1375 1304 alias
1391 1286 1484 1305 uxores
1499 1279 1549 1305 sibi
1563 1279 1589 1305 in
1605 1287 1668 1305 con-

882 1323 959 1359 jugio
986 1325 1109 1358 sociare,
1140 1325 1192 1351 nisi
1221 1325 1370 1360 ignorantia
1401 1330 1566 1352 excutientur.
1592 1324 1668 1352 Unda

886 1370 1020 1404 conjicere
1039 1370 1117 1403 licet,
1132 1378 1164 1397 ex
1188 1378 1220 1398 eo
1244 1371 1304 1405 ipso
1321 1371 1399 1402 libro,
1415 1379 1447 1398 ex
1461 1379 1515 1405 quo
1532 1371 1666 1405 superius.

885 1418 1050 1452 exscriptum
1070 1417 1164 1448 fuisse,
1184 1418 1306 1452 adeoque
1321 1417 1463 1444 Theodoro
1477 1416 1667 1444 Cantuariensi

885 1469 945 1488 esse
962 1462 1168 1489 restituendum.

922 1508 946 1534 7.
965 1508 1110 1536 Gratianus
1134 1517 1215 1541 xxxv,
1236 1514 1333 1544 quarst.
1351 1509 1377 1541 6,
1392 1517 1416 1536 c.
1437 1508 1447 1535 1
1463 1518 1470 1542 ;
1491 1507 1535 1535 lvo
1553 1516 1611 1542 par.
1638 1508 1665 1539 9,

885 1561 910 1581 c.
927 1553 972 1585 57.
993 1559 1019 1581 et
1033 1553 1205 1582 Burcliardus
1228 1555 1275 1582 lib.
1296 1563 1349 1587 vn,
1363 1562 1388 1582 c.
1404 1554 1450 1586 21,
1466 1558 1494 1580 ιιι
1506 1561 1538 1580 επ
1552 1552 1666 1579 Fabiani

885 1599 1008 1632 decretis,
1024 1608 1082 1634 cap.
1103 1600 1130 1632 8,
1154 1600 1178 1627 id
1196 1599 1337 1634 proferunt
1356 1609 1363 1626 :
1387 1599 1599 1634 Consanguineos
1617 1606 1665 1625 etc-

884 1649 1034 1672 traneorum
1061 1645 1148 1672 nullus
1173 1651 1287 1678 accuset,
1310 1646 1348 1672 uel
1369 1645 1622 1680 consanguinitatem
1638 1645 1672 1670 in~

882 1691 981 1726 synodo
1004 1696 1148 1726 computet,
1176 1692 1220 1718 sed
1245 1692 1383 1727 propinqui
1401 1692 1435 1718 ad
1459 1699 1570 1727 quorum
1594 1691 1665 1717 noti-

884 1738 949 1764 tiam
968 1738 1090 1772 pertinet,
1107 1738 1134 1764 ιιι
1148 1743 1185 1764 est
1200 1743 1276 1772 pater
1289 1743 1313 1764 ct
1333 1742 1426 1770 mater,
1444 1744 1519 1763 soror
1533 1741 1557 1762 et
1571 1735 1664 1770 frater,

882 1788 1002 1817 patruus,
1019 1783 1175 1816 avunculus,
1193 1784 1446 1816 antita,ntatertera,
1463 1788 1487 1809 ct
1500 1790 1590 1809 eorum
1603 1790 1665 1816 pro-

882 1830 990 1857 creatio.
1008 1829 1038 1856 Si
1062 1834 1151 1856 autem
1169 1830 1304 1864 progenies
1327 1834 1382 1866 totq
1395 1829 1528 1863 defecerit,
1546 1828 1578 1854 ab
1595 1829 1666 1854 anti-

882 1876 1016 1911 quioribus
1033 1880 1057 1902 et
1080 1876 1267 1909 veracioribus,
1288 1876 1381 1911 quibus
1403 1878 1493 1902 cadent
1512 1875 1664 1910 propinqui-

882 1928 923 1949 tas
937 1928 1000 1950 nota
1014 1928 1064 1956 est,
1086 1924 1220 1958 episcopus
1237 1923 1361 1949 canonice
1377 1923 1527 1957 perquirnt;
1543 1927 1567 1949 et
1585 1922 1609 1947 si
1624 1922 1663 1947 in-

881 1974 957 1995 venta
982 1969 1061 2004 fuerit
1086 1970 1285 2005 propinquitas,
1306 1974 1467 2002 separentur.
1493 1968 1570 2001 Quod
1597 1968 1663 1994 satis

881 2014 1042 2042 inconcinne
1057 2023 1215 2050 expressum
1238 2022 1297 2041 esse
1322 2014 1406 2049 liquet
1419 2014 1459 2049 ad
1484 2013 1661 2040 imitationem

880 2060 948 2095 legis
967 2060 994 2093 2,
1017 2060 1058 2087 tit.
1079 2060 1104 2093 7,
1127 2061 1172 2087 lib.
1197 2068 1222 2087 ix
1239 2060 1305 2087 Cod.
1320 2059 1371 2086 Th.
1394 2067 1426 2086 ex
1442 2058 1663 2093 interpretatione

879 2105 1007 2137 Anniani,
1027 2105 1071 2133 ubi
1086 2111 1196 2133 cavetur
1213 2114 1219 2131 :
1240 2105 1272 2132 In
1287 2105 1417 2132 adulterio
1431 2110 1581 2132 extraneum
1603 2112 1662 2130 mu-

880 2151 970 2178 lierem
989 2151 1077 2178 nullus
1104 2157 1230 2184 accuset,
1254 2152 1299 2179 sed
1327 2152 1465 2187 propinqui
1492 2151 1526 2177 ad
1552 2158 1662 2185 quorum

845 2199 865 2227 D
881 2202 968 2224 notant
988 2198 1116 2232 pertinet,
1131 2198 1179 2225 hoc
1195 2203 1232 2224 est
1251 2198 1334 2233 frater
1344 2195 1498 2233 germanus,
1516 2197 1598 2231 frater
1614 2204 1662 2231 pa-

882 2243 983 2277 truelis,
999 2249 1108 2278 patruus
1124 2249 1148 2271 et
1165 2245 1346 2271 consobrinus.

915 2289 941 2316 8.
959 2289 1036 2322 Quod
1060 2290 1205 2317 Gratianus
1232 2290 1264 2317 de
1290 2297 1426 2321 conscen,
1439 2289 1504 2315 dist.
1520 2288 1547 2320 ‘2,
1565 2295 1590 2315 c.
1607 2287 1659 2320 l6;

878 2333 924 2361 lvo
941 2343 998 2370 par.
1013 2335 1041 2369 2,
1056 2343 1080 2362 c.
1098 2335 1144 2367 27,
1162 2343 1193 2362 ac
1208 2335 1380 2362 Burcbardus
1397 2335 1442 2362 lib.
1458 2342 1484 2366 ν,
1502 2342 1526 2361 c.
1543 2333 1592 2366 l‘i,
1610 2332 1661 2359 Fa-

879 2380 951 2407 biani
975 2381 1086 2408 nomine
1103 2381 1140 2407 ita
1164 2380 1300 2407 eﬂ‘erunt:
1324 2379 1357 2406 Ut
1379 2381 1401 2406 si
1421 2388 1471 2406 non
1488 2379 1659 2414 frequentius,

878 2425 916 2452 vel
944 2430 982 2452 ter
1000 2425 1062 2452 laici
1088 2426 1203 2452 homines
1231 2426 1422 2452 communicent
1452 2426 1478 2452 in
1504 2433 1588 2457 anno,
1608 2426 1660 2452 nisi

877 2472 945 2506 forte
972 2472 1030 2507 quis
1056 2471 1200 2506 majoribus
1215 2471 1375 2506 {criminibus
1394 2472 1562 2506 impediatur,
1578 2471 1606 2498 id
1621 2474 1660 2498 est

877 2518 904 2544 in
916 2517 1022 2544 Pascha
1035 2522 1060 2544 ct
1077 2517 1228 2544 Pentecoste
1250 2522 1274 2544 et
1295 2517 1391 2544 Natali
1410 2517 1516 2544 Domini
1532 2524 1541 2542 :
1560 2517 1613 2543 hoc
1625 2523 1659 2544 ex

876 2570 980 2590 canone
999 2563 1033 2590 50
1051 2563 1158 2590 concilii
1176 2562 1343 2590 Turonensis
1358 2571 1404 2595 ιιι,
1432 2570 1503 2589 anno
1525 2562 1576 2589 818
1588 2562 1658 2589 cele-

876 2609 956 2641 brati,
969 2609 1002 2636 ad
1016 2609 1095 2636 verba
1117 2609 1144 2636 id
1167 2614 1216 2641 est,
1232 2609 1399 2643 cxscriplum
1419 2607 1479 2635 fuit.
1496 2607 1563 2634 Illud
1577 2614 1659 2642 porro

874 2656 1099 2689 additamentum,
1117 2656 1144 2683 id
1162 2660 1200 2683 est
1217 2657 1246 2683 in
1264 2656 1377 2687 Pascite,
1398 2654 1549 2682 Pentecoste
1562 2658 1586 2680 et
1601 2653 1659 2680 Nu-

875 2701 924 2728 tali
937 2702 1055 2736 Domini,
1071 2710 1230 2737 expressum
1247 2707 1290 2730 est
1304 2703 1337 2730 ad
1357 2702 1536 2729 imitationem
1549 2700 1657 2727 concilii

874 2749 1048 2784 Agatbensis,
1060 2757 1121 2776 can.
1140 2750 1184 2782 18,
1199 2750 1244 2776 ubi
1257 2750 1404 2777 statuitur:
1424 2747 1571 2776 Saeculares
1587 2754 1657 2778 vero,

873 2795 918 2830 qui
941 2796 967 2822 in
987 2795 1082 2822 Natali
1108 2795 1232 2828 Domini,
1261 2795 1365 2822 Pascha
1386 2799 1410 2822 et
1434 2794 1587 2822 Pentecoste
1607 2801 1658 2819 non

873 2842 1275 2877 communicaverunt,Catholici
1292 2851 1341 2869 non
1353 2842 1502 2870 credantur.
1520 2841 1667 2875 lntcgrutn.
