1861 3052
179 116 231 144 183

835 122 863 150 S.
885 123 1019 150 FABIANI
1039 122 1138 151 ΡΛΡΑΕ

1749 125 1804 153 186

178 183 244 204 vero
254 184 286 204 ac
300 177 412 205 totidem
426 178 527 211 verbis,
541 184 607 214 quot
627 179 693 206 illud
709 180 867 212 Gratianus,
883 181 928 208 lvo
941 187 968 209 et
981 186 1005 213 Α
1022 183 1154 218 scriptum
1169 188 1220 216 est,
1237 191 1292 211 uno
1312 184 1395 212 verbo
1418 184 1562 211 liberentur
1581 189 1703 220 excepto,
1718 192 1803 220 cujus

180 221 354 251 Burehardus
377 222 507 258 referunt,
534 232 548 251 a
570 224 708 260 Reginone
729 226 777 259 lib.
803 234 822 257 ι,
849 235 874 254 c.
899 227 963 259 195,

180 268 306 296 laudatur
323 273 352 296 ut
371 276 404 296 ex
420 269 491 296 libro
510 277 530 296 ll
542 269 754 305 Capitularium,
775 271 820 298 ubi
836 276 864 298 et
877 277 965 300 exstat

181 321 206 341 ο.
219 313 265 347 45,
278 313 324 341 sed
348 313 406 341 sine
427 314 609 343 additamento
634 316 662 342 id
676 321 732 350 est,
752 321 816 350 etc.,
828 318 965 352 quomodo

180 359 294 386 habetur
307 358 333 386 in
345 359 461 386 concilio
475 359 629 388 Turonensi
643 369 685 388 ιη.

213 404 240 431 9.
257 402 287 430 Si
301 404 359 438 quis
381 404 491 440 triginta
509 407 596 433 (etatis
613 415 668 434 sure
686 415 738 434 non
751 408 895 443 impleverit
916 417 964 436 an-

178 458 235 482 nos,
249 449 323 476 nullo
339 451 416 477 modo
427 451 562 487 presbyter
575 453 722 487 ordinetur,
733 458 798 486 elc.,
810 454 882 489 quod
893 454 964 489 apud

178 494 366 522 Bnrchardum
383 496 432 524 lib.
450 505 488 530 ιι,
500 505 526 525 c.
544 497 593 531 10,
608 503 635 526 et
650 500 759 527 ivonem
775 507 803 534 p.
823 500 857 533 6,
873 509 898 528 c.
910 501 962 533 30,

177 539 292 567 Fabiani
309 541 420 570 nomine
437 542 594 578 insignitur,
609 548 637 572 et
648 545 727 580 cujus
740 545 846 573 initium
861 546 964 574 Gratia-

177 591 230 612 nus
243 585 307 613 dist.
328 585 372 618 78,
389 594 414 613 c.
429 587 455 620 1,
469 587 609 616 Bonifacio
630 597 707 624 papa:
732 590 852 622 ascribit,
871 599 963 619 merus

177 634 218 657 est
240 637 328 658 canon
352 632 383 658 II
402 631 628 662 Neocaesariensis
647 635 757 663 concilii
778 644 812 663 ex
831 636 963 671 interpre-

178 674 279 702 tatione
303 674 411 703 Martini
435 676 609 707 Bracarensis
632 680 768 715 episcopi,
784 688 845 716 cap.
865 681 900 709 20
914 682 962 710 de-

178 720 307 754 scriptus.

214 764 258 791 10.
273 764 445 793 Deccrnimus
466 772 496 794 ut
516 768 544 794 in
565 769 685 797 omnibus
708 770 854 800 Dominicis
872 773 963 800 diebus

179 808 274 835 altaris
297 808 396 836 oblatio
419 810 451 837 ab
475 812 595 840 omnibus
618 814 680 842 viris
704 820 728 842 et
747 817 899 845 mulieribus
914 818 962 852 ﬁat

179 858 233 879 tam
255 854 332 887 panis
355 862 434 890 quam
453 856 516 890 uini,
544 862 572 884 ut
595 867 642 893 per
665 859 712 887 has
737 861 931 890 immolationes
945 873 962 890 α

177 903 344 932 peccatorum
369 909 478 929 suorum
502 903 619 938 fascibus
637 904 789 941 liberentur,
810 915 844 935 ex
857 916 962 937 canone

178 944 195 971 ι
207 944 316 972 concilii
329 944 534 977 Matisconensis
550 957 569 977 ιι
580 969 588 982 ,
606 957 679 979 anno
691 952 743 980 585
757 952 896 987 celebrati,
913 955 961 983 de-

1014 227 1074 256 loco
1086 233 1194 256 careant
1209 230 1354 257 concilium
1372 230 1489 265 prazl'ert.
1507 229 1649 264 Perperam
1672 231 1755 266 igitur
1771 232 1802 259 in

1014 274 1107 302 codice
1118 274 1250 302 librorum
1270 275 1314 309 16,
1329 275 1376 303 lib.
1390 283 1417 309 ν,
1436 283 1461 303 c.
1477 276 1503 307 7,
1517 276 1587 311 apud
1607 277 1802 306 Burchardum

1013 319 1062 346 lib.
1078 327 1104 351 ν,
1117 327 1143 347 c.
1160 320 1206 352 24,
1223 325 1249 348 et
1260 320 1369 348 lvonem
1384 329 1411 356 p.
1424 321 1452 355 2,
1470 330 1495 350 c.
1511 322 1562 355 54,
1576 322 1696 351 Fabiano
1712 324 1802 352 ascri-

1014 365 1096 393 bitur.
1108 365 1185 399 Quod
1204 367 1313 401 quidem
1330 367 1439 401 Ivonem
1455 375 1509 395 non
1531 368 1679 396 advenisse
1696 370 1801 397 mirum

1013 417 1070 445 est,
1097 420 1158 444 cum
1183 413 1298 441 subinde
1320 421 1380 449 cap.
1405 414 1438 441 «il
1465 414 1622 442 eorumdem
1650 415 1802 443 verborum

1013 465 1148 485 summam
1172 458 1374 494 perstringens,
1399 466 1432 486 ea
1458 460 1566 486 concilii
1589 459 1802 490 Matisconensis

1014 508 1154 539 agnoscat.

1049 549 1092 576 II.
1112 547 1174 575 Non
1184 553 1229 576 ἐει
1245 549 1429 584 accipiendum
1441 551 1601 585 sacriﬁcium
1616 552 1647 578 de
1660 559 1741 578 manu
1754 560 1803 580 so-

1013 594 1135 626 cerdotis,
1152 595 1197 629 qui
1210 596 1340 622 orationes
1357 596 1395 622 uel
1410 596 1526 623 actiones
1540 602 1564 623 ct
1581 597 1696 632 reliquas
1709 597 1803 625 oluere

1012 640 1128 666 vatione:
1149 640 1177 666 in
1197 641 1278 667 missu
1296 641 1439 668 secundant
1461 642 1541 668 ritum
1562 643 1669 677 implere
1686 652 1737 670 non
1753 652 1802 678 ρος

1013 690 1076 718 test,
1099 686 1182 713 codex
1208 685 1395 719 IGIibrorum,
1410 687 1458 714 lib.
1480 696 1506 720 v,
1524 696 1548 715 c.
1570 689 1602 722 9;
1624 688 1803 717 Burchardus

1012 730 1060 758 lib.
1073 739 1100 763 v,
1115 739 1140 759 c.
1155 732 1200 764 50,
1216 736 1243 759 et
1260 731 1306 759 Ivo
1325 733 1408 768 p.12,
1421 742 1445 762 c.
1461 734 1508 767 M,
1528 734 1647 762 Fabiano
1663 736 1802 769 tribuunt,

1011 781 1116 803 aetatem
1126 781 1216 804 tamen
1226 778 1330 806 redolet
1340 779 1391 806 hoc
1403 787 1471 814 papa
1483 781 1672 808 recentiorem.
1687 781 1720 808 Et
1735 789 1803 808 vero

1014 821 1150 850 Theodori
1159 822 1364 852 Cantuariensis
1381 833 1443 853 esse
1460 826 1538 854 ﬁdem
1552 827 1614 854 facit
1629 833 1708 855 vetus
1715 829 1804 855 codex

1016 869 1181 902 Coislianus,
1194 869 1220 896 in
1233 878 1288 905 quo
1304 878 1367 898 cum
1384 872 1508 906 pluribus
1523 874 1583 901 aliis
1600 873 1805 901 Parnitentialis

1013 913 1133 948 ejusdem
1149 915 1346 950 archiepiscopi
1362 916 1489 951 capitulis
1499 918 1652 946 exhibetur.

186 1021 1794 1046 Μ

676 1103 736 1162 S.
781 1106 1071 1166 FABIANI
1111 1111 1312 1169 PAP/E

839 1207 1153 1255 EPISTOLZE

380 1311 548 1341 EPISTOLA
568 1313 673 1341 PRIMA
688 1314 755 1348 (12).

215 1374 248 1393 AD
272 1374 417 1395 UNIVIISOS
435 1376 568 1397 εςειεειι
587 1378 743 1398 ελτιιοιιςιιε
765 1379 922 1399 IINISTROS.

182 1423 233 1456 Qui
248 1431 299 1450 mm
315 1424 424 1451 debeant
445 1426 552 1462 admitti
570 1426 626 1461 (I3)
654 1427 689 1453 ad
712 1428 918 1462 excusationem,
932 1434 958 1457 et

251 1467 302 1485 non
313 1467 367 1486 esse
382 1461 628 1488 communicandum
643 1463 887 1490 excommunicatis.

216 1504 404 1532 Dilectissimis
420 1506 522 1541 ubique
534 1506 681 1534 Catholicte
700 1506 829 1535 Ecclesia:
842 1508 957 1535 commi-

180 1550 286 1584 nistris,
303 1550 437 1578 FABIANUS
452 1552 567 1579 salutem
583 1552 610 1579 in
630 1552 754 1579 Domino.

217 1596 323 1623 Divinis
342 1597 484 1631 praeceptis
505 1597 566 1632 (14)
581 1602 608 1625 et
623 1598 781 1632 apostolicis
796 1605 941 1626 monemur
953 1600 962 1615 ί

181 1641 324 1674 institutis,
337 1647 367 1670 ut
386 1651 436 1678 pro
450 1646 611 1671 cunctarum
627 1643 809 1672 Ecclesiarum
821 1649 893 1672 statu
912 1644 963 1672 im-

182 1687 259 1722 pigro
276 1688 418 1723 vigilemus
435 1689 543 1716 allectat.
561 1688 638 1716 Unde
657 1697 827 1725 consequens
849 1694 902 1723 est,
917 1690 964 1717 de-

183 1732 248 1760 bere
260 1741 309 1760 vos
327 1733 398 1761 scire
427 1742 488 1769 qua:
502 1735 572 1769 apud
587 1734 737 1762 Romanam
752 1736 777 1762 in
790 1743 868 1763 sacro
880 1743 966 1771 agun-

182 1783 228 1806 tur
246 1779 300 1807 ritu
314 1779 476 1813 Ecclesium,
490 1785 520 1808 ut
530 1780 592 1816 ejus
605 1785 748 1816 sequentes
761 1781 894 1816 exempla,
906 1782 966 1816 ejus

977 1323 998 1350 Β
1013 1319 1121 1354 Septem
1141 1328 1205 1356 ergo
1221 1321 1351 1350 diaconos
1368 1321 1424 1358 (15)
1439 1323 1466 1350 in
1486 1323 1554 1351 urbe
1574 1323 1660 1350 Roma
1687 1331 1737 1359 per
1757 1331 1805 1352 sev

1014 1371 1087 1401 ptem
1114 1367 1240 1402 regiones
1263 1368 1391 1400 civitatis,
1408 1369 1478 1396 sicut
1499 1376 1515 1396 a
1541 1369 1665 1404 patribus
1689 1369 1803 1404 accepi-

1015 1419 1087 1445 mus,
1111 1412 1253 1445 habemus,
1271 1414 1317 1448 qui
1340 1421 1388 1448 per
1410 1414 1532 1448 singulas
1559 1415 1746 1443 hebdomadas
1774 1419 1803 1439 nl

1017 1454 1174 1487 Dominicos
1192 1460 1261 1493 dies,
1276 1465 1357 1495 atque
1374 1460 1550 1488 lestivitatum
1573 1461 1718 1495 solemnia,
1734 1470 1802 1489 cum

1016 1504 1229 1533 subdiaconibus
1249 1510 1276 1533 et
1300 1506 1444 1542 acolythis,
1460 1514 1492 1534 ac
1516 1507 1673 1542 sequacium
1687 1508 1697 1523 '
1727 1507 1804 1535 ordi~

1015 1558 1080 1577 num
1095 1551 1237 1584 ministris,
1257 1552 1378 1587 injuncta
1393 1551 1445 1579 sibi
1467 1552 1613 1580 observant
1628 1553 1798 1584 ministeria,

1014 1602 1042 1623 et
1064 1597 1151 1631 parati
1170 1598 1243 1625 omni
1260 1598 1327 1626 hora
1353 1604 1418 1626 sunt
1432 1599 1466 1627 ad
1480 1600 1601 1627 divinum
1626 1599 1758 1632 cilicium,
1773 1605 1804 1626 et

1013 1643 1145 1678 quidquid
1164 1643 1204 1670 eis
1219 1643 1379 1679 injungitur,
1396 1646 1591 1680 peragendum.
1619 1645 1751 1673 Similiter
1775 1651 1804 1673 et

1014 1688 1102 1722 vobis,
1116 1693 1196 1723 prout
1213 1694 1394 1724 opportunum
1418 1690 1509 1723 fuerit,
1523 1698 1571 1725 per
1586 1691 1709 1727 singulas
1735 1691 1804 1718 civi-

1015 1739 1084 1761 tates
1101 1738 1143 1761 est
1164 1734 1328 1766 faciendum.
1343 1739 1372 1762 ut
1393 1736 1515 1764 divinum
1537 1737 1639 1772 absque
1655 1737 1708 1764 ulla
1723 1745 1805 1764 mora

1018 1785 1046 1807 et
1062 1780 1224 1815 negligentia
1249 1781 1370 1808 studiose
1392 1789 1426 1808 ac
1445 1782 1603 1810 solemniter
1622 1787 1720 1818 agatur
1744 1783 1804 1809 olli-

183 1825 239 1853 veri
255 1825 303 1853 lllii
320 1826 509 1860 inveniamini,
522 1834 583 1861 qua:
599 1832 689 1854 vestra
700 1831 741 1855 est
756 1832 842 1854 mater
862 1832 968 1856 vocata.
983 1825 1005 1856 C
1020 1826 1103 1853 cium.
1121 1825 1242 1861 Denique
1263 1831 1364 1861 septem
1387 1827 1514 1855 similiter
1538 1828 1724 1856 subdiaconos
1741 1828 1801 1864 (16)

220 1883 228 1898 ¹
246 1882 275 1910 S.
292 1881 348 1911 Leo
362 1890 405 1918 ep.
421 1883 448 1912 4.
496 1884 506 1900 ⁸
523 1884 705 1918 sequentium.

220 1952 276 1989 (12)
288 1952 356 1980 Tres
368 1952 420 1980 illae
438 1960 480 1987 ep.
507 1953 655 1988 suppositae
673 1961 706 1982 ac
718 1954 817 1989 spuria:
828 1955 894 1983 viris
914 1956 964 1983 do-

183 1989 235 2019 ctis
251 1988 394 2020 habentur,
413 1992 440 2015 et
457 1989 562 2015 merito.

221 2023 276 2057 (15)
291 2022 328 2049 De
341 2031 434 2050 errore
447 2022 541 2050 Novati
559 2028 586 2051 et
603 2023 754 2052 Novatiani.

220 2057 279 2094 (14)
291 2057 616 2094 Divinisprteceptis,etc.
628 2058 690 2086 Haec
700 2060 814 2094 epistola
823 2060 883 2087 aliis
900 2067 966 2094 spu-

183 2093 237 2126 rin,
254 2092 307 2120 nisi
316 2101 342 2129 Aa,
359 2093 520 2129 quibusdam
538 2095 646 2122 mendis
662 2099 689 2122 et
707 2092 846 2122 erroribus
862 2092 963 2129 expur-

185 2134 282 2163 gi-tur;
298 2127 360 2155 aliis
383 2136 435 2155 non
457 2136 471 2155 a
490 2127 608 2156 Fabiano
620 2148 628 2161 ,
643 2130 688 2156 sed
706 2130 797 2163 potius
809 2137 824 2157 a
839 2127 967 2157 Cornelio

185 2163 284 2199 βμιοὶνιᾳ
306 2170 367 2199 esse
387 2163 514 2199 videtur:
535 2164 662 2199 co_quod
677 2163 747 2192 inira
763 2165 796 2192 de
815 2164 918 2192 Novato
940 2167 968 2191 et

185 2198 338 2226 Novatiauo
361 2197 418 2225 haec
439 2198 557 2225 referat:
572 2197 683 2233 Insuper
701 2204 727 2226 et
750 2199 817 2226 illud
839 2207 882 2226 vos
901 2199 967 2226 scire

185 2220 558 2269 inusitatiusiam
570 2220 738 2268 ῑέἱῆῖνῖπῆιηίἓ,
749 2220 968 2269 sasinus;
983 2220 1007 2249 ι)

186 2268 293 2303 quidem
313 2268 411 2304 nostris
429 2268 553 2302 peccatis,
565 2269 691 2296 suadente
703 2268 812 2304 antiquo
822 2269 896 2296 hoste
906 2289 913 2301 ,
925 2269 971 2303 qui

186 2311 287 2333 semper
302 2307 331 2329 ut
344 2303 383 2329 leo
402 2303 506 2336 rugiens
522 2304 616 2330 circuit
642 2303 853 2335 quwrens'quem
869 2304 972 2330 devoret

187 2337 208 2372 (1
225 2337 296 2374 Petr.
306 2345 339 2374 _v.
355 2337 686 2374 8),Asuperpc_ni_t_Nouatus
701 2344 732 2362 ex
746 2336 883 2374 Africahet
895 2341 974 2374 sepa-

187 2345 208 2372 (ι
225 2345 296 2363 retr.
312 2345 339 2367 v,
355 2345 392 2371 δ),
407 2346 436 2364 su
458 2345 554 2364 ervcmt
569 2345 686 2363 novatus
701 2345 732 2362 ex
746 2345 845 2370 Ajrlca,
859 2345 883 2361 et
895 2345 974 2374 sepa-

186 2372 255 2399 rat-it
263 2372 294 2398 de
302 2372 417 2398 Ecclesia
429 2345 523 2399 ὄιν-ἰειὶ
537 2371 724 2401 Nouatianum,
737 2375 760 2396 et
773 2370 898 2400 quosdam
908 2368 974 2395 alios

186 2406 281 2445 Qhristi
292 2407 457 2442 confessares,
470 2411 493 2433 et
506 2406 633 2445 convenit.
649 2406 676 2432 in
689 2413 798 2445 prauam
817 2404 972 2445 doctrinam.

186 2440 258 2478 Quae
275 2440 345 2478 sane
360 2447 502 2478 [tonante
518 2440 634 2478 cornelii
657 2440 792 2478 pontiﬁcis
810 2440 974 2478 creationem

187 2472 332 2515 contigisse
343 2496 350 2505 .
369 2475 617 2515 testimoniollfibri
635 2472 796 2515 pontiﬁcalis
810 2477 838 2500 et
851 2472 974 2515 Cypriani

187 2511 253 2548 satis
264 2508 309 2538 cst
324 2511 508 2548 manifestum.
524 2508 689 2548 Adde‘qitod
702 2509 844 2548 Pacianus,
859 2508 976 2548 epist.“3

187 2547 222 2573 ad
239 2546 475 2584 SympronianumA,
492 2544 715 2584 cum__Novutiani
735 2543 876 2584 meminit,_
895 2543 977 2584 de_iis

188 2589 248 2616 qute
258 2579 334 2608 'ante
348 2581 440 2608 sedem
456 2580 574 2607 Cornelii
589 2584 720 2614 gesserat,
735 2579 907 2606 commendat
918 2579 977 2616 eius

188 2615 350 2643 catholicam
366 2617 461 2648 Iidem;
481 2616 521 2643 sic
535 2617 606 2642 enim
628 2616 743 2643 scribit:
759 2616 814 2642 Cur
824 2616 907 2650 igitur
918 2615 972 2642 No—

191 2651 312 2686 vutianrus
336 2655 397 2677 tuus
411 2671 419 2684 ,
439 2659 471 2677 ne
497 2650 566 2685 [also
588 2651 693 2686 quidem
716 2651 801 2686 adhuc
821 2651 972 2685 episcopatu

189 2685 323 2720 sacerdos,
344 2685 420 2720 longe
433 2690 574 2720 antequam
586 2685 725 2713 Cornelius
737 2685 827 2713 Roinw
836 2687 971 2720 episcopus

189 2719 275 2753 ﬁeret.
289 2719 430 2754 antequam
441 2719 589 2747 sacerdotio
605 2720 679 2747 illius
701 2721 837 2753 invideret,
848 2722 902 2748 haec
912 2719 973 2747 suu-

189 2754 248 2780 sit?
265 2754 350 2791 Habes
362 2754 488 2790 Cypriani
499 2756 677 2791 testimonium
688 2760 754 2788 ,etc.
778 2755 810 2782 Et
828 2761 889 2791 post
907 2756 971 2783 reli—

189 2796 242 2824 qua
261 2798 267 2815 :
281 2790 314 2826 At
336 2790 403 2826 hanc
415 2791 500 2824 ipsam
511 2790 631 2817 heresim
645 2790 788 2817 Nouatiani
804 2791 909 2826 quando
921 2799 972 2818 cae-

189 2825 304 2858 perunt?
324 2825 429 2856 Audite,
452 2833 556 2859 quaeso,
580 2831 605 2852 et
629 2830 711 2851 totum
735 2826 852 2853 ordinem
873 2827 970 2853 erroris

189 2860 267 2885 centri
288 2860 424 2886 aduertite.
454 2859 590 2886 Cornelius
608 2860 666 2894 jam
687 2860 775 2888 Roma:
802 2861 936 2896 episcopus
955 2870 969 2888 α

1017 1953 1148 1980 sexdecim
1169 1949 1295 1984 episcopis
1320 1949 1417 1983 factus,
1430 1949 1514 1976 locum
1531 1949 1661 1976 cathedrae
1681 1951 1806 1976 vacantis

1017 1990 1162 2021 acceperat,
1179 1990 1203 2011 et
1223 1984 1271 2010 illa
1289 1992 1342 2018 qua
1364 1984 1414 2021 fuit
1427 1984 1557 2021 pravitas
1574 1985 1738 2021 castimonia
1751 1986 1806 2012 vir-

1035 2019 1102 2049 indli
1124 2021 1228 2047 crebras
1250 2019 1441 2053 persecutiones
1464 2019 1666 2053 natipriucipis
1686 2021 1807 2047 sustine-

1035 2031 1101 2049 ιηαιι
1124 2031 1228 2047 (ΠἝΙΠΊΙΙ
1250 2031 1440 2053 persecutum“
1464 2031 1533 2046 nuu-
1557 2031 1665 2053 Πηεψιδ
1686 2031 1806 2047 suume-

1017 2031 1072 2084 gat.
1092 2055 1159 2083 Tum
1174 2055 1240 2088 forte
1251 2053 1359 2088 quidam
1369 2055 1501 2089 presbyter
1515 2031 1636 2081 NIiivatus
1652 2062 1685 2081 ea:
1696 2055 1806 2089 Africa,

1018 2097 1084 2123 etc.,
1101 2091 1210 2117 Romam
1223 2089 1301 2120 venit,
1322 2093 1374 2116 etc.
1391 2090 1483 2123 Itaque
1497 2090 1531 2116 ob
1548 2089 1618 2116 hanc
1637 2097 1752 2116 causam
1770 2091 1806 2117 li-

1020 2132 1094 2155 ceret
1119 2126 1196 2152 lirma
1219 2123 1375 2157 conjectura
1401 2128 1693 2159 statueretauctorem
1722 2125 1808 2159 hujus

1019 2161 1143 2196 epistolae
1156 2158 1312 2196 Cornelium
1330 2159 1420 2194 potius
1433 2167 1513 2196 quam
1530 2158 1683 2196 Fabianum
1698 2158 1786 2187 fuisse
1797 2181 1806 2192 ,

1020 2193 1071 2224 nisi
1079 2196 1148 2222 infra
1159 2193 1261 2229 mentio
1271 2193 1345 2221 ﬁeret
1356 2199 1456 2229 septem
1468 2195 1708 2225 subdiaconorum,
1722 2202 1807 2229 σιμοῦ,

1021 2236 1050 2259 ut
1065 2238 1098 2258 ex
1112 2229 1172 2256 Vita
1184 2227 1308 2269 ejusdem
1322 2227 1394 2269 apud
1409 2228 1718 2269 Liltiuni_ponti_l_icalem
1732 2227 1807 2256 coti—

1022 2271 1085 2298 stat.
1103 2263 1218 2300 notariis
1232 2263 1299 2300 nacta
1317 2267 1466 2300 martyrum
1482 2263 1670 2300 colligentibus
1691 2269 1719 2291 et
1739 2272 1808 2300 con—

1021 2299 1214 2331 scribentibus,
1238 2298 1396 2332 Fabianus,‘
1412 2307 1464 2325 non
1494 2299 1652 2332 Cornelius,
1677 2299 1805 2326 omnium

1022 2335 1153 2363 sententia
1174 2333 1302 2368 prteiecit.
1318 2333 1415 2361 Tutius
1437 2334 1518 2368 igitur
1532 2341 1564 2361 ac
1584 2334 1675 2361 verius
1689 2341 1754 2361 esse
1769 2342 1807 2360 νι-

1022 2371 1109 2402 detur,
1130 2368 1255 2404 praedicta
1275 2369 1307 2395 de
1322 2368 1425 2404 Novato
1448 2375 1474 2395 et
1491 2368 1639 2396 Novatiano
1659 2369 1694 2396 ab
1712 2370 1809 2403 aliquo

1022 2406 1106 2433 scinlo
1120 2403 1302 2439 superaddita
1319 2403 1421 2437 fuisse,
1439 2404 1514 2437 ideo,
1533 2404 1606 2438 quod
1627 2404 1734 2438 putarit
1748 2404 1808 2431 haec

1023 2440 1101 2467 verba
1116 2439 1189 2466 Libri
1215 2438 1377 2474 pontiﬁcalis
1389 2459 1395 2470 ,
1413 2439 1500 2465 eodem
1524 2444 1635 2474 tempore
1653 2440 1807 2473 superuenit

1023 2475 1143 2502 Novatus
1153 2494 1161 2505 ,
1175 2474 1207 2500 ad
1222 2473 1333 2500 Fabiani
1347 2474 1418 2501 sedis
1435 2474 1579 2507 pontilicia:
1603 2479 1713 2508 tempus
1736 2475 1807 2501 refc-

1023 2510 1103 2537 reuda
1118 2517 1191 2539 esse,
1207 2516 1268 2536 cum
1283 2516 1375 2535 revera
1391 2510 1423 2535 ad
1436 2517 1466 2535 ea
1482 2517 1542 2543 quae
1567 2515 1662 2536 aur-tor
1677 2510 1807 2543 proxime

1021 2545 1136 2577 dixerat,
1160 2548 1217 2579 post
1232 2544 1384 2579 passionem
1406 2552 1464 2570 vero
1483 2544 1550 2578 ejus,
1565 2544 1658 2571 referri
1674 2544 1805 2571 debeant.

1022 2579 1121 2607 Baron.
1139 2578 1210 2606 anno
1227 2578 1289 2608 ᾖδε,
1304 2587 1378 2605 num.
1392 2579 1408 2604 9
1419 2583 1446 2606 et
1459 2587 1534 2613 seqq.
1554 2579 1616 2606 Ssv.
1636 2579 1695 2606 Bis.

1057 2616 1113 2649 (Ili)
1129 2614 1230 2649 Septem
1241 2621 1302 2649 ergo
1313 2614 1448 2649 diaconos.
1471 2613 1537 2641 Vide
1552 2622 1612 2648 qua:
1622 2614 1747 2642 diximus
1761 2622 1806 2642 su-

1022 2646 1069 2684 pra
1085 2651 1110 2676 in
1128 2646 1200 2677 notis
1215 2649 1242 2675 in
1258 2647 1346 2675 Vitam
1359 2648 1515 2682 CIctnentis,
1531 2646 1657 2682 Evaristi,
1670 2649 1768 2677 Anteri
1780 2655 1808 2677 et

1023 2685 1144 2712 Fabiani.
1159 2684 1196 2711 In.

1057 2722 1112 2756 (I6)
1125 2720 1240 2756 Denique
1250 2723 1348 2756 septeni
1357 2718 1477 2745 similiter
1487 2719 1671 2756 subdiaconos.
1685 2718 1738 2756 llic
1749 2719 1802 2747 cole

1023 2753 1114 2790 ligitur
1143 2755 1225 2790 hujus
1254 2753 1537 2790 epistolrzeAauctorem
1565 2762 1627 2782 esse
1648 2754 1804 2782 Fabianum

1022 2788 1188 2826 pontiﬁcem,
1203 2793 1230 2816 et
1242 2788 1314 2823 quod
1327 2789 1364 2814 illi
1378 2788 1457 2826 ﬁdem
1472 2790 1594 2825 derogat,
1612 2791 1805 2824 surreptitium

1022 2824 1092 2857 esse,
1108 2825 1228 2859 adeoque
1245 2824 1468 2858 expungendum,
1487 2825 1530 2852 vel
1544 2824 1647 2852 saltem
1664 2826 1805 2852 adnotau-

1022 2862 1095 2889 dunt.
1117 2860 1154 2887 In.
