1861 3052
58 137 98 167 ita
771 124 961 167 Episrom.

1624 135 1675 163 {80‘

67 198 236 227 ordinavimus
244 200 268 231 ',
283 199 336 234 qui
351 204 456 235 septem
472 199 587 228 notariis
609 200 794 234 imminerent,
811 205 838 228 et
852 200 876 229 Α
888 199 933 234 qui
950 198 1006 226 uult
1027 205 1114 225 omnes
1133 197 1250 225 homines
1265 195 1350 223 salvos
1363 193 1422 228 ﬁeri
1434 197 1460 220 et
1474 192 1602 219 neminem
1630 200 1676 226 ρο-

65 250 125 279 gcsta
147 249 303 281 martyrum
331 245 469 273 veraciter
491 245 518 273 in
541 246 646 281 integro
671 246 838 281 colligerent,

64 291 184 325 nobisque
199 291 333 320 r'tmanda
360 290 578 318 manifestarent.
594 291 671 324 Quod
686 292 768 319 etiam
790 298 840 319 vos

62 344 144 364 omnes
158 344 241 371 agere
255 344 414 367 monemus.
430 344 464 363 ne
487 336 514 364 in
537 341 676 372 posterum
701 338 792 372 aliqua
806 345 839 364 ex

60 382 96 409 bis
115 382 254 410 dubitatio
283 382 341 415 ﬁat.
370 383 538 418 quaestioque
563 383 684 415 oriatur;
709 383 838 417 quoniam

57 429 139 455 omnia
152 436 213 463 qua!
227 429 331 463 scripta
344 433 415 460 sunt,
428 429 462 456 ad
475 434 591 456 nostram
610 428 758 456 doctrinam
771 430 833 456 scri-

54 480 95 509 pta
120 475 214 502 sunt‘.
231 474 266 502 Et
289 483 351 510 quze
375 475 477 503 nostris
509 475 678 510 temporibus
706 475 839 502 veraciter

52 521 226 553 scribuntur,
252 521 286 548 ad
315 521 471 549 futurorum
494 521 648 549 doctrinam
674 521 837 557 diriguntur.

50 566 82 593 Et
94 567 157 594 ideo
181 566 353 595 ﬁdelissimis
368 567 425 594 haec
437 568 544 603 negotia
558 568 692 595 committi
710 567 837 602 praecipi-

48 621 121 644 mus,
141 621 179 640 ne
199 613 294 648 aliqua
316 613 343 640 in
369 614 410 641 eis
435 613 527 641 illusio
550 614 716 646 inveniatur,
731 621 766 641 ex
782 621 836 648 qua

47 659 180 685 fidelibus
203 659 377 690 scandalum,
395 660 468 694 quod
484 659 573 691 absit,
592 659 706 686 oriatur.
722 658 800 687 Unde
813 664 840 687 et

46 704 213 731 charitatem
227 709 345 731 Vestram
359 709 469 739 paterna
486 705 629 732 dulcedine
638 705 756 740 petimus
772 705 794 739 ‘,
809 711 839 732 ut

45 749 73 775 in
91 749 209 777 cunctis
234 749 361 777 aﬁ‘ectum
380 754 477 777 vestra:
493 751 633 778 charitatis
645 756 739 779 sancta
757 751 838 778 modo

45 794 172 822 Ecclesia
186 795 320 827 inveniat,
336 799 363 823 et
376 795 477 824 favoris
490 797 573 824 vestri
588 797 701 830 solatiis,
713 804 838 832 quocun-

45 847 99 875 que
116 848 236 867 necesse
248 839 344 873 fuerit,
357 841 487 876 potiatur.
505 841 539 869 Et
553 842 624 870 sicut
636 842 743 870 bonitas
754 842 837 871 studii

44 886 131 913 vestri
148 886 186 913 de
200 894 232 914 se
251 886 328 914 nobis
347 888 535 915 certitudinem
560 888 670 923 prabet,
683 893 711 916 ut
723 889 750 916 in
765 889 839 916 nullo

47 931 175 959 difﬁdere
207 931 358 960 debeamus
377 933 410 961 de
423 941 465 966 ea,
481 934 527 961 sed
543 934 641 970 magis,
658 939 687 962 ut
710 935 840 970 sapienti-

48 978 98 1004 bus
116 977 184 1005 ﬁliis
204 977 336 1007 Ecclesia;
358 984 469 1012 nostrae,
496 979 554 1008 haec
581 980 746 1009 ﬁducialiter
765 989 841 1008 com-

48 1023 233 1057 mendemus;
252 1024 290 1051 ita
312 1025 473 1060 postpositis
491 1026 703 1061 opportunitatis
718 1027 840 1054 occasio-

50 1068 141 1101 nibus,
160 1073 255 1096 vestra
276 1069 396 1097 efﬁcacia
408 1070 549 1098 elaborare
573 1071 682 1098 enixius
695 1071 785 1104 debet,
800 1077 842 1098 at—

49 1122 103 1149 que
132 1114 225 1142 modis
245 1115 347 1148 quibus
366 1115 495 1149 possibile
519 1115 600 1144 fuerit
609 1118 630 1150 ⁸,
648 1116 722 1144 omni
750 1117 840 1144 studio

50 1161 160 1195 abigere
186 1161 401 1190 contumelias’.
420 1161 568 1191 Hortamur
583 1163 666 1190 etiam
690 1171 749 1195 vos,
761 1163 841 1198 juxta

51 1206 154 1233 dictum
169 1207 306 1242 Apostoli,
325 1207 433 1235 stabiles
447 1217 503 1236 esse
527 1213 552 1236 et
579 1209 736 1242 immobiles,
754 1210 840 1237 abun-

51 1253 142 1279 dantes
155 1252 186 1279 in
200 1260 278 1287 opere
294 1252 400 1280 Domini
415 1262 526 1288 semper,
540 1255 650 1282 scientes
677 1256 746 1291 quod
765 1255 841 1283 labor

53 1303 135 1325 uester
151 1306 205 1325 non
220 1304 260 1325 est
276 1299 363 1325 inanis
378 1300 406 1326 in
421 1299 534 1327 Domino
542 1301 563 1328 ⁵.
578 1300 612 1327 Et
625 1301 688 1328 alibi
704 1311 711 1328 :
727 1300 841 1336 Vigilare

51 1348 74 1369 et
88 1349 178 1374 orate,
194 1349 219 1371 et
234 1349 303 1371 state
318 1345 344 1372 in
359 1344 420 1379 fide.
442 1344 560 1372 Viriliter
582 1346 662 1381 agite,
686 1351 710 1373 et
734 1346 840 1380 confor-

53 1390 157 1417 tamim'.
174 1389 273 1417 Omnia
291 1396 376 1418 castra
390 1392 416 1419 in
433 1391 562 1419 c/taritute
572 1392 666 1426 ﬁant’.
688 1392 801 1427 Insuper
812 1396 840 1420 et

53 1435 115 1463 illud
131 1443 183 1463 vos
205 1436 276 1464 scire
291 1437 477 1465 desideramus
490 1437 557 1472 (l7),
574 1439 636 1473 quia
653 1440 753 1465 nostris
769 1443 837 1465 tem-

52 1475 164 1516 poribus
178 1482 200 1497 ¹⁶
218 1482 446 1516 ρηερειιὶθηιὶυυς
461 1483 569 1517 quidem
585 1484 686 1511 nostris
710 1484 837 1518 peccatis,

892 246 945 272 rire
959 245 1026 278 “"‘,
1058 251 1108 272 sua
1137 243 1239 278 ingenti
1265 239 1463 276 omnipotentia
1478 238 1577 266 reverti
1593 237 1676 265 faciat

890 290 972 317 corda
998 296 1093 316 eorum
1112 288 1146 315 ad
1161 294 1256 315 sanam
1281 286 1436 314 doctrinam
1465 288 1491 311 et
1511 283 1675 310 catholicam

891 336 1012 367 ﬁdem“,
1037 339 1171 370 quatenus
1200 333 1358 368 resipiscam
1380 340 1396 358 α
1415 330 1514 357 diaboli
1532 328 1675 365 laqueis“,

889 383 991 417 quibus
1009 382 1083 416 capti
1099 384 1237 412 tenentur,
1252 384 1279 407 et
1298 382 1478 414 aggregentur
1494 376 1558 404 ﬁliis
1578 373 1674 403 matris

891 428 1028 456 Ecclesiae.
1050 426 1267 454 Reminiscentes
1292 431 1402 460 queque
1427 422 1543 450 fratrum
1568 425 1675 449 vestro-

890 483 962 507 rum.
978 473 1146 502 miseremini
1172 473 1292 504 illorum,
1320 471 1421 505 quibus
1447 469 1560 504 potestis
1592 467 1674 496 bonis

890 521 988 548 studiis
1001 520 1110 551 vestris,
1123 526 1157 546 ne
1186 517 1345 553 perdantur,
1364 516 1409 543 sed
1442 519 1472 542 ut
1497 514 1625 549 precibus
1646 517 1676 540 et

889 567 950 595 aliis
973 566 1103 594 bonitatis
1120 569 1218 593 vestra:
1238 563 1336 591 studiis
1360 562 1476 589 Domino
1489 562 1509 577 "
1523 561 1673 588 salventur.

889 613 928 642 Ita
950 622 1014 649 ergo
1040 613 1067 640 in
1092 612 1135 640 his
1156 611 1237 647 agite,
1253 614 1283 638 ut
1297 608 1456 637 obedientes
1477 608 1523 634 ﬁlii
1536 612 1564 634 et
1583 606 1675 633 ﬁdeles

889 666 991 688 sancta!
1015 660 1062 687 Dei
1086 659 1215 686 Ecclesiae
1242 656 1405 692 appareatis,
1438 659 1465 682 et
1486 658 1515 681 ut
1540 653 1675 680 mercedis

889 706 999 743 praemia
1013 705 1180 740 percipiatis.
1203 703 1247 737 lli,
1261 707 1288 731 et
1310 709 1405 730 omnes
1427 700 1474 735 qui
1496 704 1598 727 rectam
1619 706 1674 725 non

889 752 988 779 docent
1008 751 1172 782 doctrinam,
1196 749 1238 776 vel
1268 751 1371 775 rectam
1400 753 1455 772 non
1467 748 1561 772 tenent
1582 743 1674 775 ﬁdem,

889 801 1061 824 accusatores
1093 795 1230 823 neminem
1250 798 1325 821 recte
1350 791 1518 820 credentium
1546 797 1676 817 accusare

890 847 1015 878 possunt,
1033 842 1097 877 quia
1109 841 1222 869 infamia
1236 844 1301 868 sunt
1319 838 1416 868 notati,
1429 841 1457 864 et
1472 844 1487 864 a
1499 836 1561 864 sinu
1574 839 1676 864 sancta:

890 889 984 916 matris
1006 888 1145 921 Ecclesiae,
1174 885 1326 922 apostolico
1357 891 1499 915 mucrone,
1526 889 1613 917 usque
1640 882 1675 909 ad

890 939 991 961 rectam
1011 932 1246 960 conversationem
1266 935 1293 958 et
1307 930 1492 957 reversionem
1513 935 1610 956 eorum
1625 928 1676 955 ab-

891 979 980 1008 scissi.
997 978 1074 1007 Unde
1089 978 1237 1013 apostolica
1251 976 1423 1008 auctoritate,
1454 982 1517 1003 cum
1547 975 1676 1003 omnibus

890 1026 1012 1061 ejusdem
1034 1025 1190 1061 apostolicae
1201 1029 1284 1060 atque
1297 1022 1462 1052 universalis
1470 1021 1600 1051 Ecclesiae
1612 1022 1676 1050 ﬁliis

891 1077 1040 1100 statuentes
1053 1072 1203 1104 sancimus,
1216 1075 1247 1098 ut
1258 1078 1354 1098 omnes
1366 1071 1413 1106 qui
1431 1070 1459 1097 in
1475 1070 1610 1098 catholica
1622 1069 1676 1101 ﬁde

891 1119 1011 1154 suspecti
1025 1122 1090 1145 sunt
1106 1118 1134 1145 in
1155 1117 1333 1145 accusatione
1348 1123 1420 1144 recte
1437 1117 1605 1144 credentium
1620 1123 1674 1142 non

890 1164 1090 1199 suscipiantur;
1113 1163 1176 1198 quia
1198 1162 1370 1197 suspiciones
1395 1169 1502 1197 semper
1516 1165 1581 1189 sunt
1596 1167 1675 1187 amo-

891 1210 1016 1238 venda“.
1024 1209 1120 1237 Merito
1128 1216 1192 1244 ergo
1200 1215 1295 1236 eorum
1306 1209 1469 1243 reprobatur
1480 1207 1621 1235 accusatio
1628 1205 1675 1241 qui

891 1257 919 1284 in
944 1260 1018 1284 recta
1043 1255 1095 1283 ﬁde
1116 1255 1236 1289 suspecti
1256 1254 1361 1282 sunt“.
1378 1253 1434 1281 Nec
1449 1254 1489 1281 eis
1503 1253 1616 1280 omnino
1633 1260 1676 1280 est

889 1302 1067 1336 credendum,
1081 1301 1130 1336 qui
1145 1301 1288 1328 Trinitatis
1300 1300 1380 1327 ﬁdem
1394 1301 1531 1336 ignorant.
1543 1298 1676 1326 Similiter

890 1348 1098 1382 omnes",quos
1107 1351 1264 1374 sanctorum
1273 1345 1385 1373 Patrum
1407 1349 1508 1373 statuta
1530 1349 1585 1372 tam
1606 1352 1676 1379 prae-

891 1395 979 1423 teritis
987 1402 1068 1430 quam
1078 1393 1176 1421 futuris
1185 1393 1353 1428 temporibus
1362 1392 1602 1425 anathematizant,
1611 1392 1676 1419 sub-

890 1448 1032 1468 movemus
1040 1440 1106 1467 etab
1119 1439 1192 1466 omni
1201 1439 1373 1466 accusatione
1382 1437 1501 1465 fidelium
1513 1437 1674 1468 alienamus.

889 1486 1003 1514 Discreti
1011 1494 1075 1521 ergo
1082 1493 1188 1520 semper
1196 1484 1294 1512 debent
1301 1491 1361 1512 csse
1369 1483 1461 1510 fideles
1468 1483 1502 1509 ab
1511 1482 1674 1516 inﬁdelibus,

53 1527 183 1554 s'radente
197 1528 312 1562 antiquo
333 1528 420 1560 hoste,
439 1528 487 1563 qui
510 1537 617 1564 semper
636 1533 665 1555 ut
681 1529 721 1556 leo
734 1531 836 1564 rugiens
850 1542 872 1571 ο
889 1532 988 1568 etjusti
998 1532 1159 1567 abinjustis;
1171 1530 1298 1566 quoniam
1308 1530 1429 1557 infideles
1437 1534 1461 1557 et
1471 1529 1605 1561 malevoli,
1617 1536 1675 1555 mo-

52 1573 144 1599 circuit
155 1574 189 1604 “,
207 1582 329 1608 quercus
353 1582 430 1609 quem
448 1574 561 1606 devoret,
577 1575 733 1609 supervenit
746 1574 836 1603 Nova-

53 1624 92 1645 tus
104 1626 138 1645 ex
150 1618 258 1652 Africa,
270 1623 295 1646 et
310 1620 445 1654 separavit
457 1620 490 1647 de
502 1620 620 1648 Ecclesia
631 1621 772 1648 Christi‘"
783 1621 838 1649 Νο-

52 1664 192 1692 vatianum
219 1670 247 1692 et
261 1667 396 1699 quosdam
413 1666 480 1693 alios
497 1666 598 1693 Christi
613 1666 795 1698 confessorcs,
810 1673 837 1695 et

52 1711 186 1738 convertit
202 1711 232 1738 in
255 1719 366 1746 pravam
381 1711 545 1739 doctrinam.
562 1712 585 1738 Α
598 1713 698 1747 quibus
711 1720 769 1743 vos,
782 1713 837 1739 fra—

52 1763 114 1790 tres,
132 1757 261 1791 avertite,
286 1762 314 1785 et
331 1763 425 1785 cavete
446 1758 480 1785 ab
499 1758 628 1786 omnibus
653 1758 701 1793 qui
724 1759 836 1786 alteram

52 1803 127 1831 ﬁdem
142 1808 170 1831 et
188 1803 343 1831 doctrinam
359 1808 460 1838 tenent,
474 1812 556 1839 quam
579 1805 694 1839 apostoli
721 1809 748 1832 et
775 1812 838 1832 suc-

49 1856 173 1877 cessores
197 1856 295 1876 eorum
323 1854 470 1885 tenuerunt
483 1855 510 1877 et
527 1850 688 1882 docuerunt,
704 1859 748 1883 ne,
765 1852 837 1886 quod

52 1897 130 1929 absit,
146 1901 211 1931 post
232 1904 295 1923 eum
322 1897 464 1930 abeuntes,
479 1896 507 1923 in
524 1897 651 1932 laqueum
667 1897 775 1924 Satanae
792 1906 838 1925 ca-

53 1943 132 1975 datis,
149 1947 178 1970 et
205 1943 385 1978 compedibus
405 1944 466 1978 eius
492 1943 680 1970 detineamini.
698 1943 743 1959 η’·
760 1943 837 1972 Unde

49 1987 231 2015 fraternitatis
245 1992 344 2016 vestrae
356 1989 517 2016 charitatem
533 1989 638 2016 intimis
655 1989 836 2018 obsecramus

49 2034 227 2067 precibus,ut
239 2040 343 2062 nostra:
359 2035 501 2069 parvitatis
515 2035 543 2062 in
559 2035 658 2063 vestris
672 2035 760 2063 sacris
774 2043 837 2063 ora-

52 2080 175 2107 tionibus
190 2088 328 2108 memores
354 2088 415 2108 esse
444 2081 604 2116 dignemini,
623 2086 733 2109 orantes
748 2090 779 2110 ac
790 2082 836 2110 dc-

51 2131 191 2159 precantes
208 2126 355 2153 Dominum
369 2126 441 2160 cteli,
457 2131 486 2154 ut
502 2131 556 2154 tarn
575 2135 625 2154 nos
640 2135 723 2162 quam
739 2133 836 2156 sancta

51 2177 131 2200 mater
159 2172 284 2201 Ecclesia
312 2172 415 2201 Christi
441 2173 561 2208 pretioso
576 2175 709 2209 sanguine
724 2175 836 2203 redem-

891 1580 933 1607 dis
951 1579 1051 1615 quibus
1068 1582 1191 1614 possunt,
1208 1585 1314 1612 semper
1330 1576 1460 1604 infestant
1472 1575 1565 1603 ﬁdeles
1574 1580 1601 1602 et
1616 1583 1676 1610 pcr-

887 1626 950 1654 dere
959 1626 1092 1658 nituntur;
1102 1630 1129 1652 et
1140 1625 1201 1652 ideo
1210 1631 1263 1651 non
1275 1628 1338 1651 sunt
1354 1623 1579 1658 suscipiendi,sed
1587 1622 1676 1657 repel-

888 1671 999 1704 lendi,et
1011 1671 1105 1706 procul
1115 1669 1271 1705 abjiciendi,
1286 1677 1319 1696 ne
1331 1669 1444 1704 perdere
1453 1669 1545 1696 ﬁdeles
1552 1672 1598 1695 aut
1607 1667 1676 1694 infa-

889 1725 963 1744 mare
977 1716 1279 1752 possint.Quapropter,
1291 1715 1458 1747 charissimi,
1472 1717 1565 1741 cavete
1579 1713 1675 1740 talium

888 1763 1034 1795 f0\'cam,in
1042 1771 1123 1796 quam
1135 1763 1234 1790 multos
1242 1761 1376 1789 cecidisse
1384 1760 1675 1795 cognovimus.Cavete

889 1810 983 1838 talium
995 1809 1085 1844 jacula
1102 1809 1134 1842 ι’,
1155 1814 1182 1837 et
1205 1808 1310 1844 antiqui
1328 1808 1415 1835 hostis
1429 1811 1608 1840 tentamenta,
1628 1814 1675 1840 per

889 1864 950 1891 qua:
972 1857 1054 1883 etiam
1070 1855 1196 1890 proprios
1211 1855 1380 1890 propinquos
1400 1861 1492 1881 coram
1510 1853 1589 1880 nobis
1612 1852 1675 1879 vul-

888 1905 999 1928 neratos
1026 1900 1124 1927 cadere
1150 1900 1280 1927 vidimus.
1313 1898 1451 1926 Attendite
1465 1929 1467 1935 λ
1482 1898 1595 1933 laqueos
1609 1897 1677 1924 insi-

887 1946 1032 1978 diantium,
1054 1945 1154 1980 quibus
1178 1949 1258 1972 notos
1282 1948 1309 1972 et
1325 1943 1524 1972 commilitones
1550 1947 1676 1976 strangu-

887 1991 945 2019 lare
970 1991 1067 2019 solent.
1085 1989 1174 2017 Nolite
1193 1989 1259 2017 tales
1280 1989 1369 2024 sequi,
1393 1989 1441 2016 sed
1470 1987 1565 2023 procul
1587 1987 1678 2022 repel-

887 2037 933 2064 lite
948 2044 1005 2064 eos.
1032 2036 1134 2069 Estote,
1149 2036 1227 2071 juxta
1253 2034 1383 2063 Veritatis
1403 2041 1509 2066 vocem,
1534 2033 1676 2068 prudentes

887 2089 915 2110 ut
929 2087 1076 2118 serpentes,
1089 2087 1114 2110 et
1129 2081 1262 2117 simplices
1283 2087 1312 2108 ut
1329 2080 1456 2108 eolumbw
1468 2081 1500 2108 η.
1517 2079 1628 2111 Videte,
1642 2087 1676 2106 ne

888 2129 915 2156 in
931 2137 1047 2157 vacuum
1064 2137 1174 2164 quoque
1184 2128 1312 2161 curratis,
1325 2133 1373 2155 aut
1386 2127 1524 2159 Iaboretis,
1534 2126 1581 2154 sed
1592 2125 1676 2152 alter-

889 2179 1014 2202 utrorum
1041 2174 1101 2202 fulti
1127 2174 1255 2210 precibus
1271 2179 1299 2202 et
1312 2173 1493 2204 orationibus,
1508 2172 1674 2199 voluntatem

50 2223 100 2252 pta,
115 2227 131 2246 a
149 2219 258 2254 laqueis
271 2219 395 2247 venantis
409 2218 527 2252 Satanae,
544 2224 572 2247 et
583 2219 617 2246 ab
632 2219 796 2255 importunis
808 2225 836 2249 et
852 2212 875 2241 ί)
890 2219 935 2247 Dei
951 2219 1040 2247 facere
1064 2219 1230 2264 comendite,
1244 2224 1272 2247 et
1294 2227 1309 2247 a
1332 2218 1504 2249 memoratis,
1521 2217 1545 2244 si
1559 2216 1676 2243 incorri-

33 2282 35 2285 ι
50 2265 123 2293 malis
147 2265 308 2293 hominibus
326 2265 469 2297 liberetur,
483 2269 510 2293 et
534 2273 623 2293 sermo
639 2265 686 2293 Dei
701 2272 795 2294 currat
809 2272 837 2295 et

25 2304 26 2309 ¹
49 2310 224 2344 clariﬁcetur,
237 2315 265 2338 et
286 2319 370 2345 prava
387 2318 483 2339 eorum
510 2315 536 2339 et
565 2312 686 2339 omnium
708 2321 836 2347 perversa

49 2355 206 2384 docentium
224 2361 337 2384 corruat
351 2356 476 2384 doctrina
497 2360 578 2391 atque
598 2357 715 2385 deﬁciat.
738 2358 836 2386 Preca-

48 2409 105 2428 mur
117 2402 216 2435 etiam,
235 2406 267 2428 ut
287 2401 395 2436 pietatis
415 2406 513 2428 vestrae
536 2401 665 2436 precibus
687 2403 835 2438 impetrare

47 2448 189 2481 studeatis,
205 2452 237 2475 ut
249 2447 320 2474 Deus
334 2452 359 2474 et
377 2447 504 2475 Dominus
517 2447 687 2475 nosterlesus
700 2448 833 2484 Christus,

80 2520 91 2535 ³
108 2518 180 2547 Vide
197 2518 384 2546 Pontiﬁcalem
401 2518 501 2546 librum
517 2519 544 2546 in
560 2518 691 2546 Clemente
704 2524 731 2548 et
745 2521 852 2550 Antero.
908 2523 920 2538 ⁸
935 2522 1014 2549 Rom.
1028 2529 1072 2555 xv,
1090 2522 1117 2549 4.
1167 2521 1178 2537 ⁸
1197 2520 1224 2548 S.
1241 2520 1324 2555 (ἔκ-εει
1338 2527 1381 2554 ep.
1397 2519 1442 2550 2i.
1454 2519 1500 2546 lib.
1519 2527 1568 2546 vn.
1618 2518 1628 2534 '

80 2563 123 2580 eo.
139 2562 184 2580 en.
198 2554 245 2580 95.
270 2554 318 2580 lib.
332 2561 380 2580 vn.
437 2554 538 2580 'aeere
557 2556 736 2580 contendatis.
801 2557 812 2573 ⁸
829 2558 835 2580 I
856 2558 919 2580 Cor.
939 2566 982 2580 xv.
1001 2557 1044 2580 58.
1085 2558 1095 2573 υ
1112 2556 1120 2580 l
1142 2556 1206 2580 Cor.
1228 2564 1283 2580 XVI.
1301 2556 1345 2580 15.
1362 2555 1410 2580 M1
1427 2555 1522 2580 Matth.
1539 2562 1612 2580 xxvi.
1630 2554 1646 2580 4

676 2556 736 2583 atis.

675 2590 697 2617 8.
758 2593 777 2608 ιι

675 2626 719 2641 ιμ-
736 2626 754 2641 Ε

908 2567 919 2585 λ.
939 2566 983 2588 xv,
1001 2557 1045 2584 58.
1085 2558 1095 2573 '
1111 2556 1120 2583 Ι
1142 2556 1206 2583 Cor.
1228 2564 1283 2587 xw,
1301 2556 1346 2588 l3,
1362 2555 1410 2588 ii;
1427 2555 1522 2582 Matth.
1539 2562 1612 2586 xxvi,
1630 2555 1674 2581 ιιι.

908 2593 944 2641 :"z
975 2592 1103 2641 sese???
1125 2592 1249 2641 :"Etfiiii
1266 2590 1399 2641 μεῖξιξξεο
1422 2591 1482 2641 1.3.").
1497 2589 1635 2641 .Fekff'tr
1649 2594 1678 2641 ξι

736 2626 764 2654 S.
782 2627 914 2655 Bonifacii
926 2628 960 2656 A.
977 2627 1049 2663 Mog.
1065 2636 1108 2662 ep.
1125 2627 1151 2659 ϐ,
1168 2624 1249 2661 quam
1265 2626 1387 2654 consule.
1424 2624 1482 2641 ’“'“
1497 2625 1504 2652 Ι
1517 2624 1587 2651 Tun.
1601 2632 1631 2655 ll,
1648 2624 1675 2650 4.

736 2669 758 2688 ο.
815 2663 836 2678 ¹⁵
852 2663 976 2698 Suspecti
1002 2671 1098 2690 omnes
1121 2670 1229 2696 semper
1250 2666 1314 2698 sunt
1326 2660 1478 2698 ~amovendi
1490 2665 1517 2687 et
1532 2667 1585 2698 non
1605 2660 1676 2698 reci-

47 2554 123 2590 (ἕως.
139 2562 184 2590 ep.
198 2554 245 2586 95,
270 2554 318 2580 lib.
332 2561 385 2590 vn:
395 2589 402 2590 ί
437 2554 448 2570 "
459 2562 550 2590 ager-ei
557 2556 736 2583 contendatis.

47 2590 65 2604 "
77 2589 162 2625 Greg.
178 2590 228 2625 lib.
250 2597 299 2621 xu,
314 2596 355 2623 ep.
371 2589 416 2616 52.
471 2589 492 2625 τι
511 2589 519 2615 l
535 2589 608 2617 Petr.
627 2598 652 2623 v,
672 2590 697 2617 8.

46 2624 169 2659 pluribus
194 2624 342 2659 Baroniusr
360 2625 394 2659 ad
409 2632 455 2652 an.
470 2624 534 2656 238,
551 2633 579 2652 η.
594 2625 621 2652 9.

49 2658 98 2687 "ll
114 2659 190 2688 Petr.
207 2668 250 2687 Ill.
300 2659 322 2674 ¹³
334 2658 356 2686 ll
371 2658 441 2686 Tim.
457 2667 487 2692 ιι,
507 2659 552 2687 26.
601 2660 624 2676 “
635 2661 758 2688 omnino.

61 2696 133 2723 tendi
146 2705 153 2723 :
166 2696 205 2723 ita
218 2696 244 2722 in
257 2694 325 2722 Luc.
367 2695 389 2710 ¹⁶
403 2695 516 2722 Adrian.
533 2695 594 2722 coll.
609 2704 633 2723 c.
650 2696 676 2722 4.
715 2697 735 2712 ’⁷

77 2739 92 2759 s
117 2732 209 2759 modis
220 2730 395 2766 interpolata.
435 2731 457 2746 ¹⁹
468 2730 563 2758 Matth.
580 2739 606 2762 x,
621 2731 675 2764 16;
691 2730 803 2760 Phili".

46 2822 52 2827 _
75 2788 133 2825 (l7)
153 2788 270 2827 Insuper
290 2793 316 2816 et
337 2789 408 2816 illud
418 2796 466 2827 eos
487 2792 553 2817 scire
568 2790 754 2827 desideremus.
773 2790 835 2818 Hzec

47 2825 144 2860 integra
159 2825 289 2860 periodus
304 2825 465 2859 snrreptitia
487 2830 539 2858 est,
559 2830 587 2852 et
599 2825 633 2852 ab
646 2826 736 2860 aliquo
748 2827 832 2853 sciolo

47 2859 224 2896 uiperaddita,
239 2859 472 2896 quirexistimavit
486 2867 588 2896 eaquae
605 2861 631 2887 in
647 2859 704 2888 Vita
719 2860 831 2889 Fabiani

46 2895 74 2921 de
103 2894 206 2924 Novato
228 2894 256 2924 ei
277 2895 432 2924 Novatiano
459 2895 635 2928 scribuntur,
664 2897 832 2930 temporith

755 2705 783 2732 q.
797 2698 814 2725 4
835 2698 959 2725 :Omnes
978 2706 1047 2733 quos
1066 2703 1233 2725 sanctorum.

856 2733 903 2760 ²⁰1
923 2734 986 2761 Cor.
1003 2742 1028 2767 v,
1043 2733 1086 2761 Η.

888 2266 985 2301 gibiles
998 2262 1186 2302 apparuerint,
1202 2274 1250 2294 vos
1272 2267 1301 2293 in
1322 2265 1451 2293 omnibus
1473 2269 1609 2298 separate.
1633 2262 1676 2290 Si-

888 2315 990 2342 militer
1015 2314 1050 2342 ab
1075 2315 1204 2342 omnibus
1224 2321 1295 2348 quos
1315 2313 1462 2348 Apostolus
1480 2316 1676 2340 commemorat

893 2361 986 2388 dicens
1000 2368 1006 2386 :
1023 2360 1090 2387 Cum
1104 2361 1141 2388 eis
1163 2368 1209 2387 nec
1224 2358 1310 2385 cibum
1331 2367 1430 2385 sumere
1444 2357 1481 2391 ¹⁶;
1499 2357 1563 2392 quia
1574 2362 1600 2384 et
1616 2357 1654 2384 illi
1667 2377 1675 2389 ,

895 2405 966 2433 sicut
979 2409 1006 2432 et
1017 2405 1072 2439 isti,
1097 2410 1161 2433 sunt
1177 2403 1322 2439 repellendi
1334 2405 1372 2435 ¹¹,
1388 2407 1414 2430 et
1428 2407 1491 2430 ante
1509 2403 1676 2430 satisfactio-

889 2460 951 2480 nem
967 2451 1093 2479 Ecelesite
1118 2459 1172 2478 non
1192 2454 1257 2478 sunt
1276 2449 1459 2484 suscipiendi;
1477 2449 1606 2484 quoniam
1626 2448 1676 2481 illi,

908 2523 920 2538 ⁸
935 2522 1014 2549 Rom.
1028 2529 1072 2555 xv,
1090 2522 1117 2549 4.
1167 2521 1178 2537 ⁸
1197 2520 1224 2548 S.
1241 2520 1324 2555 (ἔκ-εει
1338 2527 1381 2554 ep.
1397 2519 1442 2550 2i.
1454 2519 1500 2546 lib.
1519 2527 1568 2546 vn.
1618 2517 1675 2555 'VS.

1284 2697 1305 2712 “
1323 2696 1352 2723 S.
1367 2696 1457 2723 Bomf.
1473 2703 1516 2730 ep.
1533 2695 1575 2726 t9,
1590 2694 1676 2729 pluri-

1133 2734 1154 2748 “
1169 2733 1195 2760 6.
1219 2740 1247 2767 q.
1270 2732 1281 2759 1
1301 2741 1307 2759 :
1323 2733 1423 2759 Umnes
1438 2731 1476 2757 illi
1498 2734 1562 2757 sunt
1576 2731 1621 2758 ab.

888 2792 999 2819 Fabiani
1013 2793 1155 2824 accidisse,
1180 2792 1295 2826 ideoque
1316 2791 1341 2818 in
1360 2791 1430 2819 hanc
1447 2790 1589 2826 epistolam
1609 2788 1677 2816 infe-

886 2829 969 2869 renda
983 2836 1052 2855 esse.
1080 2827 1142 2855 Vide
1156 2836 1216 2862 quae
1232 2827 1351 2854 diximus
1362 2827 1454 2860 verbo,
1479 2826 1581 2852 Divinis
1604 2831 1675 2859 pra-

885 2869 975 2898 ceptts.
