1861 3052
183 139 234 166 187

848 132 877 159 S.
897 130 1034 159 FABIANI
1053 129 1151 156 ΡΑΡΕ

1762 115 1820 142 188

184 207 248 226 cum
273 197 374 233 quibus
399 196 490 224 cibum
518 201 626 222 sumere
652 200 707 220 non
728 192 802 226 licet,
826 191 969 220 manifeste
982 189 1192 225 Aperuerteris;
1211 191 1232 214 :t
1255 195 1314 214 cum
1337 185 1419 213 electo
1447 185 1545 212 electus
1557 183 1623 215 eris,
1636 186 1739 209 etcum
1753 179 1821 206 viro

186 248 316 279 apparent
333 241 494 277 sequestrati
507 248 593 275 usque
611 239 644 267 ad
658 239 876 267 satisfactionem
892 246 907 265 a
923 246 968 265 re-

186 290 268 324 liquis
283 289 413 316 fratribus
421 288 453 310 ".
467 286 650 320 Quamobrem
666 293 719 312 non
735 284 835 312 debent
848 291 898 311 nec
907 291 972 318 pos-

187 338 251 361 sunt
262 334 289 360 in
306 333 506 360 accusationem
528 331 646 358 tidelium
674 329 796 364 suscipi,
814 329 861 356 sed
889 328 971 355 etiam

187 379 221 405 ab
235 386 328 406 eorum
352 378 507 412 consortio,
524 385 611 412 usque
627 376 660 403 ad
673 375 729 410 jam
743 375 843 402 dictam
864 373 972 401 satisfa-

187 423 304 450 ctionem
318 422 423 456 repelli,
437 429 471 448 ne
483 421 586 448 similes
596 421 636 448 eis
649 420 809 450 ellieiantur,
822 421 869 444 aut
879 424 971 444 eorum

186 467 461 495 excommunicationi
474 466 636 500 Subjaceant
646 474 653 498 ;
665 465 794 499 quoniam
806 463 846 491 sic
856 461 972 497 apostoli

187 512 377 540 statuerunt"
393 513 536 539 dicentes:
557 511 625 538 Cum
651 509 895 537 excommunicatis
918 515 973 534 non

186 563 228 586 est
251 556 546 585 communicandum“.
563 556 596 582 Et
606 556 628 583 si
643 556 705 590 quis
727 562 789 582 cum
811 561 972 581 excommu-

187 605 298 636 nicatis,
314 603 462 630 avertendo
480 602 724 637 regulas,scienter
732 600 829 634 psallat
844 600 871 626 in
881 600 974 631 domo,

187 658 235 680 aut
264 652 346 679 simul
368 652 474 678 loeutus
488 650 568 677 fuerit
583 654 630 677 aut
646 648 784 680 oraverit,
797 647 841 674 ille
854 654 975 674 commu-

188 701 272 726 nione
285 699 408 734 privetur
421 699 455 724 ’³.
474 697 554 724 Tales
571 704 635 732 ergo
654 697 681 722 in
707 695 834 722 omnibus
849 698 912 721 sunt
928 701 975 720 ea-

188 744 278 776 Vundi,
297 748 324 771 et
347 751 401 771 non
417 742 595 777 suscipiendi,
613 742 677 777 quia
704 742 781 776 juxta
797 740 974 775 Apostolum,

189 800 240 818 non
261 791 346 818 solum
365 791 410 826 qui
432 790 535 825 faciunt
552 790 726 820 damnantur,
750 788 793 815 sed
806 792 831 814 et
851 787 895 822 qui
915 794 976 812 con-

189 838 305 865 sentiunt
323 836 480 872 facientibus
496 837 529 862 ιθ.
545 834 623 862 Unde
641 839 667 862 et
680 835 775 862 beatus
790 833 973 867 apostolorum

1020 237 1156 263 innocente
1166 234 1289 260 innocens
1304 232 1356 259 eris
1369 232 1401 259 “.
1415 230 1449 258 Et
1459 230 1606 266 Apostolus
1620 227 1711 262 inquit
1723 236 1731 254 :
1744 226 1825 252 Pcrb

1020 287 1123 311 vertunt
1152 281 1231 308 bonos
1250 288 1334 307 mores
1357 278 1488 314 colloquia
1510 276 1581 304 mala
1597 276 1630 302 “.
1647 274 1766 305 Idcirco,
1785 277 1824 300 ut

1020 330 1076 365 jam
1093 329 1263 364 praelibatum
1282 331 1335 358 est,
1353 325 1417 353 mali
1431 328 1499 352 sunt
1515 330 1622 357 semper
1637 319 1765 352 cavendi,
1788 324 1819 346 et

1023 375 1102 403 bonis
1116 380 1198 410 atque
1221 373 1359 404 benevolis
1378 376 1420 400 est
1447 371 1634 399 inhaerendum
1648 369 1670 384 ³³
1686 372 1716 395 ut
1735 367 1815 402 peri-

1022 422 1113 449 culum
1137 420 1264 452 desidiae,
1281 423 1415 454 quantum
1443 423 1602 452 possumus,
1626 414 1817 442 declinemus.

1023 465 1057 493 Et
1084 473 1118 492 ne
1141 465 1227 499 pestis
1251 464 1308 492 haec
1330 463 1411 490 latius
1436 461 1589 496 divulgetur
1607 459 1646 492 “,
1664 459 1820 486 severitate

1024 520 1078 548 qua
1096 519 1254 547 possumus,
1268 510 1480 541 abscindamus;
1495 508 1625 542 quoniam
1646 514 1701 533 non
1723 510 1819 532 teme-

1024 558 1094 586 ritas
1108 557 1254 584 intervenit
1268 553 1499 591 praesumptionis,
1516 553 1563 580 ubi
1578 559 1620 580 est
1631 553 1652 568 ³⁷
1667 551 1820 587 diligentia

1026 603 1143 638 pietatis.
1157 603 1226 638 Agat
1243 609 1349 636 semper
1360 600 1382 616 “
1395 599 1586 634 unusquisque
1598 602 1719 626 vestrum
1731 617 1739 630 ,
1762 599 1822 624 bac

1026 649 1221 676 informatione
1239 647 1389 682 apostolica
1403 645 1488 673 fultus
1500 645 1578 680 juxta
1594 645 1665 671 vires
1678 651 1764 676 suas,
1792 648 1825 670 et

1026 696 1146 723 fraterna
1160 694 1306 722 dilectione
1315 714 1323 726 ,
1345 697 1372 720 et
1382 697 1475 721 sancta
1493 691 1634 726 religione,
1646 698 1738 717 mores
1751 697 1825 724 pro—

1027 742 1100 777 prios
1113 748 1284 772 conservare,
1309 744 1336 767 et
1353 739 1380 766 in
1399 745 1547 766 commune
1560 737 1722 764 alterutrum
1737 735 1827 770 adju-

1027 795 1102 818 vare,
1117 791 1144 814 et
1158 786 1183 813 in
1195 786 1328 813 charitate
1343 792 1513 820 permanere,
1527 789 1554 810 et
1567 783 1594 809 in
1610 782 1657 810 Dei
1674 782 1827 809 voluntate

1028 833 1210 861 indesinenter
1238 832 1346 859 studeat
1374 831 1516 862 inluerere,
1529 834 1558 856 ut
1574 829 1657 856 simul
1670 829 1827 855 laudantes

189 884 324 919 princeps,
342 881 448 915 Petrus,
478 882 505 908 in
534 881 704 909 ordinatione
732 879 878 907 Clementis
907 878 973 905 allov
994 871 1014 899 Β
1029 879 1188 911 Dominum,
1216 877 1367 905 indefessas
1382 883 1489 911 semper
1508 875 1545 902 illi
1566 875 1666 910 gratias
1689 881 1826 909 agamus.

191 937 279 963 quens
300 928 443 963 populum,
465 928 535 955 inter
561 931 659 954 caetera
675 926 713 954 ait
723 927 745 942 ’⁷
765 935 771 952 :
793 925 821 952 Si
851 924 977 952 inimicus

188 979 230 1001 est
256 974 307 1001 iste
331 973 457 1001 Clemens
478 973 560 1001 alicui
591 980 640 1008 pro
667 973 773 1000 actibus
787 971 845 999 suis
855 971 878 986 "
899 990 907 1003 ,
927 978 977 997 vos

190 1020 276 1047 nolite
292 1024 451 1054 exspectare
464 1040 471 1053 ,
490 1024 520 1046 ut
539 1020 598 1054 ipse
619 1019 697 1047 vobis
724 1019 814 1046 dicat:
831 1018 900 1045 Cum
928 1017 976 1044 illo

190 1065 273 1092 nolite
289 1066 370 1093 amici
388 1073 464 1098 esse;
479 1065 525 1092 sed
539 1064 685 1100 prudenter
699 1064 845 1092 observare
858 1062 976 1096 debetis,

188 1116 216 1138 et
229 1111 360 1138 voluntati
371 1111 432 1145 ejus
442 1111 545 1146 absque
556 1110 770 1138 commonitione
779 1109 975 1140 obsecundare,

189 1162 217 1184 et
231 1161 354 1184 avertere
367 1165 415 1184 vos
428 1157 516 1189 abeo,
534 1157 577 1184 cui
591 1157 680 1191 ipsum
695 1155 802 1184 sentitis
821 1155 976 1187 adversum,

190 1202 238 1229 sed
266 1209 317 1229 nec
345 1202 420 1238 loqui
444 1202 499 1235 his,
523 1203 624 1237 quibus
642 1203 700 1236 ipse
716 1209 770 1228 non
786 1201 918 1235 loquitur,
948 1204 978 1227 ut

190 1248 380 1283 mmsquisque
392 1249 439 1283 qui
462 1249 489 1276 in
516 1249 596 1284 culpa
612 1253 664 1280 est,
681 1248 746 1275 dum
763 1248 839 1282 cupit
856 1247 978 1275 omnium

188 1298 310 1322 vestrum
328 1295 465 1322 amicitias
490 1294 572 1328 ferre,
586 1295 696 1323 festinet
712 1294 793 1322 citius
806 1292 979 1321 reconciliari

190 1341 214 1367 ei
230 1340 278 1375 qui
294 1341 421 1368 omnibus
435 1346 541 1376 prmest,
561 1347 591 1368 ut
607 1349 656 1376 per
670 1341 721 1368 hoc
746 1341 839 1367 redeat.
856 1339 889 1366 ad
908 1339 980 1366 salu-

191 1390 256 1418 tem,
280 1393 342 1413 eum
359 1386 471 1414 obedire
492 1388 605 1422 creperit
618 1388 731 1415 monitis
750 1386 932 1422 praesidentis.
950 1384 979 1412 Si

190 1439 256 1459 vero
271 1433 333 1467 quis
349 1433 455 1460 amicus
464 1441 518 1460 non
527 1438 579 1467 est,
596 1438 623 1460 et
642 1434 750 1461 locutus
764 1432 848 1460 fuerit
862 1432 905 1459 his
918 1431 979 1466 qui-

191 1478 242 1505 bus
254 1478 312 1512 ipse
329 1486 382 1506 non
408 1479 540 1514 loquitur,
556 1487 627 1506 unus
646 1483 728 1506 estet
742 1479 799 1513 ipse
814 1485 848 1505 ex
863 1478 917 1505 illis
931 1476 979 1511 qui

191 1523 373 1550 exterminare
389 1523 436 1550 Dei
454 1522 603 1550 Ecclesiam
617 1523 710 1549 volunt
726 1531 732 1548 :
749 1526 776 1548 et
790 1528 852 1548 cum
865 1527 979 1555 corpore

192 1569 333 1596 vobiscum
349 1577 408 1596 esse
422 1569 558 1601 videatur,
577 1573 665 1595 mente
673 1574 700 1595 et
714 1567 807 1594 animo
822 1571 916 1594 contra
931 1573 980 1592 vos

192 1620 242 1642 est.
261 1614 294 1641 Et
312 1620 353 1642 est
367 1615 453 1641 mullo
467 1614 580 1648 nequior
607 1613 693 1640 hostis
718 1612 762 1640 hic
774 1619 857 1646 quam
877 1611 915 1638 illi
932 1609 979 1645 qui

192 1660 261 1687 foris
274 1665 348 1692 sunt,
372 1664 399 1687 et
411 1659 551 1686 evidenter
568 1658 671 1685 inimici
689 1663 762 1684 sunt.
781 1656 831 1684 Hic
847 1656 918 1683 enim
933 1663 981 1690 per

193 1705 376 1731 amicitiarum
401 1704 532 1739 speciem,
547 1711 607 1738 quae
629 1708 693 1730 sunt
718 1703 840 1735 inimica,
856 1702 925 1736 gerit
955 1705 982 1728 et

194 1748 345 1776 Ecclesiam
361 1749 493 1784 dispergit
509 1756 541 1776 ac
557 1752 654 1775 vastat.
672 1747 798 1782 ideoque,
811 1746 978 1780 charissimi,

194 1796 238 1823 bis
262 1796 420 1831 apostolicis
435 1795 569 1823 institutis
580 1803 629 1822 vos
645 1800 786 1822 monentes
800 1794 962 1821 instruimus
973 1813 980 1825 ,

195 1846 225 1869 ut
249 1841 381 1869 eﬂ‘ecta”
411 1841 512 1869 certior
539 1841 658 1868 charitas
692 1845 800 1873 vestra,
838 1839 981 1866 sollicitius

194 1888 323 1923 deinceps
349 1895 431 1923 agere
458 1887 566 1915 studeat
583 1891 609 1914 et
627 1886 744 1918 cautius,
763 1893 797 1912 ne
818 1885 940 1920 perversi
955 1889 982 1912 et

194 1934 317 1962 infideles
337 1935 472 1967 homines,
486 1934 601 1962 laedendi
618 1934 709 1961 ﬁdeles
722 1937 749 1960 et
760 1932 908 1960 benevolos
926 1932 978 1958 ha-

194 1983 278 2010 beant
301 1981 456 2009 facultatem
473 1991 478 2008 :
497 1982 622 2016 quoniam
635 1989 692 2015 spes
707 1980 802 2007 talium
824 1983 848 2005 et
864 1978 982 2004 omnium

194 2027 346 2061 impiorum,
368 2031 492 2062 tanquam
504 2027 600 2061 lanugo
611 2031 660 2059 est,
677 2033 737 2061 qua:
749 2033 765 2051 a
780 2028 854 2051 vento
867 2023 981 2056 tollitur,

195 2078 219 2100 et
233 2079 358 2108 tanquam
375 2081 469 2107 spuma
495 2073 614 2108 gracilis,
629 2080 687 2107 qua:
710 2080 726 2098 a
742 2070 858 2106 procella
880 2068 984 2104 disper-

195 2121 278 2155 gitur,
304 2126 327 2147 et
350 2125 475 2155 tauquam
491 2120 577 2154 {uiuus
592 2140 598 2151 ,
613 2120 657 2154 qui
671 2128 687 2145 α
703 2123 776 2145 t'enlo
790 2118 904 2152 di/fusus
926 2121 964 2143 est
975 2136 982 2147 ,

194 2173 218 2194 et
234 2173 359 2202 tanqu/1m
378 2167 506 2193 memoria
525 2166 635 2200 Itaspitt's
656 2167 735 2191 unius
753 2164 805 2190 diei
828 2167 985 2198 prwtereun-

1028 925 1119 952 Valete
1140 925 1167 951 in
1178 924 1310 955 Domino,
1324 922 1479 950 charissimi
1489 941 1496 954 ,
1510 926 1538 948 et
1553 920 1695 956 praedicta,
1713 923 1747 946 ut
1763 927 1828 946 me-

1028 972 1082 999 lius
1101 971 1225 1006 potestis,
1244 969 1359 996 Domino
1371 976 1449 1004 opem
1467 968 1580 1002 ferente,
1595 967 1750 1002 adimplere
1762 971 1830 994 stu-

1027 1018 1096 1045 dete.
1111 1016 1176 1044 Data
1194 1015 1322 1044 Kalendis
1352 1015 1427 1048 Julii,
1447 1015 1594 1043 Maximino
1604 1015 1625 1031 "
1646 1019 1674 1042 et
1688 1013 1830 1041 Africano

1032 1064 1098 1092 viris
1109 1063 1273 1091 clarissimis
1288 1062 1449 1090 consulibus
1461 1061 1500 1087 ‘°-

1273 1151 1440 1179 EPISTULA
1465 1150 1485 1178 ιι
1498 1150 1566 1186 (l8).

1175 1216 1208 1235 AD
1223 1215 1309 1236 OHNES
1325 1214 1493 1235 ORIENTALES
1509 1213 1662 1234 EPISCOPOS.

1030 1280 1062 1305 Ut
1074 1280 1177 1305 chrisma
1196 1280 1260 1303 omni
1274 1285 1337 1303 anno
1355 1280 1491 1302 renovetur
1503 1275 1673 1301 consecrando
1698 1277 1727 1298 et
1749 1278 1834 1298 vetus

1059 1312 1083 1335 in
1096 1311 1208 1335 ecula-siis
1221 1314 1324 1341 ponatur
1338 1308 1480 1336 cremando;
1504 1308 1535 1332 de
1554 1305 1714 1341 accusatione
1740 1311 1830 1340 sacer—

1059 1342 1152 1370 dolum,
1164 1346 1190 1365 et
1203 1337 1229 1365 ui
1240 1347 1300 1365 oves
1309 1343 1434 1370 pastorem
1444 1345 1525 1368 suum,
1536 1338 1584 1362 nisi
1594 1340 1618 1361 in
1624 1337 1673 1361 [ide
1680 1337 1826 1364 erraverit,

1063 1373 1249 1403 reprehendere
1261 1378 1310 1395 non
1322 1371 1436 1395 audeant.

1030 1424 1049 1452 l.
1071 1423 1104 1451 Ut
1127 1432 1173 1458 per
1197 1431 1280 1450 annos
1300 1422 1418 1457 singulos
1441 1429 1535 1448 novum
1557 1420 1673 1447 chrisma
1693 1420 1834 1454 conﬁcia-

1103 1466 1155 1491 tur,
1169 1464 1194 1485 et
1212 1464 1282 1485 vetus
1300 1458 1468 1485 incendatur.

1031 1504 1064 1534 Il.
1084 1505 1121 1566 Dte
1139 1505 1264 1565 cpisczpis
1291 1513 1344 1531 non
1361 1503 1519 1530 accusandis
1536 1510 1566 1528 ac
1587 1501 1839 1528 obtrectationibus

1114 1548 1209 1566 aceran
1230 1548 1263 1566 is.

1114 1548 1263 1566 aceranats.

1070 1607 1201 1635 Faernus
1213 1607 1359 1642 episcopus
1370 1606 1446 1634 urbis
1462 1605 1565 1637 Romae,
1583 1604 1716 1632 omnibus
1730 1604 1838 1632 Orien-

1034 1654 1134 1681 talibus
1158 1653 1295 1688 episcopis
1325 1657 1351 1680 ct
1375 1652 1482 1680 cunctis
1503 1651 1647 1683 ﬁdelibus,
1665 1650 1695 1676 in
1710 1649 1842 1678 Domino

1034 1701 1160 1727 salutem.
1442 1726 1445 1729 ,

1070 1746 1162 1783 Exigit
1183 1745 1293 1773 dilectio
1309 1748 1399 1772 vestra
1414 1743 1487 1771 sedis
1503 1742 1663 1777 apostolica:
1680 1743 1819 1769 consulta
1831 1764 1838 1774 ,

1034 1801 1095 1828 quae
1107 1792 1185 1820 vobis
1200 1792 1336 1826 denegare
1363 1798 1418 1817 non
1441 1797 1589 1824 possumus
1612 1796 1663 1815 nec
1680 1789 1838 1816 debemus.

1035 1839 1092 1866 Hoc
1108 1843 1198 1866 autem
1213 1843 1239 1865 et
1256 1838 1473 1872 prmdeeessores
1488 1839 1598 1863 nostros
1613 1835 1772 1862 multarum
1793 1843 1841 1862 re-

1035 1886 1146 1921 gionum
1163 1884 1298 1920 episcopis
1323 1884 1414 1918 egisse
1428 1883 1529 1917 liquet;
1550 1886 1577 1909 et
1592 1889 1653 1914 nos,
1673 1881 1722 1916 qui
1740 1882 1771 1908 in
1790 1889 1841 1908 ea-

1035 1933 1096 1960 dem
1112 1932 1186 1965 sede,
1204 1930 1470 1965 Domiuolargiente,
1484 1928 1609 1956 collocati
1619 1936 1717 1956 sumus
1728 1948 1736 1960 ,
1752 1935 1842 1962 agere

1036 1979 1136 2006 debere
1171 1977 1291 2004 fraterna
1315 1977 1435 2004 charitas
1461 1980 1488 2002 et
1519 1974 1680 2002 obedientiae
1705 1974 1840 2001 debitum

1036 2023 1184 2058 compellit.
1197 2022 1269 2049 Cura
1291 2027 1333 2049 est
1358 2029 1425 2056 ergo
1441 2025 1540 2048 vestrae
1553 2019 1737 2048 sollicitudini
1755 2019 1843 2047 adhi~

1037 2070 1136 2103 benda,
1156 2074 1185 2096 ut
1200 2076 1243 2102 ea,
1257 2076 1318 2103 quae
1333 2072 1396 2095 sunt
1411 2068 1445 2094 ab
1461 2067 1593 2102 apostolis
1602 2073 1762 2100 eorumque
1777 2074 1843 2093 Sltc-

1037 2116 1194 2144 ccssOribus
1217 2114 1359 2146 ordinata,
1379 2119 1406 2141 et
1433 2114 1582 2148 instigante
1600 2117 1697 2139 sancto
1724 2112 1842 2146 Spiritu

1038 2163 1161 2190 instituta
1173 2161 1206 2194 ⁵³,
1221 2168 1271 2187 nec
1282 2160 1466 2188 dissimulatio
1478 2159 1614 2194 negligere
1626 2178 1633 2191 ,
1659 2166 1711 2185 nec
1739 2158 1843 2192 aliqua

197 2214 272 2241 tis“.
290 2214 479 2248 Summopere,
499 2211 652 2240 charissimi
663 2232 669 2244 ,
686 2211 754 2257 tales
774 2208 887 2237 cavendi
901 2212 962 2235 sunt
973 2227 981 2238 .
999 2225 1021 2252 ο
1038 2207 1213 2243 ρι-ωευηψιὶο
1229 2207 1317 2233 valeat
1329 2206 1498 2241 perturbare.
1518 2204 1571 2231 Sed
1590 2204 1664 2232 sicut
1677 2203 1746 2236 hoc,
1761 2203 1843 2239 quod

195 2268 223 2290 et
239 2263 378 2290 avertendi
395 2267 476 2297 atque
492 2261 644 2296 rejiciendi,
661 2261 684 2287 si
701 2264 832 2287 nocentes
847 2264 982 2292 apparue-

197 2310 269 2342 rint;
283 2309 347 2344 quia
369 2317 424 2336 non
441 2309 530 2336 solum
545 2307 737 2335 ecclesiasticae
749 2326 756 2339 ,
772 2305 820 2332 sed
835 2304 916 2331 etiam
933 2310 984 2329 sae-

198 2356 252 2383 culi
267 2356 339 2390 leges
351 2363 379 2383 se
394 2356 414 2371 "
430 2358 560 2382 nocentes
579 2361 633 2380 non
650 2351 815 2386 suscipiunt,
826 2350 874 2377 sed
892 2348 981 2382 repel-

197 2404 268 2430 lunt.
282 2399 358 2428 Unde
375 2400 506 2435 scriptum
523 2405 564 2427 cst
582 2409 588 2426 :
607 2399 643 2426 Os
659 2398 800 2432 impiorum
813 2396 918 2422 devorat
936 2393 986 2420 ini-

198 2450 327 2484 quitatem
342 2448 375 2473 ³¹.
397 2446 430 2473 Ει
446 2445 577 2473 Dominus
597 2453 645 2479 per
665 2443 830 2478 Prophetam
845 2440 984 2474 loquitur,

198 2495 309 2523 dicens:
325 2494 393 2521 Cum
415 2497 506 2519 sancto
529 2496 636 2518 sanctus
660 2491 721 2522 eris,
744 2494 768 2516 et
791 2496 851 2515 cum
867 2494 986 2521 perverso

232 2556 254 2572 "
270 2553 420 2581 Fideiibus.
457 2552 480 2568 ³⁵
497 2552 539 2578 Η.
553 2559 580 2585 q.
595 2550 612 2577 5
627 2560 632 2576 :
646 2549 723 2585 Sient
744 2546 860 2585 apostoli
881 2548 1045 2585 statuerunt.
1077 2546 1115 2585 Πξδ
1136 2546 1266 2585 canali.“
1340 2546 1400 2564 can.
1420 2546 1618 2585 1|.nappslt,..ttitt

920 2581 942 2596 “
956 2588 985 2613 ep

1076 2576 1205 2604 Clementi
1223 2570 1510 2613 tributaexuversione
1530 2570 1728 2613 littlittiJ’ali.
1745 2576 1784 2598 »t.
1818 2570 1840 2596 l.

197 2591 220 2607 "'
238 2591 315 2616 Rom.
329 2598 347 2620 ι,
366 2589 408 2615 52.
478 2588 500 2602 ’⁷
524 2582 588 2613 (list.
609 2586 639 2611 65
669 2593 675 2610 :
700 2582 881 2620 Sirinimieus.

197 2627 219 2642 ³³
237 2625 266 2653 S.
283 2618 395 2658 Leo’ep.
411 2624 439 2650 2.
479 2623 501 2638 '°
514 2620 679 2658 δίψῃ..ᾌᾶ
719 2618 740 2633 ³¹
752 2618 921 2658 abest,“se.,la
934 2623 985 2642 ms.

200 2660 244 2688 35.
283 2660 350 2686 “xS.
370 2652 434 2685 'Leo
453 2665 496 2690 ep.
512 2657 537 2683 4.
551 2652 559 2655 ’
576 2655 598 2670 ³⁸
620 2655 690 2681 idem
714 2661 756 2686 ep.
774 2652 801 2678 ‘2.

199 2695 280 2728 (ἐι-εκ.
295 2695 374 2728 epist.
392 2693 454 2724 H7,
469 2692 516 2719 lib.
534 2699 581 2718 vn.

236 2741 523 2778 (l8),Apocryphamh
552 2737 690 2778 nonnullis
731 2734 814 2778 videri
849 2736 982 2778 testantur

202 2779 221 2806 Β
238 2769 373 2810 Π.,Ῥοὲς.
389 2769 490 2810 aliique
504 2772 650 2810 Catholici,
667 2775 693 2797 et
705 2771 787 2810 multa
804 2769 929 2804 probant.
970 2802 987 2810 ⁵,

237 2805 293 2846 (ltl)
324 2805 478 2845 Episcopo».
499 2809 638 2846 ludicalur
659 2806 798 2846 materiam
827 2805 988 2846 sacramenti

201 2856 216 2875 c
229 2841 425 2874 vnﬁr'mationis'
437 2852 498 2872 esse
514 2843 649 2874 chrisma,
668 2841 738 2875 quod
758 2844 799 2866 est
822 2842 988 2873 unguentum

202 2874 234 2909 ea
253 2882 312 2910 oleo
325 2887 353 2910 et
369 2881 491 2909 balsamo
510 2879 631 2911 mistum,
655 2874 683 2903 et
699 2875 732 2902 ab
753 2874 879 2910 episcopo
895 2880 988 2900 ροηδε-

840 2651 861 2666 ³⁷
880 2651 948 2677 idem
968 2657 1010 2683 ep.
1026 2649 1053 2674 2.

620 2690 641 2705 δ’
658 2690 691 2715 de
707 2682 830 2715 consecr.
849 2686 912 2713 dist.
931 2686 947 2711 5
963 2694 968 2711 :
987 2683 1096 2710 Litteris
1120 2682 1227 2709 vestris.

1035 2254 1149 2281 rationis
1178 2253 1302 2288 exigebat
1325 2247 1444 2284 utilitas,
1472 2251 1593 2286 oportuit
1622 2249 1768 2284 diﬂinirc;
1805 2250 1843 2277 ita

1042 2300 1114 2336 quod
1129 2299 1270 2327 diiIinitum
1287 2304 1339 2332 est,
1360 2305 1413 2325 non
1425 2297 1503 2324 debet
1517 2295 1622 2324 violari.

1410 2376 1432 2402 l.

1073 2435 1180 2463 Litteris
1197 2437 1293 2462 vestris
1309 2442 1371 2462 vero
1389 2433 1458 2460 inter
1473 2436 1571 2460 cetera
1586 2433 1724 2460 insertum
1751 2433 1838 2460 inve-

1039 2483 1129 2510 nimus
1143 2482 1176 2514 ",
1193 2481 1325 2516 quosdam
1342 2480 1461 2514 regionis
1478 2483 1576 2505 vestrae
1602 2478 1758 2513 episcopos
1780 2478 1843 2513 (19)

1092 2542 1115 2557 ’λ
1136 2549 1196 2568 can.
1211 2540 1252 2566 ll.
1298 2539 1320 2554 “
1340 2546 1400 2564 ean.
1420 2537 1448 2564 ll
1468 2541 1554 2571 apost.
1573 2536 1672 2571 interp.
1689 2534 1842 2571 Dionysio.

1033 2614 1054 2628 ³³
1069 2613 1149 2639 Prov.
1165 2619 1221 2641 χιχ,
1235 2610 1281 2636 ‘28.

1091 2648 1113 2664 ³³
1128 2647 1156 2673 S.
1173 2645 1261 2672 Bonif.

1332 2608 1354 2623 ³³
1370 2608 1439 2634 l’sal.
1457 2615 1521 2639 xvii,
1537 2607 1582 2633 '26.
1631 2606 1654 2621 ³⁵
1675 2606 1683 2632 1
1701 2605 1773 2632 Cor.
1796 2614 1841 2635 xv,

1307 2643 1328 2659 ³⁹
1354 2642 1481 2669 Maximo.
1532 2641 1554 2656 ⁸ο
1582 2649 1627 2668 an.
1643 2640 1709 2667 256.
1767 2641 1792 2657 “
1812 2642 1840 2667 δ.

1041 2734 1156 2758 cratum.
1173 2728 1211 2754 Ex
1227 2735 1260 2754 eo
1276 2725 1348 2752 enim
1362 2725 1432 2758 quod
1449 2723 1559 2755 scribit,
1582 2722 1725 2750 Christum
1751 2723 1842 2750 ritum

1043 2764 1201 2792 conﬁciendi
1219 2761 1357 2797 apostolos
1370 2759 1495 2786 docuisse
1506 2758 1767 2797 ,__utique_aliquam_
1783 2759 1828 2797 for

1043 2808 1113 2827 lnam
1129 2793 1303 2826 lienediccndi
1315 2798 1341 2821 et
1353 2794 1530 2821 consecrandi
1543 2793 1703 2825 tradidisse,
1715 2793 1840 2819 dubium

1043 2843 1096 2862 non
1119 2837 1171 2860 est.
1197 2832 1272 2860 Unde
1298 2834 1477 2864 praeterquam
1499 2829 1572 2863 quod
1596 2828 1773 2864 sanctissimi
1791 2827 1843 2864 l’a-

1044 2875 1109 2903 tres,
1121 2869 1253 2900 Clemens,
1274 2862 1434 2897 Dionysius,
1450 2862 1580 2897 lren’aeus,
1599 2862 1729 2890 Urbanus
1747 2863 1842 2894 ponti-
