1861 3052
34 133 78 161 189

754 135 942 165 ΕΡΙΞΤΟΕᾹΞ.

1610 133 1657 159 I90

32 202 49 219 a
66 197 151 220 vestro
171 198 328 229 nostroque
343 195 442 224 ordine
467 195 620 231 discrepare
632 216 639 229 ,
661 200 688 224 et
705 204 758 224 non
774 205 822 232 per
836 199 858 226 Α
871 196 1034 232 sumptionis
1056 196 1210 229 delabitur;
1233 199 1261 223 et
1285 195 1440 223 nullatenus
1464 195 1568 222 eruitur
1580 215 1588 228 ,
1605 195 1657 222 nisi

36 237 152 272 singulos
170 245 264 266 annos
284 239 312 266 in
328 239 415 268 Coena
432 240 539 267 Domini
551 241 669 268 chrisma
679 241 821 275 conﬁcere,

33 283 76 309 sed
88 283 159 310 duos
175 288 226 310 aut
243 288 300 312 tres
317 292 408 313 annos
421 285 619 313 coniectionem
645 287 731 314 sancti
748 287 822 314 chri-

32 328 122 356 smatis
133 330 225 357 semel
240 336 330 358 actam
348 339 521 359 conservare.
536 331 632 360 Dicunt
655 333 739 366 enim,
753 337 783 360 ut
797 333 823 360 in

33 377 196 404 memoratis
216 378 346 412 apicibus
361 379 513 413 reperimus
523 399 530 411 ,
548 387 597 406 nec
610 379 762 406 balsamum
777 387 825 414 per

32 422 154 457 singulos
179 430 273 451 annos
287 431 365 458 posse
383 424 508 459 reperiri,
523 432 573 452 nec
583 432 694 452 necesse
708 425 766 452 fore
777 433 826 460 per

31 468 153 502 singulos
188 476 278 497 annos
303 470 422 497 chrisma
442 471 595 501 conﬁcere,
615 471 662 498 sed
691 471 755 498 dum
771 478 823 498 una

31 512 170 541 confectio
198 514 358 542 chrismatis
373 515 510 548 abundat,
533 516 614 543 aliam
633 516 691 543 ﬁeri
714 524 825 544 necesse

31 569 82 588 non
95 561 218 589 habere.
237 562 337 589 Errant
353 563 425 590 enim
441 563 488 598 qui
510 563 574 590 talia
594 564 824 599 excogitant“-“,

29 611 54 634 et
68 612 166 635 mente
182 616 288 636 vesana
300 609 392 644 potius
409 617 489 644 quam
514 615 585 637 recta
597 610 756 642 sentientes,
768 611 825 638 hac

30 652 136 679 dicunt.
154 653 188 680 ln
207 653 254 680 illa
270 655 343 681 enim
362 654 407 682 die
432 654 563 682 Dominus
577 655 632 690 (‘20)
647 655 736 687 Jesus,
752 660 826 690 post-

30 706 111 732 quam
129 700 262 726 coenavit
285 707 348 727 cum
372 700 513 735 discipulis
527 700 596 734 suis,
608 705 635 728 et
651 701 717 728 lavit
729 709 824 729 eorum

30 744 123 779 pedes,
137 745 217 772 sicut
231 753 246 773 a
260 747 362 774 sanctis
374 747 504 781 apostolis
513 747 728 782 pmdecessores
737 749 824 776 nostri

30 794 212 823 acceperunt,
225 790 360 825 nobisque
373 791 550 826 reliquerunt,
563 791 681 819 chrisma
693 793 826 820 conliCcre

29 835 131 862 docuit.
146 835 212 870 Ipsa
232 836 306 863 enim
332 837 430 864 lavatio
449 837 558 872 pedum,
589 843 713 866 nostrum
739 839 824 873 signi-

33 879 94 906 ticat
109 880 297 914 baptismum,
313 882 422 916 quando
433 883 517 910 sancti
531 883 685 911 chrismatis
698 884 825 911 unctione

31 925 174 958 perﬁcitur
211 931 295 960 atque
326 927 511 956 conﬁrmatur.
540 927 607 955 Nam
649 929 720 956 sicut
739 929 824 964 ipsius

30 971 80 996 dici
96 971 269 999 solemnitas
288 980 336 1006 per
357 973 477 1007 singulos
493 981 580 1001 annos
596 978 638 1002 est
651 974 823 1007 celebranda,

31 1017 64 1042 ita
77 1016 169 1051 ipsius
195 1019 285 1044 sancti
301 1018 458 1047 chrismatis
482 1020 616 1048 confectio
634 1029 682 1056 per
702 1022 824 1057 singulos

31 1071 116 1090 annos
131 1068 179 1090 est
197 1064 305 1098 agenda
317 1085 324 1097 ,
341 1069 367 1092 et
383 1065 416 1092 de
431 1073 501 1092 anno
524 1066 551 1093 in
566 1074 666 1094 annum
687 1075 823 1094 renovan-

30 1110 73 1139 da,
85 1113 115 1136 et
125 1109 260 1136 ﬁdelibus
271 1108 405 1136 tradenda
418 1119 425 1143 ;
436 1110 498 1145 quia
510 1119 609 1139 novum
622 1117 822 1140 sacramentum

30 1159 69 1181 est
92 1162 142 1188 per
165 1155 294 1190 singulos
312 1162 400 1182 annos
412 1156 505 1190 etiam
531 1157 604 1184 dicto
627 1158 670 1185 die
691 1158 823 1185 innovan-

30 1199 103 1229 dum,
123 1203 152 1226 et
167 1204 251 1226 vetus
267 1199 295 1225 in
311 1199 413 1227 sanctis
428 1201 551 1230 ecclesiis
566 1203 751 1230 cremandum.
769 1203 821 1231 Ista

31 1253 43 1270 ι
62 1245 168 1272 sanctis
186 1245 322 1278 apostolis
334 1251 360 1272 et
381 1249 584 1275 successoribus
607 1257 702 1276 eorum
715 1251 821 1284 accepi-

30 1298 107 1322 mus,
127 1290 269 1325 vobisque
296 1292 412 1319 tenenda
438 1294 608 1321 mandamus.
639 1295 700 1322 litec
727 1300 819 1323 sancta

31 1335 152 1362 Romana
174 1336 312 1368 Ecclesia,
328 1342 355 1364 et
368 1338 536 1366 Antiochena
549 1348 564 1367 a
578 1345 698 1375 tempore
714 1346 821 1376 aposto-

31 1381 114 1407 lorum
130 1381 271 1414 custodit;
289 1382 346 1410 htec
360 1383 611 1420 Hierosolymorum
626 1390 652 1413 et
668 1386 819 1421 Ephcsino-

29 1433 89 1452 rum
116 1431 206 1453 tenet.
231 1427 261 1453 ln
287 1428 387 1461 quibus
409 1429 522 1464 apostoli
551 1431 742 1465 praesidentes,
763 1432 821 1460 btec

30 1471 198 1504 docuerunt,
228 1476 257 1500 et
279 1478 358 1500 vetus
383 1474 501 1501 chrisma
517 1475 634 1509 incendi,
650 1481 676 1503 et
692 1485 746 1504 non
760 1485 819 1504 am-

31 1518 99 1551 plius
126 1525 216 1552 quam
251 1526 306 1546 uno
336 1527 410 1546 anno
438 1521 494 1554 uti,
518 1523 713 1556 permiserunt,
740 1527 820 1558 atque

30 1564 159 1598 deinceps
177 1572 253 1591 novo
267 1563 333 1596 frui,
350 1570 376 1591 et
391 1573 444 1592 non
465 1567 548 1593 veteri
560 1587 567 1600 ,
582 1566 708 1602 jnbentes
720 1567 820 1596 docue-

32 1614 102 1636 runt.
120 1608 150 1636 Si
169 1610 236 1644 quis
258 1617 325 1644 ergo
350 1610 393 1637 bis
408 1610 521 1638 obviare
537 1612 696 1644 tentavcrit,
713 1620 820 1640 omnem

32 1655 83 1681 sibi
107 1663 157 1689 per
171 1663 224 1682 vos
237 1655 270 1687 "',
283 1659 311 1682 et
325 1663 371 1690 per
385 1663 480 1683 omnes
497 1661 570 1684 recte
589 1657 770 1693 intelligentes
787 1658 821 1691 “,

32 1701 207 1735 indulgentiae
223 1701 327 1728 aditum
346 1701 475 1736 intelligat
484 1703 656 1736 obseratum;
673 1705 736 1739 quia
760 1713 822 1739 pra-

35 1747 211 1774 \‘issimarum
224 1747 359 1774 mentium
371 1755 498 1782 perversa
512 1749 646 1782 doctrina,
655 1749 718 1777 dum
730 1750 820 1777 indul~

35 1794 138 1827 gentius
168 1793 258 1821 lrenis
279 1793 366 1820 utitur
379 1794 412 1824 ”.
430 1795 456 1821 in
486 1795 735 1829 praevaricationem
753 1804 820 1831 prat-

67 1872 126 1887 δδ-δδ
150 1872 191 1898 De
219 1880 356 1906 consecr.,
377 1873 440 1900 dist.
477 1874 492 1900 5
520 1883 534 1901 :-
553 1874 661 1902 Litteris
677 1875 785 1903 vestris.

35 1907 64 1932 atl
79 1906 168 1934 Mller.
184 1906 237 1943 PD.
283 1907 305 1923 ³⁸
320 1908 385 1935 thl.
402 1909 434 1935 ad
451 1909 540 1936 Gallos
560 1918 619 1943 cap.
641 1910 683 1936 12.

34 1943 116 1978 ribus,
136 1950 197 1976 cap.
215 1942 242 1968 7.
295 1944 318 1959 ⁸¹
334 1943 362 1969 S.
380 1943 450 1970 llit-r.
465 1952 505 1978 cp.
519 1944 562 1971 85.

33 1975 53 1992 ⁸⁷
73 1978 98 2004 Ι.
113 1985 140 2012 q.
163 1975 196 2003 l".
211 1978 393 2012 Signilicastis
406 1975 524 2013 insuper.

33 2057 72 2084 fex
88 2058 206 2090 epistola
226 2065 288 2089 sua,
308 2064 360 2086 etc.
376 2078 384 2089 ,
403 2059 453 2086 hoc
466 2060 528 2087 alibi
545 2065 669 2088 sanctum
682 2062 799 2089 chrisma
813 2083 820 2094 ,

32 2094 91 2129 alibi
111 2098 284 2129 unguentum
303 2095 500 2122 sanctiﬁcatum
521 2096 680 2129 nominent,
699 2095 822 2125 conciliis

32 2127 187 2155 Florentino
198 2133 225 2154 et
239 2128 399 2164 Tridentino
415 2138 485 2156 nunc
503 2135 595 2164 aperte
606 2127 744 2158 definitum
765 2137 815 2164 cst,

31 2164 99 2197 quod
117 2164 256 2189 univcrszc
270 2162 406 2195 Ecclesia,
421 2173 454 2191 cx
473 2162 641 2192 institutione
656 2166 768 2198 Christi,
783 2162 817 2194 ab

31 2199 164 2231 apostolis
184 2199 316 2225 traditum
330 2204 398 2225 erat.
416 2199 553 2230 Bcllarn1..
573 2201 673 2228 Suarcz
686 2221 693 2232 ,
712 2202 815 2230 Valent.

31 2233 60 2259 de
75 2241 195 2260 sacram.
220 2234 346 2260 conlirm.
365 2233 440 2269 lianc
455 2236 595 2269 epistolam
612 2235 776 2264 Posscvinus
789 2238 815 2264 in

32 2273 164 2301 .‘tpparutu
178 2276 267 2298 sacro.
282 2269 364 2295 verbo
378 2268 523 2301 Fabianus,
540 2278 555 2297 a
574 2271 736 2304 quibusdam
746 2292 752 2303 ,
770 2280 816 2298 ηε·

31 2304 91 2340 s-io_
107 2304 222 2340 quibus,
241 2303 518 2340 veluthapocrypham
544 2303 618 2339 rejici
641 2307 747 2333 asserit.
764 2308 816 2340 Qui

29 2338 263 2375 cnnﬁrmationcm
283 2338 463 2375 arblclcbia'de
481 2338 630 2367 institutam
653 2349 712 2368 esse
728 2338 813 2375 aiunt,

29 2380 56 2398 ei
79 2374 130 2400 hac
154 2378 185 2410 et
204 2374 382 2410 przgcedenlis
405 2373 508 2402 Urbani
524 2377 639 2410 epistola
661 2377 727 2404 satis
741 2373 815 2404 rcfu;

30 2413 127 2434 tamur.
151 2408 218 2435 δεῖν.
241 2407 300 2434 BLV.

63 2444 115 2477 (Ξο)
136 2443 171 2470 In
183 2443 239 2470 illa
254 2444 297 2469 die
313 2443 451 2471 Dominus.
470 2443 505 2472 Ut
519 2445 637 2472 chrisma
653 2446 814 2474 conﬁciatur

29 2482 51 2504 et
75 2484 254 2505 consecreIUr
274 2478 340 2506 feria
358 2480 452 2514 quinta
477 2481 503 2506 in
517 2480 601 2507 Coena
615 2480 765 2513 Dominica,
779 2483 813 2509 ab

29 2514 156 2550 apostolis
171 2514 327 2540 institutum
345 2523 406 2541 esse
419 2516 466 2547 ait,
480 2515 593 2550 ideoque
607 2515 641 2542 ab
652 2524 683 2542 ea
696 2524 812 2544 consue-

30 2549 116 2587 tudine
132 2556 309 2587 nequaquam
324 2550 502 2587 recedendum
518 2549 578 2577 esse
589 2551 719 2587 decernit.
735 2551 812 2579 llunc

29 2585 103 2622 ritum
127 2585 375 2622 codenr_tempor'c
399 2586 680 2622 obscrvatumrl'uisse
711 2587 812 2614 indicat

28 2618 188 2655 l‘errianus,
202 2619 244 2655 vel
259 2619 386 2653 quisquis
401 2624 495 2646 auctor
509 2624 550 2647 est
563 2621 623 2655 ejus
638 2621 709 2653 libri,
728 2630 809 2648 scrin.

29 2653 144 2691 deunct.
161 2654 291 2691 cbris_m.,
304 2655 350 2691 his
362 2655 452 2682 verbis
466 2664 472 2682 :
485 2655 570 2682 Hodie
578 2653 612 2682 Vin
628 2655 746 2682 Ecclesia
760 2657 812 2691 (Io-

29 2689 111 2726 qttitur
123 2690 157 2715 de
165 2689 214 2726 die
228 2689 319 2726 Cinna:
334 2689 454 2723 Domini)
471 2690 504 2716 ad
520 2691 645 2724 populum
662 2689 812 2725 ucquisitio—

30 2724 63 2748 nit
83 2724 317 2758 sancii/icandum,
345 2727 373 2751 in
400 2726 602 2759 participatione
627 2724 762 2759 dignitalis
785 2732 809 2753 ct

31 2759 130 2795 "culinis
151 2767 257 2786 sacrum
280 2760 396 2793 chrisma
412 2760 558 2794 conﬁcitur,
581 2761 608 2789 in
630 2769 680 2795 quo
702 2762 809 2788 mictum

31 2793 76 2818 oleo
93 2795 252 2826 balsamum,
279 2796 358 2830 regia:
379 2795 552 2821 sacerdotalis
575 2793 667 2830 gloria:
687 2797 809 2830 exprimit

31 2830 156 2860 nitatem,
167 2830 265 2864 quibus
276 2830 456 2865 dignitatibus
468 2830 616 2862 initiandis,
632 2831 758 2858 divinitus
770 2837 808 2858 est

32 2866 107 2891 Iuctia
119 2865 252 2892 instituta.
263 2865 364 2892 Eadem
383 2865 554 2893 consuetudo
571 2867 704 2900 colligitur
717 2875 748 2894 cx
761 2866 808 2894 lsi-

722 1910 744 1927 "
759 1911 827 1938 idem
842 1919 884 1946 cp.
902 1911 929 1941 2,
947 1919 1005 1944 cap.
1022 1911 1046 1937 l.

601 1945 623 1960 ⁸³
639 1945 718 1972 Siric.
733 1953 795 1972 mox
812 1947 858 1973 cit.

563 1979 585 1995 "
601 1979 629 2006 S.
640 1980 812 2015 AugustJib.
822 1989 837 2008 ι.
850 1981 935 2014 hom.,
955 1981 1029 2008 born.
1055 1981 1115 2014 ult.,
1127 1988 1187 2015 cap.
1206 1980 1249 2008 15.

873 241 1045 276 prudentium
1063 241 1259 268 sustentatione
1279 244 1306 268 et
1329 240 1496 268 correctione
1518 239 1655 266 liberetur.

874 287 921 314 Illa
937 291 1039 320 autem,
1062 294 1123 322 qua:
1152 286 1224 314 circa
1249 286 1341 313 divina
1365 285 1492 321 mysteria
1509 289 1536 312 et
1558 292 1621 319 erga
1635 284 1658 300 ⁵⁸

873 333 1058 367 baptizandos,
1089 332 1116 359 in
1139 332 1268 359 universo
1295 331 1398 358 mundo
1416 336 1509 358 sancta
1539 330 1657 358 Ecclesia

874 379 1048 407 uniformiter
1065 378 1130 413 agit,
1145 386 1199 405 non
1212 378 1301 405 otioso
1319 376 1526 411 contemplanda
1539 380 1602 404 sunt
1616 376 1658 403 in-

874 425 958 458 tuitu,
985 432 1019 451 ne
1043 424 1132 451 locum
1153 423 1328 458 supervacuis
1354 422 1550 450 intentionibus
1566 427 1592 449 et
1609 430 1657 449 su-

874 469 1082 506 perstitionibus
1102 469 1244 497 faciamus.
1263 469 1352 496 Rutlcs
1366 477 1430 504 ergo
1444 469 1560 496 ﬁdelium
1579 476 1658 495 men-

875 520 914 543 tes
929 516 962 542 ad
979 515 1042 542 talia
1070 522 1124 542 non
1149 514 1280 541 debemus
1301 514 1441 547 inducere,
1467 514 1531 548 quia
1543 513 1656 540 docendi

874 562 964 598 potius
990 565 1064 593 sunt,
1088 568 1168 596 quam
1191 559 1367 587 illudendi".
1388 559 1428 586 Ad
1446 564 1567 586 nostram
1584 559 1656 586 enim

876 609 995 636 Iretitiam
1010 606 1150 634 benefacta
1170 606 1344 641 perveniunt,
1359 610 1386 632 et
1402 605 1527 632 maeroris
1556 605 1658 632 aculeis

875 661 936 686 nos,
953 660 1014 687 qua:
1026 651 1126 678 fuerint
1135 651 1204 677 male
1215 649 1296 682 facta,
1309 653 1434 684 pungunt
1445 649 1479 674 ⁸³.
1497 647 1546 675 Hic
1559 648 1582 663 "
1593 655 1658 674 vero

875 699 946 725 inter
955 705 1052 725 manus
1064 697 1199 724 latronum
1212 699 1239 723 et
1250 695 1346 723 dentes
1357 695 1482 730 luporum
1498 693 1656 726 furentium,

882 749 1020 778 utcunque
1034 750 1204 774 .versantur,
1228 747 1255 769 et
1278 746 1454 769 contumaces
1474 744 1538 767 sunt
1559 739 1659 767 subditi

876 794 957 825 atque
973 796 1048 815 oves.
1066 787 1133 815 Nam
1159 787 1258 814 latratu
1282 794 1381 814 canum
1399 787 1432 818 ".
1444 786 1595 819 baculoque
1611 792 1660 819 pa-

877 834 977 866 storis,
997 834 1122 868 luporum
1141 833 1233 860 rabies
1250 832 1410 860 deterrenda
1421 836 1472 859 est.
1487 831 1509 848 "
1527 831 1572 858 llla
1594 837 1658 857 vero

842 869 861 897 Β
876 888 937 915 quae
954 879 1082 907 fomentis
1097 886 1149 906 non
1163 883 1295 906 sanantur
1308 878 1431 909 vulnera,
1448 877 1519 904 ferro
1534 875 1657 903 abscindi

875 932 985 952 necesse
1001 928 1052 951 est.
1065 923 1119 951 Nec
1132 923 1212 951 silere
1223 923 1246 938 ³⁸
1258 930 1414 958 possumus,
1431 926 1461 948 ut
1482 929 1544 949 cum
1563 921 1608 948 hic
1624 920 1659 947 ab

873 971 974 999 illicitis
986 977 1147 998 revocemus
1159 969 1276 1004 aliquos,
1288 968 1368 995 cilicii
1381 968 1465 995 nostri
1478 974 1658 1002 provocamur

875 1018 1015 1050 instinctu,
1038 1017 1065 1044 in
1082 1017 1200 1052 speculis
1218 1024 1233 1042 a
1254 1015 1369 1042 Domino
1381 1014 1531 1045 constituti,
1546 1018 1574 1041 ut
1590 1012 1658 1049 vigi-

873 1064 965 1090 lantia;
985 1067 1085 1090 nostrae
1108 1062 1273 1096 diligentiam
1303 1060 1527 1095 comprobantes,
1550 1064 1578 1087 et
1598 1067 1658 1094 quae

873 1109 1019 1137 coercenda
1030 1112 1093 1135 sunt
1101 1115 1254 1134 rcsecemus
1262 1106 1295 1139 ⁸⁵,
1305 1111 1397 1141 etquae
1410 1106 1578 1133 observanda
1590 1111 1655 1134 sunt

873 1162 1034 1183 censeamus
1049 1154 1082 1181 ⁵⁸.

1248 1197 1280 1225 ll.

907 1247 1056 1274 Consulerc
1083 1247 1164 1273 etiam
1191 1252 1251 1278 nos,
1279 1249 1308 1271 ut
1337 1245 1364 1270 in
1394 1243 1529 1278 praedictis
1559 1244 1657 1271 litteris

872 1292 969 1318 vestris
993 1291 1159 1320 invenimus.
1183 1297 1264 1324 super
1283 1289 1460 1316 accusatione
1484 1289 1655 1316 sacerdotum

870 1337 1012 1368 voluistis,
1042 1345 1102 1371 qua:
1131 1335 1229 1370 oppido
1253 1335 1324 1370 apud
1353 1342 1418 1367 vos,
1454 1339 1482 1360 ut
1505 1334 1531 1360 in
1555 1335 1656 1361 eisdem

871 1383 993 1418 apicibus
1015 1382 1178 1417 reperimus,
1204 1381 1360 1408 crebrescit.
1379 1380 1559 1415 Sigttilicastis
1581 1381 1656 1407 insu-

870 1437 918 1464 per
929 1429 963 1461 ⁵⁷,
989 1429 1133 1463 plerosque
1156 1427 1311 1459 attendere,
1328 1427 1427 1454 multos
1441 1427 1467 1453 in
1486 1426 1553 1461 ipsis
1569 1427 1656 1453 hono-

870 1475 945 1502 ribus
959 1475 1150 1502 ecclesiasticis
1163 1482 1217 1500 non
1233 1477 1413 1508 congruenter
1441 1473 1533 1500 vivere
1547 1480 1655 1500 sermo-

871 1521 953 1548 nibus
980 1525 1006 1547 et
1024 1519 1214 1548 tsacramentis
1229 1520 1252 1535 ⁸³
1276 1527 1336 1553 quze
1350 1527 1397 1553 per
1410 1526 1457 1546 eos
1481 1519 1589 1554 populis
1605 1519 1656 1545 mi-

871 1566 1032 1593 nistrantur.
1047 1565 1069 1592 0
1080 1565 1195 1592 miseros
1212 1564 1346 1596 homines,
1362 1564 1408 1598 qui
1431 1564 1480 1590 hos
1505 1564 1635 1591 intuendo
1646 1586 1653 1597 ,

870 1612 1008 1639 Christum
1034 1611 1252 1638 obliviscuntur:
1271 1610 1317 1645 qui
1346 1614 1372 1636 ct
1398 1610 1483 1636 multo
1501 1614 1563 1636 ante
1585 1618 1654 1644 pra?-

871 1658 949 1690 dixil,
969 1663 998 1684 ut
1015 1657 1066 1692 legi
1094 1656 1139 1683 Dei
1162 1657 1252 1692 potius
1270 1657 1482 1690 obtemperctur,
1497 1664 1578 1690 quam
1594 1656 1656 1682 imi-

871 1703 945 1730 tandi
961 1703 1103 1730 rideantur
1117 1702 1164 1734 illi,
1180 1703 1227 1737 qui
1241 1710 1271 1729 ca
1286 1710 1346 1737 quae
1357 1701 1460 1734 dicunt,
1471 1709 1523 1728 non
1535 1701 1653 1734 faciunt;

871 1755 895 1776 et
909 1749 1065 1776 traditorem
1086 1757 1165 1776 suum
1181 1748 1299 1775 tolerans
1311 1768 1318 1780 ,
1332 1755 1416 1783 usque
1433 1748 1460 1774 in
1475 1748 1554 1774 linem
1569 1748 1651 1774 etiam

872 1795 905 1822 ad
921 1795 1160 1830 evangelizandum
1176 1802 1238 1822 cum
1253 1795 1359 1822 cacteris
1371 1793 1530 1822 misit.Nam
1539 1794 1655 1828 apostoli

843 1876 864 1892 ιδ
881 1883 940 1903 nos.
1009 1876 1031 1891 ⁸⁸
1050 1875 1164 1902 Siricius
1177 1883 1219 1910 ep.
1251 1883 1270 1907 ι,
1288 1883 1313 1902 c.
1334 1876 1358 1902 7.

1084 1911 1106 1926 ⁵ο
1122 1916 1315 1944 compungunt.
1354 1911 1374 1926 '“
1391 1911 1419 1937 ὃ.
1435 1912 1502 1945 Aug.
1515 1912 1547 1936 dc
1564 1915 1653 1944 pasto—

895 1947 918 1961 “
937 1946 1003 1973 Cael.
1028 1954 1070 1979 cp.
1086 1946 1113 1977 2,
1125 1954 1149 1972 c.
1165 1946 1190 1972 l.
1228 1946 1250 1961 "
1268 1953 1416 1973 servemus.
1454 1945 1477 1960 ⁸⁶
1493 1946 1653 1972 sentiamus.

1409 1875 1430 1890 ’⁵⁷
1451 1874 1542 1902 [nnnc.
1563 1882 1604 1909 ep.
1619 1875 1654 1902 25

875 2063 953 2096 doro,
969 2062 1084 2090 Alcuino
1095 2083 1103 2094 ,
1119 2063 1238 2096 Ruperto
1248 2066 1275 2089 et
1285 2062 1346 2089 aliis
1364 2062 1483 2096 antiquis
1499 2062 1652 2089 divinorum

839 2103 861 2132 ο
875 2099 1024 2125 officiorum
1043 2098 1230 2132 scriptoribus.
1251 2096 1325 2124 Unde
1343 2098 1369 2124 in
1382 2097 1496 2124 concilio
1512 2097 1652 2130 Meldensi,

874 2142 898 2160 c.
913 2134 957 2164 46,
972 2141 1097 2167 expresse
1112 2133 1276 2167 praicipitur,
1291 2137 1401 2158 utriculo
1412 2141 1516 2158 sacrum
1527 2132 1650 2163 chrisma,

868 2169 919 2195 nisi
944 2169 971 2194 in
995 2169 1087 2203 quinta
1109 2168 1174 2201 feria
1195 2167 1303 2202 majoris
1325 2167 1503 2196 hebdomudm,
1527 2167 1652 2203 conﬁcere

867 2208 1020 2237 praesumat.
1042 2202 1074 2229 Et
1090 2203 1159 2229 hanc
1173 2203 1207 2229 ob
1218 2210 1327 2229 causam
1343 2203 1368 2228 in
1386 2210 1444 2236 cap.
1462 2202 1603 2233 Quoniam,
1619 2202 1652 2228 de

867 2243 1090 2269 settt.excomm.,
1102 2237 1130 2264 in
1139 2237 1167 2269 6,
1179 2237 1289 2270 dicitur,
1299 2239 1417 2264 chrisma
1433 2244 1492 2263 esse
1507 2236 1653 2263 conﬁcien-

867 2274 931 2300 dum
953 2273 979 2299 in
993 2273 1036 2299 die
1052 2273 1141 2300 (Stena:
1159 2272 1276 2304 Domini,
1298 2273 1401 2298 etiamsi
1421 2276 1490 2297 terra
1510 2271 1651 2298 interdicta

866 2308 989 2335 exsistat.
1013 2308 1111 2334 Errant
1127 2307 1208 2342 igitur
1227 2309 1273 2342 qni
1291 2312 1387 2340 putant
1405 2305 1488 2333 fuisse
1505 2306 1652 2342 aliquando

867 2344 995 2370 usitatum
1008 2343 1034 2369 in
1045 2342 1176 2373 Ecclesia,
1192 2347 1222 2369 ut
1237 2341 1356 2375 quolibet
1371 2342 1435 2368 anni
1448 2346 1567 2375 tctnporc
1579 2341 1651 2368 chri-

866 2386 924 2406 sma
946 2379 1134 2405 conﬁceretur.
1153 2377 1229 2410 Quod
1250 2377 1348 2403 dicitur
1363 2385 1421 2410 cap.
1443 2376 1519 2403 Omni
1537 2381 1651 2410 tempore

865 2413 899 2440 de
920 2421 1056 2446 consecr.,
1074 2413 1137 2439 dist.
1153 2412 1179 2443 4,
1200 2412 1261 2438 item
1283 2420 1360 2437 conc.
1379 2411 1464 2438 Tnlct.
1488 2419 1506 2442 ι,
1521 2419 1580 2445 cap.
1601 2411 1648 2443 20,

864 2448 946 2475 licere
969 2449 1095 2482 episcopo
1118 2447 1192 2473 omni
1217 2451 1336 2480 tempore
1359 2446 1490 2482 chrisma
1506 2446 1650 2478 coniicere,

864 2481 1066 2518 intelligendum
1085 2486 1126 2509 est
1139 2490 1191 2508 non
1205 2482 1363 2518 simpliciter
1371 2481 1404 2506 dc
1419 2481 1493 2507 otnni
1509 2485 1647 2518 tempore;

864 2520 910 2545 sed
927 2515 1140 2548 accommodate,
1163 2517 1196 2543 de
1220 2517 1294 2543 omni
1309 2521 1427 2549 tempore
1443 2516 1562 2547 annuali,
1576 2515 1648 2549 quod

863 2556 895 2580 ad
912 2553 1107 2580 COllllle‘lltllllll
1124 2552 1242 2578 chrisma
1260 2552 1446 2586 praescriptum
1462 2556 1514 2577 est.
1527 2549 1649 2586 Accedit

863 2589 934 2622 quod
954 2588 1068 2615 concilia
1095 2595 1148 2614 non
1177 2585 1295 2621 aliquam
1321 2586 1459 2620 temporis,
1485 2585 1532 2622 sed
1557 2585 1647 2619 potius

863 2621 928 2650 certi
944 2623 1061 2650 ministri
1074 2622 1324 2649 determinationcm
1341 2622 1472 2656 przclinire
1484 2621 1623 2656 intendant
1638 2639 1646 2651 ,

862 2659 1067 2690 quasidiccrent
1079 2667 1084 2684 :
1097 2656 1153 2684 Soli
1165 2658 1302 2691 episcopo,
1317 2655 1370 2683 non
1386 2656 1551 2691 presbytero,
1562 2655 1648 2691 liceat

862 2694 936 2720 omni
954 2698 1074 2727 tempore
1085 2697 1216 2719 consueto
1232 2690 1338 2720 sacrum
1357 2691 1475 2718 chrisma
1501 2690 1645 2727 coniicere.

861 2728 927 2755 Nam
951 2725 1095 2755 concilium
1119 2728 1201 2754 tolel.
1223 2736 1352 2762 expresso
1370 2726 1486 2752 intendit
1502 2725 1647 2762 prohibere

864 2764 979 2790 abusum
995 2763 1174 2797 quorutndatn
1187 2760 1417 2798 presbyterorum.
1431 2762 1476 2798 qui
1495 2760 1644 2787 confectio-

864 2807 924 2825 nem
941 2795 1097 2826 chriSmatis
1117 2798 1167 2825 sibi
1185 2795 1361 2832 usurpabant.
1384 2797 1447 2824 Vtile
1461 2795 1563 2823 Suarez
1577 2800 1632 2822 toni

863 2833 908 2867 lli,
923 2834 993 2868 disp.
1008 2834 1051 2866 58,
1067 2837 1133 2860 sect.
1153 2833 1164 2858 l
