1861 3052
208 123 258 151 191
866 118 895 146 S.
916 118 1038 146 FABIAN

210 182 290 209 talem
300 181 523 210 consuetudinem
536 188 590 208 non
603 179 767 212 habuerunt,
779 186 829 207 nec
841 179 994 207 habendam
1011 183 1030 210 Α

209 227 378 260 docuerunt;
402 226 528 254 similiter
553 230 579 253 et
602 232 776 253 successores
790 232 896 256 eorum,
908 233 995 260 quan-

211 281 293 307 quam
318 273 403 300 multa
421 272 454 299 de
479 271 594 304 talibus,
622 271 801 306 praevidentes
819 270 921 305 Spiritu
947 270 995 297 Dei

212 318 314 350 futura,
338 323 500 345 statuerunt.
521 317 618 350 Porro,
649 321 678 344 ut
705 317 794 352 legitis
822 317 850 344 in
881 317 995 344 Actibus

211 364 409 400 apostolorum,
424 369 480 391 erat
495 369 646 398 cotempore
661 363 730 390 inter
747 363 838 398 fideles
857 371 902 390 cor
914 371 994 390 unum

208 416 234 438 et
258 410 347 437 anima
371 419 443 443 una,
465 418 545 445 neque
558 410 655 444 aliquis
681 417 770 436 eorum
793 409 894 444 aliquid
917 417 995 436 suum

210 457 345 492 proprium
356 457 470 490 dicebat,
481 456 526 483 sed
539 460 613 483 erant
627 456 682 482 illis
701 456 790 482 omnia
801 455 951 482 communia
960 455 992 481 ".

209 501 288 528 Nulla
305 501 378 529 enim
396 502 466 528 inter
476 508 523 528 eos
535 501 684 534 accusatio,
699 500 752 528 nisi
765 500 908 528 familiaris
920 505 993 531 erat.

211 555 262 574 nec
275 555 394 582 unquam
413 548 483 575 inter
498 547 649 574 imitatores
660 554 754 574 eorum
770 551 817 574 aut
831 546 923 574 fideles
937 546 994 573 fieri

209 592 300 626 debet,
317 593 423 620 dicente
446 592 563 620 Domino
578 602 584 620 :
600 592 676 625 Quod
695 592 742 619 tibi
755 600 806 619 non
818 593 855 619 vis
867 592 941 627 ﬁeri,
953 591 996 618 al-

211 639 261 665 teri
276 647 327 665 non
338 639 424 674 facias
437 638 470 665 °°.
484 638 513 666 Et
530 639 600 666 idem
618 648 625 666 :
646 638 746 674 Diliges
758 639 908 674 proximum
921 644 995 666 tuum

210 686 279 713 sicut
301 686 412 720 teipsum
425 685 445 702 "
461 693 469 718 ;
492 689 520 712 et
542 693 550 712 :
569 684 680 712 Dilectio
692 685 809 720 proximi
829 686 929 712 malum
944 694 995 712 non

211 739 335 767 operatur
348 734 380 760 ".
399 732 453 768 ipsi
474 740 540 769 ergo
556 733 672 769 apostoli
701 738 728 760 et
756 741 930 762 successores
949 741 995 760 eo-

210 787 272 807 rum
296 780 362 807 olim
390 784 562 813 statuerunt,
589 787 636 807 eos
659 778 694 806 ad
712 780 914 807 accusationem
941 787 995 807 non

211 824 370 859 rccipi,qui
391 829 455 852 sunt
476 824 594 860 suspecti
605 824 640 856 “,
660 824 701 852 vel
725 824 771 859 qui
793 824 862 857 heri,
879 830 927 852 aut
946 833 996 851 nu-

210 869 391 903 diustertius,
423 870 465 897 vel
496 870 597 898 dudum
637 869 748 897 fuerunt
778 870 898 903 inimici,
927 868 1032 905 quo-B

213 915 286 942 niam
317 916 434 950 suspecti
461 915 525 943 facti
552 920 626 948 sunt,
655 919 682 943 et
710 916 756 950 qui
781 923 836 943 non
863 922 927 944 sunt
948 917 997 944 bo-

213 969 255 989 me
280 962 539 995 conversationis“,
555 963 596 990 vel
610 970 727 997 quorum
741 962 797 991 vita
807 967 848 990 est
860 964 999 991 accusabi-

211 1007 257 1041 lis,
272 1012 319 1034 aut
334 1007 409 1035 dubii
426 1008 453 1035 in
464 1012 536 1036 recta
545 1008 606 1036 ﬁde.
617 1007 747 1037 Similiter
757 1017 874 1044 quorum
887 1010 953 1038 fides
962 1010 996 1043 ",

211 1054 266 1081 vita
285 1057 312 1081 et
331 1053 443 1081 libertas
463 1054 599 1087 nescitur,
627 1054 669 1081 vel
686 1054 732 1089 qui
749 1053 868 1082 infamiae
883 1055 998 1082 maculis

211 1104 276 1127 sunt
299 1099 414 1133 aspersi,
436 1103 484 1126 aut
511 1099 659 1128 sceleribus
672 1099 768 1127 irretiti
781 1101 813 1128 “.
829 1099 922 1135 Neque
937 1108 998 1132 eos,

211 1146 367 1173 sacerdotes
384 1145 483 1172 debere
504 1145 546 1172 vel
568 1152 649 1180 posse
666 1151 713 1173 aut
727 1146 842 1174 clericos
856 1154 997 1179 accusare,

211 1192 257 1227 qui
276 1191 328 1219 rite
348 1191 503 1219 sacerdotes
518 1190 576 1218 fieri
593 1199 648 1219 non
666 1197 792 1226 possunt,
812 1200 863 1220 nec
878 1191 921 1220 sui
934 1197 999 1220 sunt

211 1238 332 1270 ordinis;
352 1237 482 1273 quoniam
501 1238 572 1265 sicut
590 1239 747 1267 sacerdotes
769 1239 812 1267 vel
829 1239 926 1275 reliqui
944 1240 999 1267 cle-

210 1285 260 1312 rici
281 1292 297 1312 a
321 1285 494 1312 saecularium
516 1284 648 1312 laicorum
674 1284 858 1312 excluduntur
883 1293 999 1313 accusa-

211 1331 286 1358 tione
298 1351 305 1363 ,
325 1330 362 1358 ita
382 1331 421 1358 illi
442 1331 476 1358 ab
492 1330 605 1358 istorqu
627 1335 692 1358 sunt
708 1331 869 1358 excludendi
887 1336 914 1358 et
926 1332 994 1359 alie-

211 1377 293 1404 nandi
316 1377 518 1405 criminatione.
536 1377 569 1404 Et
596 1377 668 1404 sicut
692 1377 737 1404 isti
759 1377 794 1405 ab
818 1377 873 1405 illis
893 1378 915 1393 "
930 1397 938 1410 ,
962 1378 999 1404 ita

209 1430 237 1450 ct
254 1423 291 1450 illi
307 1423 342 1450 ab
359 1422 419 1451 istis
436 1431 490 1450 non
507 1423 691 1458 recipiantur;
717 1423 846 1458 quoniam
863 1423 935 1450 sicut
946 1422 1000 1450 Do-

211 1469 278 1496 mini
295 1469 467 1496 sacerdotum
487 1473 628 1503 segregata
653 1468 732 1495 debet
751 1475 811 1495 esse
830 1468 1001 1495 conversatio

210 1515 246 1542 ab
257 1523 352 1543 eorum
373 1515 593 1546 conversatione,
616 1514 653 1541 ita
674 1518 699 1541 et
713 1514 844 1548 litigatio;
862 1515 926 1549 quia
942 1522 999 1541 ser-

209 1570 270 1588 ram
294 1561 342 1588 Dei
366 1569 417 1587 non
439 1564 538 1594 oportet
555 1560 662 1595 litigare
674 1559 706 1586 ⁸⁸.
726 1559 818 1592 Tales,
844 1560 999 1588 cllarissimi
1016 1559 1036 1588 C

211 1608 318 1639 fratres,
335 1606 536 1638 accusationes,
560 1611 588 1633 et
603 1606 718 1639 injustas
732 1610 780 1633 aut
792 1607 903 1634 nocivas
916 1614 1001 1634 temu-

211 1654 338 1684 lationes.
364 1661 414 1687 pro
439 1653 543 1680 viribus
559 1652 719 1686 prohibete,
745 1652 809 1687 quia
827 1655 965 1680 contentio
977 1654 999 1670 ⁸³

211 1707 385 1734 summopere
400 1704 442 1727 est
465 1698 587 1726 vitanda.
611 1697 713 1733 Septies
729 1699 798 1725 enim
821 1700 896 1726 cadet
908 1699 999 1734 justus

210 1746 238 1771 in
252 1746 312 1779 die,
326 1751 350 1772 et
368 1750 494 1780 resurget,
510 1745 590 1780 :impii
605 1749 694 1771 autem
710 1750 831 1771 corruent
846 1745 872 1772 in
888 1745 998 1772 malum.

210 1790 276 1817 Cum
290 1790 412 1818 ceciderit
429 1790 552 1818 inimicus
565 1795 638 1822 tuus,
657 1790 696 1817 ait
719 1789 862 1822 Salomon,
885 1799 917 1818 ne
934 1799 1000 1826 gau-

210 1840 285 1871 deas,
307 1841 332 1864 et
357 1838 384 1864 in
409 1838 488 1864 ruina
510 1838 566 1873 ejus
587 1846 639 1864 non
661 1837 774 1864 exsultet
793 1845 839 1864 cor
855 1842 930 1864 tuum
943 1846 953 1870 ;
968 1846 999 1865 ne

211 1884 280 1919 forte
293 1885 378 1912 uideat
392 1883 531 1916 Dominus,
552 1888 577 1911 et
596 1883 736 1919 displiceat
753 1883 787 1917 ei,
807 1889 832 1911 et
847 1884 952 1918 auferat
966 1884 998 1911 ab

210 1939 240 1957 eo
257 1931 326 1957 iram
349 1939 434 1958 suum.
465 1929 526 1957 Non
554 1930 695 1957 contendas
720 1938 778 1957 cum
800 1931 932 1964 pessimis,
953 1939 999 1957 nec

210 1976 341 2003 a'mulcris
363 1977 468 2010 impios,
493 1977 619 2011 quoniam
648 1985 699 2003 non
722 1976 817 2002 [tabent
846 1976 998 2011 futurorum

211 2029 281 2056 rpem
302 2021 377 2054 ntali,
397 2027 421 2048 et
446 2021 554 2048 lucerna
577 2022 719 2056 impiorum
735 2023 925 2057 exstinguetur.
942 2021 998 2048 Nec

209 2067 342 2095 circulari;
363 2068 432 2095 uiros
456 2069 550 2101 malos,
571 2077 617 2095 nec
639 2069 771 2096 desideres
796 2077 852 2096 esse
867 2077 927 2096 cum
947 2069 996 2101 eis,

209 2114 271 2149 quia
291 2115 412 2148 rapinam
430 2114 573 2141 meditatur
592 2123 663 2141 utens
675 2123 776 2148 eorum,
793 2120 818 2142 et
834 2115 942 2150 fraudes
957 2115 999 2142 la-

209 2160 255 2187 bia
283 2168 375 2187 eorum
402 2161 545 2196 loquuntur
561 2161 594 2187 ⁷⁸.
618 2161 680 2188 Hice
698 2166 803 2195 cavete,
829 2161 997 2189 cliarissimi.

210 2205 274 2234 Haec
294 2206 474 2240 meditamini,
490 2212 517 2234 et
531 2207 662 2234 fratribus
679 2206 706 2234 iu
725 2207 854 2234 omnibus
869 2207 998 2234 solatium

209 2256 335 2287 praestate
353 2261 360 2279 :
380 2252 445 2287 quia
468 2253 495 2278 in
517 2252 563 2279 hoc
580 2257 734 2288 cognoscent
751 2261 839 2279 omnes
853 2273 861 2285 ,
889 2256 918 2279 ut
940 2252 998 2287 ipsa
1014 2241 1036 2268 Ῑ)

209 2306 257 2332 per
276 2306 306 2326 se
325 2297 430 2326 Veritas
446 2299 499 2331 ait,
517 2299 643 2334 quoniam
663 2299 713 2326 mei
734 2299 798 2326 estis
813 2299 950 2334 discipuli,
974 2299 998 2326 si

209 2344 374 2372 dilectionem
395 2344 540 2372 habueritis
559 2345 594 2372 ad
609 2345 765 2372 invitent".
780 2344 808 2371 Si
824 2345 895 2372 e:.im
914 2345 940 2372 in
953 2353 992 2371 re-

209 2390 262 2417 bus
276 2390 299 2406 "
321 2391 499 2418 swcularibus
514 2399 594 2418 sutnn
612 2391 744 2425 cujusque
760 2390 806 2425 jus
831 2396 858 2418 ct
872 2391 998 2426 proprius

208 2436 276 2464 ordo
289 2437 441 2464 servandus
457 2441 513 2469 est,
534 2442 638 2472 quanto
655 2437 743 2473 magis
759 2437 785 2464 iu
802 2437 998 2464 ecclesiasticis

207 2483 432 2518 dispositionibus
450 2483 523 2510 nulla
548 2483 627 2510 debet
643 2483 734 2512 induci
757 2483 903 2510 confusio?
919 2482 996 2515 Quod

208 2530 259 2556 ἰδίει
274 2529 466 2556 observatione
487 2529 687 2563 observabitur,
714 2531 737 2558 si
763 2531 830 2558 nihil
857 2530 995 2564 potestati,

207 2577 255 2604 sed
273 2579 359 2604 totum
377 2575 499 2611 mquitati
524 2575 662 2603 tribuitur.
685 2575 762 2603 Unde
773 2580 881 2604 constat
891 2577 996 2611 episco-

245 2645 266 2661 ⁹⁹
286 2645 347 2673 Act.
362 2653 399 2678 tv,
415 2645 459 2673 '52.
497 2645 519 2661 "
541 2644 636 2672 Matth.
659 2653 706 2677 vu,
724 2645 775 2678 12;
799 2645 856 2672 Luc
869 2654 906 2673 vt.

207 2680 230 2696 "
249 2680 329 2708 Rom.
349 2681 464 2711 meO.
503 2680 525 2696 "
535 2680 630 2707 Ambr.
644 2688 687 2715 ep.
700 2680 744 2707 6L

207 2716 270 2752 coll.
292 2717 336 2743 l9.
392 2716 457 2752 "2.
476 2715 658 2752 (ιηῚΞδὶῳι
683 2716 848 2744 sacerdotes.

207 2748 228 2786 ’ξ’
241 2749 321 2786 toan.
338 2759 397 2783 xm,
418 2751 463 2778 55.
484 2748 493 2752 ’
512 2751 534 2767 ⁷¹
560 2749 589 2777 S.
617 2749 696 2786 Greg.
709 2758 752 2786 cp.
779 2752 824 2778 l‘ll
841 2752 887 2779 lib.
903 2759 951 2779 vu.

211 2759 321 2778 "Joan.
338 2759 397 2783 χιιι,
419 2759 463 2778 ου.
514 2759 534 2767 ·-
560 2759 589 2777 δ.
617 2759 723 2786 ureg.c
747 2771 752 2777 .

208 2783 343 2822 '°5_.q.i
361 2787 455 2822 :_Deus
468 2793 534 2822 ergo
545 2786 652 2822 fratres.
690 2759 763 2813 "Ii’r

1007 2751 1031 2767 1|

209 2862 234 2883 ε.
251 2854 295 2882 5t.

765 2787 841 2814 ocius
857 2795 900 2822 ep.
916 2787 950 2813 ad
962 2786 1125 2815 Domninum
1136 2787 1199 2813 Ant.

209 2825 218 2845 ι
246 2820 280 2857 Lit
296 2819 303 2820 ί
323 2820 346 2837 ⁸⁸
372 2820 402 2848 S.
429 2819 546 2857 August.
562 2829 588 2848 Iv
604 2821 710 2850 advers.
722 2822 827 2855 Cresc.,
838 2819 885 2854 26',
897 2826 924 2850 et
934 2823 967 2851 de
981 2823 1095 2850 utilitate
1109 2821 1284 2857 poenitentia»,
1300 2828 1359 2855 cap.
1387 2819 1429 2846 12.

1044 118 1051 145 ι
1071 117 1171 145 eam
1805 105 1818 132 ¹
1828 103 1861 132 9³

1048 187 1096 214 pos
1122 178 1244 206 locorum
1264 176 1445 211 singulorum,
1461 173 1582 202 omnium
1596 171 1644 207 qui
1664 169 1721 198 sub
1740 174 1861 196 eorum

1045 225 1146 260 degunt
1161 224 1184 240 "
1200 222 1397 255 moderamine,
1411 228 1506 249 curam
1522 219 1623 248 habere
1635 216 1818 246 sollicitam,
1838 219 1861 239 et

1045 278 1143 299 causas
1165 269 1348 303 utilitatesque
1368 275 1464 296 eorum
1484 273 1546 294 cum
1565 264 1612 293 Dei
1627 265 1731 292 timore
1747 261 1861 295 dispar

1045 327 1119 347 nere.
1134 318 1216 346 Valde
1231 325 1296 353 ergo
1309 317 1432 352 iniquum
1444 319 1496 347 est,
1509 319 1539 342 ut
1550 313 1596 342 alii
1608 312 1741 348 quilibet,
1763 308 1861 337 omis

1044 366 1083 393 sis
1097 365 1165 398 suis,
1182 372 1212 392 se
1229 364 1338 391 illorum
1353 363 1445 391 causis
1460 360 1638 389 admisceant.
1657 357 1714 386 Sed
1735 356 1789 383 illi
1815 361 1861 382 eo

1045 419 1105 438 rum
1121 411 1204 439 vitam
1219 415 1247 438 et
1258 409 1392 445 judicium
1410 406 1574 443 competenti
1590 403 1784 440 regularique
1808 401 1861 428 de-

1044 457 1126 486 beant
1142 457 1328 485 moderamine
1349 456 1505 490 disponere,
1526 452 1574 488 qui
1594 459 1641 480 eos
1657 451 1683 478 in
1703 448 1861 478 sacerdo-

1045 504 1113 530 tium
1124 503 1263 535 ordinant,
1280 507 1308 530 et
1320 509 1336 529 a
1347 501 1446 536 quibus
1459 499 1517 535 jam
1534 497 1649 525 ordinati
1661 499 1752 527 sunt;
1780 500 1861 529 quo-

1046 550 1130 582 niam,
1158 554 1187 576 ut
1212 549 1254 576 lex
1279 548 1411 583 laquitur,
1436 545 1591 572 maledictus
1613 543 1700 569 omnis
1731 544 1782 568 est
1817 547 1861 574 qu.

1046 596 1171 630 transfert
1190 595 1313 622 terminos
1331 593 1445 629 proximi
1468 592 1521 618 sui.
1540 590 1574 617 Et
1593 588 1660 616 dixit
1681 587 1791 614 omnis
1816 594 1861 620 po-

1045 642 1121 676 pulus
1139 649 1148 668 :
1168 640 1294 667 Amen“.
1315 639 1386 666 Deus
1397 646 1471 673 ergo,
1488 636 1586 663 fratres
1600 636 1634 668 ",
1648 634 1682 661 ad
1701 633 1768 660 hoc
1788 640 1860 666 pne

1045 686 1183 714 ordinavit
1197 693 1256 718 vos,
1273 690 1298 712 et
1310 692 1405 712 omnes
1421 683 1466 718 qui
1479 689 1587 710 summo
1601 678 1773 708 sacerdotio
1796 677 1861 704 Ιίιιι⁴

1046 737 1157 768 guntur,
1174 737 1204 759 ut
1218 731 1366 767 injustitias
1380 729 1552 761 removeatis,
1566 733 1593 756 et
1605 724 1861 763 praesumptiones

1046 778 1230 811 abscindatis,
1252 783 1280 805 et
1299 777 1325 804 in
1343 775 1498 804 sacerdotio
1519 772 1708 802 laborantibus
1728 777 1861 799 succur-

1048 827 1124 858 ratis,
1148 831 1175 853 et
1190 825 1213 841 ⁷⁸
1229 824 1384 860 opprobriis
1408 827 1436 850 et
1460 821 1662 850 calamitatibus
1681 825 1804 846 eorum
1825 817 1861 844 lo

1047 878 1108 898 cum
1119 878 1174 897 nou
1189 869 1349 905 praebeatis;
1363 867 1410 896 sed
1423 867 1460 900 ei,
1471 867 1519 902 qui
1529 865 1694 894 calumniam
1707 868 1739 891 et
1751 869 1861 897 oppro

1047 917 1136 944 brium
1150 916 1268 951 patitur,
1284 914 1448 950 adjutorium
1465 912 1576 945 feratis,
1600 911 1677 938 illum
1696 917 1796 941 vero,
1815 916 1856 943 qu

1047 963 1211 991 calumniam
1236 961 1279 988 vel
1302 960 1479 996 opprobrium
1497 959 1578 990 facit,
1602 956 1809 988 abscindatis,
1842 964 1857 980 ιι

1048 1009 1165 1037 Domino
1190 1009 1216 1035 in
1237 1007 1295 1036 suis
1309 1006 1498 1034 sacerdotibus
1516 1012 1595 1040 opem
1610 1003 1723 1030 feratis.
1751 1002 1861 1029 Sacer-

1048 1056 1126 1082 dotes
1143 1061 1251 1089 quoque
1266 1052 1399 1080 Dominus
1410 1051 1461 1079 sibi
1475 1051 1565 1086 elegit,
1589 1053 1618 1077 ut
1631 1048 1814 1076 sacriﬁcent
1828 1047 1856 1074 ei

1048 1106 1074 1129 et
1089 1101 1204 1128 offerant
1217 1099 1368 1128 oblationes
1387 1097 1513 1126 Domino.
1533 1096 1640 1124 Levitas
1660 1101 1794 1130 quoque
1812 1094 1861 1120 sul

1048 1148 1089 1176 eis
1104 1155 1164 1175 esse
1175 1146 1258 1181 jussit
1273 1146 1299 1172 in
1315 1144 1476 1172 ministeriis
1490 1151 1596 1171 eorum.
1614 1141 1692 1169 Unde
1716 1140 1759 1168 ad
1779 1140 1853 1175 Moy

1049 1202 1097 1221 sun
1127 1193 1260 1228 loquitur,
1285 1192 1400 1219 dicens:
1421 1191 1545 1224 Princeps
1574 1193 1661 1216 autent
1686 1187 1861 1222 principum

1050 1240 1201 1267 Leritarum
1217 1238 1340 1270 Eleazar,
1363 1237 1433 1272 ﬁlius
1447 1237 1537 1264 Aaron
1551 1235 1697 1262 sacerdotis
1714 1254 1724 1266 ,
1738 1234 1804 1261 erit
1820 1242 1861 1260 sui

1049 1295 1094 1321 per
1109 1285 1273 1312 excubitores
1292 1283 1409 1311 ecclesia:
1428 1281 1575 1309 sanctuarii
1595 1281 1628 1307 ".
1651 1280 1689 1307 De
1707 1280 1760 1307 his
1782 1280 1861 1307 enin

1051 1332 1157 1358 locutus
1174 1335 1219 1358 cst
1236 1329 1368 1356 Dominus
1379 1329 1413 1356 ad
1432 1327 1551 1364 Moysem
1568 1336 1576 1354 :
1590 1326 1662 1353 Tolle
1673 1325 1804 1353 Levita;
1817 1334 1861 1360 pr:

1050 1376 1231 1412 primogenitis
1254 1376 1371 1411 ﬁliorum
1393 1375 1489 1406 Israel,
1514 1379 1537 1401 et
1565 1380 1658 1408 pecora
1683 1371 1861 1400 Levitanm

1050 1432 1098 1460 pro
1115 1423 1250 1458 pecoribus
1267 1431 1357 1450 eorum
1367 1443 1374 1454 ,
1386 1427 1512 1457 eruntque
1525 1420 1621 1448 Levita:
1634 1420 1696 1446 mei.
1719 1419 1792 1455 Ego
1809 1420 1861 1446 Do

1052 1473 1138 1499 minus
1147 1471 1179 1497 ⁷⁸.
1191 1471 1219 1498 Si
1228 1470 1335 1498 Levitas
1343 1478 1409 1498 suos
1420 1477 1481 1497 esse
1491 1468 1622 1496 Dominus
1631 1467 1734 1500 voluit,
1743 1473 1861 1502 quanu

1053 1518 1141 1553 magis
1167 1518 1323 1546 sacerdotes
1344 1516 1395 1544 sibi
1412 1515 1526 1543 ascivit?
1545 1513 1583 1542 De
1606 1513 1711 1548 quibus
1736 1515 1790 1541 ait
1810 1524 1818 1541 :
1838 1514 1858 1540 S

1053 1565 1111 1600 quis
1123 1570 1288 1590 externorum
1308 1563 1454 1594 accesserit,
1472 1561 1599 1588 morietur
1608 1560 1641 1587 ".
1659 1559 1776 1587 Omnia
1794 1568 1860 1587 verr

1054 1618 1115 1646 quo:
1138 1610 1242 1637 Domini
1257 1614 1331 1642 sunt,
1345 1613 1424 1636 caute
1437 1608 1577 1635 tractanda
1592 1611 1666 1638 sunt,
1681 1611 1713 1633 et
1732 1614 1805 1633 non
1826 1607 1860 1633 Ic-

1054 1657 1123 1684 viter
1139 1656 1345 1691 praecipitando;
1361 1656 1490 1690 quoniam
1506 1659 1532 1681 et
1553 1654 1623 1681 inter
1639 1653 1787 1680 homines
1815 1661 1860 1688 pri

1055 1702 1179 1730 fidelibus
1192 1702 1337 1732 habentur,
1357 1700 1404 1734 qui
1421 1699 1593 1727 dominorum
1609 1705 1730 1725 suorum
1749 1705 1860 1725 causa:

1054 1749 1123 1777 bene
1137 1748 1304 1780 custodiunt,
1327 1751 1355 1774 et
1371 1746 1483 1773 fideliter
1498 1749 1624 1776 tractant,
1637 1750 1725 1779 atque
1743 1752 1860 1779 prace-

1054 1803 1099 1830 pta
1115 1794 1288 1822 dominorum
1314 1800 1426 1820 suorum
1452 1794 1520 1821 bene
1537 1791 1705 1823 custodiunt,
1733 1795 1768 1818 et.
1806 1798 1860 1818 not

1053 1839 1297 1875 transgrediuntur.
1312 1836 1364 1864 Pro
1377 1836 1531 1864 intideiibus
1545 1843 1609 1863 vero
1624 1839 1811 1869 reputantur
1826 1835 1855 1862 lii

1052 1887 1098 1921 qui
1123 1886 1297 1913 dominorum
1319 1877 1430 1912 §uorum
1455 1890 1553 1910 causas
1581 1883 1690 1908 incaute
1708 1885 1743 1908 et
1764 1882 1860 1916 negli-

1052 1938 1146 1968 genter
1167 1936 1302 1964 tractant,
1319 1936 1346 1958 et
1367 1934 1500 1966 praecepta
1514 1935 1609 1956 eorum
1631 1926 1823 1961 despiciunt,
1840 1935 1857 1954 e

1052 1986 1117 2010 non,
1135 1983 1165 2005 ut
1178 1977 1286 2009 debent,
1306 1976 1474 2004 custodiunt.
1491 1974 1553 2002 Ideo
1570 1973 1626 2000 haec
1642 1972 1856 2008 praemisimus

1051 2028 1083 2051 ut
1094 2027 1276 2059 cognoscatur
1287 2022 1321 2049 ab
1335 2023 1387 2054 his,
1403 2020 1503 2056 quibus
1517 2019 1686 2054 incognitqu
1699 2023 1766 2051 est,
1780 2028 1859 2054 qum

1051 2074 1080 2097 et
1102 2069 1256 2097 sacerdotes
1278 2076 1346 2103 quos
1360 2067 1410 2095 sibi
1430 2066 1561 2093 Dominus
1573 2064 1606 2092 de
1623 2063 1767 2092 omnibus
1784 2067 1859 2093 asci‘

1051 2117 1100 2149 vit,
1115 2119 1143 2144 et
1160 2123 1225 2143 suos
1242 2123 1304 2142 esse
1318 2114 1414 2143 voluit.
1431 2120 1485 2140 non
1503 2116 1566 2139 sunt
1579 2111 1674 2138 leviter
1691 2113 1855 2139 tractandi

1051 2170 1104 2190 nec
1117 2161 1265 2193 lacerandi,
1283 2168 1334 2188 nec
1344 2164 1446 2187 temere
1457 2157 1603 2186 accusandi
1627 2160 1675 2183 aut
1688 2158 1859 2189 reprehen

1051 2209 1144 2240 dendi,
1169 2208 1221 2235 nisi
1241 2215 1256 2235 a
1275 2207 1416 2242 magistris
1429 2205 1497 2237 suis,
1520 2203 1650 2239 quoniam
1663 2210 1772 2230 earum
1793 2211 1859 2231 caua

1051 2263 1096 2283 sas
1113 2254 1166 2282 sibi
1189 2253 1321 2281 Dominus
1342 2259 1483 2280 reservare
1496 2250 1600 2282 voluit,
1626 2252 1654 2276 et.
1668 2256 1726 2276 suo
1743 2249 1859 2284 judicit

1052 2299 1196 2327 vindicari.
1221 2297 1288 2325 Nam
1303 2298 1330 2324 in
1347 2297 1392 2324 his
1403 2301 1430 2324 et
1443 2297 1470 2323 in
1486 2294 1547 2322 aliis
1562 2294 1705 2329 praeceptis
1723 2293 1856 2322 Domini

1050 2349 1078 2373 et
1099 2344 1191 2372 ﬁdeles
1205 2348 1427 2379 cognoscuntur,
1446 2346 1474 2369 et
1500 2340 1622 2368 infideles
1644 2339 1859 2374 reprobautulr

1052 2391 1196 2419 'l'olcrandi
1220 2391 1293 2418 enim
1310 2390 1337 2417 lii
1359 2393 1423 2417 sunt
1445 2387 1536 2423 potius
1564 2395 1578 2413 a
1602 2385 1746 2419 fidelibus,
1768 2395 1859 2422 quan

1050 2437 1234 2473 exprobrandi
1246 2457 1254 2470 ,
1272 2436 1354 2464 veluti
1365 2435 1443 2470 palea
1458 2441 1520 2461 cum
1536 2432 1625 2459 tritico
1638 2452 1645 2465 ,
1660 2439 1760 2466 usque
1779 2433 1809 2449 ⁸⁸
1832 2443 1858 2460 ςειι

1053 2485 1177 2511 ultimum
1191 2483 1385 2514 ventilabrum,
1402 2483 1473 2509 sicut
1485 2481 1574 2516 pisces
1588 2479 1651 2506 mali
1669 2486 1737 2506 cum
1757 2478 1857 2506 bonis

1051 2540 1137 2567 usque
1155 2531 1187 2558 ad
1203 2529 1418 2566 scgrcgatiouem
1429 2549 1436 2562 ,
1454 2535 1515 2563 quae
1530 2527 1619 2554 futura
1637 2525 1725 2553 estin
1741 2525 1857 2553 littore

1050 2579 1102 2606 boc
1121 2582 1174 2610 est,
1201 2577 1229 2604 in
1252 2578 1305 2604 line
1327 2575 1430 2603 saeculi.
1452 2573 1611 2601 Nullatenus
1627 2579 1693 2607 ergo
1712 2577 1826 2606 potest
1843 2573 1856 2588 '

953 2645 974 2661 “
987 2645 1054 2673 Tob.
1070 2653 1106 2677 tv.
1136 2645 1179 2675 l6;
1197 2644 1291 2672 Matth.
1305 2651 1373 2675 nu,
1388 2643 1434 2676 '59;
1452 2643 1535 2670 Marc.
1550 2649 1600 2674 xu,
1611 2641 1656 2674 ὄις
1672 2639 1743 2677 Luc.
1758 2649 1799 2675 Σ,
1813 2643 1857 2670 27

783 2682 805 2696 νδ
818 2682 930 2709 Adrian.
941 2682 1003 2707 coll.
1021 2681 1063 2708 15.
1102 2682 1124 2698 ⁸⁸
1141 2681 1168 2707 5.
1180 2689 1208 2715 q.
1225 2681 1241 2706 5
1255 2689 1261 2707 :
1279 2677 1645 2715 Suspectosnauterninimic.
1677 2676 1855 2715 νέω-ιδῃ

887 2717 909 2732 ⁶¹⁴
936 2716 958 2742 ιι
991 2716 1059 2743 Tim.
1087 2725 1114 2744 ιι.

1153 2713 1307 2742 η’ΛιΙΓίιιιι.
1336 2713 1397 2741 coll.
1423 2713 1450 2741 5.

1044 2753 1116 2780 idem
1131 2759 1174 2786 ep.
1195 2750 1229 2778 66
1244 2749 1366 2786 ejusdem
1388 2748 1460 2786 libri.

1237 2783 1350 2811 "’Num.
1366 2793 1405 2816 ιιι,
1421 2783 1465 2811 52.

1497 2713 1520 2728 ⁷ο
1535 2712 1614 2748 Prov.
1630 2711 1752 2743 xxiv,”
1772 2721 1855 2748 seqq

1510 2747 1534 2763 "‘
1547 2747 1655 2775 Deuter.
1681 2754 1782 2779 χιι-ιι,
1819 2747 1854 2775 Π

1517 2783 1540 2799 ⁷⁸
1554 2782 1678 2810 ibidJ5.
1718 2782 1741 2797 "
1763 2782 1858 2811 Num

1483 2818 1502 2834 "
1519 2818 1612 2846 Const.
1630 2817 1664 2844 ιι.
1680 2817 1747 2845 coli.
1786 2820 1858 2846 Λὼτ
