1861 3052
35 105 80 132 195
756 101 945 130 Εριετοιιε.

1607 105 1656 133 191

33 162 214 193 condemnari.
228 163 358 191 humano
376 163 511 196 examine,
528 169 608 198 quem
623 162 694 191 Deus
712 171 762 190 suo
775 163 820 198 ju-
835 172 857 200 Α
871 162 995 191 carnales
1008 162 1161 197 spiritnalcs
1174 162 1309 190 infestent.
1325 161 1439 194 Idcirco.
1454 167 1483 190 ut
1496 162 1655 198 praedictum

31 209 96 236 dicio
115 209 289 241 reservavit,
311 212 343 236 ut
358 208 526 244 propositum
544 207 608 241 Dei,
627 216 682 243 quo
701 208 820 236 decrevit

31 255 130 282 salvare
145 255 225 290 quod
243 255 378 290 perierat,
399 253 446 281 fiat
458 254 605 282 immobile.
622 254 655 281 Et
669 253 740 287 ideo,
754 255 819 290 quia

30 301 149 329 voluntas
165 301 231 336 ejus
256 309 311 329 non
334 301 504 333 immittatur,
524 301 614 328 nullus
627 305 772 336 priesumut
788 308 819 327 ca

29 353 85 380 qua:
118 345 174 373 sibi
211 353 271 373 non
307 350 372 373 sunt
407 353 546 373 conceSsa.
582 344 659 372 Unde
688 348 729 372 est
754 345 820 372 illud

29 391 95 426 quod
113 391 271 427 Apostolus
294 391 414 427 laquitur
431 391 524 419 dicens
543 400 550 418 :
570 390 633 417 lam
652 391 756 426 quidem
767 398 820 417 om-

29 439 84 464 nino
99 437 235 465 delictum
250 442 301 471 est,
322 437 385 473 quia
397 437 504 472 judicia
526 437 626 464 habetis
641 436 784 464 vobiscum.
796 437 819 453 "

28 485 112 516 Quare
125 493 184 511 non
209 485 297 520 magis
310 484 474 520 iniquitatem
487 484 634 519 patimini?
659 484 747 517 Quare
768 492 820 511 non

26 532 110 565 potius
125 531 303 564 fraudamim’
313 531 357 558 “2
372 530 410 558 Ad
422 530 487 557 illud
505 530 630 558 redeatur
641 530 712 565 quod
725 529 819 557 Domi-

27 585 74 604 nus
85 577 125 604 ait
146 586 154 604 :
172 576 204 604 Si
218 578 278 613 quis
298 575 407 604 voluerit
420 577 535 603 tunicam
551 580 624 603 tuam
641 576 741 609 tollere,
755 581 780 603 et
792 577 819 603 in

26 624 124 657 iudicio
140 628 234 650 tecum
253 623 421 655 contendere,
441 622 544 650 dimitte
565 622 589 650 ei
613 627 637 650 et
652 621 764 658 pallium
784 621 818 649 “.

27 670 54 697 Et
68 670 125 698 alio
139 670 208 697 loco
224 679 232 697 :
249 669 301 703 Qui
316 670 402 705 aufert
416 677 474 705 qute
487 674 533 696 tua
545 673 616 702 sunt,
629 677 660 696 ne
673 672 773 704 repetas
785 668 818 696 ".

27 715 93 744 Sunt
110 720 212 744 autem
229 716 354 751 quadam
366 737 374 750 ,
406 724 467 752 quas
488 715 625 743 levissima
649 719 819 750 putarentur,

26 763 75 790 nisi
101 763 131 790 in
164 762 321 797 Scripturis
341 762 590 790 demOnstrarcntur
615 761 743 796 Opinione
757 769 819 796 gra-

25 811 111 837 Viora.
140 809 216 842 Quis
244 816 365 844 unquam
381 808 515 836 dicentem
536 807 612 835 fratri
634 815 707 835 suo:
724 807 818 839 Fatue,

26 865 100 883 reum
117 856 258 891 gehennae
272 860 388 890 putaret,
402 855 453 882 nisi
467 855 522 890 ipsa
536 853 642 882 Veritas
653 854 688 870 ⁸⁸⁶
700 853 821 882 diceret?
837 848 857 876 Β

26 902 61 929 illi
77 910 145 929 vero
173 901 200 917 "
211 901 261 937 qui
285 900 330 928 illa
357 905 467 936 peccata
481 904 652 936 perpetrant.
669 900 702 928 de
722 899 822 935 quibus

25 950 175 984 Apostolus
194 949 235 976 ait
253 958 261 976 :
283 948 416 981 Quoniam
438 948 483 983 qui
506 947 571 974 talia
596 952 687 982 agunt,
714 954 822 981 regnum

27 995 72 1022 Dei
83 1003 139 1022 non
160 993 408 1030 consequentur",
430 993 506 1020 \‘alde
520 993 631 1020 cavendi
647 996 727 1025 sunt,
747 996 774 1020 et
788 991 821 1018 ad

25 1042 262 1072 emendationem,
278 1040 299 1068 si
312 1039 461 1067 voluntarie
470 1038 613 1071 noluerint,
626 1037 820 1073 compellendi;

24 1089 86 1123 quia
98 1086 226 1114 infamiae
244 1086 360 1114 maculis
371 1090 434 1113 sunt
448 1085 562 1120 aspersi,
577 1090 603 1112 et
618 1085 644 1111 in
660 1085 821 1112 barathrum

27 1134 204 1165 delabuntur,
224 1132 279 1160 nisi
291 1133 330 1160 eis
344 1132 505 1160 sacerdotali
524 1131 686 1158 auctoritate
701 1130 818 1157 subven-

27 1185 81 1206 tum
111 1179 211 1206 fuerit.
237 1177 370 1206 Similiter
392 1182 419 1205 ct
436 1177 474 1204 illi
499 1177 532 1205 de
556 1177 656 1212 quibus
679 1177 737 1212 ipse
756 1176 816 1203 ait:

26 1224 91 1252 Cum
115 1224 308 1259 hujuscemodi
326 1224 473 1251 hominibus
495 1231 541 1250 nec
562 1223 649 1250 cibum
669 1230 770 1250 sumere
781 1221 820 1255 ⁸⁸;

27 1271 70 1305 qui
81 1270 200 1298 infamia
215 1275 281 1297 sunt
295 1271 381 1297 notati
394 1274 538 1304 antequam
552 1268 713 1296 sacerdotali
724 1272 820 1295 aucto-

27 1318 104 1344 ritate
116 1321 273 1350 sanuutur,
294 1321 321 1344 et
341 1316 368 1344 in
380 1316 484 1352 gremio
499 1319 600 1344 sanctae
615 1315 710 1343 matris
727 1315 820 1342 Eccle-

25 1367 71 1394 siae
86 1365 333 1400 redintegrentur;
350 1365 414 1400 quia
430 1364 559 1399 quiextra
573 1370 623 1390 nos
640 1367 713 1396 sunt,
726 1361 820 1389 nobis-

25 1421 85 1440 cum
108 1412 323 1440 communicare
352 1419 406 1438 non
433 1415 556 1446 possunt.
582 1407 756 1436 Manifestum
780 1412 822 1434 est

26 1460 109 1492 enim,
125 1460 205 1494 quod
222 1459 251 1486 hi
270 1462 348 1485 extra
365 1465 415 1485 nos
433 1461 512 1490 sunt,
537 1460 564 1484 et
579 1464 595 1483 a
616 1455 694 1483 nobis
710 1454 820 1482 discreti

24 1515 85 1534 esse
96 1507 215 1538 debent,
241 1513 304 1532 cum
319 1505 419 1540 quibus
434 1512 483 1532 nos
500 1511 550 1531 nec
559 1503 649 1535 edere,
668 1509 717 1530 nec
730 1502 819 1529 cibum

25 1561 135 1581 sumere
153 1553 232 1580 licet.
254 1551 386 1579 Similiter
399 1555 426 1578 et
442 1557 537 1578 omnes
551 1556 685 1584 personae,
705 1547 821 1583 quibus-

26 1599 91 1627 libet
113 1598 339 1634 turpitudinibus
353 1605 386 1625 ac
401 1596 613 1624 scurrilitatibus
624 1595 762 1630 subjertze,
780 1595 822 1621 in-

26 1646 114 1674 fames
129 1651 199 1673 sunt
216 1644 337 1677 effectae;
353 1648 381 1671 et
402 1650 497 1670 omnes
509 1643 544 1676 ",
563 1642 609 1678 qui
625 1641 756 1668 adversus
774 1648 822 1675 pa-

27 1696 263 1724 tresarmantur,
279 1690 395 1718 infames
412 1689 576 1726 efficiuntur.
597 1689 711 1716 Arenant
726 1695 784 1714 veru
798 1691 823 1714 et

26 1739 110 1766 salem
122 1743 151 1765 et
163 1745 285 1765 massam
307 1737 371 1772 ferri
388 1736 494 1771 facilius
507 1740 545 1762 est
559 1740 676 1770 portare,
690 1741 769 1769 quam
778 1734 824 1760 ho-

28 1785 125 1811 minem
138 1784 335 1819 imprudentem
345 1787 370 1809 et
385 1782 489 1817 fatuum
498 1785 575 1816 atque
589 1780 700 1815 impium
710 1780 742 1806 ’°.
753 1779 824 1811 Quo-

29 1832 102 1858 niam
120 1831 171 1866 qui
186 1831 340 1857 minoratur
359 1828 454 1860 corde,
475 1828 573 1863 cogitat
603 1826 712 1858 inania;
733 1830 758 1852 et
785 1825 825 1852 uir

29 1878 187 1911 imprudens
206 1881 232 1903 et
247 1883 349 1908 errans,
366 1874 464 1910 cogitat
486 1873 568 1900 stulta
584 1873 617 1899 ".
635 1871 735 1898 Multos
756 1871 824 1898 enim

30 1923 219 1958 supplantavit
236 1921 351 1956 suspicio
366 1920 484 1952 illorum,
501 1923 525 1946 et
540 1919 568 1946 in
587 1918 700 1945 vanitate
712 1917 825 1944 detinuit

29 1976 121 1995 sensus
129 1967 254 1994 illorum.
262 1966 314 1993 Cor
324 1966 421 1993 durum
433 1964 502 1991 male
513 1964 617 1991 habebit
629 1964 656 1991 in
667 1964 825 1995 novissimo;

28 2019 53 2041 et
67 2014 115 2049 qui
128 2018 206 2040 amat
221 2012 386 2048 periculum,
408 2012 436 2038 in
458 2012 514 2046 ipso
534 2011 639 2046 peribit.
663 2010 715 2038 Cor
738 2010 826 2046 ingre-

29 2061 106 2086 diens
118 2059 191 2087 duas
206 2059 274 2091 uias,
290 2066 341 2085 non
355 2057 458 2085 habebit
472 2057 597 2091 requiem,
614 2063 638 2084 et
649 2057 724 2091 pravi
738 2056 825 2083 cordis

30 2107 57 2133 in
71 2107 95 2123 ⁸⁸
109 2106 167 2133 illis
180 2105 421 2132 scandalizabitur.
437 2103 490 2131 Cor
503 2112 614 2139 nequam
632 2103 786 2138 gravabitur
797 2103 823 2129 in

30 2153 173 2180 doloribus
182 2173 190 2185 ,
207 2156 233 2178 et
246 2156 368 2186 peccator
383 2151 490 2185 adjiciat
504 2150 538 2177 ad
549 2150 710 2184 peccandum
723 2149 756 2176 ”.
772 2148 825 2176 Ta-

871 213 922 242 est,
937 214 1100 240 statuerunt,
1124 217 1157 236 ne
1171 214 1376 242 accusarentur,
1401 213 1449 237 aut
1469 209 1491 237 si
1508 210 1586 238 aliter
1600 210 1656 237 ﬂeri

872 262 925 282 non
942 255 1039 290 possit,
1057 255 1220 289 pcrditlicilis
1236 263 1330 283 eorum
1343 255 1419 283 fleret
1434 256 1590 289 accusatio,
1603 261 1630 284 et
1642 263 1657 283 a

871 300 982 336 quibus,
1009 305 1039 327 ut
1057 308 1139 335 supra
1164 301 1267 328 dictum
1281 305 1338 334 est,
1363 309 1418 328 non
1434 306 1658 336 praesumeretur,

871 353 959 382 neque
974 353 989 373 a
1010 346 1127 381 propriis
1139 346 1250 374 sedibus
1265 352 1312 374 aut
1324 346 1453 375 Ecclesiis
1470 347 1591 383 episcopi
1607 347 1658 382 ejic

871 396 998 419 cerentur
1011 392 1044 420 ".
1069 391 1148 425 Quod
1172 391 1194 420 si
1214 393 1350 428 quomodo
1362 398 1559 428 praesumptum
1575 393 1660 421 fuerit

871 445 1017 474 antequam
1033 442 1060 466 et
1076 438 1202 474 proprius
1215 438 1291 466 locus
1302 459 1309 471 ,
1327 444 1355 466 et
1371 444 1420 467 sua
1435 439 1525 466 omnia
1540 439 1580 468 eis
1591 439 1657 475 legi-

871 485 924 512 bus
934 485 958 501 "
977 484 1244 520 redintegrarentur.
1259 485 1413 512 nullatenus
1429 492 1443 512 a
1461 493 1598 521 quoquam
1613 492 1660 512 ac-

871 535 1036 558 cusarentur
1056 535 1103 557 aut
1119 530 1348 563 criminarentur,
1364 535 1390 558 et
1404 530 1455 558 nisi
1469 535 1565 566 sponte
1574 531 1660 566 elege-

872 576 944 608 rint,
959 576 1086 612 cuiquam
1102 583 1152 611 pro
1167 576 1265 604 talibus
1278 584 1331 603 non
1342 576 1364 592 "
1384 577 1596 612 responderent;
1610 577 1659 605 sed

871 627 1028 658 postquam,
1038 627 1069 650 ut
1084 623 1225 658 praefixum
1240 627 1291 656 est,
1307 622 1425 650 restituti
1442 622 1554 656 fuerint,
1566 627 1594 650 et
1607 631 1658 651 sua

870 669 961 698 omnia
975 669 1014 698 eis
1028 669 1134 706 legibus
1149 669 1341 704 redintegrata,
1356 669 1495 705 dispositis
1511 669 1659 697 ordinatis-

873 725 927 750 que
941 717 1010 749 Suis,
1035 724 1165 752 magnum
1194 717 1325 752 spatium,
1347 716 1481 744 tractandi
1504 724 1597 749 causa,
1619 718 1661 744 eis

872 763 1085 796 concederetur;
1105 768 1133 791 et
1149 767 1256 798 postea,
1272 763 1294 791 si
1309 771 1420 792 necesse
1437 762 1529 796 fuerit,
1552 762 1661 798 regula~

873 810 939 837 riter
961 809 1062 842 vocati,
1078 809 1202 837 venirent
1215 809 1248 837 ad
1264 817 1394 843 causam;
1419 814 1447 838 et
1465 809 1489 838 si
1501 809 1606 844 justum
1621 809 1660 835 ri-

873 864 934 884 sum
949 855 1048 889 fuerit,
1072 855 1261 883 accusantium
1277 855 1510 891 propositionibus
1524 858 1661 883 sustenta-

875 904 948 930 tione
971 902 1086 930 fratrum
1104 902 1306 937 responderent.
1334 901 1411 929 Nulla
1435 902 1508 929 enim
1529 901 1662 937 permittit

873 949 944 976 ratio
961 948 994 983 ”,
1014 949 1078 976 dum
1097 948 1130 976 ad
1150 953 1257 983 tempus
1274 956 1368 976 eorum
1386 949 1456 976 bona
1477 948 1518 976 vel
1532 947 1662 975 Ecclesia

873 1001 954 1030 atque
977 1003 1022 1023 res
1039 995 1072 1023 ab
1087 995 1193 1023 tumulis
1208 999 1255 1022 aut
1273 1002 1289 1022 a
1306 995 1516 1029 quibuscunque
1531 994 1656 1022 detinen-

873 1046 927 1074 tur,
954 1045 983 1068 ut
1000 1041 1101 1076 aliquid
1128 1041 1182 1068 illis
1210 1040 1290 1075 objici
1305 1040 1412 1068 debeat.
1436 1039 1491 1068 Nec
1515 1041 1660 1075 quisquam

874 1092 961 1122 potest
976 1088 1016 1115 eis
1029 1095 1140 1123 quoquo
1153 1087 1235 1115 modo
1248 1087 1382 1122 quidlibet
1398 1087 1533 1122 majorum
1548 1086 1590 1114 vel
1607 1086 1660 1113 mi-

875 1142 973 1161 norum
990 1134 1107 1169 objicere
1118 1155 1126 1167 ,
1143 1134 1209 1161 dum
1222 1133 1358 1165 ecclesiis,
1371 1133 1464 1165 rebus,
1484 1137 1530 1159 aut
1543 1133 1661 1168 potesta-

871 1179 946 1207 tibus
960 1185 1053 1207 carent
1068 1181 1134 1207 suis.
1151 1179 1282 1207 Similiter
1297 1183 1430 1207 statutum
1446 1184 1489 1207 est
1503 1180 1531 1213 _”
1542 1199 1550 1212 ,
1569 1185 1596 1207 et
1612 1188 1663 1207 nos

872 1226 967 1253 eadem
996 1230 1096 1253 statuta
1112 1225 1263 1258 ﬁrmantes,
1285 1225 1442 1259 statuimus,
1469 1230 1499 1252 ut
1520 1226 1542 1253 si
1564 1225 1663 1260 aliquis

872 1271 1036 1299 clericorum
1062 1272 1120 1299 suis
1145 1271 1282 1306 episcopis
1307 1270 1424 1298 infestus
1448 1277 1495 1298 aut
1519 1271 1663 1299 insidiator

872 1316 965 1349 fuerit,
988 1325 1091 1352 eosque
1110 1317 1251 1344 criminari
1271 1317 1397 1350 voluerit,
1421 1321 1468 1344 aut
1486 1317 1664 1352 :conspirator

872 1363 963 1396 fuerit,
982 1369 1009 1391 ut
1029 1371 1092 1390 mox
1108 1368 1172 1391 ante
1191 1363 1377 1390 examinatum
1394 1363 1528 1398 judicium
1547 1363 1661 1391 submo-

872 1416 916 1438 tus
939 1419 954 1438 a
969 1410 1053 1442 clero,
1069 1410 1152 1438 curize
1169 1411 1177 1426 ¹
1203 1409 1335 1443 tradatur,
1352 1409 1397 1437 cui
1413 1409 1591 1443 diebus_vit:e
1607 1417 1665 1437 sum

873 1456 1018 1489 deserviat,
1033 1461 1068 1491 _et
1086 1455 1196 1483 infamis
1214 1456 1318 1490 absque
1339 1455 1392 1482 ulla
1414 1455 1596 1482 restitutionis
1610 1463 1658 1491 spe

873 1507 1041 1538 permaneat.
1071 1501 1128 1530 Nec
1146 1502 1218 1529 ullus
1235 1509 1355 1537 unquam
1375 1505 1532 1536 praesumat,
1554 1509 1664 1529 accusa-

874 1553 949 1575 sator
971 1547 1053 1575 simul
1073 1555 1134 1575 esse
1156 1551 1183 1574 et.
1204 1547 1288 1579 judcx
1312 1547 1354 1575 vel
1369 1546 1463 1575 testis:
1480 1547 1611 1582 quoniam
1635 1547 1663 1574 in

874 1595 948 1622 omni
963 1594 1067 1629 judicio
1084 1598 1202 1630 quatuor
1213 1601 1345 1628 personas
1360 1601 1472 1621 necesse
1495 1597 1537 1620 est
1558 1600 1666 1628 semper

874 1641 979 1674 adesse,
1007 1640 1033 1668 id
1051 1645 1102 1672 est,
1115 1639 1223 1675 judices
1244 1639 1355 1673 electos,
1375 1643 1402 1667 et
1426 1643 1610 1671 accusatores,
1633 1647 1664 1666 ac

874 1688 1042 1722 defensores,
1058 1693 1139 1724 atque
1163 1692 1256 1716 testes.
1273 1686 1405 1714 Similiter
1419 1691 1581 1720 statuentes,
1599 1694 1665 1721 apo-

874 1736 970 1764 stolica
997 1735 1159 1764 auctoritate
1181 1733 1328 1770 iubemus,
1357 1741 1391 1761 ne
1418 1739 1555 1769 pastorem
1584 1741 1664 1761 suum

875 1791 950 1816 oves,
965 1790 1026 1818 quae
1040 1782 1064 1810 ei
1084 1781 1239 1809 commissae
1251 1779 1358 1808 fuerant
1369 1780 1390 1813 ',
1408 1779 1460 1806 nisi
1481 1780 1508 1806 in
1523 1779 1575 1807 fide
1589 1788 1666 1807 erra-

875 1828 957 1861 verit,
972 1827 1170 1862 reprchendere
1195 1825 1296 1854 audeat
1312 1836 1318 1854 :
1338 1825 1402 1860 quia
1417 1824 1489 1852 facta
1503 1826 1666 1860 praeposito-

875 1882 948 1907 rum,
966 1874 1022 1901 oris
1033 1873 1131 1909 ,gladio
1147 1872 1158 1888 ³
1173 1871 1295 1899 ferienda
1311 1879 1366 1898 non
1383 1875 1456 1902 sunt,
1473 1879 1562 1906 neque
1577 1875 1664 1906 potest

875 1929 937 1949 esse
951 1919 1102 1956 discipulus
1120 1926 1202 1954 super
1220 1918 1401 1954 magistrum,
1417 1918 1523 1945 dicente
1540 1917 1665 1945 Veritatis

875 1974 942 1994 voce
959 1975 965 1994 :
985 1965 1046 1992 Non
1058 1969 1096 1992 est
1113 1963 1259 2000 discipulus
1274 1972 1352 1999 super
1366 1964 1534 1998 magistrum,
1556 1972 1601 1990 nec
1611 1972 1665 1990 ser-

877 2021 923 2040 vus
939 2020 1017 2047 super
1042 2011 1177 2039 dominum
1191 2019 1268 2038 suum
1283 2010 1304 2037 ‘.
1330 2009 1443 2038 Odibilis
1467 2017 1555 2037 alitem
1575 2018 1665 2038 coram

876 2057 931 2085 Deo
951 2062 974 2084 et
989 2056 1137 2093 hominibus
1149 2061 1187 2083 est
1202 2055 1324 2091 superbia
1334 2076 1341 2088 ,
1355 2060 1380 2082 et
1393 2055 1565 2082 exsecrabilis
1579 2056 1665 2082 omnis

868 2104 1016 2139 iniquitas.
1047 2102 1168 2130 Perdidit
1184 2101 1254 2129 Deus
1268 2103 1422 2129 memoriam
1437 2101 1623 2136 superborum,
1639 2106 1664 2128 et

877 2150 985 2186 reliquit
999 2150 1151 2177 memoriam
1163 2149 1304 2176 humilium
1319 2156 1408 2176 sensu.
1424 2147 1517 2176 Semen
1529 2148 1664 2174 hominum

31 2201 65 2227 La
80 2199 240 2235 cogitantes
256 2197 344 2226 sancti
360 2197 488 2232 apostoli,
509 2203 662 2231 eorumque
683 2203 824 2223 successo-
841 2201 862 2228 ι)
876 2195 1058 2228 honorabilur,
1082 2196 1130 2222 hoc
1152 2195 1222 2231 quod
1246 2195 1320 2222 timet
1344 2195 1438 2222 Deum.
1464 2193 1557 2221 Semen
1577 2197 1664 2220 autem

32 2254 75 2274 res
93 2247 131 2278 ",
147 2244 254 2280 Spiritu
267 2242 315 2271 Dei
327 2243 421 2278 repleti
436 2242 523 2269 malos
537 2241 661 2268 homines
673 2240 824 2276 praeviden-

31 2297 83 2324 tes,
97 2295 127 2318 et
142 2290 285 2326 simplices
299 2289 515 2320 considerantes,
527 2287 672 2320 dilIicilem,
692 2290 740 2314 aut
755 2294 825 2313 nun-

31 2345 116 2372 quam
132 2337 283 2364 voluerunt
295 2342 356 2364 esse
372 2333 574 2362 accusationem
591 2332 774 2364 sacerdotum,
789 2338 824 2358 ne

31 2393 46 2410 a
61 2384 147 2411 malis
163 2383 318 2418 potuissent
338 2381 423 2409 everti
444 2384 492 2408 aut
513 2379 668 2408 submoveri
691 2388 697 2406 :
717 2378 781 2414 quia
799 2377 822 2405 si

31 2431 85 2457 hoc
122 2428 208 2457 facile
238 2426 432 2455 concederetur
463 2425 640 2454 saecularibus
683 2427 710 2452 et
743 2423 822 2451 malis

32 2475 207 2508 hominibus,
235 2478 284 2501 aut
302 2473 404 2505 nullus,
423 2476 471 2499 aut
494 2472 538 2499 vix
555 2470 683 2506 perpauci
699 2478 824 2497 remane-

31 2527 108 2556 rent;
138 2520 273 2557 quoniam
295 2527 402 2554 semper
418 2518 486 2551 fuit,
500 2522 526 2545 ct
541 2523 592 2550 est,
608 2521 644 2550 et,
659 2516 731 2551 quod
748 2515 825 2551 pejus

31 2573 83 2603 est,
114 2568 204 2596 nimis
225 2566 308 2602 viget,
327 2569 356 2593 ut
375 2565 439 2592 mali
458 2564 544 2592 bonos
568 2567 776 2598 persequantur,
800 2567 827 2589 et

65 2637 91 2654 "
105 2635 139 2665 S.
152 2635 194 2663 Au
216 2639 270 2663 ust.
287 2633 397 2662 Enchir.
416 2640 441 2660 c.
459 2632 492 2660 78
504 2637 532 2660 et
541 2632 584 2660 79.
621 2631 645 2648 ⁸³
661 2630 668 2656 Ι
686 2630 749 2658 Cor.
762 2638 799 2663 vt,
811 2630 836 2658 7.
873 2632 897 2651 ⁸⁵
908 2630 1000 2657 Matth.
1017 2637 1045 2660 v,
1060 2630 1103 2656 40.
1131 2630 1155 2645 ⁸⁸
1172 2630 1237 2656 Luc.
1270 2636 1307 2660 γι,
1330 2630 1334 2654 1

81 2673 110 2700 6.
142 2679 172 2707 q.
193 2644 300 2707 gauli
325 2669 383 2707 qui.
420 2668 441 2684 "
456 2668 584 2707 Galat._v,
598 2666 687 2707 4.":
748 2665 854 2707 Const,
874 2666 916 2693 ti.
954 2664 1146 2707 "ni’Iroclusad
1161 2663 1334 2707 Domninum.

34 2708 55 2722 "
70 2700 160 2734 Βατιὶῖ
176 2705 288 2738 “1,23.
328 2700 350 2720 δ’
360 2711 471 2738 pravum
488 2710 535 2730 cor
554 2703 592 2738 in.
629 2701 653 2717 ”
665 2701 747 2738 Eccli.
762 2709 802 2738 tu,
814 2700 848 2727 26
863 2708 937 2738 seqq.

876 2243 924 2270 hoc
943 2241 1158 2275 exhonorabitur,
1177 2242 1245 2276 quod
1268 2241 1385 2276 praeterit
1405 2239 1532 2266 mandata
1547 2238 1663 2266 Domini.

876 2288 910 2316 In
919 2289 1004 2316 medio
1017 2288 1143 2323 fratrum,
1158 2293 1242 2315 rector
1256 2287 1363 2314 illorum
1375 2287 1401 2313 in
1412 2285 1525 2318 honore;
1541 2285 1618 2320 etqui
1631 2285 1666 2311 ti—

874 2339 944 2362 ment
958 2333 1117 2365 Dominum,
1139 2337 1215 2360 erunt
1234 2333 1261 2359 in
1273 2332 1356 2359 oculis
1370 2332 1438 2366 ejus.
1474 2330 1539 2364 Fili,
1561 2331 1599 2358 ait
1615 2330 1665 2358 Sa-

877 2381 980 2413 lomon,
1007 2380 1034 2406 in
1053 2378 1252 2406 mansuetudine
1270 2386 1343 2404 serra
1359 2378 1476 2404 animum
1493 2383 1576 2410 tuam,
1591 2381 1617 2404 et
1630 2377 1664 2403 da

876 2426 917 2452 illi
938 2426 1072 2458 honorem,
1087 2426 1129 2452 cui
1143 2426 1226 2452 honor
1239 2424 1393 2458 competit‘.
1412 2423 1572 2458 Priusquam
1586 2424 1666 2451 inter-

877 2480 962 2507 roges,
978 2480 1008 2498 ue
1021 2472 1146 2506 vituperes
1157 2478 1311 2505 quemquam
1320 2474 1362 2502 ;et
1379 2477 1438 2496 cum
1453 2469 1665 2503 interrogaveris,

878 2518 980 2552 corripe
987 2517 1070 2551 juste.
1090 2516 1249 2551 Priusquam
1266 2516 1372 2546 audias,
1395 2523 1427 2542 ne
1438 2513 1596 2549 respondeas
1611 2521 1665 2541 ver-

880 2563 957 2595 bum;
984 2567 1008 2589 et
1031 2563 1059 2589 in
1086 2561 1171 2589 medio
1199 2561 1332 2588 seniorum
1362 2568 1393 2587 ne
1417 2559 1530 2594 adjicias
1558 2558 1630 2594 loqui
1644 2558 1665 2584 '.

873 2632 897 2651 ⁸⁵
908 2629 1000 2657 Matth.
1017 2637 1045 2660 v,
1060 2628 1103 2656 40.
1131 2629 1155 2645 ⁸⁵
1172 2628 1237 2656 Luc.
1270 2636 1307 2660 γι,
1330 2627 1373 2655 50.
1411 2628 1450 2644 "“
1467 2626 1561 2654 Matth.
1576 2633 1604 2657 ν,
1618 2624 1664 2652 22.

874 2666 916 2690 Η.
954 2665 976 2680 "
992 2664 1103 2690 Proclus
1114 2664 1146 2690 ad
1161 2663 1334 2690 Dumninum.
1385 2663 1407 2679 '°
1418 2662 1500 2690 Eccli.
1519 2668 1594 2690 χχιι.
1621 2660 1664 2687 18-

1494 2683 1500 2689 .
1520 2676 1576 2688 ιλιι
1586 2681 1594 2694 ,
1621 2676 1665 2687 so-

976 2700 998 2715 ’⁸
1010 2699 1079 2727 Ideni
1101 2699 1171 2727 infra
1187 2700 1212 2725 in
1231 2699 1304 2726 decr.
1340 2698 1435 2732 Steph.
1487 2698 1509 2718 ’³
1528 2697 1554 2724 3.
1571 2703 1599 2732 q.
1624 2696 1635 2722 Ι
1657 2703 1665 2721 :

36 2731 398 2802 sli-'afiipropri'is.
435 2738 458 2754 "
473 2738 557 2765 Cone.
577 2737 656 2764 Rom.
675 2736 756 2776 vpub
775 2731 948 2771 Symmacho.
985 2735 1007 2753 ’⁷
1029 2735 1140 2762 Adrian.
1160 2734 1222 2763 coll.
1238 2735 1265 2761 5.
1303 2735 1326 2750 ⁸⁸
1339 2735 1366 2761 5.
1383 2731 1434 2768 (1.1
1452 2743 1458 2761 :
1475 2731 1600 2767 Episc0pi
1613 2732 1634 2758 si
1651 2738 1667 2758 a

36 2778 168 2809 propriis.
206 2776 256 2803 "l
282 2795 288 2802 .
301 2783 328 2809 q.
349 2774 361 2801 Ι
376 2783 383 2800 :
398 2772 604 2809 Statuimus,_ut
619 2773 642 2799 si
658 2771 907 2809 quiselericorum.
944 2771 952 2786 ¹
969 2770 1127 2809 C_u£ia_h;tc
1137 2770 1214 2809 valde
1236 2774 1364 2809 suspecta
1389 2773 1432 2809 est
1444 2769 1522 2809 “Ant.
1549 2767 1665 2809 August.

36 2778 168 2812 propriis.

39 2804 65 2847 in
87 2804 156 2847 Icap.
185 2811 221 2839 58
241 2804 321 2847 Coll;
339 2809 407 2847 Adr.
445 2804 649 2847 ζορλιρέζιοφ.
666 2804 680 2833 v
692 2807 753 2847 sub.
772 2805 945 2847 Symmacho:
984 2805 994 2821 ³
1008 2804 1209 2840 S.Greg.Past.
1221 2812 1246 2839 p.
1264 2804 1329 2837 ll,c.
1344 2804 1370 2831 5.

322 2771 330 2800 ἶ
349 2774 361 2801 Ι
376 2783 383 2800 :
398 2772 558 2805 Statuimus,
576 2778 604 2799 ut
619 2773 642 2799 si
658 2771 721 2806 quis
732 2771 904 2806 clericorum.

944 2771 952 2786 ¹
969 2770 1051 2797 Curia
1071 2771 1127 2797 lure
1139 2770 1214 2797 valde
1236 2774 1364 2804 suspecta
1389 2767 1432 2796 est
1459 2769 1522 2795 Ant.
1549 2767 1665 2802 August.

944 2826 945 2830 η
984 2805 994 2821 ³
1008 2804 1126 2830 S.Greu.
1137 2804 1209 2830 Past.
1221 2812 1246 2830 n.
1264 2804 1294 2830 ll.
1305 2814 1329 2830 c.
1344 2804 1370 2830 5.
1418 2807 1428 2820 ⁵
1443 2803 1537 2830 M’atth.
1563 2810 1595 2830 ι.
1611 2800 1665 2830 9A:

35 2846 104 2882 ~Luc.
128 2841 169 2882 in,
190 2847 238 2874 40.
277 2845 288 2861 '
300 2843 386 2872 Eccli.
404 2851 431 2877 ι,
445 2843 472 2878 'l,
487 2844 533 2877 25,
546 2843 592 2877 9.4,
612 2843 656 2870 3t.
695 2843 705 2858 ⁶
722 2841 806 2870 Ectli.
826 2849 863 2876 XI,
879 2842 906 2873 'l,
927 2841 953 2869 8.
