1861 3052
211 91 261 119 I95

209 152 338 187 Exemplo
354 152 438 180 Cliam
452 151 498 181 lilii
512 150 568 178 Noe
579 151 589 166 "
605 170 612 181 ,
638 150 801 177 damnantur
815 149 861 184 qui
881 154 988 184 patrum

207 207 320 226 suorum
341 199 433 232 culpas
449 198 475 224 in
492 197 628 231 publicum
645 196 763 231 produnt
781 196 803 229 ⁸,
822 199 868 222 aut
882 203 929 222 eos
944 203 989 222 ac-

208 252 306 271 cusare
321 245 362 271 vel
377 244 516 271 detrahere
531 246 700 277 praesumunt
716 251 722 268 :
738 241 822 268 velttti
833 241 928 273 Cham,
941 241 988 276 qui

209 290 295 325 patris
311 290 352 317 sui
367 288 422 316 Noe
435 288 557 323 pudenda
575 296 630 315 non
645 288 762 323 operuit,
782 287 827 315 sed
844 287 988 314 deridenda

208 335 375 363 monstravit.
397 334 527 361 Similiter
543 339 570 361 et
583 334 620 361 illi
634 334 757 368 exemplo
774 333 837 360 Sam
851 337 878 360 et
890 332 990 368 Japhct

204 382 387 416 justilicantur
398 381 419 412 ³,
437 380 483 415 qui
502 385 656 407 reverenter
668 380 810 414 operiunt,
824 383 851 406 et
862 386 914 406 non
926 386 989 413 pro—

205 427 273 453 dunt
287 434 317 453 ca
337 434 398 461 qua:
414 431 503 460 patres
517 434 582 453 suos
597 426 747 453 excessisse
757 430 936 461 cognoscunt.
957 424 986 452 Si

203 473 274 499 enim
291 480 305 499 a
326 473 377 499 lide
393 472 541 500 deviaverit
560 472 704 508 cpiscopus
719 492 726 504 ,
744 472 795 499 erit
812 471 988 507 corrigendus

203 519 279 553 prius
290 523 392 545 secrete
407 527 421 545 a
434 519 549 546 subditis
564 519 630 546 suis.
654 518 732 551 Quod
748 519 770 545 si
783 518 986 552 incorrigibilis,

202 563 275 597 quod
298 563 386 590 absit!
413 563 585 597 apparuerit,
611 566 676 589 tunc
697 562 748 588 erit
764 561 934 588 accusandus
953 560 987 587 ad

201 610 332 643 primates
356 614 487 641 suos,aut
501 609 533 636 ad
551 609 639 635 sedem
658 608 845 642 apostolicam.
860 606 913 633 Pro
927 606 987 634 aliis

203 663 267 682 vero
285 656 390 683 actibus
404 656 461 683 suis
478 655 566 690 magis
577 659 619 682 est
633 654 788 682 tolerandus
806 655 840 680 ab
852 653 948 680 ovibus
962 657 988 680 et

202 702 319 729 subditis
334 702 390 728 suis
401 721 407 733 ,
429 709 510 736 quam
528 700 710 731 accusandus,
729 703 775 726 aut
788 699 893 733 publice
910 698 988 725 dero-

202 748 325 782 gan-lus;
348 748 410 782 quia
433 755 495 774 cum
512 747 538 773 in
554 746 593 773 eis
607 754 621 772 a
645 745 761 773 subditis
777 744 941 779 delinquitur
953 744 985 775 '°,

200 792 261 826 ejus
286 792 448 820 ordinationi
473 792 607 824 obviatur,
634 791 742 825 quieos
762 790 786 817 ei
800 790 927 825 prmtulit,
944 790 986 816 di-

200 844 278 865 cente
295 838 424 873 Apostolo
443 848 450 866 :
468 838 515 865 Det
537 838 701 864 ordinationi
724 838 833 869 resistit,
854 838 899 872 qui
912 842 985 872 pote-

200 886 264 913 stati
281 885 378 912 resistit
390 886 423 911 “.
447 884 499 917 Qui
520 891 584 911 vero
601 884 812 918 omnipotentem
833 882 915 910 Deum
930 890 986 910 me-

200 933 253 959 tuit
270 932 302 964 ¹¹,
316 940 365 959 nec
378 937 474 958 contra
488 930 676 965 Evangelium,
694 937 744 957 nec
759 933 855 957 centra
875 933 985 964 aposto-

200 978 252 1009 lns,
267 986 317 1005 nec
332 982 426 1005 contra
439 977 585 1012 prophetas
597 977 638 1003 vel
655 980 810 1003 sanctorum
824 975 934 1002 Patrum
946 975 986 1001 in-

199 1023 307 1056 stituta,
320 1023 420 1058 aliquid
437 1023 492 1049 ullo
504 1023 584 1049 modo
597 1029 678 1057 agere
688 1022 832 1048 consentit.
852 1020 984 1047 Sacerdo-

199 1074 241 1097 tes
261 1077 325 1104 ergo
349 1068 500 1096 honorandi
518 1072 593 1099 sunt,
613 1076 667 1094 non
684 1067 819 1095 lacerandi
837 1067 877 1093 vel
890 1074 986 1101 expro-

199 1115 295 1142 brandi
319 1119 391 1142 sunt.
409 1114 519 1149 Legitur
531 1114 558 1140 in
576 1112 768 1140 Ecclesiastico
786 1121 792 1138 :
812 1111 845 1138 In
860 1116 916 1138 tota
929 1111 987 1137 ani-

199 1169 243 1188 ma
259 1166 304 1188 tua
326 1161 387 1187 time
408 1160 504 1194 Deum,
530 1164 554 1186 et
580 1159 728 1186 sacerdotes
750 1158 824 1185 illius
836 1158 984 1192 sanctiﬁca.

200 1208 234 1235 In
253 1209 324 1235 omni
340 1207 437 1234 virtute
451 1211 497 1233 tua
512 1206 593 1241 dilige
605 1213 663 1232 eum
677 1205 721 1240 qui
739 1209 762 1231 te
777 1205 855 1239 fecit,
874 1208 897 1230 et
912 1202 986 1229 mini-

199 1259 267 1281 stros
289 1253 345 1288 ejus
371 1261 422 1280 non
445 1252 622 1286 derelinquas.
651 1251 761 1277 Honora
783 1249 867 1276 Deum
881 1257 913 1276 ea;
931 1254 986 1276 tota

199 1300 288 1326 anima
302 1305 360 1332 tua,
385 1303 409 1326 et
434 1298 581 1332 honori/ica
594 1298 766 1329 sacerdotem,
779 1301 802 1323 et
818 1304 949 1330 prapurga
962 1301 986 1322 te

199 1355 257 1373 cum
279 1346 405 1372 brachiis.
430 1344 470 1371 Da
492 1344 533 1371 illi
552 1348 670 1379 partem,
690 1344 758 1369 sicut
775 1342 928 1368 mandatum
948 1348 986 1368 est

199 1392 257 1424 tibi,
281 1392 472 1427 primitiarum,
502 1395 526 1418 et
547 1391 578 1417 de
602 1389 759 1425 negligentia
775 1396 858 1422 purga
880 1392 904 1414 te
926 1395 986 1414 cum

198 1439 297 1473 paucis.
325 1438 426 1465 Datum
453 1436 620 1464 brachiorum
645 1440 761 1466 tuorum,
776 1439 800 1462 et
824 1434 986 1468 sacriﬁcium

197 1485 419 1520 sanctiﬁcationis
436 1484 530 1519 o/fercs
548 1482 672 1515 Domino,
688 1486 711 1508 et
725 1481 801 1508 initia
813 1485 984 1512 sanctorum;

196 1537 222 1559 et
235 1531 344 1567 pauperi
361 1531 467 1565 porrige
487 1537 595 1556 manum
613 1534 697 1561 tuam,
714 1532 743 1554 ut
763 1527 915 1562 perﬁciatur
928 1535 986 1562 pro~

196 1579 302 1613 pitiatia
318 1582 342 1604 et
362 1576 507 1603 benedictio
533 1581 579 1601 tua
595 1575 626 1601 “.
646 1573 709 1601 Haec
724 1581 777 1600 non
800 1573 985 1600 tantummodo

197 1625 287 1657 vobis,
310 1623 357 1650 sed
378 1622 507 1650 omnibus
523 1620 656 1648 fratribus
668 1627 716 1654 per
727 1627 775 1646 vos
786 1623 850 1646 nota
870 1618 984 1646 Iierivo-

197 1670 298 1702 lumus,
318 1673 349 1695 ut
368 1667 527 1699 unanimes,
545 1674 628 1693 unum
647 1665 806 1697 sentientes,
825 1672 984 1700 permanea-

197 1724 259 1743 mus
274 1716 299 1742 in
312 1714 421 1742 Christo
435 1713 503 1740 nihil
518 1719 566 1747 per
577 1711 779 1739 contentionem
795 1710 874 1738 nobis
891 1710 922 1743 ν’,
937 1717 984 1737 ne~

198 1770 251 1797 que
270 1769 317 1796 per
335 1760 442 1787 inanem
459 1757 573 1792 gloriam
588 1757 775 1789 vindicantes,
797 1764 851 1783 non
865 1755 984 1783 homini-

198 1807 259 1839 bus,
271 1806 316 1833 sed
335 1805 388 1833 Deo
400 1804 534 1834 Salvatori
547 1806 640 1830 nostro
654 1801 801 1836 placentes.
817 1799 866 1828 Cui
884 1805 925 1828 est
938 1800 984 1827 ho-

198 1861 248 1880 nor
264 1857 291 1880 et
305 1851 389 1888 gloria
401 1851 428 1878 in
444 1850 605 1878 saeculorum
618 1847 727 1875 saecula.
743 1848 838 1874 Amen.

476 1915 646 1943 EPISTOLA
666 1914 709 1942 Ill.

416 1972 448 1990 AD
469 1971 512 1990 HIL
518 1970 598 1989 Milli}!
618 1968 774 1988 EPISCOPUII.

199 2011 231 2036 Ut
244 2011 373 2042 peregrina
383 2010 473 2039 judicia
489 2011 638 2039 respuantur
647 2010 721 2042 atque
740 2007 867 2042 accusatus
890 2004 920 2040 in.
937 2011 982 2029 suo

231 2035 283 2067 Ideo
302 2035 398 2066 causam
416 2047 483 2064 suam
506 2035 622 2070 peragat,
635 2041 662 2062 et
681 2035 711 2062 ut
727 2037 806 2070 omnis
823 2037 865 2067 qui
886 2035 982 2070 crimen

229 2066 326 2103 objicit.
348 2071 440 2096 scribat
463 2077 491 2094 se
504 2066 673 2103 probaturum,
685 2071 720 2103 et
731 2069 752 2092 si
769 2074 819 2103 non
841 2066 982 2097 probaverit

227 2099 403 2135 qubd’objicit,
416 2099 512 2133 pinnam
521 2107 593 2132 quam
610 2100 733 2129 intulerit,
746 2099 860 2130 patiatur.

198 2159 219 2186 I.
248 2158 300 2190 Qui
311 2165 361 2184 non
374 2156 483 2183 debeant
494 2154 600 2190 admitti
614 2153 648 2179 ad
664 2151 868 2179 accusationem.

200 2194 231 2221 ll.
250 2189 288 2220 De
307 2191 448 2227 peregrinis
456 2189 577 2224 judiciis.

199 2228 242 2256 Ill.
267 2228 301 2255 De
324 2227 445 2262 pulsatis.
524 2259 529 2262 _
626 2258 649 2262 η
711 2257 717 2262 _
792 2256 798 2262 _
832 2255 856 2262 μ

200 2263 244 2291 IV.
265 2263 294 2291 Si
313 2255 370 2298 riuis
384 2263 469 2289 iratus
492 2259 590 2286 crimen
607 2257 728 2293 objecerit
739 2277 746 2290 ,
759 2256 798 2283 vel
813 2255 912 2290 objecta
930 2262 980 2281 non

201 2333 233 2361 V.
255 2299 433 2395 SErggiis’bbghs
449 2335 588 2359 accusatus
600 2330 688 2362 sedem
705 2326 878 2362 apostolicam
891 2324 981 2359 appet-

282 2373 345 2395 avu.

282 2373 345 2395 avit.

225 2423 405 2452 Dilectissimo
424 2423 499 2450 fratri
520 2422 634 2449 [humo
651 2419 778 2455 episcopo
798 2417 942 2444 Faunus.

231 2469 338 2500 Divina;
358 2468 431 2495 circa
450 2475 500 2495 nos
518 2466 611 2502 gratia!
630 2472 765 2493 memores
783 2464 805 2479 ”
825 2469 885 2489 esse
902 2461 983 2488 debe-

201 2523 279 2549 mus,
294 2514 341 2550 qui
362 2522 410 2542 nos
429 2522 477 2549 per
491 2511 654 2548 dignationis
678 2517 734 2538 suae
753 2507 982 2540 misericordiam,

458 2605 468 2620 ⁸
482 2603 545 2631 Isid.
563 2611 603 2633 ιιι,
621 2605 690 2629 sent.
707 2601 751 2627 59.

442 2640 462 2656 ιι
478 2639 557 2665 Rom.
575 2645 636 2667 xm,
653 2636 680 2663 2.

237 2607 247 2623 ⁷
258 2607 355 2634 Genes.
372 2614 409 2633 ιιι.

201 2641 274 2669 Past.
285 2650 326 2674 III,
335 2649 359 2668 c.
376 2641 402 2668 5.

201 2665 485 2704 ξιῖῖὲίηπῆἷιιιιίιιε
500 2681 569 2708 papa
582 2673 611 2700 S.
627 2665 725 2698 Leonis
743 2665 956 2708 successor,_ep.
973 2666 1013 2708 δὲ.

202 2699 332 2738 iidem
354 2699 577 2743 usique-episth
599 2699 733 2734 habentur
748 2705 828 2732 etiam
851 2704 878 2730 in
888 2699 956 2729 decr

203 2747 246 2770 I7.
262 2754 293 2770 ex
310 2747 376 2770 (Ind.
391 2745 511 2770 Theod..
528 2744 574 2770 lib.
590 2751 627 2770 ιι.
643 2742 684 2768 tit.
699 2742 726 2770 l,
743 2744 830 2767 const.
849 2738 893 2765 10.
931 2737 954 2753 ¹⁶

1007 2700 1054 2727 ixti
1068 2699 1111 2726 Ill.

1016 2739 1110 2770 quaest.

887 2758 901 2802 ἱ,
915 2771 958 2800 5t.

1006 2756 1162 2802 ινῖἦῖὲὶιῖτζ
1180 2756 1284 2794 λιῶἶῶ
1306 2756 1337 2792 iii
1344 2756 1458 2802 ricohst.
1481 2762 1567 2802 2.__l5
1584 2756 1686 2802 ergo;
1702 2756 1827 2802 Ψ.ιὸοζ

203 2747 247 2778 ΓΙ.
262 2754 294 2773 ex
310 2747 376 2773 Cod.
391 2738 511 2775 'I‘heod.,
528 2744 574 2770 lib.
590 2751 627 2774 ιι,
643 2742 684 2778 tit.
699 2742 726 2773 l,
738 2744 830 2778 citust:

204 2782 232 2808 Si
241 2774 308 2815 'quts
325 2782 383 2816 jud.
405 2781 444 2816 in
464 2774 681 2816 videAdmou.
698 2784 722 2803 c.
736 2775 781 2816 Ξῖ,
799 2774 846 2816 sa,
856 2774 901 2805 55,

203 2809 263 2842 libri
279 2825 303 2843 xi
315 2809 381 2842 Cod.
397 2815 512 2845 Theod.,
529 2821 633 2840 necnon
647 2816 739 2839 notata
755 2810 816 2837 Ant.
832 2809 901 2845 Aug.

203 2852 219 2879 ti
227 2871 235 2884 ,
250 2852 300 2885 Qui
312 2851 425 2879 crimen.

873 89 901 116 S.
924 87 1063 115 FABIANI
1083 87 1182 115 ΡΑΡᾹΞ

995 2174 1018 2202 D

815 2600 825 2615 ν
840 2598 906 2633 Sup.
918 2596 1046 2633 illabetur
1065 2594 1134 2621 idem
1158 2593 1185 2620 in
1204 2591 1289 2633 epist;
1306 2588 1547 2633 bnaclet’i'pltinma.

720 2635 740 2651 ι’
757 2635 800 2661 II.
814 2642 842 2669 q.
855 2630 894 2661 5':
909 2632 962 2665 Qui
973 2630 1198 2669 omnipo-terrteut:

939 2795 961 2822 δῖ
974 2795 1071 2840 5ίῆξί
1084 2795 1237 2840 νενιῖιιινειιιιιξ
1249 2806 1325 2840 ante.
1358 2800 1381 2816 υ
1397 2798 1548 2840 Adr.‘col'l_:l
1564 2795 1658 2840 9’56.

512 2831 923 2880 ιἶ’ῊᾶἷῶἦξἬξὲἷᾉὶἑιῖἕάο
938 2842 967 2870 in
978 2831 1106 2873 cerist.5,
1122 2839 1163 2866 tit.
1191 2836 1273 2874 primi
1299 2836 1346 2863 lib.
1372 2843 1398 2862 Ix
1423 2833 1489 2862 Cod.
1517 2831 1620 2860 Theod.

1785 86 1838 114 I96

1005 151 1028 178 Α
1041 148 1076 175 ob
1091 148 1142 174 hoc
1156 148 1188 174 ad
1201 146 1339 182 fastigium
1358 145 1525 173 sacerdotale
1543 146 1682 181 provexit,
1697 151 1726 173 ul
1753 153 1838 172 man—

1040 193 1110 220 datis
1127 193 1212 227 ipsius
1234 192 1414 224 inhaerentes,
1432 196 1458 219 et
1475 192 1501 219 in
1519 193 1635 227 quadam
1654 192 1836 219 sacerdotum

1038 238 1096 273 ejus
1115 238 1222 272 specula
1242 238 1399 270 constituti,
1413 238 1606 272 prohibeamus
1626 238 1720 265 illicita
1738 242 1769 264 ct
1792 245 1837 263 se-

1038 283 1145 317 quenda
1157 283 1314 310 doceamus.
1334 282 1361 309 In
1375 287 1479 310 tantum
1497 284 1569 310 enim
1587 283 1612 310 in
1629 283 1759 310 occiduis
1774 291 1837 317 par-

1039 328 1111 355 tibus
1122 349 1129 361 ,
1148 328 1247 363 quibus
1261 329 1377 356 moraris
1388 350 1395 362 ,
1409 329 1561 356 audivimus
1576 329 1705 356 astutiam
1725 329 1836 355 diaboli

1039 375 1134 402 saevire
1148 375 1176 401 in
1189 375 1316 409 populum
1333 375 1354 390 ”
1370 374 1553 402 Christianum
1566 395 1573 409 ,
1585 381 1666 409 atque
1682 375 1836 410 multiplici

1038 420 1195 455 deceptione
1211 428 1384 456 prorumpere
1397 440 1404 453 ,
1420 425 1517 448 utnon
1531 421 1617 448 solum
1634 421 1721 449 laicos
1742 429 1837 448 saecu-

1038 465 1109 493 lares
1121 487 1128 498 ,
1140 466 1185 493 sed
1203 467 1276 500 ipsos
1293 474 1402 501 quoque
1423 466 1530 493 Domini
1553 467 1709 494 sacerdotes
1723 471 1838 501 premat

1038 516 1117 547 atque.
1130 516 1216 539 vexet.
1232 511 1308 539 Unde
1320 533 1327 545 ,
1343 512 1369 539 in
1385 513 1477 547 grandi
1492 520 1609 540 maerore
1632 513 1735 548 positi,
1749 513 1837 539 dissi-

1038 558 1141 586 mulare
1159 567 1212 586 non
1229 567 1375 593 possumus
1394 558 1467 594 quod
1484 559 1618 593 corrigere
1632 560 1769 586 atrociter
1788 559 1837 585 dc-

1038 605 1142 632 bemus.
1162 604 1331 639 Quapropter
1354 609 1511 639 competens
1530 605 1681 632 adhibenda
1703 611 1749 632 est
1773 605 1838 631 tali-

1038 651 1088 679 bus
1106 652 1206 679 medela
1222 653 1394 684 vulneribus,
1411 660 1445 679 ne
1464 652 1607 679 immatura
1629 652 1749 679 curandi
1769 651 1838 679 faci-

1037 697 1115 729 litas,
1141 698 1280 725 mortifera
1306 698 1402 733 capitis
1426 703 1501 733 peste
1529 699 1595 725 nihil
1618 698 1740 733 possit”
1756 719 1764 730 ,
1787 698 1836 724 sed

1037 745 1148 780 segnius
1163 749 1246 772 tracta
1261 746 1395 780 pernicies
1406 765 1414 777 ,
1435 750 1510 772 reatu
1530 753 1582 773 non
1601 746 1732 780 legitima:
1746 752 1835 772 cura-

1003 820 1024 847 B
1036 791 1133 823 tionis,
1148 791 1265 818 involvat
1278 791 1379 826 pariter
1393 792 1529 818 sauciatos
1543 796 1568 818 et
1584 792 1737 818 medentes.

1072 879 1090 906 I.
1101 879 1140 907 0b
1150 879 1176 906 id
1183 887 1247 915 ergo
1259 884 1407 907 statuentes
1417 880 1588 907 decernimus
1598 879 1698 911 uthi",
1711 879 1764 914 qui
1777 888 1836 907 non

1037 934 1100 955 sunt
1116 928 1193 955 bona:
1207 927 1421 955 conversationis
1433 947 1440 959 ,
1452 931 1499 954 aut
1514 935 1629 962 quorum
1646 927 1703 954 vita
1721 933 1769 955 est
1787 936 1835 955 ac-

1037 974 1173 1006 cusabilis,
1186 978 1232 1000 aut
1243 981 1358 1008 quorum
1371 974 1448 1005 ﬁdes,
1461 974 1515 1000 vita
1528 978 1555 1000 ct
1566 973 1678 1000 libertas
1691 974 1835 1006 nescitur,

1036 1027 1089 1047 non
1104 1020 1208 1055 possint
1227 1019 1334 1046 Domini
1357 1020 1512 1047 sacerdotes
1532 1026 1662 1046 accusare
1675 1039 1682 1051 ,
1706 1027 1745 1046 ne
1762 1020 1836 1046 Viles

1035 1074 1157 1101 persona:
1178 1066 1210 1093 ad
1235 1066 1437 1093 accusationem
1459 1073 1552 1092 eorum
1575 1064 1771 1092 admittantur.
1791 1065 1835 1092 Si-

1036 1113 1136 1139 militer
1147 1112 1173 1140 hi
1183 1131 1190 1144 ,
1205 1111 1251 1146 qui
1268 1112 1294 1138 in
1305 1111 1442 1145 aliquibus
1452 1111 1612 1138 criminibus
1627 1111 1730 1137 irretiti
1752 1117 1833 1142 sunt,

1036 1159 1076 1186 vel
1096 1158 1141 1193 qui
1161 1162 1225 1185 sunt
1243 1157 1404 1192 suspiciosi,
1426 1165 1519 1185 vocem
1532 1158 1681 1189 adversum
1703 1157 1836 1192 majores

1036 1210 1100 1232 natu
1117 1212 1170 1231 nun
1191 1205 1309 1232 habeant
1324 1203 1490 1235 accusandi;
1512 1203 1574 1237 quia
1596 1203 1759 1238 suspiciosa
1779 1211 1835 1230 vox

1035 1254 1062 1277 et
1075 1249 1184 1276 inimica
1195 1249 1335 1276 veritatem
1348 1248 1418 1276 solet
1432 1249 1594 1283 opprimere.

1071 1328 1101 1355 ll.
1115 1328 1258 1363 Peregrina
1273 1334 1337 1354 vero
1350 1327 1370 1343 "
1379 1326 1492 1361 judicia,
1502 1325 1575 1353 salva
1585 1325 1612 1351 in
1621 1325 1756 1352 omnibus
1765 1332 1835 1359 apo-

1035 1374 1131 1401 stolica
1151 1373 1321 1405 auctoritate,
1337 1372 1454 1407 generali
1469 1371 1608 1399 sanctione
1622 1370 1811 1404 prohibemus
1826 1391 1833 1401 .

1035 1420 1097 1454 quia
1121 1419 1260 1453 indignum
1278 1423 1320 1446 est
1339 1418 1373 1445 ab
1393 1417 1532 1448 externis,
1557 1421 1587 1444 ut
1607 1416 1763 1451 judicetur,
1785 1418 1833 1451 qui

1035 1465 1213 1501 provinciales
1231 1469 1258 1492 et
1277 1472 1293 1492 a
1314 1472 1342 1492 se
1363 1464 1465 1491 electos
1485 1463 1564 1491 debet
1585 1462 1813 1496 haberejudices
1826 1483 1833 1493 ,

999 1504 1018 1531 (ἶ
1035 1512 1087 1539 nisi
1106 1512 1187 1539 fuerit
1207 1511 1381 1546 appellatum.
1406 1509 1481 1537 Unde
1502 1514 1609 1544 oportet
1623 1509 1657 1542 ",
1674 1509 1697 1535 si
1721 1509 1831 1544 aliquis

1035 1559 1221 1594 episcoporum
1241 1565 1322 1592 super
1339 1557 1418 1584 certis
1437 1559 1579 1583 accusetur
1596 1555 1767 1582 criminibus
1778 1576 1786 1585 ,
1805 1561 1834 1582 ut

1034 1606 1069 1633 ab
1083 1605 1210 1633 omnibus
1224 1604 1350 1631 audiatur
1364 1604 1410 1638 qui
1428 1607 1491 1630 sunt
1513 1602 1541 1629 in
1561 1601 1702 1636 provincia
1717 1602 1834 1636 episco-

1035 1652 1088 1686 pis,
1103 1651 1166 1686 quia
1181 1658 1235 1677 non
1258 1654 1365 1685 oportet
1383 1653 1539 1676 accusatum
1556 1647 1670 1680 alicubi,
1689 1655 1781 1682 quam
1805 1649 1832 1674 in

1035 1698 1094 1726 foro
1113 1705 1182 1729 suo,
1197 1698 1295 1724 audiri.
1317 1697 1345 1724 Si
1370 1696 1432 1731 quis
1452 1703 1517 1722 vero
1532 1695 1651 1731 judicem
1674 1695 1832 1722 adversum

1034 1745 1084 1773 sibi
1095 1745 1210 1772 senserit
1226 1744 1258 1776 ",
1274 1751 1366 1771 vocem
1381 1743 1568 1777 appellationis
1581 1741 1710 1769 exhibeat
1722 1742 1758 1768 “.
1773 1743 1835 1777 Ap-

1034 1791 1176 1826 pellantcm
1199 1794 1288 1817 autem
1306 1797 1358 1816 non
1375 1789 1454 1816 debet
1467 1788 1575 1815 alIIictio
1589 1787 1642 1814 ulla
1661 1792 1709 1814 aut
1730 1787 1835 1814 ἀειι-ιι-

1033 1837 1115 1865 tionis
1133 1837 1262 1872 injuriare
1274 1835 1415 1868 custodia;
1438 1835 1484 1862 sed
1506 1834 1585 1861 liceat
1606 1833 1770 1868 appellatori
1792 1834 1835 1859 vi-

1033 1884 1126 1910 tiatam
1140 1891 1250 1910 causam
1265 1881 1453 1917 appellationis
1469 1879 1590 1907 remedio
1602 1878 1760 1906 sublevare.
1782 1878 1833 1905 Li-

1033 1934 1093 1957 ceat
1115 1929 1198 1956 etiam
1221 1929 1248 1955 in
1270 1928 1361 1955 causis
1384 1926 1572 1955 criminalibus
1596 1925 1746 1960 appellare.
1770 1923 1836 1952 Nec

1032 1983 1084 2002 vox
1104 1973 1253 2010 appellandi
1272 1974 1419 2008 deuegetur
1437 1971 1480 2004 ei,
1500 1978 1580 2006 quem
1600 1968 1738 2004 supplicio
1759 1976 1833 1995 scn-

1033 2020 1117 2048 tentia
1132 2018 1285 2047 destinarit.

1067 2100 1111 2127 Ill.
1124 2100 1250 2127 Pulsatus
1259 2101 1321 2125 ante
1327 2104 1406 2124 suum
1415 2095 1533 2131 judicem
1543 2101 1654 2122 causam
1664 2092 1741 2120 dica’t
1750 2093 1789 2126 ¹³;
1804 2099 1835 2120 et

1033 2153 1095 2175 ante
1109 2154 1164 2174 non
1184 2152 1264 2173 suum
1278 2144 1396 2179 judicem
1408 2163 1416 2175 ,
1433 2142 1555 2177 pulsatus
1567 2160 1574 2173 ,
1591 2141 1614 2168 si
1628 2139 1767 2172 voluerit,
1789 2145 1833 2167 la-

1032 2200 1110 2226 ceat;
1128 2197 1155 2220 et
1171 2196 1202 2219 ut
1212 2190 1336 2227 pulsatis,
1355 2189 1464 2225 quoties
1476 2186 1688 2223 appellaverint,
1703 2185 1833 2214 inducia:

1032 2241 1131 2268 dentur
1147 2238 1180 2265 ιδ.

1070 2319 1115 2346 IV.
1126 2318 1155 2346 Si
1170 2318 1232 2353 quis
1243 2325 1307 2352 ergo
1318 2317 1404 2344 iratus
1414 2314 1517 2341 crimen
1531 2311 1641 2347 aliquod
1652 2310 1766 2338 cuilibet
1787 2315 1831 2338 te-

1033 2373 1108 2393 mere
1127 2364 1300 2400 objccerit",
1319 2361 1473 2390 convicium
1495 2367 1548 2386 non
1571 2364 1612 2386 est
1635 2364 1685 2392 pro
1705 2364 1831 2384 accusa-

1033 2412 1107 2439 tione
1117 2409 1270 2438 habendum
1284 2418 1292 2442 ;
1307 2408 1368 2440 sed,
1383 2406 1516 2442 permisso
1530 2403 1661 2432 tractandi
1675 2402 1784 2437 spatio,
1799 2403 1828 2429 id

1034 2456 1107 2492 quod
1126 2457 1211 2484 iratus
1222 2455 1290 2482 dixit
1305 2454 1339 2486 ’³,
1351 2461 1399 2488 per
1411 2452 1574 2487 scripturam
1593 2457 1622 2477 se
1637 2449 1828 2484 probaturum

1035 2510 1096 2530 esse
1110 2501 1245 2534 fateatur;
1260 2505 1289 2528 ut
1299 2519 1307 2532 ,
1322 2499 1344 2527 si
1359 2498 1474 2526 fortasse
1487 2497 1651 2532 resipiscens
1662 2516 1669 2527 ,
1686 2502 1749 2530 qua:
1765 2503 1830 2530 prae

1599 2587 1620 2602 ¹⁰
1642 2585 1671 2612 S.
1689 2584 1827 2619 (ἔνθεοι-η

1438 2623 1511 2650 1-56.
1551 2623 1674 2649 “lnnoc.
1692 2619 1713 2648 l.
1731 2628 1779 2681 cpi.
1794 2621 1826 2652 Ξ,

1437 2659 1460 2681 ἧς
1477 2663 1551 2681 ueste
1568 2665 1620 2681 non
1636 2656 1732 2681 nrosit.
1776 2664 1823 2681 anc

1343 2660 1363 2675 ¹⁷
1374 2660 1460 2694 captis
1477 2663 1551 2693 peste
1568 2665 1620 2684 non
1636 2660 1732 2691 prosit.
1748 2660 1823 2683 Haec

1344 2715 1351 2719 .
1383 2702 1408 2719 α.
1434 2693 1478 2719 15.
1523 2693 1544 2709 ι’
1565 2692 1634 2719 idem
1660 2690 1725 2717 Adr.
1756 2697 1823 2719 can.

1565 2699 1634 2719 mem
1660 2699 1725 2717 aur.
1756 2699 1827 2725 cap.

1564 2728 1586 2742 ἰ
1617 2726 1642 2758 1,
1668 2725 1827 2760 (intestati,

1237 2626 1258 2642 ¹³
1271 2623 1511 2654 Eccli.vu."51-36.

1080 2663 1153 2691 Felix
1167 2662 1211 2695 IlI,
1224 2661 1303 2696 ep.7.

1149 2698 1172 2714 ’⁸
1189 2693 1255 2725 Adii
1272 2695 1333 2724 coll.
1344 2715 1352 2727 ,
1383 2693 1415 2721 c.’
1434 2693 1478 2720 15.

1036 2739 1110 2762 uaest.
1124 2733 1140 2760 6
1156 2742 1162 2760 :
1179 2733 1207 2760 Si
1224 2731 1285 2764 quis
1308 2731 1508 2764 episcoporum.

1706 2796 1729 2812 ⁸⁵
1751 2795 1826 2830 Lq.
