  <div class='ocr_page' id='page_1' title='image "/cluster/home/n/w/nwhite01/storage/ocr_20150623/10/njp.32101077772406/116.png"; bbox 0 0 1861 3052; ppageno 0'>
   <div class='ocr_carea' id='block_1_1' title="bbox 54 99 90 126">
    <p class='ocr_par' dir='ltr' id='par_1_1' title="bbox 54 99 90 126">
     <span class='ocr_line' id='line_1_1' title="bbox 54 99 90 126; baseline -0.056 0"><span class='ocrx_word' id='word_1_1' title='bbox 54 99 90 126; x_wconf 77' lang='grc'><strong>197</strong></span> 
     </span>
    </p>
   </div>
   <div class='ocr_carea' id='block_1_2' title="bbox 55 153 847 187">
    <p class='ocr_par' dir='ltr' id='par_1_2' title="bbox 55 153 847 187">
     <span class='ocr_line' id='line_1_2' title="bbox 55 153 847 187; baseline -0.008 -2"><span class='ocrx_word' id='word_1_2' title='bbox 55 155 166 185; x_wconf 74' lang='lat' dir='ltr'><strong>iracundia</strong></span> <span class='ocrx_word' id='word_1_3' title='bbox 183 155 261 184; x_wconf 81' lang='lat' dir='ltr'><strong>dixit.</strong></span> <span class='ocrx_word' id='word_1_4' title='bbox 276 154 380 181; x_wconf 86' lang='lat' dir='ltr'><strong>iterare</strong></span> <span class='ocrx_word' id='word_1_5' title='bbox 400 158 447 182; x_wconf 88' lang='lat' dir='ltr'><strong>aut</strong></span> <span class='ocrx_word' id='word_1_6' title='bbox 468 154 585 182; x_wconf 82' lang='lat' dir='ltr'><strong>scribere</strong></span> <span class='ocrx_word' id='word_1_7' title='bbox 604 153 731 185; x_wconf 76' lang='lat' dir='ltr'><strong>noluerit,</strong></span> <span class='ocrx_word' id='word_1_8' title='bbox 756 160 811 180; x_wconf 90' lang='lat' dir='ltr'><strong>non</strong></span> <span class='ocrx_word' id='word_1_9' title='bbox 826 159 847 187; x_wconf 71' lang='grc' dir='ltr'><strong>Α</strong></span> 
     </span>
    </p>
   </div>
   <div class='ocr_carea' id='block_1_3' title="bbox 55 199 809 234">
    <p class='ocr_par' dir='ltr' id='par_1_3' title="bbox 55 199 809 234">
     <span class='ocr_line' id='line_1_3' title="bbox 55 199 809 234; baseline -0.007 -4"><span class='ocrx_word' id='word_1_10' title='bbox 55 210 75 231; x_wconf 83' lang='lat' dir='ltr'><strong>in</strong></span> <span class='ocrx_word' id='word_1_11' title='bbox 85 211 136 230; x_wconf 82' lang='lat' dir='ltr'><strong>reus</strong></span> <span class='ocrx_word' id='word_1_12' title='bbox 148 201 262 229; x_wconf 88' lang='lat' dir='ltr'><strong>criminis</strong></span> <span class='ocrx_word' id='word_1_13' title='bbox 280 205 416 228; x_wconf 84' lang='lat' dir='ltr'><strong>teneatur.</strong></span> <span class='ocrx_word' id='word_1_14' title='bbox 436 200 531 228; x_wconf 83' lang='lat' dir='ltr'><strong>Omnis</strong></span> <span class='ocrx_word' id='word_1_15' title='bbox 548 207 612 233; x_wconf 75' lang='lat' dir='ltr'><strong>ergo</strong></span> <span class='ocrx_word' id='word_1_16' title='bbox 623 221 630 232; x_wconf 90' lang='lat'><strong>,</strong></span> <span class='ocrx_word' id='word_1_17' title='bbox 645 199 691 234; x_wconf 89' lang='lat' dir='ltr'><strong>qui</strong></span> <span class='ocrx_word' id='word_1_18' title='bbox 708 199 809 226; x_wconf 84' lang='lat' dir='ltr'><strong>crimen</strong></span> 
     </span>
    </p>
   </div>
   <div class='ocr_carea' id='block_1_4' title="bbox 55 246 811 282">
    <p class='ocr_par' dir='ltr' id='par_1_4' title="bbox 55 246 811 282">
     <span class='ocr_line' id='line_1_4' title="bbox 55 246 811 282; baseline -0.005 -7"><span class='ocrx_word' id='word_1_19' title='bbox 55 249 128 282; x_wconf 70' lang='lat' dir='ltr'><strong>obiicit</strong></span> <span class='ocrx_word' id='word_1_20' title='bbox 147 249 177 279; x_wconf 83' lang='lat'><strong>&quot;,</strong></span> <span class='ocrx_word' id='word_1_21' title='bbox 198 247 299 274; x_wconf 85' lang='lat' dir='ltr'><strong>scribat</strong></span> <span class='ocrx_word' id='word_1_22' title='bbox 321 255 351 274; x_wconf 87' lang='lat' dir='ltr'><strong>se</strong></span> <span class='ocrx_word' id='word_1_23' title='bbox 374 248 560 282; x_wconf 73' lang='lat' dir='ltr'><strong>probaturum.</strong></span> <span class='ocrx_word' id='word_1_24' title='bbox 580 246 683 273; x_wconf 80' lang='lat' dir='ltr'><strong>Revera</strong></span> <span class='ocrx_word' id='word_1_25' title='bbox 705 253 811 280; x_wconf 78' lang='lat' dir='ltr'><strong>semper</strong></span> 
     </span>
    </p>
   </div>
   <div class='ocr_carea' id='block_1_5' title="bbox 54 291 810 329">
    <p class='ocr_par' dir='ltr' id='par_1_5' title="bbox 54 291 810 329">
     <span class='ocr_line' id='line_1_5' title="bbox 54 291 810 329; baseline -0.008 -6"><span class='ocrx_word' id='word_1_26' title='bbox 54 297 80 323; x_wconf 84' lang='lat' dir='ltr'><strong>ibi</strong></span> <span class='ocrx_word' id='word_1_27' title='bbox 93 303 162 322; x_wconf 87' lang='lat' dir='ltr'><strong>causa</strong></span> <span class='ocrx_word' id='word_1_28' title='bbox 172 299 274 329; x_wconf 79' lang='lat' dir='ltr'><strong>agatur,</strong></span> <span class='ocrx_word' id='word_1_29' title='bbox 293 294 339 320; x_wconf 89' lang='lat' dir='ltr'><strong>ubi</strong></span> <span class='ocrx_word' id='word_1_30' title='bbox 352 294 455 320; x_wconf 87' lang='lat' dir='ltr'><strong>crimen</strong></span> <span class='ocrx_word' id='word_1_31' title='bbox 472 293 631 320; x_wconf 84' lang='lat' dir='ltr'><strong>admittitur.</strong></span> <span class='ocrx_word' id='word_1_32' title='bbox 649 291 682 318; x_wconf 89' lang='lat' dir='ltr'><strong>Et</strong></span> <span class='ocrx_word' id='word_1_33' title='bbox 695 291 739 326; x_wconf 87' lang='lat' dir='ltr'><strong>qui</strong></span> <span class='ocrx_word' id='word_1_34' title='bbox 758 299 810 318; x_wconf 86' lang='lat' dir='ltr'><strong>non</strong></span> 
     </span>
    </p>
   </div>
   <div class='ocr_carea' id='block_1_6' title="bbox 55 337 811 377">
    <p class='ocr_par' dir='ltr' id='par_1_6' title="bbox 55 337 811 377">
     <span class='ocr_line' id='line_1_6' title="bbox 55 337 811 377; baseline -0.005 -9"><span class='ocrx_word' id='word_1_35' title='bbox 55 342 178 377; x_wconf 77' lang='lat' dir='ltr'><strong>probaverit</strong></span> <span class='ocrx_word' id='word_1_36' title='bbox 206 340 278 375; x_wconf 86' lang='lat' dir='ltr'><strong>quod</strong></span> <span class='ocrx_word' id='word_1_37' title='bbox 308 339 423 374; x_wconf 65' lang='lat' dir='ltr'><strong>obiecit,</strong></span> <span class='ocrx_word' id='word_1_38' title='bbox 450 346 557 374; x_wconf 65' lang='lat' dir='ltr'><strong>poenam</strong></span> <span class='ocrx_word' id='word_1_39' title='bbox 582 346 664 373; x_wconf 86' lang='lat' dir='ltr'><strong>quam</strong></span> <span class='ocrx_word' id='word_1_40' title='bbox 688 337 811 364; x_wconf 75' lang='lat' dir='ltr'><strong>intulerit</strong></span> 
     </span>
    </p>
   </div>
   <div class='ocr_carea' id='block_1_7' title="bbox 55 388 221 423">
    <p class='ocr_par' dir='ltr' id='par_1_7' title="bbox 55 388 221 423">
     <span class='ocr_line' id='line_1_7' title="bbox 55 388 221 423; baseline -0.012 -8"><span class='ocrx_word' id='word_1_41' title='bbox 55 397 96 423; x_wconf 81' lang='lat' dir='ltr'><strong>ipse</strong></span> <span class='ocrx_word' id='word_1_42' title='bbox 105 388 221 423; x_wconf 84' lang='lat' dir='ltr'><strong>patiatur.</strong></span> 
     </span>
    </p>
   </div>
   <div class='ocr_carea' id='block_1_8' title="bbox 78 472 811 509">
    <p class='ocr_par' dir='ltr' id='par_1_8' title="bbox 78 472 811 509">
     <span class='ocr_line' id='line_1_8' title="bbox 78 472 811 509; baseline -0.004 -7"><span class='ocrx_word' id='word_1_43' title='bbox 78 475 102 502; x_wconf 67' lang='grc' dir='ltr'><strong>ι’.</strong></span> <span class='ocrx_word' id='word_1_44' title='bbox 109 474 201 502; x_wconf 81' lang='lat' dir='ltr'><strong>Placuit</strong></span> <span class='ocrx_word' id='word_1_45' title='bbox 215 475 309 506; x_wconf 86' lang='lat' dir='ltr'><strong>etiam,</strong></span> <span class='ocrx_word' id='word_1_46' title='bbox 320 478 350 502; x_wconf 81' lang='lat' dir='ltr'><strong>ut</strong></span> <span class='ocrx_word' id='word_1_47' title='bbox 359 473 382 502; x_wconf 91' lang='lat' dir='ltr'><strong>si</strong></span> <span class='ocrx_word' id='word_1_48' title='bbox 397 474 541 509; x_wconf 87' lang='lat' dir='ltr'><strong>episcopus</strong></span> <span class='ocrx_word' id='word_1_49' title='bbox 557 477 702 500; x_wconf 75' lang='lat' dir='ltr'><strong>accusatus</strong></span> <span class='ocrx_word' id='word_1_50' title='bbox 720 472 811 508; x_wconf 87' lang='lat' dir='ltr'><strong>appel-</strong></span> 
     </span>
    </p>
   </div>
   <div class='ocr_carea' id='block_1_9' title="bbox 52 519 811 555">
    <p class='ocr_par' dir='ltr' id='par_1_9' title="bbox 52 519 811 555">
     <span class='ocr_line' id='line_1_9' title="bbox 52 519 811 555; baseline -0.003 -7"><span class='ocrx_word' id='word_1_51' title='bbox 52 522 126 549; x_wconf 79' lang='lat' dir='ltr'><strong>laverit</strong></span> <span class='ocrx_word' id='word_1_52' title='bbox 135 521 164 548; x_wconf 86' lang='lat' dir='ltr'><strong>ad</strong></span> <span class='ocrx_word' id='word_1_53' title='bbox 174 521 350 555; x_wconf 80' lang='lat' dir='ltr'><strong>apostolicam</strong></span> <span class='ocrx_word' id='word_1_54' title='bbox 361 522 451 549; x_wconf 87' lang='lat' dir='ltr'><strong>sedem</strong></span> <span class='ocrx_word' id='word_1_55' title='bbox 459 521 492 553; x_wconf 80' lang='grc'><strong>’⁸,</strong></span> <span class='ocrx_word' id='word_1_56' title='bbox 507 521 532 548; x_wconf 88' lang='lat' dir='ltr'><strong>id</strong></span> <span class='ocrx_word' id='word_1_57' title='bbox 548 519 720 548; x_wconf 88' lang='lat' dir='ltr'><strong>statuendum</strong></span> <span class='ocrx_word' id='word_1_58' title='bbox 737 519 811 554; x_wconf 90' lang='lat' dir='ltr'><strong>quod</strong></span> 
     </span>
    </p>
   </div>
   <div class='ocr_carea' id='block_1_10' title="bbox 51 565 811 603">
    <p class='ocr_par' dir='ltr' id='par_1_10' title="bbox 51 565 811 603">
     <span class='ocr_line' id='line_1_10' title="bbox 51 565 811 603; baseline -0.004 -8"><span class='ocrx_word' id='word_1_59' title='bbox 51 568 147 603; x_wconf 80' lang='lat' dir='ltr'><strong>ejusdem</strong></span> <span class='ocrx_word' id='word_1_60' title='bbox 167 568 234 595; x_wconf 83' lang='lat' dir='ltr'><strong>sedis</strong></span> <span class='ocrx_word' id='word_1_61' title='bbox 253 567 377 602; x_wconf 81' lang='lat' dir='ltr'><strong>pontifex</strong></span> <span class='ocrx_word' id='word_1_62' title='bbox 394 567 541 595; x_wconf 87' lang='lat' dir='ltr'><strong>censuerit.</strong></span> <span class='ocrx_word' id='word_1_63' title='bbox 560 565 623 594; x_wconf 66' lang='lat' dir='ltr'><strong>Haec</strong></span> <span class='ocrx_word' id='word_1_64' title='bbox 641 570 731 593; x_wconf 83' lang='lat' dir='ltr'><strong>tamen</strong></span> <span class='ocrx_word' id='word_1_65' title='bbox 752 573 811 593; x_wconf 94' lang='lat' dir='ltr'><strong>om-</strong></span> 
     </span>
    </p>
   </div>
   <div class='ocr_carea' id='block_1_11' title="bbox 51 614 811 646">
    <p class='ocr_par' dir='ltr' id='par_1_11' title="bbox 51 614 811 646">
     <span class='ocr_line' id='line_1_11' title="bbox 51 614 811 646; baseline -0.003 -5"><span class='ocrx_word' id='word_1_66' title='bbox 51 616 100 642; x_wconf 89' lang='lat' dir='ltr'><strong>nino</strong></span> <span class='ocrx_word' id='word_1_67' title='bbox 111 615 134 641; x_wconf 93' lang='lat' dir='ltr'><strong>in</strong></span> <span class='ocrx_word' id='word_1_68' title='bbox 145 614 314 641; x_wconf 80' lang='lat' dir='ltr'><strong>sacerdotum</strong></span> <span class='ocrx_word' id='word_1_69' title='bbox 327 622 410 641; x_wconf 81' lang='lat' dir='ltr'><strong>causa</strong></span> <span class='ocrx_word' id='word_1_70' title='bbox 426 614 511 641; x_wconf 89' lang='lat' dir='ltr'><strong>forma</strong></span> <span class='ocrx_word' id='word_1_71' title='bbox 524 617 655 645; x_wconf 83' lang='lat' dir='ltr'><strong>servetur,</strong></span> <span class='ocrx_word' id='word_1_72' title='bbox 668 621 702 640; x_wconf 90' lang='lat' dir='ltr'><strong>ne</strong></span> <span class='ocrx_word' id='word_1_73' title='bbox 716 619 811 646; x_wconf 88' lang='lat' dir='ltr'><strong>quem-</strong></span> 
     </span>
    </p>
   </div>
   <div class='ocr_carea' id='block_1_12' title="bbox 51 659 811 695">
    <p class='ocr_par' dir='ltr' id='par_1_12' title="bbox 51 659 811 695">
     <span class='ocr_line' id='line_1_12' title="bbox 51 659 811 695; baseline -0.004 -7"><span class='ocrx_word' id='word_1_74' title='bbox 51 668 113 695; x_wconf 82' lang='lat' dir='ltr'><strong>quam</strong></span> <span class='ocrx_word' id='word_1_75' title='bbox 131 660 255 687; x_wconf 80' lang='lat' dir='ltr'><strong>sententia</strong></span> <span class='ocrx_word' id='word_1_76' title='bbox 266 680 274 692; x_wconf 89' lang='lat'><strong>,</strong></span> <span class='ocrx_word' id='word_1_77' title='bbox 292 668 347 688; x_wconf 88' lang='lat' dir='ltr'><strong>non</strong></span> <span class='ocrx_word' id='word_1_78' title='bbox 365 668 379 687; x_wconf 91' lang='lat' dir='ltr'><strong>a</strong></span> <span class='ocrx_word' id='word_1_79' title='bbox 396 668 445 688; x_wconf 91' lang='lat' dir='ltr'><strong>suo</strong></span> <span class='ocrx_word' id='word_1_80' title='bbox 459 659 551 694; x_wconf 83' lang='lat' dir='ltr'><strong>judice</strong></span> <span class='ocrx_word' id='word_1_81' title='bbox 568 660 639 687; x_wconf 90' lang='lat' dir='ltr'><strong>dicta</strong></span> <span class='ocrx_word' id='word_1_82' title='bbox 651 679 658 691; x_wconf 86' lang='lat'><strong>,</strong></span> <span class='ocrx_word' id='word_1_83' title='bbox 676 659 811 686; x_wconf 87' lang='lat' dir='ltr'><strong>c0nstrin-</strong></span> 
     </span>
    </p>
   </div>
   <div class='ocr_carea' id='block_1_13' title="bbox 51 705 810 742">
    <p class='ocr_par' dir='ltr' id='par_1_13' title="bbox 51 705 810 742">
     <span class='ocr_line' id='line_1_13' title="bbox 51 705 810 742; baseline -0.003 -8"><span class='ocrx_word' id='word_1_84' title='bbox 51 708 121 742; x_wconf 71' lang='lat' dir='ltr'><strong>gat&quot;.</strong></span> <span class='ocrx_word' id='word_1_85' title='bbox 136 706 281 734; x_wconf 83' lang='lat' dir='ltr'><strong>Occurrerc</strong></span> <span class='ocrx_word' id='word_1_86' title='bbox 305 715 415 742; x_wconf 88' lang='lat' dir='ltr'><strong>quoque</strong></span> <span class='ocrx_word' id='word_1_87' title='bbox 438 707 553 742; x_wconf 84' lang='lat' dir='ltr'><strong>quisque</strong></span> <span class='ocrx_word' id='word_1_88' title='bbox 578 706 697 733; x_wconf 84' lang='lat' dir='ltr'><strong>fidelium</strong></span> <span class='ocrx_word' id='word_1_89' title='bbox 723 705 810 732; x_wconf 81' lang='lat' dir='ltr'><strong>ruinis</strong></span> 
     </span>
    </p>
   </div>
   <div class='ocr_carea' id='block_1_14' title="bbox 51 752 811 788">
    <p class='ocr_par' dir='ltr' id='par_1_14' title="bbox 51 752 811 788">
     <span class='ocr_line' id='line_1_14' title="bbox 51 752 811 788; baseline -0.004 -7"><span class='ocrx_word' id='word_1_90' title='bbox 51 754 111 781; x_wconf 76' lang='lat' dir='ltr'><strong>debet</strong></span> <span class='ocrx_word' id='word_1_91' title='bbox 129 761 320 788; x_wconf 79' lang='lat' dir='ltr'><strong>oppressorum</strong></span> <span class='ocrx_word' id='word_1_92' title='bbox 340 758 366 780; x_wconf 80' lang='lat' dir='ltr'><strong>et</strong></span> <span class='ocrx_word' id='word_1_93' title='bbox 388 753 549 781; x_wconf 85' lang='lat' dir='ltr'><strong>miserorum</strong></span> <span class='ocrx_word' id='word_1_94' title='bbox 569 752 691 780; x_wconf 90' lang='lat' dir='ltr'><strong>subsidio</strong></span> <span class='ocrx_word' id='word_1_95' title='bbox 707 752 740 785; x_wconf 81' lang='lat'><strong>&quot;,</strong></span> <span class='ocrx_word' id='word_1_96' title='bbox 756 759 811 786; x_wconf 91' lang='lat' dir='ltr'><strong>quo</strong></span> 
     </span>
    </p>
   </div>
   <div class='ocr_carea' id='block_1_15' title="bbox 51 798 810 831">
    <p class='ocr_par' dir='ltr' id='par_1_15' title="bbox 51 798 810 831">
     <span class='ocr_line' id='line_1_15' title="bbox 51 798 810 831; baseline 0 -6"><span class='ocrx_word' id='word_1_97' title='bbox 51 800 152 831; x_wconf 73' lang='lat' dir='ltr'><strong>valeant,</strong></span> <span class='ocrx_word' id='word_1_98' title='bbox 166 807 196 826; x_wconf 82' lang='lat' dir='ltr'><strong>ex</strong></span> <span class='ocrx_word' id='word_1_99' title='bbox 217 800 386 827; x_wconf 84' lang='lat' dir='ltr'><strong>revelatione</strong></span> <span class='ocrx_word' id='word_1_100' title='bbox 407 799 502 827; x_wconf 75' lang='lat' dir='ltr'><strong>aliena:</strong></span> <span class='ocrx_word' id='word_1_101' title='bbox 517 799 660 831; x_wconf 79' lang='lat' dir='ltr'><strong>vindictze,</strong></span> <span class='ocrx_word' id='word_1_102' title='bbox 676 806 691 826; x_wconf 86' lang='lat' dir='ltr'><strong>a</strong></span> <span class='ocrx_word' id='word_1_103' title='bbox 714 806 743 826; x_wconf 89' lang='lat' dir='ltr'><strong>se</strong></span> <span class='ocrx_word' id='word_1_104' title='bbox 762 798 810 825; x_wconf 88' lang='lat' dir='ltr'><strong>Dei</strong></span> 
     </span>
    </p>
   </div>
   <div class='ocr_carea' id='block_1_16' title="bbox 52 845 811 879">
    <p class='ocr_par' dir='ltr' id='par_1_16' title="bbox 52 845 811 879">
     <span class='ocr_line' id='line_1_16' title="bbox 52 845 811 879; baseline -0.001 -7"><span class='ocrx_word' id='word_1_105' title='bbox 52 853 164 873; x_wconf 85' lang='lat' dir='ltr'><strong>removere</strong></span> <span class='ocrx_word' id='word_1_106' title='bbox 188 845 337 873; x_wconf 82' lang='lat' dir='ltr'><strong>vindictam</strong></span> <span class='ocrx_word' id='word_1_107' title='bbox 361 846 394 873; x_wconf 88' lang='grc'><strong>³¹.</strong></span> <span class='ocrx_word' id='word_1_108' title='bbox 418 845 495 873; x_wconf 82' lang='lat' dir='ltr'><strong>Libat</strong></span> <span class='ocrx_word' id='word_1_109' title='bbox 516 846 588 873; x_wconf 91' lang='lat' dir='ltr'><strong>enim</strong></span> <span class='ocrx_word' id='word_1_110' title='bbox 611 845 726 872; x_wconf 91' lang='lat' dir='ltr'><strong>Domino</strong></span> <span class='ocrx_word' id='word_1_111' title='bbox 748 852 811 879; x_wconf 86' lang='lat' dir='ltr'><strong>pro-</strong></span> 
     </span>
    </p>
   </div>
   <div class='ocr_carea' id='block_1_17' title="bbox 52 891 810 927">
    <p class='ocr_par' dir='ltr' id='par_1_17' title="bbox 52 891 810 927">
     <span class='ocr_line' id='line_1_17' title="bbox 52 891 810 927; baseline 0.001 -10"><span class='ocrx_word' id='word_1_112' title='bbox 52 899 119 925; x_wconf 77' lang='lat' dir='ltr'><strong>spera.</strong></span> <span class='ocrx_word' id='word_1_113' title='bbox 131 891 171 925; x_wconf 92' lang='lat' dir='ltr'><strong>qui</strong></span> <span class='ocrx_word' id='word_1_114' title='bbox 184 891 217 918; x_wconf 89' lang='lat' dir='ltr'><strong>ab</strong></span> <span class='ocrx_word' id='word_1_115' title='bbox 231 891 342 919; x_wconf 77' lang='lat' dir='ltr'><strong>aﬂlictis</strong></span> <span class='ocrx_word' id='word_1_116' title='bbox 357 891 431 927; x_wconf 85' lang='lat' dir='ltr'><strong>pellit</strong></span> <span class='ocrx_word' id='word_1_117' title='bbox 448 892 570 920; x_wconf 82' lang='lat' dir='ltr'><strong>adversa.</strong></span> <span class='ocrx_word' id='word_1_118' title='bbox 587 891 665 918; x_wconf 86' lang='lat' dir='ltr'><strong>Undc</strong></span> <span class='ocrx_word' id='word_1_119' title='bbox 680 891 810 926; x_wconf 89' lang='lat' dir='ltr'><strong>scriptum</strong></span> 
     </span>
    </p>
   </div>
   <div class='ocr_carea' id='block_1_18' title="bbox 52 936 812 972">
    <p class='ocr_par' dir='ltr' id='par_1_18' title="bbox 52 936 812 972">
     <span class='ocr_line' id='line_1_18' title="bbox 52 936 812 972; baseline 0.003 -10"><span class='ocrx_word' id='word_1_120' title='bbox 52 941 98 963; x_wconf 78' lang='lat' dir='ltr'><strong>est:</strong></span> <span class='ocrx_word' id='word_1_121' title='bbox 113 936 199 963; x_wconf 80' lang='lat' dir='ltr'><strong>Frater</strong></span> <span class='ocrx_word' id='word_1_122' title='bbox 213 937 327 971; x_wconf 79' lang='lat' dir='ltr'><strong>fratrem</strong></span> <span class='ocrx_word' id='word_1_123' title='bbox 347 937 475 972; x_wconf 78' lang='lat' dir='ltr'><strong>adjuvcns</strong></span> <span class='ocrx_word' id='word_1_124' title='bbox 491 938 655 965; x_wconf 70' lang='lat' dir='ltr'><strong>exaltabit-ur</strong></span> <span class='ocrx_word' id='word_1_125' title='bbox 672 938 703 964; x_wconf 83' lang='grc'><strong>³².</strong></span> <span class='ocrx_word' id='word_1_126' title='bbox 717 936 812 964; x_wconf 84' lang='lat' dir='ltr'><strong>Eccle-</strong></span> 
     </span>
    </p>
   </div>
   <div class='ocr_carea' id='block_1_19' title="bbox 53 983 814 1021">
    <p class='ocr_par' dir='ltr' id='par_1_19' title="bbox 53 983 814 1021">
     <span class='ocr_line' id='line_1_19' title="bbox 53 983 814 1021; baseline 0.003 -11"><span class='ocrx_word' id='word_1_127' title='bbox 53 984 81 1010; x_wconf 79' lang='lat' dir='ltr'><strong>sia</strong></span> <span class='ocrx_word' id='word_1_128' title='bbox 91 984 151 1010; x_wconf 90' lang='lat' dir='ltr'><strong>enim</strong></span> <span class='ocrx_word' id='word_1_129' title='bbox 163 983 206 1012; x_wconf 89' lang='lat' dir='ltr'><strong>Dei</strong></span> <span class='ocrx_word' id='word_1_130' title='bbox 221 984 285 1012; x_wconf 85' lang='lat' dir='ltr'><strong>sine</strong></span> <span class='ocrx_word' id='word_1_131' title='bbox 299 985 406 1012; x_wconf 84' lang='lat' dir='ltr'><strong>macula</strong></span> <span class='ocrx_word' id='word_1_132' title='bbox 418 989 444 1012; x_wconf 86' lang='lat' dir='ltr'><strong>et</strong></span> <span class='ocrx_word' id='word_1_133' title='bbox 460 993 527 1021; x_wconf 78' lang='lat' dir='ltr'><strong>ruga</strong></span> <span class='ocrx_word' id='word_1_134' title='bbox 542 985 621 1012; x_wconf 87' lang='lat' dir='ltr'><strong>debet</strong></span> <span class='ocrx_word' id='word_1_135' title='bbox 637 985 754 1012; x_wconf 77' lang='lat' dir='ltr'><strong>existere</strong></span> <span class='ocrx_word' id='word_1_136' title='bbox 764 1006 771 1018; x_wconf 93' lang='lat'><strong>,</strong></span> <span class='ocrx_word' id='word_1_137' title='bbox 786 989 814 1012; x_wconf 84' lang='lat' dir='ltr'><strong>et</strong></span> 
     </span>
    </p>
   </div>
   <div class='ocr_carea' id='block_1_20' title="bbox 53 1029 813 1065">
    <p class='ocr_par' dir='ltr' id='par_1_20' title="bbox 53 1029 813 1065">
     <span class='ocr_line' id='line_1_20' title="bbox 53 1029 813 1065; baseline 0.003 -10"><span class='ocrx_word' id='word_1_138' title='bbox 53 1029 97 1056; x_wconf 80' lang='lat' dir='ltr'><strong>ideo</strong></span> <span class='ocrx_word' id='word_1_139' title='bbox 109 1037 154 1056; x_wconf 88' lang='lat' dir='ltr'><strong>non</strong></span> <span class='ocrx_word' id='word_1_140' title='bbox 171 1034 279 1064; x_wconf 80' lang='lat' dir='ltr'><strong>oportet</strong></span> <span class='ocrx_word' id='word_1_141' title='bbox 294 1037 354 1057; x_wconf 89' lang='lat' dir='ltr'><strong>eam</strong></span> <span class='ocrx_word' id='word_1_142' title='bbox 374 1038 389 1057; x_wconf 85' lang='lat' dir='ltr'><strong>a</strong></span> <span class='ocrx_word' id='word_1_143' title='bbox 406 1030 569 1065; x_wconf 84' lang='lat' dir='ltr'><strong>quibusdam</strong></span> <span class='ocrx_word' id='word_1_144' title='bbox 593 1030 748 1058; x_wconf 80' lang='lat' dir='ltr'><strong>conculcari</strong></span> <span class='ocrx_word' id='word_1_145' title='bbox 766 1035 813 1057; x_wconf 92' lang='lat' dir='ltr'><strong>aut</strong></span> 
     </span>
    </p>
   </div>
   <div class='ocr_carea' id='block_1_21' title="bbox 53 1074 811 1109">
    <p class='ocr_par' dir='ltr' id='par_1_21' title="bbox 53 1074 811 1109">
     <span class='ocr_line' id='line_1_21' title="bbox 53 1074 811 1109; baseline 0.001 -9"><span class='ocrx_word' id='word_1_146' title='bbox 53 1074 166 1107; x_wconf 86' lang='lat' dir='ltr'><strong>maculari,</strong></span> <span class='ocrx_word' id='word_1_147' title='bbox 180 1074 242 1109; x_wconf 85' lang='lat' dir='ltr'><strong>quia</strong></span> <span class='ocrx_word' id='word_1_148' title='bbox 260 1075 394 1109; x_wconf 87' lang='lat' dir='ltr'><strong>scriptum</strong></span> <span class='ocrx_word' id='word_1_149' title='bbox 409 1079 467 1102; x_wconf 88' lang='lat' dir='ltr'><strong>est:</strong></span> <span class='ocrx_word' id='word_1_150' title='bbox 487 1074 544 1102; x_wconf 89' lang='lat' dir='ltr'><strong>Una</strong></span> <span class='ocrx_word' id='word_1_151' title='bbox 560 1079 597 1101; x_wconf 85' lang='lat' dir='ltr'><strong>est</strong></span> <span class='ocrx_word' id='word_1_152' title='bbox 609 1074 729 1101; x_wconf 85' lang='lat' dir='ltr'><strong>columba</strong></span> <span class='ocrx_word' id='word_1_153' title='bbox 744 1083 811 1108; x_wconf 84' lang='lat' dir='ltr'><strong>mea,</strong></span> 
     </span>
    </p>
   </div>
   <div class='ocr_carea' id='block_1_22' title="bbox 53 1119 812 1156">
    <p class='ocr_par' dir='ltr' id='par_1_22' title="bbox 53 1119 812 1156">
     <span class='ocr_line' id='line_1_22' title="bbox 53 1119 812 1156; baseline 0.004 -11"><span class='ocrx_word' id='word_1_154' title='bbox 53 1120 142 1153; x_wconf 76' lang='lat' dir='ltr'><strong>perfecta</strong></span> <span class='ocrx_word' id='word_1_155' title='bbox 160 1129 214 1147; x_wconf 87' lang='lat' dir='ltr'><strong>mea</strong></span> <span class='ocrx_word' id='word_1_156' title='bbox 229 1120 268 1148; x_wconf 84' lang='grc'><strong>⁸³.</strong></span> <span class='ocrx_word' id='word_1_157' title='bbox 283 1119 354 1148; x_wconf 84' lang='lat' dir='ltr'><strong>lline</strong></span> <span class='ocrx_word' id='word_1_158' title='bbox 371 1121 468 1148; x_wconf 92' lang='lat' dir='ltr'><strong>iterum</strong></span> <span class='ocrx_word' id='word_1_159' title='bbox 488 1120 618 1148; x_wconf 88' lang='lat' dir='ltr'><strong>Dominus</strong></span> <span class='ocrx_word' id='word_1_160' title='bbox 639 1121 672 1147; x_wconf 90' lang='lat' dir='ltr'><strong>ad</strong></span> <span class='ocrx_word' id='word_1_161' title='bbox 694 1120 812 1156; x_wconf 85' lang='lat' dir='ltr'><strong>Moysem</strong></span> 
     </span>
    </p>
   </div>
   <div class='ocr_carea' id='block_1_23' title="bbox 53 1165 811 1200">
    <p class='ocr_par' dir='ltr' id='par_1_23' title="bbox 53 1165 811 1200">
     <span class='ocr_line' id='line_1_23' title="bbox 53 1165 811 1200; baseline 0.003 -9"><span class='ocrx_word' id='word_1_162' title='bbox 53 1166 80 1192; x_wconf 76' lang='lat' dir='ltr'><strong>ait</strong></span> <span class='ocrx_word' id='word_1_163' title='bbox 95 1174 100 1192; x_wconf 89' lang='lat'>:</span> <span class='ocrx_word' id='word_1_164' title='bbox 115 1165 155 1192; x_wconf 79' lang='lat' dir='ltr'><strong>Est</strong></span> <span class='ocrx_word' id='word_1_165' title='bbox 169 1166 238 1192; x_wconf 79' lang='lat' dir='ltr'><strong>locus</strong></span> <span class='ocrx_word' id='word_1_166' title='bbox 260 1174 340 1200; x_wconf 80' lang='lat' dir='ltr'><strong>penes</strong></span> <span class='ocrx_word' id='word_1_167' title='bbox 359 1175 414 1199; x_wconf 86' lang='lat' dir='ltr'><strong>me,</strong></span> <span class='ocrx_word' id='word_1_168' title='bbox 429 1171 454 1193; x_wconf 90' lang='lat' dir='ltr'><strong>et</strong></span> <span class='ocrx_word' id='word_1_169' title='bbox 470 1166 553 1193; x_wconf 85' lang='lat' dir='ltr'><strong>stabis</strong></span> <span class='ocrx_word' id='word_1_170' title='bbox 568 1174 644 1200; x_wconf 88' lang='lat' dir='ltr'><strong>super</strong></span> <span class='ocrx_word' id='word_1_171' title='bbox 660 1171 761 1200; x_wconf 79' lang='lat' dir='ltr'><strong>petram</strong></span> <span class='ocrx_word' id='word_1_172' title='bbox 779 1166 811 1194; x_wconf 74' lang='lat'><strong>&quot;.</strong></span> 
     </span>
    </p>
   </div>
   <div class='ocr_carea' id='block_1_24' title="bbox 52 1211 813 1248">
    <p class='ocr_par' dir='ltr' id='par_1_24' title="bbox 52 1211 813 1248">
     <span class='ocr_line' id='line_1_24' title="bbox 52 1211 813 1248; baseline 0.001 -8"><span class='ocrx_word' id='word_1_173' title='bbox 52 1211 102 1245; x_wconf 82' lang='lat' dir='ltr'><strong>Quis</strong></span> <span class='ocrx_word' id='word_1_174' title='bbox 114 1218 151 1241; x_wconf 85' lang='lat' dir='ltr'><strong>est</strong></span> <span class='ocrx_word' id='word_1_175' title='bbox 169 1214 242 1241; x_wconf 88' lang='lat' dir='ltr'><strong>locus</strong></span> <span class='ocrx_word' id='word_1_176' title='bbox 264 1214 297 1246; x_wconf 82' lang='lat'><strong>&quot;,</strong></span> <span class='ocrx_word' id='word_1_177' title='bbox 311 1214 358 1248; x_wconf 86' lang='lat' dir='ltr'><strong>qui</strong></span> <span class='ocrx_word' id='word_1_178' title='bbox 373 1222 427 1241; x_wconf 87' lang='lat' dir='ltr'><strong>non</strong></span> <span class='ocrx_word' id='word_1_179' title='bbox 446 1214 479 1241; x_wconf 85' lang='lat' dir='ltr'><strong>sit</strong></span> <span class='ocrx_word' id='word_1_180' title='bbox 495 1213 616 1247; x_wconf 85' lang='lat' dir='ltr'><strong>Domini,</strong></span> <span class='ocrx_word' id='word_1_181' title='bbox 632 1214 697 1241; x_wconf 92' lang='lat' dir='ltr'><strong>dum</strong></span> <span class='ocrx_word' id='word_1_182' title='bbox 716 1218 813 1242; x_wconf 89' lang='lat' dir='ltr'><strong>cuncta</strong></span> 
     </span>
    </p>
   </div>
   <div class='ocr_carea' id='block_1_25' title="bbox 53 1260 815 1296">
    <p class='ocr_par' dir='ltr' id='par_1_25' title="bbox 53 1260 815 1296">
     <span class='ocr_line' id='line_1_25' title="bbox 53 1260 815 1296; baseline 0.001 -10"><span class='ocrx_word' id='word_1_183' title='bbox 53 1260 73 1286; x_wconf 91' lang='lat' dir='ltr'><strong>in</strong></span> <span class='ocrx_word' id='word_1_184' title='bbox 89 1260 151 1295; x_wconf 90' lang='lat' dir='ltr'><strong>ipso,</strong></span> <span class='ocrx_word' id='word_1_185' title='bbox 171 1268 219 1296; x_wconf 89' lang='lat' dir='ltr'><strong>per</strong></span> <span class='ocrx_word' id='word_1_186' title='bbox 239 1269 325 1296; x_wconf 89' lang='lat' dir='ltr'><strong>quem</strong></span> <span class='ocrx_word' id='word_1_187' title='bbox 350 1265 440 1288; x_wconf 83' lang='lat' dir='ltr'><strong>creata</strong></span> <span class='ocrx_word' id='word_1_188' title='bbox 456 1267 536 1292; x_wconf 89' lang='lat' dir='ltr'><strong>sunt,</strong></span> <span class='ocrx_word' id='word_1_189' title='bbox 556 1260 750 1288; x_wconf 86' lang='lat' dir='ltr'><strong>continentur?</strong></span> <span class='ocrx_word' id='word_1_190' title='bbox 768 1260 815 1288; x_wconf 86' lang='lat' dir='ltr'><strong>Est</strong></span> 
     </span>
    </p>
   </div>
   <div class='ocr_carea' id='block_1_26' title="bbox 55 1305 815 1342">
    <p class='ocr_par' dir='ltr' id='par_1_26' title="bbox 55 1305 815 1342">
     <span class='ocr_line' id='line_1_26' title="bbox 55 1305 815 1342; baseline 0.001 -9"><span class='ocrx_word' id='word_1_191' title='bbox 55 1311 123 1334; x_wconf 79' lang='lat' dir='ltr'><strong>tamen</strong></span> <span class='ocrx_word' id='word_1_192' title='bbox 138 1307 210 1335; x_wconf 83' lang='lat' dir='ltr'><strong>locus</strong></span> <span class='ocrx_word' id='word_1_193' title='bbox 222 1308 299 1342; x_wconf 85' lang='lat' dir='ltr'><strong>apud</strong></span> <span class='ocrx_word' id='word_1_194' title='bbox 318 1306 413 1338; x_wconf 84' lang='lat' dir='ltr'><strong>Deum,</strong></span> <span class='ocrx_word' id='word_1_195' title='bbox 432 1306 555 1334; x_wconf 84' lang='lat' dir='ltr'><strong>videlicet</strong></span> <span class='ocrx_word' id='word_1_196' title='bbox 570 1311 671 1334; x_wconf 81' lang='lat' dir='ltr'><strong>sanctae</strong></span> <span class='ocrx_word' id='word_1_197' title='bbox 687 1305 815 1334; x_wconf 72' lang='lat' dir='ltr'><strong>Ecclesiae</strong></span> 
     </span>
    </p>
   </div>
   <div class='ocr_carea' id='block_1_27' title="bbox 55 1352 815 1387">
    <p class='ocr_par' dir='ltr' id='par_1_27' title="bbox 55 1352 815 1387">
     <span class='ocr_line' id='line_1_27' title="bbox 55 1352 815 1387; baseline 0.004 -10"><span class='ocrx_word' id='word_1_198' title='bbox 55 1353 134 1383; x_wconf 86' lang='lat' dir='ltr'><strong>unitas,</strong></span> <span class='ocrx_word' id='word_1_199' title='bbox 146 1353 170 1379; x_wconf 94' lang='lat' dir='ltr'><strong>in</strong></span> <span class='ocrx_word' id='word_1_200' title='bbox 181 1361 232 1387; x_wconf 84' lang='lat' dir='ltr'><strong>qua</strong></span> <span class='ocrx_word' id='word_1_201' title='bbox 249 1360 335 1387; x_wconf 87' lang='lat' dir='ltr'><strong>supra</strong></span> <span class='ocrx_word' id='word_1_202' title='bbox 351 1357 451 1387; x_wconf 89' lang='lat' dir='ltr'><strong>petram</strong></span> <span class='ocrx_word' id='word_1_203' title='bbox 470 1357 566 1383; x_wconf 85' lang='lat' dir='ltr'><strong>statur,</strong></span> <span class='ocrx_word' id='word_1_204' title='bbox 582 1352 646 1379; x_wconf 91' lang='lat' dir='ltr'><strong>dum</strong></span> <span class='ocrx_word' id='word_1_205' title='bbox 665 1352 815 1380; x_wconf 76' lang='lat' dir='ltr'><strong>confessio-</strong></span> 
     </span>
    </p>
   </div>
   <div class='ocr_carea' id='block_1_28' title="bbox 55 1397 816 1430">
    <p class='ocr_par' dir='ltr' id='par_1_28' title="bbox 55 1397 816 1430">
     <span class='ocr_line' id='line_1_28' title="bbox 55 1397 816 1430; baseline 0.004 -7"><span class='ocrx_word' id='word_1_206' title='bbox 55 1397 87 1424; x_wconf 76' lang='lat' dir='ltr'><strong>nis</strong></span> <span class='ocrx_word' id='word_1_207' title='bbox 101 1399 212 1426; x_wconf 82' lang='lat' dir='ltr'><strong>soliditas</strong></span> <span class='ocrx_word' id='word_1_208' title='bbox 243 1398 387 1426; x_wconf 84' lang='lat' dir='ltr'><strong>humiliter</strong></span> <span class='ocrx_word' id='word_1_209' title='bbox 403 1402 516 1425; x_wconf 88' lang='lat' dir='ltr'><strong>tenetur.</strong></span> <span class='ocrx_word' id='word_1_210' title='bbox 532 1397 584 1429; x_wconf 91' lang='lat' dir='ltr'><strong>Te,</strong></span> <span class='ocrx_word' id='word_1_211' title='bbox 603 1397 697 1430; x_wconf 76' lang='lat' dir='ltr'><strong>frater,</strong></span> <span class='ocrx_word' id='word_1_212' title='bbox 716 1403 741 1426; x_wconf 87' lang='lat' dir='ltr'><strong>et</strong></span> <span class='ocrx_word' id='word_1_213' title='bbox 760 1406 816 1426; x_wconf 93' lang='lat' dir='ltr'><strong>om-</strong></span> 
     </span>
    </p>
   </div>
   <div class='ocr_carea' id='block_1_29' title="bbox 55 1443 815 1480">
    <p class='ocr_par' dir='ltr' id='par_1_29' title="bbox 55 1443 815 1480">
     <span class='ocr_line' id='line_1_29' title="bbox 55 1443 815 1480; baseline 0 -10"><span class='ocrx_word' id='word_1_214' title='bbox 55 1452 92 1471; x_wconf 82' lang='lat' dir='ltr'><strong>nes</strong></span> <span class='ocrx_word' id='word_1_215' title='bbox 105 1444 191 1473; x_wconf 84' lang='lat' dir='ltr'><strong>fratres</strong></span> <span class='ocrx_word' id='word_1_216' title='bbox 205 1449 319 1472; x_wconf 90' lang='lat' dir='ltr'><strong>nostros</strong></span> <span class='ocrx_word' id='word_1_217' title='bbox 341 1444 489 1471; x_wconf 74' lang='lat' dir='ltr'><strong>Ecclesium</strong></span> <span class='ocrx_word' id='word_1_218' title='bbox 504 1444 605 1471; x_wconf 87' lang='lat' dir='ltr'><strong>Christi</strong></span> <span class='ocrx_word' id='word_1_219' title='bbox 624 1443 756 1480; x_wconf 73' lang='lat' dir='ltr'><strong>sanguine</strong></span> <span class='ocrx_word' id='word_1_220' title='bbox 773 1452 815 1471; x_wconf 85' lang='lat' dir='ltr'><strong>re-</strong></span> 
     </span>
    </p>
   </div>
   <div class='ocr_carea' id='block_1_30' title="bbox 54 1489 849 1535">
    <p class='ocr_par' dir='ltr' id='par_1_30' title="bbox 54 1489 849 1535">
     <span class='ocr_line' id='line_1_30' title="bbox 54 1489 849 1535; baseline 0 -19"><span class='ocrx_word' id='word_1_221' title='bbox 54 1490 163 1525; x_wconf 69' lang='lat' dir='ltr'><strong>demptam</strong></span> <span class='ocrx_word' id='word_1_222' title='bbox 184 1495 328 1525; x_wconf 73' lang='lat' dir='ltr'><strong>regentes,</strong></span> <span class='ocrx_word' id='word_1_223' title='bbox 345 1497 507 1523; x_wconf 88' lang='lat' dir='ltr'><strong>monemus,</strong></span> <span class='ocrx_word' id='word_1_224' title='bbox 527 1495 556 1516; x_wconf 94' lang='lat' dir='ltr'><strong>ut</strong></span> <span class='ocrx_word' id='word_1_225' title='bbox 579 1497 674 1517; x_wconf 90' lang='lat' dir='ltr'><strong>omnes</strong></span> <span class='ocrx_word' id='word_1_226' title='bbox 693 1498 707 1517; x_wconf 91' lang='lat' dir='ltr'><strong>a</strong></span> <span class='ocrx_word' id='word_1_227' title='bbox 726 1489 816 1525; x_wconf 85' lang='lat' dir='ltr'><strong>praeci-</strong></span> <span class='ocrx_word' id='word_1_228' title='bbox 828 1506 849 1535; x_wconf 65' lang='grc' dir='ltr'>ο</span> 
     </span>
    </p>
   </div>
   <div class='ocr_carea' id='block_1_31' title="bbox 54 1536 816 1573">
    <p class='ocr_par' dir='ltr' id='par_1_31' title="bbox 54 1536 816 1573">
     <span class='ocr_line' id='line_1_31' title="bbox 54 1536 816 1573; baseline 0 -9"><span class='ocrx_word' id='word_1_229' title='bbox 54 1538 112 1571; x_wconf 80' lang='lat' dir='ltr'><strong>pilio,</strong></span> <span class='ocrx_word' id='word_1_230' title='bbox 132 1538 154 1564; x_wconf 94' lang='lat' dir='ltr'><strong>in</strong></span> <span class='ocrx_word' id='word_1_231' title='bbox 173 1546 226 1573; x_wconf 88' lang='lat' dir='ltr'><strong>quo</strong></span> <span class='ocrx_word' id='word_1_232' title='bbox 249 1538 353 1565; x_wconf 84' lang='lat' dir='ltr'><strong>fratres</strong></span> <span class='ocrx_word' id='word_1_233' title='bbox 372 1542 400 1565; x_wconf 90' lang='lat' dir='ltr'><strong>et</strong></span> <span class='ocrx_word' id='word_1_234' title='bbox 421 1536 528 1564; x_wconf 91' lang='lat' dir='ltr'><strong>Domini</strong></span> <span class='ocrx_word' id='word_1_235' title='bbox 550 1537 703 1572; x_wconf 85' lang='lat' dir='ltr'><strong>pastoribus</strong></span> <span class='ocrx_word' id='word_1_236' title='bbox 725 1537 816 1564; x_wconf 81' lang='lat' dir='ltr'><strong>detra—</strong></span> 
     </span>
    </p>
   </div>
   <div class='ocr_carea' id='block_1_32' title="bbox 55 1583 814 1619">
    <p class='ocr_par' dir='ltr' id='par_1_32' title="bbox 55 1583 814 1619">
     <span class='ocr_line' id='line_1_32' title="bbox 55 1583 814 1619; baseline 0.003 -10"><span class='ocrx_word' id='word_1_237' title='bbox 55 1583 124 1611; x_wconf 88' lang='lat' dir='ltr'><strong>bendo</strong></span> <span class='ocrx_word' id='word_1_238' title='bbox 147 1589 171 1612; x_wconf 86' lang='lat' dir='ltr'><strong>et</strong></span> <span class='ocrx_word' id='word_1_239' title='bbox 193 1584 397 1619; x_wconf 87' lang='lat' dir='ltr'><strong>persequendo,</strong></span> <span class='ocrx_word' id='word_1_240' title='bbox 419 1584 508 1611; x_wconf 88' lang='lat' dir='ltr'><strong>verbis</strong></span> <span class='ocrx_word' id='word_1_241' title='bbox 532 1588 559 1611; x_wconf 89' lang='lat' dir='ltr'><strong>et</strong></span> <span class='ocrx_word' id='word_1_242' title='bbox 580 1583 659 1611; x_wconf 88' lang='lat' dir='ltr'><strong>factis</strong></span> <span class='ocrx_word' id='word_1_243' title='bbox 678 1584 814 1617; x_wconf 85' lang='lat' dir='ltr'><strong>labuntur,</strong></span> 
     </span>
    </p>
   </div>
   <div class='ocr_carea' id='block_1_33' title="bbox 55 1628 816 1665">
    <p class='ocr_par' dir='ltr' id='par_1_33' title="bbox 55 1628 816 1665">
     <span class='ocr_line' id='line_1_33' title="bbox 55 1628 816 1665; baseline 0.003 -10"><span class='ocrx_word' id='word_1_244' title='bbox 55 1628 135 1664; x_wconf 81' lang='lat' dir='ltr'><strong>laqueis</strong></span> <span class='ocrx_word' id='word_1_245' title='bbox 147 1631 243 1665; x_wconf 90' lang='lat' dir='ltr'><strong>quibus</strong></span> <span class='ocrx_word' id='word_1_246' title='bbox 260 1630 388 1665; x_wconf 77' lang='lat' dir='ltr'><strong>potestis,</strong></span> <span class='ocrx_word' id='word_1_247' title='bbox 403 1629 552 1662; x_wconf 83' lang='lat' dir='ltr'><strong>retenlctis,</strong></span> <span class='ocrx_word' id='word_1_248' title='bbox 563 1634 590 1657; x_wconf 90' lang='lat' dir='ltr'><strong>et</strong></span> <span class='ocrx_word' id='word_1_249' title='bbox 604 1629 716 1657; x_wconf 86' lang='lat' dir='ltr'><strong>lacerari</strong></span> <span class='ocrx_word' id='word_1_250' title='bbox 733 1637 780 1657; x_wconf 84' lang='lat' dir='ltr'><strong>eos</strong></span> <span class='ocrx_word' id='word_1_251' title='bbox 793 1629 816 1645; x_wconf 82' lang='lat'><strong>&quot;</strong></span> 
     </span>
    </p>
   </div>
   <div class='ocr_carea' id='block_1_34' title="bbox 55 1675 815 1711">
    <p class='ocr_par' dir='ltr' id='par_1_34' title="bbox 55 1675 815 1711">
     <span class='ocr_line' id='line_1_34' title="bbox 55 1675 815 1711; baseline 0.005 -11"><span class='ocrx_word' id='word_1_252' title='bbox 55 1675 74 1700; x_wconf 89' lang='lat' dir='ltr'><strong>in</strong></span> <span class='ocrx_word' id='word_1_253' title='bbox 85 1676 151 1703; x_wconf 86' lang='lat' dir='ltr'><strong>hamo</strong></span> <span class='ocrx_word' id='word_1_254' title='bbox 160 1677 179 1693; x_wconf 82' lang='grc'>³⁷</span> <span class='ocrx_word' id='word_1_255' title='bbox 191 1677 238 1704; x_wconf 76' lang='lat' dir='ltr'><strong>ira:</strong></span> <span class='ocrx_word' id='word_1_256' title='bbox 253 1683 314 1703; x_wconf 87' lang='lat' dir='ltr'><strong>non</strong></span> <span class='ocrx_word' id='word_1_257' title='bbox 327 1676 509 1711; x_wconf 83' lang='lat' dir='ltr'><strong>permittatis,</strong></span> <span class='ocrx_word' id='word_1_258' title='bbox 523 1675 586 1710; x_wconf 87' lang='lat' dir='ltr'><strong>quia</strong></span> <span class='ocrx_word' id='word_1_259' title='bbox 604 1677 735 1710; x_wconf 86' lang='lat' dir='ltr'><strong>scriptum</strong></span> <span class='ocrx_word' id='word_1_260' title='bbox 749 1680 791 1704; x_wconf 85' lang='lat' dir='ltr'><strong>est</strong></span> <span class='ocrx_word' id='word_1_261' title='bbox 807 1685 815 1704; x_wconf 73' lang='grc' dir='ltr'><em>τ</em></span> 
     </span>
    </p>
   </div>
   <div class='ocr_carea' id='block_1_35' title="bbox 55 1719 815 1757">
    <p class='ocr_par' dir='ltr' id='par_1_35' title="bbox 55 1719 815 1757">
     <span class='ocr_line' id='line_1_35' title="bbox 55 1719 815 1757; baseline 0.003 -10"><span class='ocrx_word' id='word_1_262' title='bbox 55 1719 90 1748; x_wconf 84' lang='lat' dir='ltr'><strong>Ira</strong></span> <span class='ocrx_word' id='word_1_263' title='bbox 100 1723 157 1748; x_wconf 85' lang='lat' dir='ltr'><strong>enim</strong></span> <span class='ocrx_word' id='word_1_264' title='bbox 171 1723 219 1750; x_wconf 76' lang='lat' dir='ltr'><strong>airi</strong></span> <span class='ocrx_word' id='word_1_265' title='bbox 235 1722 378 1757; x_wconf 78' lang='lat' dir='ltr'><strong>justitiam</strong></span> <span class='ocrx_word' id='word_1_266' title='bbox 396 1721 444 1748; x_wconf 86' lang='lat' dir='ltr'><strong>Dei</strong></span> <span class='ocrx_word' id='word_1_267' title='bbox 463 1730 512 1748; x_wconf 89' lang='lat' dir='ltr'><strong>non</strong></span> <span class='ocrx_word' id='word_1_268' title='bbox 526 1725 649 1756; x_wconf 82' lang='lat' dir='ltr'><strong>operatur</strong></span> <span class='ocrx_word' id='word_1_269' title='bbox 663 1722 694 1748; x_wconf 81' lang='grc'><em>³³.</em></span> <span class='ocrx_word' id='word_1_270' title='bbox 710 1722 780 1749; x_wconf 80' lang='lat' dir='ltr'><strong>Hinc</strong></span> <span class='ocrx_word' id='word_1_271' title='bbox 793 1722 815 1739; x_wconf 81' lang='lat'><strong>”</strong></span> 
     </span>
    </p>
   </div>
   <div class='ocr_carea' id='block_1_36' title="bbox 55 1765 815 1798">
    <p class='ocr_par' dir='ltr' id='par_1_36' title="bbox 55 1765 815 1798">
     <span class='ocr_line' id='line_1_36' title="bbox 55 1765 815 1798; baseline -0.001 -6"><span class='ocrx_word' id='word_1_272' title='bbox 55 1773 139 1794; x_wconf 82' lang='lat' dir='ltr'><strong>rursum</strong></span> <span class='ocrx_word' id='word_1_273' title='bbox 150 1767 246 1794; x_wconf 86' lang='lat' dir='ltr'><strong>dicitur</strong></span> <span class='ocrx_word' id='word_1_274' title='bbox 256 1775 264 1793; x_wconf 85' lang='lat'><strong>:</strong></span> <span class='ocrx_word' id='word_1_275' title='bbox 277 1766 321 1793; x_wconf 85' lang='lat' dir='ltr'><strong>Sit</strong></span> <span class='ocrx_word' id='word_1_276' title='bbox 336 1766 418 1792; x_wconf 86' lang='lat' dir='ltr'><strong>omnis</strong></span> <span class='ocrx_word' id='word_1_277' title='bbox 428 1765 503 1792; x_wconf 83' lang='lat' dir='ltr'><strong>homo</strong></span> <span class='ocrx_word' id='word_1_278' title='bbox 514 1765 587 1792; x_wconf 78' lang='lat' dir='ltr'><strong>velox</strong></span> <span class='ocrx_word' id='word_1_279' title='bbox 604 1765 637 1791; x_wconf 91' lang='lat' dir='ltr'><strong>ad</strong></span> <span class='ocrx_word' id='word_1_280' title='bbox 647 1765 815 1798; x_wconf 86' lang='lat' dir='ltr'><strong>audiendum,</strong></span> 
     </span>
    </p>
   </div>
   <div class='ocr_carea' id='block_1_37' title="bbox 56 1811 814 1847">
    <p class='ocr_par' dir='ltr' id='par_1_37' title="bbox 56 1811 814 1847">
     <span class='ocr_line' id='line_1_37' title="bbox 56 1811 814 1847; baseline 0 -11"><span class='ocrx_word' id='word_1_281' title='bbox 56 1812 126 1839; x_wconf 75' lang='lat' dir='ltr'><strong>tardus</strong></span> <span class='ocrx_word' id='word_1_282' title='bbox 143 1817 225 1840; x_wconf 87' lang='lat' dir='ltr'><strong>autem</strong></span> <span class='ocrx_word' id='word_1_283' title='bbox 245 1815 280 1839; x_wconf 87' lang='lat' dir='ltr'><strong>ad</strong></span> <span class='ocrx_word' id='word_1_284' title='bbox 302 1812 470 1847; x_wconf 84' lang='lat' dir='ltr'><strong>loquendum,</strong></span> <span class='ocrx_word' id='word_1_285' title='bbox 501 1816 527 1838; x_wconf 86' lang='lat' dir='ltr'><strong>et</strong></span> <span class='ocrx_word' id='word_1_286' title='bbox 550 1811 642 1838; x_wconf 84' lang='lat' dir='ltr'><strong>tardus</strong></span> <span class='ocrx_word' id='word_1_287' title='bbox 671 1811 706 1837; x_wconf 86' lang='lat' dir='ltr'><strong>ad</strong></span> <span class='ocrx_word' id='word_1_288' title='bbox 735 1811 814 1837; x_wconf 85' lang='lat' dir='ltr'><strong>iram.</strong></span> 
     </span>
    </p>
   </div>
   <div class='ocr_carea' id='block_1_38' title="bbox 56 1855 817 1892">
    <p class='ocr_par' dir='ltr' id='par_1_38' title="bbox 56 1855 817 1892">
     <span class='ocr_line' id='line_1_38' title="bbox 56 1855 817 1892; baseline 0.001 -11"><span class='ocrx_word' id='word_1_289' title='bbox 56 1855 102 1883; x_wconf 76' lang='lat' dir='ltr'><strong>Hau:</strong></span> <span class='ocrx_word' id='word_1_290' title='bbox 118 1863 200 1885; x_wconf 87' lang='lat' dir='ltr'><strong>autem</strong></span> <span class='ocrx_word' id='word_1_291' title='bbox 223 1867 292 1892; x_wconf 82' lang='lat' dir='ltr'><strong>vos,</strong></span> <span class='ocrx_word' id='word_1_292' title='bbox 310 1857 365 1885; x_wconf 88' lang='lat' dir='ltr'><strong>Deo</strong></span> <span class='ocrx_word' id='word_1_293' title='bbox 384 1862 512 1889; x_wconf 87' lang='lat' dir='ltr'><strong>auclore,</strong></span> <span class='ocrx_word' id='word_1_294' title='bbox 527 1857 619 1884; x_wconf 87' lang='lat' dir='ltr'><strong>omnia</strong></span> <span class='ocrx_word' id='word_1_295' title='bbox 639 1864 747 1884; x_wconf 82' lang='lat' dir='ltr'><strong>servare</strong></span> <span class='ocrx_word' id='word_1_296' title='bbox 763 1863 817 1883; x_wconf 89' lang='lat' dir='ltr'><strong>non</strong></span> 
     </span>
    </p>
   </div>
   <div class='ocr_carea' id='block_1_39' title="bbox 56 1902 818 1940">
    <p class='ocr_par' dir='ltr' id='par_1_39' title="bbox 56 1902 818 1940">
     <span class='ocr_line' id='line_1_39' title="bbox 56 1902 818 1940; baseline 0 -12"><span class='ocrx_word' id='word_1_297' title='bbox 56 1904 156 1940; x_wconf 78' lang='lat' dir='ltr'><strong>ambigo,</strong></span> <span class='ocrx_word' id='word_1_298' title='bbox 169 1905 214 1933; x_wconf 89' lang='lat' dir='ltr'><strong>sed</strong></span> <span class='ocrx_word' id='word_1_299' title='bbox 229 1904 379 1932; x_wconf 84' lang='lat' dir='ltr'><strong>occasione</strong></span> <span class='ocrx_word' id='word_1_300' title='bbox 401 1903 595 1931; x_wconf 79' lang='lat' dir='ltr'><strong>admonitionis</strong></span> <span class='ocrx_word' id='word_1_301' title='bbox 612 1907 705 1930; x_wconf 73' lang='lat' dir='ltr'><strong>exorta</strong></span> <span class='ocrx_word' id='word_1_302' title='bbox 715 1923 722 1935; x_wconf 92' lang='lat'><strong>,</strong></span> <span class='ocrx_word' id='word_1_303' title='bbox 738 1902 818 1929; x_wconf 85' lang='lat' dir='ltr'><strong>bonis</strong></span> 
     </span>
    </p>
   </div>
   <div class='ocr_carea' id='block_1_40' title="bbox 56 1947 816 1984">
    <p class='ocr_par' dir='ltr' id='par_1_40' title="bbox 56 1947 816 1984">
     <span class='ocr_line' id='line_1_40' title="bbox 56 1947 816 1984; baseline -0.001 -11"><span class='ocrx_word' id='word_1_304' title='bbox 56 1951 130 1976; x_wconf 80' lang='lat' dir='ltr'><strong>vestris</strong></span> <span class='ocrx_word' id='word_1_305' title='bbox 141 1950 281 1978; x_wconf 82' lang='lat' dir='ltr'><strong>desideriis</strong></span> <span class='ocrx_word' id='word_1_306' title='bbox 300 1955 328 1976; x_wconf 86' lang='lat' dir='ltr'><strong>ct</strong></span> <span class='ocrx_word' id='word_1_307' title='bbox 347 1949 475 1984; x_wconf 85' lang='lat' dir='ltr'><strong>operibus</strong></span> <span class='ocrx_word' id='word_1_308' title='bbox 492 1957 535 1976; x_wconf 89' lang='lat' dir='ltr'><strong>me</strong></span> <span class='ocrx_word' id='word_1_309' title='bbox 550 1948 649 1975; x_wconf 85' lang='lat' dir='ltr'><strong>furtive</strong></span> <span class='ocrx_word' id='word_1_310' title='bbox 663 1947 798 1982; x_wconf 72' lang='lat' dir='ltr'><strong>subiungo</strong></span> <span class='ocrx_word' id='word_1_311' title='bbox 809 1966 816 1979; x_wconf 86' lang='lat'><strong>,</strong></span> 
     </span>
    </p>
   </div>
   <div class='ocr_carea' id='block_1_41' title="bbox 56 1992 816 2029">
    <p class='ocr_par' dir='ltr' id='par_1_41' title="bbox 56 1992 816 2029">
     <span class='ocr_line' id='line_1_41' title="bbox 56 1992 816 2029; baseline -0.003 -9"><span class='ocrx_word' id='word_1_312' title='bbox 56 1998 76 2020; x_wconf 85' lang='lat' dir='ltr'><strong>ut</strong></span> <span class='ocrx_word' id='word_1_313' title='bbox 87 1995 145 2029; x_wconf 87' lang='lat' dir='ltr'><strong>quod</strong></span> <span class='ocrx_word' id='word_1_314' title='bbox 162 2004 213 2023; x_wconf 89' lang='lat' dir='ltr'><strong>non</strong></span> <span class='ocrx_word' id='word_1_315' title='bbox 233 1995 371 2022; x_wconf 86' lang='lat' dir='ltr'><strong>admoniti</strong></span> <span class='ocrx_word' id='word_1_316' title='bbox 386 1994 475 2022; x_wconf 81' lang='lat' dir='ltr'><strong>facitis</strong></span> <span class='ocrx_word' id='word_1_317' title='bbox 487 2013 494 2026; x_wconf 89' lang='lat'><strong>,</strong></span> <span class='ocrx_word' id='word_1_318' title='bbox 511 1993 620 2028; x_wconf 85' lang='lat' dir='ltr'><strong>quando</strong></span> <span class='ocrx_word' id='word_1_319' title='bbox 640 1993 716 2020; x_wconf 90' lang='lat' dir='ltr'><strong>vobis</strong></span> <span class='ocrx_word' id='word_1_320' title='bbox 736 1992 816 2019; x_wconf 83' lang='lat' dir='ltr'><strong>etiam</strong></span> 
     </span>
    </p>
   </div>
   <div class='ocr_carea' id='block_1_42' title="bbox 56 2038 817 2076">
    <p class='ocr_par' dir='ltr' id='par_1_42' title="bbox 56 2038 817 2076">
     <span class='ocr_line' id='line_1_42' title="bbox 56 2038 817 2076; baseline -0.001 -11"><span class='ocrx_word' id='word_1_321' title='bbox 56 2040 178 2068; x_wconf 87' lang='lat' dir='ltr'><strong>admonens</strong></span> <span class='ocrx_word' id='word_1_322' title='bbox 194 2041 325 2073; x_wconf 86' lang='lat' dir='ltr'><strong>additur,</strong></span> <span class='ocrx_word' id='word_1_323' title='bbox 345 2040 402 2076; x_wconf 83' lang='lat' dir='ltr'><strong>jam</strong></span> <span class='ocrx_word' id='word_1_324' title='bbox 422 2048 474 2068; x_wconf 91' lang='lat' dir='ltr'><strong>non</strong></span> <span class='ocrx_word' id='word_1_325' title='bbox 496 2040 546 2067; x_wconf 88' lang='lat' dir='ltr'><strong>soli</strong></span> <span class='ocrx_word' id='word_1_326' title='bbox 561 2039 677 2067; x_wconf 77' lang='lat' dir='ltr'><strong>faciatis.</strong></span> <span class='ocrx_word' id='word_1_327' title='bbox 694 2038 817 2072; x_wconf 83' lang='lat' dir='ltr'><strong>Quapro-</strong></span> 
     </span>
    </p>
   </div>
   <div class='ocr_carea' id='block_1_43' title="bbox 56 2084 818 2122">
    <p class='ocr_par' dir='ltr' id='par_1_43' title="bbox 56 2084 818 2122">
     <span class='ocr_line' id='line_1_43' title="bbox 56 2084 818 2122; baseline -0.004 -9"><span class='ocrx_word' id='word_1_328' title='bbox 56 2090 112 2118; x_wconf 78' lang='lat' dir='ltr'><strong>pter.</strong></span> <span class='ocrx_word' id='word_1_329' title='bbox 125 2086 233 2119; x_wconf 84' lang='lat' dir='ltr'><strong>fratres,</strong></span> <span class='ocrx_word' id='word_1_330' title='bbox 251 2091 361 2122; x_wconf 85' lang='lat' dir='ltr'><strong>oportet</strong></span> <span class='ocrx_word' id='word_1_331' title='bbox 373 2093 422 2114; x_wconf 91' lang='lat' dir='ltr'><strong>vos</strong></span> <span class='ocrx_word' id='word_1_332' title='bbox 435 2090 462 2113; x_wconf 87' lang='lat' dir='ltr'><strong>et</strong></span> <span class='ocrx_word' id='word_1_333' title='bbox 482 2093 576 2113; x_wconf 86' lang='lat' dir='ltr'><strong>omnes</strong></span> <span class='ocrx_word' id='word_1_334' title='bbox 598 2085 690 2112; x_wconf 80' lang='lat' dir='ltr'><strong>ﬁdeles</strong></span> <span class='ocrx_word' id='word_1_335' title='bbox 709 2084 818 2119; x_wconf 78' lang='lat' dir='ltr'><strong>diligere</strong></span> 
     </span>
    </p>
   </div>
   <div class='ocr_carea' id='block_1_44' title="bbox 56 2129 816 2165">
    <p class='ocr_par' dir='ltr' id='par_1_44' title="bbox 56 2129 816 2165">
     <span class='ocr_line' id='line_1_44' title="bbox 56 2129 816 2165; baseline 0 -10"><span class='ocrx_word' id='word_1_336' title='bbox 56 2130 158 2165; x_wconf 81' lang='lat' dir='ltr'><strong>invicem,</strong></span> <span class='ocrx_word' id='word_1_337' title='bbox 170 2137 196 2160; x_wconf 91' lang='lat' dir='ltr'><strong>et</strong></span> <span class='ocrx_word' id='word_1_338' title='bbox 208 2140 264 2159; x_wconf 92' lang='lat' dir='ltr'><strong>non</strong></span> <span class='ocrx_word' id='word_1_339' title='bbox 278 2132 424 2160; x_wconf 84' lang='lat' dir='ltr'><strong>detrahere</strong></span> <span class='ocrx_word' id='word_1_340' title='bbox 434 2135 482 2158; x_wconf 83' lang='lat' dir='ltr'><strong>aut</strong></span> <span class='ocrx_word' id='word_1_341' title='bbox 494 2138 624 2158; x_wconf 85' lang='lat' dir='ltr'><strong>accusare</strong></span> <span class='ocrx_word' id='word_1_342' title='bbox 639 2129 816 2161; x_wconf 87' lang='lat' dir='ltr'><strong>alterutrum;</strong></span> 
     </span>
    </p>
   </div>
   <div class='ocr_carea' id='block_1_45' title="bbox 826 832 847 858">
    <p class='ocr_par' dir='ltr' id='par_1_45' title="bbox 826 832 847 858">
     <span class='ocr_line' id='line_1_45' title="bbox 826 832 847 858; baseline 0 0"><span class='ocrx_word' id='word_1_343' title='bbox 826 832 847 858; x_wconf 87' lang='lat' dir='ltr'><strong>B</strong></span> 
     </span>
    </p>
   </div>
   <div class='ocr_carea' id='block_1_46' title="bbox 739 90 928 120">
    <p class='ocr_par' dir='ltr' id='par_1_46' title="bbox 739 90 928 120">
     <span class='ocr_line' id='line_1_46' title="bbox 739 90 928 120; baseline 0 -2"><span class='ocrx_word' id='word_1_344' title='bbox 739 90 928 120; x_wconf 64' lang='lat' dir='ltr'><strong>EPISTOLA‘J.</strong></span> 
     </span>
    </p>
   </div>
   <div class='ocr_carea' id='block_1_47' title="bbox 1601 91 1652 118">
    <p class='ocr_par' dir='ltr' id='par_1_47' title="bbox 1601 91 1652 118">
     <span class='ocr_line' id='line_1_47' title="bbox 1601 91 1652 118; baseline 0.02 -1"><span class='ocrx_word' id='word_1_345' title='bbox 1601 91 1652 118; x_wconf 78' lang='grc'>198</span> 
     </span>
    </p>
   </div>
   <div class='ocr_carea' id='block_1_48' title="bbox 863 149 1652 186">
    <p class='ocr_par' dir='ltr' id='par_1_48' title="bbox 863 149 1652 186">
     <span class='ocr_line' id='line_1_48' title="bbox 863 149 1652 186; baseline -0.004 -7"><span class='ocrx_word' id='word_1_346' title='bbox 863 159 964 186; x_wconf 78' lang='lat' dir='ltr'><strong>iniqua,</strong></span> <span class='ocrx_word' id='word_1_347' title='bbox 981 155 1005 178; x_wconf 79' lang='lat' dir='ltr'><strong>et</strong></span> <span class='ocrx_word' id='word_1_348' title='bbox 1024 159 1099 178; x_wconf 85' lang='lat' dir='ltr'><strong>nemo</strong></span> <span class='ocrx_word' id='word_1_349' title='bbox 1116 159 1167 178; x_wconf 86' lang='lat' dir='ltr'><strong>non</strong></span> <span class='ocrx_word' id='word_1_350' title='bbox 1183 150 1300 184; x_wconf 81' lang='lat' dir='ltr'><strong>objiciet.</strong></span> <span class='ocrx_word' id='word_1_351' title='bbox 1315 149 1346 177; x_wconf 87' lang='lat' dir='ltr'><strong>In</strong></span> <span class='ocrx_word' id='word_1_352' title='bbox 1365 155 1501 184; x_wconf 74' lang='lat' dir='ltr'><strong>conspectu</strong></span> <span class='ocrx_word' id='word_1_353' title='bbox 1514 151 1652 176; x_wconf 83' lang='lat' dir='ltr'><strong>oculorum</strong></span> 
     </span>
    </p>
   </div>
   <div class='ocr_carea' id='block_1_49' title="bbox 862 196 1653 230">
    <p class='ocr_par' dir='ltr' id='par_1_49' title="bbox 862 196 1653 230">
     <span class='ocr_line' id='line_1_49' title="bbox 862 196 1653 230; baseline -0.005 -6"><span class='ocrx_word' id='word_1_354' title='bbox 862 203 968 224; x_wconf 81' lang='lat' dir='ltr'><strong>tuorum</strong></span> <span class='ocrx_word' id='word_1_355' title='bbox 992 196 1156 224; x_wconf 83' lang='lat' dir='ltr'><strong>conculcabit</strong></span> <span class='ocrx_word' id='word_1_356' title='bbox 1183 196 1204 213; x_wconf 76' lang='grc'><strong>⁵¹</strong></span> <span class='ocrx_word' id='word_1_357' title='bbox 1222 204 1250 223; x_wconf 91' lang='lat' dir='ltr'><strong>os</strong></span> <span class='ocrx_word' id='word_1_358' title='bbox 1265 204 1341 223; x_wconf 86' lang='lat' dir='ltr'><strong>suum</strong></span> <span class='ocrx_word' id='word_1_359' title='bbox 1353 217 1359 228; x_wconf 85' lang='lat'><strong>,</strong></span> <span class='ocrx_word' id='word_1_360' title='bbox 1380 200 1404 222; x_wconf 81' lang='lat' dir='ltr'><strong>et</strong></span> <span class='ocrx_word' id='word_1_361' title='bbox 1429 204 1508 230; x_wconf 75' lang='lat' dir='ltr'><strong>super</strong></span> <span class='ocrx_word' id='word_1_362' title='bbox 1522 203 1653 222; x_wconf 73' lang='lat' dir='ltr'><strong>sermones</strong></span> 
     </span>
    </p>
   </div>
   <div class='ocr_carea' id='block_1_50' title="bbox 862 243 1654 277">
    <p class='ocr_par' dir='ltr' id='par_1_50' title="bbox 862 243 1654 277">
     <span class='ocr_line' id='line_1_50' title="bbox 862 243 1654 277; baseline 0 -7"><span class='ocrx_word' id='word_1_363' title='bbox 862 249 919 271; x_wconf 72' lang='lat' dir='ltr'><strong>tuo;</strong></span> <span class='ocrx_word' id='word_1_364' title='bbox 941 244 1146 270; x_wconf 83' lang='lat' dir='ltr'><strong>adrnirabitur:</strong></span> <span class='ocrx_word' id='word_1_365' title='bbox 1179 243 1327 270; x_wconf 78' lang='lat' dir='ltr'><strong>Novissime</strong></span> <span class='ocrx_word' id='word_1_366' title='bbox 1353 247 1440 269; x_wconf 81' lang='lat' dir='ltr'><strong>autent</strong></span> <span class='ocrx_word' id='word_1_367' title='bbox 1470 247 1595 277; x_wconf 81' lang='lat' dir='ltr'><strong>pervertet</strong></span> <span class='ocrx_word' id='word_1_368' title='bbox 1624 248 1654 270; x_wconf 75' lang='grc' dir='ltr'><strong>οο</strong></span> 
     </span>
    </p>
   </div>
   <div class='ocr_carea' id='block_1_51' title="bbox 861 288 1653 322">
    <p class='ocr_par' dir='ltr' id='par_1_51' title="bbox 861 288 1653 322">
     <span class='ocr_line' id='line_1_51' title="bbox 861 288 1653 322; baseline -0.003 -5"><span class='ocrx_word' id='word_1_369' title='bbox 861 299 937 317; x_wconf 89' lang='lat' dir='ltr'><strong>suum</strong></span> <span class='ocrx_word' id='word_1_370' title='bbox 951 312 958 322; x_wconf 82' lang='grc'><strong>,</strong></span> <span class='ocrx_word' id='word_1_371' title='bbox 973 288 995 317; x_wconf 81' lang='lat' dir='ltr'><strong>et</strong></span> <span class='ocrx_word' id='word_1_372' title='bbox 1014 290 1040 316; x_wconf 92' lang='lat' dir='ltr'><strong>in</strong></span> <span class='ocrx_word' id='word_1_373' title='bbox 1056 290 1202 316; x_wconf 70' lang='lat' dir='ltr'><strong>verbistuis</strong></span> <span class='ocrx_word' id='word_1_374' title='bbox 1222 289 1294 316; x_wconf 87' lang='lat' dir='ltr'><strong>dabit</strong></span> <span class='ocrx_word' id='word_1_375' title='bbox 1319 289 1483 316; x_wconf 80' lang='lat' dir='ltr'><strong>scandalum.</strong></span> <span class='ocrx_word' id='word_1_376' title='bbox 1503 289 1590 316; x_wconf 84' lang='lat' dir='ltr'><strong>Multa</strong></span> <span class='ocrx_word' id='word_1_377' title='bbox 1604 297 1653 315; x_wconf 91' lang='lat' dir='ltr'><strong>au-</strong></span> 
     </span>
    </p>
   </div>
   <div class='ocr_carea' id='block_1_52' title="bbox 861 334 1653 370">
    <p class='ocr_par' dir='ltr' id='par_1_52' title="bbox 861 334 1653 370">
     <span class='ocr_line' id='line_1_52' title="bbox 861 334 1653 370; baseline -0.004 -8"><span class='ocrx_word' id='word_1_378' title='bbox 861 337 915 362; x_wconf 83' lang='lat' dir='ltr'><strong>diri</strong></span> <span class='ocrx_word' id='word_1_379' title='bbox 930 337 962 367; x_wconf 48' lang='lat' dir='ltr'><strong>i&#39;,</strong></span> <span class='ocrx_word' id='word_1_380' title='bbox 977 341 1001 362; x_wconf 89' lang='lat' dir='ltr'><strong>et</strong></span> <span class='ocrx_word' id='word_1_381' title='bbox 1017 343 1068 361; x_wconf 89' lang='lat' dir='ltr'><strong>non</strong></span> <span class='ocrx_word' id='word_1_382' title='bbox 1085 334 1218 370; x_wconf 77' lang='lat' dir='ltr'><strong>cowquavi</strong></span> <span class='ocrx_word' id='word_1_383' title='bbox 1237 335 1277 366; x_wconf 87' lang='lat' dir='ltr'><strong>ei,</strong></span> <span class='ocrx_word' id='word_1_384' title='bbox 1292 339 1316 361; x_wconf 88' lang='lat' dir='ltr'><strong>et</strong></span> <span class='ocrx_word' id='word_1_385' title='bbox 1340 334 1466 360; x_wconf 81' lang='lat' dir='ltr'><strong>Dominus</strong></span> <span class='ocrx_word' id='word_1_386' title='bbox 1482 335 1551 360; x_wconf 80' lang='lat' dir='ltr'><strong>odiet</strong></span> <span class='ocrx_word' id='word_1_387' title='bbox 1565 334 1653 361; x_wconf 83' lang='lat' dir='ltr'><strong>illum.</strong></span> 
     </span>
    </p>
   </div>
   <div class='ocr_carea' id='block_1_53' title="bbox 862 379 1653 414">
    <p class='ocr_par' dir='ltr' id='par_1_53' title="bbox 862 379 1653 414">
     <span class='ocr_line' id='line_1_53' title="bbox 862 379 1653 414; baseline -0.003 -7"><span class='ocrx_word' id='word_1_388' title='bbox 862 382 914 414; x_wconf 82' lang='lat' dir='ltr'><strong>Qui</strong></span> <span class='ocrx_word' id='word_1_389' title='bbox 927 382 952 408; x_wconf 87' lang='lat' dir='ltr'><strong>in</strong></span> <span class='ocrx_word' id='word_1_390' title='bbox 968 381 1051 407; x_wconf 85' lang='lat' dir='ltr'><strong>altum</strong></span> <span class='ocrx_word' id='word_1_391' title='bbox 1065 381 1147 407; x_wconf 83' lang='lat' dir='ltr'><strong>mittit</strong></span> <span class='ocrx_word' id='word_1_392' title='bbox 1161 380 1274 414; x_wconf 86' lang='lat' dir='ltr'><strong>lapidem</strong></span> <span class='ocrx_word' id='word_1_393' title='bbox 1287 399 1293 410; x_wconf 83' lang='lat'><strong>,</strong></span> <span class='ocrx_word' id='word_1_394' title='bbox 1309 388 1386 413; x_wconf 83' lang='lat' dir='ltr'><strong>super</strong></span> <span class='ocrx_word' id='word_1_395' title='bbox 1399 384 1474 413; x_wconf 80' lang='lat' dir='ltr'><strong>caput</strong></span> <span class='ocrx_word' id='word_1_396' title='bbox 1488 379 1544 413; x_wconf 69' lang='lat' dir='ltr'><strong>ejus</strong></span> <span class='ocrx_word' id='word_1_397' title='bbox 1556 379 1631 406; x_wconf 86' lang='lat' dir='ltr'><strong>cadet</strong></span> <span class='ocrx_word' id='word_1_398' title='bbox 1644 390 1653 411; x_wconf 75' lang='lat'><strong>,-</strong></span> 
     </span>
    </p>
   </div>
   <div class='ocr_carea' id='block_1_54' title="bbox 861 423 1650 462">
    <p class='ocr_par' dir='ltr' id='par_1_54' title="bbox 861 423 1650 462">
     <span class='ocr_line' id='line_1_54' title="bbox 861 423 1650 462; baseline -0.005 -8"><span class='ocrx_word' id='word_1_399' title='bbox 861 433 884 454; x_wconf 82' lang='grc' dir='ltr'><strong>ει</strong></span> <span class='ocrx_word' id='word_1_400' title='bbox 900 427 978 462; x_wconf 83' lang='lat' dir='ltr'><strong>plaga</strong></span> <span class='ocrx_word' id='word_1_401' title='bbox 993 426 1084 453; x_wconf 84' lang='lat' dir='ltr'><strong>dolosa</strong></span> <span class='ocrx_word' id='word_1_402' title='bbox 1094 447 1102 458; x_wconf 91' lang='lat'><strong>,</strong></span> <span class='ocrx_word' id='word_1_403' title='bbox 1113 425 1198 452; x_wconf 72' lang='lat' dir='ltr'><strong>dolosi</strong></span> <span class='ocrx_word' id='word_1_404' title='bbox 1213 425 1308 451; x_wconf 81' lang='lat' dir='ltr'><strong>dividet</strong></span> <span class='ocrx_word' id='word_1_405' title='bbox 1324 425 1441 451; x_wconf 68' lang='lat' dir='ltr'><strong>vulnera.</strong></span> <span class='ocrx_word' id='word_1_406' title='bbox 1461 424 1512 456; x_wconf 83' lang='lat' dir='ltr'><strong>Qui</strong></span> <span class='ocrx_word' id='word_1_407' title='bbox 1524 424 1592 458; x_wconf 85' lang='lat' dir='ltr'><strong>[odit</strong></span> <span class='ocrx_word' id='word_1_408' title='bbox 1607 423 1650 458; x_wconf 77' lang='lat' dir='ltr'><strong>[o-</strong></span> 
     </span>
    </p>
   </div>
   <div class='ocr_carea' id='block_1_55' title="bbox 861 469 1651 504">
    <p class='ocr_par' dir='ltr' id='par_1_55' title="bbox 861 469 1651 504">
     <span class='ocr_line' id='line_1_55' title="bbox 861 469 1651 504; baseline -0.005 -5"><span class='ocrx_word' id='word_1_409' title='bbox 861 481 933 500; x_wconf 79' lang='lat' dir='ltr'><strong>veam</strong></span> <span class='ocrx_word' id='word_1_410' title='bbox 945 493 952 504; x_wconf 83' lang='lat'><strong>,</strong></span> <span class='ocrx_word' id='word_1_411' title='bbox 966 472 1066 498; x_wconf 80' lang='lat' dir='ltr'><strong>incidet</strong></span> <span class='ocrx_word' id='word_1_412' title='bbox 1090 472 1117 497; x_wconf 89' lang='lat' dir='ltr'><strong>in</strong></span> <span class='ocrx_word' id='word_1_413' title='bbox 1134 471 1229 501; x_wconf 90' lang='lat' dir='ltr'><strong>illam;</strong></span> <span class='ocrx_word' id='word_1_414' title='bbox 1241 475 1264 497; x_wconf 88' lang='lat' dir='ltr'><strong>et</strong></span> <span class='ocrx_word' id='word_1_415' title='bbox 1281 470 1326 504; x_wconf 88' lang='lat' dir='ltr'><strong>qui</strong></span> <span class='ocrx_word' id='word_1_416' title='bbox 1340 470 1435 496; x_wconf 84' lang='lat' dir='ltr'><strong>statuit</strong></span> <span class='ocrx_word' id='word_1_417' title='bbox 1452 469 1567 504; x_wconf 78' lang='lat' dir='ltr'><strong>lapidem</strong></span> <span class='ocrx_word' id='word_1_418' title='bbox 1588 477 1651 503; x_wconf 85' lang='lat' dir='ltr'><strong>pro-</strong></span> 
     </span>
    </p>
   </div>
   <div class='ocr_carea' id='block_1_56' title="bbox 861 515 1654 553">
    <p class='ocr_par' dir='ltr' id='par_1_56' title="bbox 861 515 1654 553">
     <span class='ocr_line' id='line_1_56' title="bbox 861 515 1654 553; baseline -0.008 -7"><span class='ocrx_word' id='word_1_419' title='bbox 861 520 943 552; x_wconf 67' lang='lat' dir='ltr'><strong>mimo,</strong></span> <span class='ocrx_word' id='word_1_420' title='bbox 961 518 1073 553; x_wconf 73' lang='lat' dir='ltr'><strong>offendet</strong></span> <span class='ocrx_word' id='word_1_421' title='bbox 1085 518 1112 544; x_wconf 86' lang='lat' dir='ltr'><strong>in</strong></span> <span class='ocrx_word' id='word_1_422' title='bbox 1127 525 1177 549; x_wconf 86' lang='lat' dir='ltr'><strong>eo;</strong></span> <span class='ocrx_word' id='word_1_423' title='bbox 1193 522 1217 544; x_wconf 85' lang='lat' dir='ltr'><strong>et</strong></span> <span class='ocrx_word' id='word_1_424' title='bbox 1232 517 1277 551; x_wconf 85' lang='lat' dir='ltr'><strong>qui</strong></span> <span class='ocrx_word' id='word_1_425' title='bbox 1293 516 1414 551; x_wconf 81' lang='lat' dir='ltr'><strong>laqueum</strong></span> <span class='ocrx_word' id='word_1_426' title='bbox 1429 515 1476 541; x_wconf 81' lang='lat' dir='ltr'><strong>alii</strong></span> <span class='ocrx_word' id='word_1_427' title='bbox 1493 516 1578 549; x_wconf 83' lang='lat' dir='ltr'><strong>ponit,</strong></span> <span class='ocrx_word' id='word_1_428' title='bbox 1595 523 1654 549; x_wconf 82' lang='lat' dir='ltr'><strong>per-</strong></span> 
     </span>
    </p>
   </div>
   <div class='ocr_carea' id='block_1_57' title="bbox 861 561 1653 595">
    <p class='ocr_par' dir='ltr' id='par_1_57' title="bbox 861 561 1653 595">
     <span class='ocr_line' id='line_1_57' title="bbox 861 561 1653 595; baseline -0.008 -3"><span class='ocrx_word' id='word_1_429' title='bbox 861 565 910 592; x_wconf 80' lang='lat' dir='ltr'><strong>ibit</strong></span> <span class='ocrx_word' id='word_1_430' title='bbox 931 565 958 591; x_wconf 75' lang='lat' dir='ltr'><strong>in</strong></span> <span class='ocrx_word' id='word_1_431' title='bbox 976 564 1034 591; x_wconf 89' lang='lat' dir='ltr'><strong>illo.</strong></span> <span class='ocrx_word' id='word_1_432' title='bbox 1060 563 1182 590; x_wconf 85' lang='lat' dir='ltr'><strong>Facienti</strong></span> <span class='ocrx_word' id='word_1_433' title='bbox 1200 561 1338 588; x_wconf 84' lang='lat' dir='ltr'><strong>consilium</strong></span> <span class='ocrx_word' id='word_1_434' title='bbox 1355 561 1557 595; x_wconf 73' lang='lat' dir='ltr'><strong>ncquissimum,</strong></span> <span class='ocrx_word' id='word_1_435' title='bbox 1576 568 1653 595; x_wconf 79' lang='lat' dir='ltr'><strong>super</strong></span> 
     </span>
    </p>
   </div>
   <div class='ocr_carea' id='block_1_58' title="bbox 861 606 1651 645">
    <p class='ocr_par' dir='ltr' id='par_1_58' title="bbox 861 606 1651 645">
     <span class='ocr_line' id='line_1_58' title="bbox 861 606 1651 645; baseline -0.006 -6"><span class='ocrx_word' id='word_1_436' title='bbox 861 612 946 645; x_wconf 85' lang='lat' dir='ltr'><strong>ipsum</strong></span> <span class='ocrx_word' id='word_1_437' title='bbox 960 610 1124 641; x_wconf 79' lang='lat' dir='ltr'><strong>devolvetur;</strong></span> <span class='ocrx_word' id='word_1_438' title='bbox 1141 613 1166 635; x_wconf 81' lang='lat' dir='ltr'><strong>et</strong></span> <span class='ocrx_word' id='word_1_439' title='bbox 1182 616 1232 634; x_wconf 89' lang='lat' dir='ltr'><strong>non</strong></span> <span class='ocrx_word' id='word_1_440' title='bbox 1248 611 1369 642; x_wconf 88' lang='lat' dir='ltr'><strong>agnoscet</strong></span> <span class='ocrx_word' id='word_1_441' title='bbox 1383 606 1450 632; x_wconf 88' lang='lat' dir='ltr'><strong>unde</strong></span> <span class='ocrx_word' id='word_1_442' title='bbox 1469 607 1585 633; x_wconf 77' lang='lat' dir='ltr'><strong>adveniet</strong></span> <span class='ocrx_word' id='word_1_443' title='bbox 1599 606 1651 634; x_wconf 88' lang='lat' dir='ltr'><strong>illi.</strong></span> 
     </span>
    </p>
   </div>
   <div class='ocr_carea' id='block_1_59' title="bbox 862 651 1653 689">
    <p class='ocr_par' dir='ltr' id='par_1_59' title="bbox 862 651 1653 689">
     <span class='ocr_line' id='line_1_59' title="bbox 862 651 1653 689; baseline -0.005 -7"><span class='ocrx_word' id='word_1_444' title='bbox 862 655 958 682; x_wconf 81' lang='lat' dir='ltr'><strong>Illusio</strong></span> <span class='ocrx_word' id='word_1_445' title='bbox 972 660 996 682; x_wconf 85' lang='lat' dir='ltr'><strong>et</strong></span> <span class='ocrx_word' id='word_1_446' title='bbox 1009 654 1195 689; x_wconf 79' lang='lat' dir='ltr'><strong>improperium</strong></span> <span class='ocrx_word' id='word_1_447' title='bbox 1211 651 1392 686; x_wconf 85' lang='lat' dir='ltr'><strong>superborum,</strong></span> <span class='ocrx_word' id='word_1_448' title='bbox 1406 657 1429 677; x_wconf 87' lang='lat' dir='ltr'><strong>et</strong></span> <span class='ocrx_word' id='word_1_449' title='bbox 1444 651 1570 681; x_wconf 78' lang='lat' dir='ltr'><strong>t&#39;ltldtclu,</strong></span> <span class='ocrx_word' id='word_1_450' title='bbox 1585 653 1653 678; x_wconf 58' lang='lat' dir='ltr'><strong>sicut</strong></span> 
     </span>
    </p>
   </div>
   <div class='ocr_carea' id='block_1_60' title="bbox 861 697 1654 733">
    <p class='ocr_par' dir='ltr' id='par_1_60' title="bbox 861 697 1654 733">
     <span class='ocr_line' id='line_1_60' title="bbox 861 697 1654 733; baseline -0.009 -4"><span class='ocrx_word' id='word_1_451' title='bbox 861 703 900 730; x_wconf 87' lang='lat' dir='ltr'><strong>leo</strong></span> <span class='ocrx_word' id='word_1_452' title='bbox 915 701 1086 729; x_wconf 84' lang='lat' dir='ltr'><strong>insidiabitur</strong></span> <span class='ocrx_word' id='word_1_453' title='bbox 1097 699 1162 726; x_wconf 86' lang='lat' dir='ltr'><strong>illis.</strong></span> <span class='ocrx_word' id='word_1_454' title='bbox 1181 699 1284 733; x_wconf 82' lang='lat' dir='ltr'><strong>Laqueo</strong></span> <span class='ocrx_word' id='word_1_455' title='bbox 1304 697 1441 732; x_wconf 77' lang='lat' dir='ltr'><strong>peribunt,</strong></span> <span class='ocrx_word' id='word_1_456' title='bbox 1459 698 1504 732; x_wconf 88' lang='lat' dir='ltr'><strong>qui</strong></span> <span class='ocrx_word' id='word_1_457' title='bbox 1521 698 1654 724; x_wconf 84' lang='lat' dir='ltr'><strong>oblectan-</strong></span> 
     </span>
    </p>
   </div>
   <div class='ocr_carea' id='block_1_61' title="bbox 862 744 1653 781">
    <p class='ocr_par' dir='ltr' id='par_1_61' title="bbox 862 744 1653 781">
     <span class='ocr_line' id='line_1_61' title="bbox 862 744 1653 781; baseline -0.008 -6"><span class='ocrx_word' id='word_1_458' title='bbox 862 753 905 774; x_wconf 88' lang='lat' dir='ltr'><strong>tur</strong></span> <span class='ocrx_word' id='word_1_459' title='bbox 919 756 982 777; x_wconf 83' lang='lat' dir='ltr'><strong>casu</strong></span> <span class='ocrx_word' id='word_1_460' title='bbox 993 747 1147 781; x_wconf 85' lang='lat' dir='ltr'><strong>justorum;</strong></span> <span class='ocrx_word' id='word_1_461' title='bbox 1164 745 1240 772; x_wconf 86' lang='lat' dir='ltr'><strong>dolor</strong></span> <span class='ocrx_word' id='word_1_462' title='bbox 1251 748 1338 770; x_wconf 85' lang='lat' dir='ltr'><strong>autem</strong></span> <span class='ocrx_word' id='word_1_463' title='bbox 1354 748 1487 770; x_wconf 77' lang='lat' dir='ltr'><strong>consumet</strong></span> <span class='ocrx_word' id='word_1_464' title='bbox 1502 744 1563 770; x_wconf 85' lang='lat' dir='ltr'><strong>illos</strong></span> <span class='ocrx_word' id='word_1_465' title='bbox 1577 749 1653 770; x_wconf 69' lang='lat' dir='ltr'><strong>ante—</strong></span> 
     </span>
    </p>
   </div>
   <div class='ocr_carea' id='block_1_62' title="bbox 861 789 1653 830">
    <p class='ocr_par' dir='ltr' id='par_1_62' title="bbox 861 789 1653 830">
     <span class='ocr_line' id='line_1_62' title="bbox 861 789 1653 830; baseline -0.006 -10"><span class='ocrx_word' id='word_1_466' title='bbox 861 802 938 830; x_wconf 85' lang='lat' dir='ltr'><strong>quam</strong></span> <span class='ocrx_word' id='word_1_467' title='bbox 964 793 1123 820; x_wconf 86' lang='lat' dir='ltr'><strong>moriantur.</strong></span> <span class='ocrx_word' id='word_1_468' title='bbox 1148 791 1195 818; x_wconf 87' lang='lat' dir='ltr'><strong>Ira</strong></span> <span class='ocrx_word' id='word_1_469' title='bbox 1209 796 1231 818; x_wconf 90' lang='lat' dir='ltr'><strong>et</strong></span> <span class='ocrx_word' id='word_1_470' title='bbox 1257 791 1341 825; x_wconf 75' lang='lat' dir='ltr'><strong>furor,</strong></span> <span class='ocrx_word' id='word_1_471' title='bbox 1363 789 1653 824; x_wconf 65' lang='lat' dir='ltr'><strong>utraqueeasecrabilin</strong></span> 
     </span>
    </p>
   </div>
   <div class='ocr_carea' id='block_1_63' title="bbox 861 837 1653 874">
    <p class='ocr_par' dir='ltr' id='par_1_63' title="bbox 861 837 1653 874">
     <span class='ocr_line' id='line_1_63' title="bbox 861 837 1653 874; baseline -0.005 -7"><span class='ocrx_word' id='word_1_472' title='bbox 861 845 920 868; x_wconf 90' lang='lat' dir='ltr'><strong>sunt</strong></span> <span class='ocrx_word' id='word_1_473' title='bbox 933 849 941 871; x_wconf 91' lang='grc'><em>;</em></span> <span class='ocrx_word' id='word_1_474' title='bbox 956 845 979 866; x_wconf 85' lang='lat' dir='ltr'><strong>et</strong></span> <span class='ocrx_word' id='word_1_475' title='bbox 998 840 1038 866; x_wconf 88' lang='lat' dir='ltr'><strong>vir</strong></span> <span class='ocrx_word' id='word_1_476' title='bbox 1045 845 1176 874; x_wconf 82' lang='lat' dir='ltr'><strong>peccator,</strong></span> <span class='ocrx_word' id='word_1_477' title='bbox 1189 839 1323 864; x_wconf 86' lang='lat' dir='ltr'><strong>continens</strong></span> <span class='ocrx_word' id='word_1_478' title='bbox 1337 838 1386 864; x_wconf 80' lang='lat' dir='ltr'><strong>erit</strong></span> <span class='ocrx_word' id='word_1_479' title='bbox 1397 838 1504 864; x_wconf 86' lang='lat' dir='ltr'><strong>illorum</strong></span> <span class='ocrx_word' id='word_1_480' title='bbox 1517 837 1583 864; x_wconf 52' lang='grc' dir='ltr'><strong>⁸³-θῇ</strong></span> <span class='ocrx_word' id='word_1_481' title='bbox 1601 837 1653 869; x_wconf 82' lang='lat' dir='ltr'><strong>Qui</strong></span> 
     </span>
    </p>
   </div>
   <div class='ocr_carea' id='block_1_64' title="bbox 861 882 1653 916">
    <p class='ocr_par' dir='ltr' id='par_1_64' title="bbox 861 882 1653 916">
     <span class='ocr_line' id='line_1_64' title="bbox 861 882 1653 916; baseline -0.005 -4"><span class='ocrx_word' id='word_1_482' title='bbox 861 885 990 913; x_wconf 82' lang='lat' dir='ltr'><strong>vindicari</strong></span> <span class='ocrx_word' id='word_1_483' title='bbox 1008 884 1081 916; x_wconf 88' lang='lat' dir='ltr'><strong>vult,</strong></span> <span class='ocrx_word' id='word_1_484' title='bbox 1099 892 1115 910; x_wconf 92' lang='lat' dir='ltr'><strong>a</strong></span> <span class='ocrx_word' id='word_1_485' title='bbox 1130 883 1185 910; x_wconf 86' lang='lat' dir='ltr'><strong>Deo</strong></span> <span class='ocrx_word' id='word_1_486' title='bbox 1204 883 1313 909; x_wconf 83' lang='lat' dir='ltr'><strong>inveniet</strong></span> <span class='ocrx_word' id='word_1_487' title='bbox 1330 882 1489 914; x_wconf 82' lang='lat' dir='ltr'><strong>vindictam;</strong></span> <span class='ocrx_word' id='word_1_488' title='bbox 1504 887 1528 909; x_wconf 90' lang='lat' dir='ltr'><strong>et</strong></span> <span class='ocrx_word' id='word_1_489' title='bbox 1547 888 1653 916; x_wconf 79' lang='lat' dir='ltr'><strong>peccata</strong></span> 
     </span>
    </p>
   </div>
   <div class='ocr_carea' id='block_1_65' title="bbox 863 930 1653 965">
    <p class='ocr_par' dir='ltr' id='par_1_65' title="bbox 863 930 1653 965">
     <span class='ocr_line' id='line_1_65' title="bbox 863 930 1653 965; baseline -0.005 -5"><span class='ocrx_word' id='word_1_490' title='bbox 863 934 934 960; x_wconf 83' lang='lat' dir='ltr'><strong>illius</strong></span> <span class='ocrx_word' id='word_1_491' title='bbox 948 940 1065 963; x_wconf 69' lang='lat' dir='ltr'><strong>servans,</strong></span> <span class='ocrx_word' id='word_1_492' title='bbox 1081 931 1206 958; x_wconf 85' lang='lat' dir='ltr'><strong>servabit.</strong></span> <span class='ocrx_word' id='word_1_493' title='bbox 1218 930 1342 965; x_wconf 79' lang='lat' dir='ltr'><strong>Relinque</strong></span> <span class='ocrx_word' id='word_1_494' title='bbox 1358 930 1477 964; x_wconf 76' lang='lat' dir='ltr'><strong>proximo</strong></span> <span class='ocrx_word' id='word_1_495' title='bbox 1493 934 1536 956; x_wconf 89' lang='lat' dir='ltr'><strong>tuo</strong></span> <span class='ocrx_word' id='word_1_496' title='bbox 1550 930 1653 956; x_wconf 81' lang='lat' dir='ltr'><strong>nocenti</strong></span> 
     </span>
    </p>
   </div>
   <div class='ocr_carea' id='block_1_66' title="bbox 864 975 1652 1012">
    <p class='ocr_par' dir='ltr' id='par_1_66' title="bbox 864 975 1652 1012">
     <span class='ocr_line' id='line_1_66' title="bbox 864 975 1652 1012; baseline -0.004 -7"><span class='ocrx_word' id='word_1_497' title='bbox 864 984 904 1012; x_wconf 86' lang='lat' dir='ltr'><strong>te,</strong></span> <span class='ocrx_word' id='word_1_498' title='bbox 921 984 944 1005; x_wconf 82' lang='lat' dir='ltr'><strong>et</strong></span> <span class='ocrx_word' id='word_1_499' title='bbox 966 983 1026 1004; x_wconf 86' lang='lat' dir='ltr'><strong>tunc</strong></span> <span class='ocrx_word' id='word_1_500' title='bbox 1049 977 1197 1011; x_wconf 80' lang='lat' dir='ltr'><strong>deprecanti</strong></span> <span class='ocrx_word' id='word_1_501' title='bbox 1219 976 1267 1002; x_wconf 84' lang='lat' dir='ltr'><strong>tibi</strong></span> <span class='ocrx_word' id='word_1_502' title='bbox 1282 981 1387 1010; x_wconf 80' lang='lat' dir='ltr'><strong>peccata</strong></span> <span class='ocrx_word' id='word_1_503' title='bbox 1402 976 1541 1002; x_wconf 82' lang='lat' dir='ltr'><strong>solventur.</strong></span> <span class='ocrx_word' id='word_1_504' title='bbox 1568 975 1652 1002; x_wconf 79' lang='lat' dir='ltr'><strong>[Ionio</strong></span> 
     </span>
    </p>
   </div>
   <div class='ocr_carea' id='block_1_67' title="bbox 862 1020 1652 1056">
    <p class='ocr_par' dir='ltr' id='par_1_67' title="bbox 862 1020 1652 1056">
     <span class='ocr_line' id='line_1_67' title="bbox 862 1020 1652 1056; baseline -0.005 -6"><span class='ocrx_word' id='word_1_505' title='bbox 862 1024 959 1051; x_wconf 76' lang='lat' dir='ltr'><strong>tramitti</strong></span> <span class='ocrx_word' id='word_1_506' title='bbox 975 1028 1086 1050; x_wconf 75' lang='lat' dir='ltr'><strong>reservat</strong></span> <span class='ocrx_word' id='word_1_507' title='bbox 1101 1023 1180 1054; x_wconf 85' lang='lat' dir='ltr'><strong>iram,</strong></span> <span class='ocrx_word' id='word_1_508' title='bbox 1195 1027 1218 1048; x_wconf 87' lang='lat' dir='ltr'><strong>et</strong></span> <span class='ocrx_word' id='word_1_509' title='bbox 1242 1030 1258 1048; x_wconf 88' lang='lat' dir='ltr'><strong>a</strong></span> <span class='ocrx_word' id='word_1_510' title='bbox 1276 1021 1328 1048; x_wconf 87' lang='lat' dir='ltr'><strong>Deo</strong></span> <span class='ocrx_word' id='word_1_511' title='bbox 1341 1021 1434 1056; x_wconf 64' lang='lat' dir='ltr'><strong>quaerit</strong></span> <span class='ocrx_word' id='word_1_512' title='bbox 1454 1021 1579 1047; x_wconf 73' lang='lat' dir='ltr'><strong>medelam</strong></span> <span class='ocrx_word' id='word_1_513' title='bbox 1593 1022 1604 1049; x_wconf 66' lang='grc' dir='ltr'><em>φ</em></span> <span class='ocrx_word' id='word_1_514' title='bbox 1619 1020 1652 1048; x_wconf 83' lang='grc' dir='ltr'><strong>1η</strong></span> 
     </span>
    </p>
   </div>
   <div class='ocr_carea' id='block_1_68' title="bbox 862 1066 1653 1098">
    <p class='ocr_par' dir='ltr' id='par_1_68' title="bbox 862 1066 1653 1098">
     <span class='ocr_line' id='line_1_68' title="bbox 862 1066 1653 1098; baseline -0.003 -3"><span class='ocrx_word' id='word_1_515' title='bbox 862 1069 989 1095; x_wconf 82' lang='lat' dir='ltr'><strong>hominem</strong></span> <span class='ocrx_word' id='word_1_516' title='bbox 1011 1068 1062 1094; x_wconf 83' lang='lat' dir='ltr'><strong>sibi</strong></span> <span class='ocrx_word' id='word_1_517' title='bbox 1081 1067 1196 1093; x_wconf 87' lang='lat' dir='ltr'><strong>similem</strong></span> <span class='ocrx_word' id='word_1_518' title='bbox 1217 1075 1268 1092; x_wconf 89' lang='lat' dir='ltr'><strong>non</strong></span> <span class='ocrx_word' id='word_1_519' title='bbox 1287 1066 1363 1092; x_wconf 78' lang='lat' dir='ltr'><strong>liabet</strong></span> <span class='ocrx_word' id='word_1_520' title='bbox 1381 1066 1590 1092; x_wconf 82' lang='lat' dir='ltr'><strong>misericordiam</strong></span> <span class='ocrx_word' id='word_1_521' title='bbox 1605 1086 1612 1098; x_wconf 89' lang='lat'><strong>,</strong></span> <span class='ocrx_word' id='word_1_522' title='bbox 1627 1071 1653 1093; x_wconf 85' lang='lat' dir='ltr'><strong>el</strong></span> 
     </span>
    </p>
   </div>
   <div class='ocr_carea' id='block_1_69' title="bbox 862 1108 1653 1149">
    <p class='ocr_par' dir='ltr' id='par_1_69' title="bbox 862 1108 1653 1149">
     <span class='ocr_line' id='line_1_69' title="bbox 862 1108 1653 1149; baseline -0.004 -8"><span class='ocrx_word' id='word_1_523' title='bbox 862 1115 893 1141; x_wconf 82' lang='lat' dir='ltr'><strong>de</strong></span> <span class='ocrx_word' id='word_1_524' title='bbox 904 1114 1015 1149; x_wconf 80' lang='lat' dir='ltr'><strong>peccatis</strong></span> <span class='ocrx_word' id='word_1_525' title='bbox 1028 1108 1083 1139; x_wconf 69' lang='lat' dir='ltr'><strong>suis</strong></span> <span class='ocrx_word' id='word_1_526' title='bbox 1096 1113 1252 1147; x_wconf 81' lang='lat' dir='ltr'><strong>deprecatur</strong></span> <span class='ocrx_word' id='word_1_527' title='bbox 1275 1112 1441 1138; x_wconf 83' lang='lat' dir='ltr'><strong>Altissimum</strong></span> <span class='ocrx_word' id='word_1_528' title='bbox 1453 1112 1465 1138; x_wconf 84' lang='lat'><strong>.’</strong></span> <span class='ocrx_word' id='word_1_529' title='bbox 1481 1111 1542 1146; x_wconf 85' lang='lat' dir='ltr'><strong>Ipse</strong></span> <span class='ocrx_word' id='word_1_530' title='bbox 1559 1133 1566 1144; x_wconf 88' lang='lat'><strong>,</strong></span> <span class='ocrx_word' id='word_1_531' title='bbox 1589 1112 1653 1138; x_wconf 85' lang='lat' dir='ltr'><strong>dum</strong></span> 
     </span>
    </p>
   </div>
   <div class='ocr_carea' id='block_1_70' title="bbox 863 1157 1654 1192">
    <p class='ocr_par' dir='ltr' id='par_1_70' title="bbox 863 1157 1654 1192">
     <span class='ocr_line' id='line_1_70' title="bbox 863 1157 1654 1192; baseline -0.003 -5"><span class='ocrx_word' id='word_1_532' title='bbox 863 1169 924 1187; x_wconf 74' lang='lat' dir='ltr'><strong>caro</strong></span> <span class='ocrx_word' id='word_1_533' title='bbox 935 1161 985 1191; x_wconf 81' lang='lat' dir='ltr'><strong>sit,</strong></span> <span class='ocrx_word' id='word_1_534' title='bbox 1000 1163 1113 1185; x_wconf 80' lang='lat' dir='ltr'><strong>reservat</strong></span> <span class='ocrx_word' id='word_1_535' title='bbox 1129 1160 1196 1184; x_wconf 87' lang='lat' dir='ltr'><strong>iram</strong></span> <span class='ocrx_word' id='word_1_536' title='bbox 1213 1163 1238 1184; x_wconf 81' lang='lat' dir='ltr'><strong>et</strong></span> <span class='ocrx_word' id='word_1_537' title='bbox 1253 1157 1467 1192; x_wconf 83' lang='lat' dir='ltr'><strong>propitiationem</strong></span> <span class='ocrx_word' id='word_1_538' title='bbox 1478 1158 1567 1192; x_wconf 84' lang='lat' dir='ltr'><strong>petita</strong></span> <span class='ocrx_word' id='word_1_539' title='bbox 1582 1157 1654 1185; x_wconf 78' lang='lat' dir='ltr'><strong>Deo?</strong></span> 
     </span>
    </p>
   </div>
   <div class='ocr_carea' id='block_1_71' title="bbox 865 1203 1653 1240">
    <p class='ocr_par' dir='ltr' id='par_1_71' title="bbox 865 1203 1653 1240">
     <span class='ocr_line' id='line_1_71' title="bbox 865 1203 1653 1240; baseline -0.005 -7"><span class='ocrx_word' id='word_1_540' title='bbox 865 1207 930 1240; x_wconf 83' lang='lat' dir='ltr'><strong>Quis</strong></span> <span class='ocrx_word' id='word_1_541' title='bbox 940 1206 1058 1233; x_wconf 77' lang='lat' dir='ltr'><strong>exorabit</strong></span> <span class='ocrx_word' id='word_1_542' title='bbox 1073 1212 1119 1238; x_wconf 87' lang='lat' dir='ltr'><strong>pro</strong></span> <span class='ocrx_word' id='word_1_543' title='bbox 1133 1203 1234 1230; x_wconf 72' lang='lat' dir='ltr'><strong>delictis</strong></span> <span class='ocrx_word' id='word_1_544' title='bbox 1247 1203 1343 1230; x_wconf 75' lang='lat' dir='ltr'><strong>illius!</strong></span> <span class='ocrx_word' id='word_1_545' title='bbox 1357 1203 1487 1230; x_wconf 82' lang='lat' dir='ltr'><strong>Memento</strong></span> <span class='ocrx_word' id='word_1_546' title='bbox 1499 1204 1653 1230; x_wconf 76' lang='lat' dir='ltr'><strong>novissimo-</strong></span> 
     </span>
    </p>
   </div>
   <div class='ocr_carea' id='block_1_72' title="bbox 864 1248 1653 1284">
    <p class='ocr_par' dir='ltr' id='par_1_72' title="bbox 864 1248 1653 1284">
     <span class='ocr_line' id='line_1_72' title="bbox 864 1248 1653 1284; baseline -0.004 -6"><span class='ocrx_word' id='word_1_547' title='bbox 864 1260 941 1284; x_wconf 86' lang='lat' dir='ltr'><strong>rum,</strong></span> <span class='ocrx_word' id='word_1_548' title='bbox 964 1255 989 1277; x_wconf 87' lang='lat' dir='ltr'><strong>et</strong></span> <span class='ocrx_word' id='word_1_549' title='bbox 1005 1250 1094 1277; x_wconf 85' lang='lat' dir='ltr'><strong>desine</strong></span> <span class='ocrx_word' id='word_1_550' title='bbox 1110 1249 1255 1276; x_wconf 77' lang='lat' dir='ltr'><strong>inimicari.</strong></span> <span class='ocrx_word' id='word_1_551' title='bbox 1280 1248 1413 1275; x_wconf 87' lang='lat' dir='ltr'><strong>Tabitudo</strong></span> <span class='ocrx_word' id='word_1_552' title='bbox 1430 1249 1499 1274; x_wconf 86' lang='lat' dir='ltr'><strong>enim</strong></span> <span class='ocrx_word' id='word_1_553' title='bbox 1512 1270 1518 1281; x_wconf 86' lang='lat'><strong>,</strong></span> <span class='ocrx_word' id='word_1_554' title='bbox 1539 1255 1562 1275; x_wconf 88' lang='lat' dir='ltr'><strong>et</strong></span> <span class='ocrx_word' id='word_1_555' title='bbox 1583 1257 1653 1275; x_wconf 84' lang='lat' dir='ltr'><strong>mors</strong></span> 
     </span>
    </p>
   </div>
   <div class='ocr_carea' id='block_1_73' title="bbox 863 1294 1652 1329">
    <p class='ocr_par' dir='ltr' id='par_1_73' title="bbox 863 1294 1652 1329">
     <span class='ocr_line' id='line_1_73' title="bbox 863 1294 1652 1329; baseline -0.006 -4"><span class='ocrx_word' id='word_1_556' title='bbox 863 1299 999 1325; x_wconf 86' lang='lat' dir='ltr'><strong>imminent</strong></span> <span class='ocrx_word' id='word_1_557' title='bbox 1014 1297 1042 1323; x_wconf 87' lang='lat' dir='ltr'><strong>in</strong></span> <span class='ocrx_word' id='word_1_558' title='bbox 1056 1296 1190 1323; x_wconf 84' lang='lat' dir='ltr'><strong>mandatis</strong></span> <span class='ocrx_word' id='word_1_559' title='bbox 1204 1295 1270 1329; x_wconf 83' lang='lat' dir='ltr'><strong>ejus.</strong></span> <span class='ocrx_word' id='word_1_560' title='bbox 1291 1294 1437 1321; x_wconf 71' lang='lat' dir='ltr'><strong>Memorare</strong></span> <span class='ocrx_word' id='word_1_561' title='bbox 1452 1295 1571 1321; x_wconf 85' lang='lat' dir='ltr'><strong>timorem</strong></span> <span class='ocrx_word' id='word_1_562' title='bbox 1589 1294 1652 1327; x_wconf 87' lang='lat' dir='ltr'><strong>Dei,</strong></span> 
     </span>
    </p>
   </div>
   <div class='ocr_carea' id='block_1_74' title="bbox 863 1340 1654 1376">
    <p class='ocr_par' dir='ltr' id='par_1_74' title="bbox 863 1340 1654 1376">
     <span class='ocr_line' id='line_1_74' title="bbox 863 1340 1654 1376; baseline -0.006 -5"><span class='ocrx_word' id='word_1_563' title='bbox 863 1349 887 1371; x_wconf 88' lang='lat' dir='ltr'><strong>et</strong></span> <span class='ocrx_word' id='word_1_564' title='bbox 904 1352 955 1370; x_wconf 86' lang='lat' dir='ltr'><strong>non</strong></span> <span class='ocrx_word' id='word_1_565' title='bbox 976 1342 1103 1370; x_wconf 84' lang='lat' dir='ltr'><strong>irascaris</strong></span> <span class='ocrx_word' id='word_1_566' title='bbox 1122 1342 1252 1376; x_wconf 82' lang='lat' dir='ltr'><strong>proximo.</strong></span> <span class='ocrx_word' id='word_1_567' title='bbox 1273 1340 1418 1367; x_wconf 81' lang='lat' dir='ltr'><strong>Memorare</strong></span> <span class='ocrx_word' id='word_1_568' title='bbox 1442 1345 1589 1366; x_wconf 71' lang='lat' dir='ltr'><strong>mtanmnt:</strong></span> <span class='ocrx_word' id='word_1_569' title='bbox 1606 1340 1654 1367; x_wconf 76' lang='lat' dir='ltr'><strong>Al-</strong></span> 
     </span>
    </p>
   </div>
   <div class='ocr_carea' id='block_1_75' title="bbox 865 1386 1654 1424">
    <p class='ocr_par' dir='ltr' id='par_1_75' title="bbox 865 1386 1654 1424">
     <span class='ocr_line' id='line_1_75' title="bbox 865 1386 1654 1424; baseline -0.009 -6"><span class='ocrx_word' id='word_1_570' title='bbox 865 1391 978 1424; x_wconf 83' lang='lat' dir='ltr'><strong>tissimi,</strong></span> <span class='ocrx_word' id='word_1_571' title='bbox 993 1395 1017 1417; x_wconf 89' lang='lat' dir='ltr'><strong>et</strong></span> <span class='ocrx_word' id='word_1_572' title='bbox 1037 1389 1140 1423; x_wconf 80' lang='lat' dir='ltr'><strong>despice</strong></span> <span class='ocrx_word' id='word_1_573' title='bbox 1156 1387 1334 1423; x_wconf 85' lang='lat' dir='ltr'><strong>ignorantiam</strong></span> <span class='ocrx_word' id='word_1_574' title='bbox 1356 1386 1482 1421; x_wconf 66' lang='lat' dir='ltr'><strong>proximi.</strong></span> <span class='ocrx_word' id='word_1_575' title='bbox 1506 1386 1614 1412; x_wconf 74' lang='lat' dir='ltr'><strong>Abstine</strong></span> <span class='ocrx_word' id='word_1_576' title='bbox 1629 1391 1654 1412; x_wconf 86' lang='lat' dir='ltr'><strong>te</strong></span> 
     </span>
    </p>
   </div>
   <div class='ocr_carea' id='block_1_76' title="bbox 865 1432 1653 1469">
    <p class='ocr_par' dir='ltr' id='par_1_76' title="bbox 865 1432 1653 1469">
     <span class='ocr_line' id='line_1_76' title="bbox 865 1432 1653 1469; baseline -0.009 -4"><span class='ocrx_word' id='word_1_577' title='bbox 865 1447 881 1465; x_wconf 93' lang='lat' dir='ltr'><strong>a</strong></span> <span class='ocrx_word' id='word_1_578' title='bbox 898 1438 954 1469; x_wconf 91' lang='lat' dir='ltr'><strong>lite,</strong></span> <span class='ocrx_word' id='word_1_579' title='bbox 969 1441 993 1464; x_wconf 87' lang='lat' dir='ltr'><strong>et</strong></span> <span class='ocrx_word' id='word_1_580' title='bbox 1009 1436 1109 1463; x_wconf 73' lang='lat' dir='ltr'><strong>minuas</strong></span> <span class='ocrx_word' id='word_1_581' title='bbox 1122 1439 1238 1469; x_wconf 87' lang='lat' dir='ltr'><strong>peccata.</strong></span> <span class='ocrx_word' id='word_1_582' title='bbox 1265 1433 1351 1460; x_wconf 82' lang='lat' dir='ltr'><strong>Homo</strong></span> <span class='ocrx_word' id='word_1_583' title='bbox 1366 1433 1436 1460; x_wconf 82' lang='lat' dir='ltr'><strong>enim</strong></span> <span class='ocrx_word' id='word_1_584' title='bbox 1455 1432 1594 1459; x_wconf 77' lang='lat' dir='ltr'><strong>iracundus</strong></span> <span class='ocrx_word' id='word_1_585' title='bbox 1610 1433 1653 1458; x_wconf 70' lang='lat' dir='ltr'><strong>in-</strong></span> 
     </span>
    </p>
   </div>
   <div class='ocr_carea' id='block_1_77' title="bbox 867 1478 1653 1515">
    <p class='ocr_par' dir='ltr' id='par_1_77' title="bbox 867 1478 1653 1515">
     <span class='ocr_line' id='line_1_77' title="bbox 867 1478 1653 1515; baseline -0.01 -4"><span class='ocrx_word' id='word_1_586' title='bbox 867 1484 952 1511; x_wconf 83' lang='lat' dir='ltr'><strong>cendit</strong></span> <span class='ocrx_word' id='word_1_587' title='bbox 970 1483 1059 1515; x_wconf 88' lang='lat' dir='ltr'><strong>litem,</strong></span> <span class='ocrx_word' id='word_1_588' title='bbox 1073 1486 1096 1508; x_wconf 82' lang='lat' dir='ltr'><strong>et</strong></span> <span class='ocrx_word' id='word_1_589' title='bbox 1115 1482 1156 1508; x_wconf 86' lang='lat' dir='ltr'><strong>vir</strong></span> <span class='ocrx_word' id='word_1_590' title='bbox 1177 1484 1298 1515; x_wconf 81' lang='lat' dir='ltr'><strong>peccator</strong></span> <span class='ocrx_word' id='word_1_591' title='bbox 1315 1478 1431 1506; x_wconf 86' lang='lat' dir='ltr'><strong>turbabit</strong></span> <span class='ocrx_word' id='word_1_592' title='bbox 1453 1478 1550 1504; x_wconf 83' lang='lat' dir='ltr'><strong>amicos</strong></span> <span class='ocrx_word' id='word_1_593' title='bbox 1562 1498 1568 1509; x_wconf 92' lang='lat'><strong>,</strong></span> <span class='ocrx_word' id='word_1_594' title='bbox 1583 1483 1608 1504; x_wconf 82' lang='lat' dir='ltr'><strong>et</strong></span> <span class='ocrx_word' id='word_1_595' title='bbox 1625 1479 1653 1504; x_wconf 85' lang='lat' dir='ltr'><strong>in</strong></span> 
     </span>
    </p>
   </div>
   <div class='ocr_carea' id='block_1_78' title="bbox 868 1521 1653 1562">
    <p class='ocr_par' dir='ltr' id='par_1_78' title="bbox 868 1521 1653 1562">
     <span class='ocr_line' id='line_1_78' title="bbox 868 1521 1653 1562; baseline -0.006 -7"><span class='ocrx_word' id='word_1_596' title='bbox 868 1528 952 1555; x_wconf 84' lang='lat' dir='ltr'><strong>medio</strong></span> <span class='ocrx_word' id='word_1_597' title='bbox 971 1535 1061 1562; x_wconf 84' lang='lat' dir='ltr'><strong>pacem</strong></span> <span class='ocrx_word' id='word_1_598' title='bbox 1083 1525 1233 1552; x_wconf 79' lang='lat' dir='ltr'><strong>habentium</strong></span> <span class='ocrx_word' id='word_1_599' title='bbox 1256 1524 1379 1551; x_wconf 86' lang='lat' dir='ltr'><strong>immittet</strong></span> <span class='ocrx_word' id='word_1_600' title='bbox 1401 1523 1579 1549; x_wconf 78' lang='lat' dir='ltr'><strong>inimicitiam.</strong></span> <span class='ocrx_word' id='word_1_601' title='bbox 1605 1521 1653 1550; x_wconf 79' lang='lat' dir='ltr'><strong>Se-</strong></span> 
     </span>
    </p>
   </div>
   <div class='ocr_carea' id='block_1_79' title="bbox 867 1569 1654 1607">
    <p class='ocr_par' dir='ltr' id='par_1_79' title="bbox 867 1569 1654 1607">
     <span class='ocr_line' id='line_1_79' title="bbox 867 1569 1654 1607; baseline -0.008 -5"><span class='ocrx_word' id='word_1_602' title='bbox 867 1575 980 1602; x_wconf 85' lang='lat' dir='ltr'><strong>cundum</strong></span> <span class='ocrx_word' id='word_1_603' title='bbox 1005 1573 1074 1600; x_wconf 90' lang='lat' dir='ltr'><strong>enim</strong></span> <span class='ocrx_word' id='word_1_604' title='bbox 1091 1572 1163 1607; x_wconf 87' lang='lat' dir='ltr'><strong>ligna</strong></span> <span class='ocrx_word' id='word_1_605' title='bbox 1185 1571 1274 1604; x_wconf 74' lang='lat' dir='ltr'><strong>silvae,</strong></span> <span class='ocrx_word' id='word_1_606' title='bbox 1295 1571 1334 1597; x_wconf 85' lang='lat' dir='ltr'><strong>sic</strong></span> <span class='ocrx_word' id='word_1_607' title='bbox 1351 1569 1418 1604; x_wconf 82' lang='lat' dir='ltr'><strong>ignis</strong></span> <span class='ocrx_word' id='word_1_608' title='bbox 1436 1570 1607 1601; x_wconf 73' lang='lat' dir='ltr'><strong>cxardescet;</strong></span> <span class='ocrx_word' id='word_1_609' title='bbox 1628 1573 1654 1596; x_wconf 76' lang='lat' dir='ltr'><strong>et</strong></span> 
     </span>
    </p>
   </div>
   <div class='ocr_carea' id='block_1_80' title="bbox 866 1616 1652 1649">
    <p class='ocr_par' dir='ltr' id='par_1_80' title="bbox 866 1616 1652 1649">
     <span class='ocr_line' id='line_1_80' title="bbox 866 1616 1652 1649; baseline -0.01 -1"><span class='ocrx_word' id='word_1_610' title='bbox 866 1620 1007 1648; x_wconf 86' lang='lat' dir='ltr'><strong>secundum</strong></span> <span class='ocrx_word' id='word_1_611' title='bbox 1018 1619 1140 1646; x_wconf 85' lang='lat' dir='ltr'><strong>virtutem</strong></span> <span class='ocrx_word' id='word_1_612' title='bbox 1155 1617 1267 1644; x_wconf 84' lang='lat' dir='ltr'><strong>hominis</strong></span> <span class='ocrx_word' id='word_1_613' title='bbox 1278 1637 1285 1649; x_wconf 91' lang='lat'><strong>,</strong></span> <span class='ocrx_word' id='word_1_614' title='bbox 1303 1616 1442 1644; x_wconf 77' lang='lat' dir='ltr'><strong>iracundia</strong></span> <span class='ocrx_word' id='word_1_615' title='bbox 1456 1616 1529 1644; x_wconf 83' lang='lat' dir='ltr'><strong>illius</strong></span> <span class='ocrx_word' id='word_1_616' title='bbox 1547 1616 1595 1642; x_wconf 79' lang='lat' dir='ltr'><strong>erit</strong></span> <span class='ocrx_word' id='word_1_617' title='bbox 1605 1636 1612 1648; x_wconf 89' lang='lat'><strong>,</strong></span> <span class='ocrx_word' id='word_1_618' title='bbox 1628 1621 1652 1642; x_wconf 82' lang='lat' dir='ltr'><strong>et</strong></span> 
     </span>
    </p>
   </div>
   <div class='ocr_carea' id='block_1_81' title="bbox 866 1664 1652 1694">
    <p class='ocr_par' dir='ltr' id='par_1_81' title="bbox 866 1664 1652 1694">
     <span class='ocr_line' id='line_1_81' title="bbox 866 1664 1652 1694; baseline -0.005 0"><span class='ocrx_word' id='word_1_619' title='bbox 866 1666 1009 1694; x_wconf 79' lang='lat' dir='ltr'><strong>secundum</strong></span> <span class='ocrx_word' id='word_1_620' title='bbox 1028 1665 1203 1692; x_wconf 84' lang='lat' dir='ltr'><strong>substantiam</strong></span> <span class='ocrx_word' id='word_1_621' title='bbox 1227 1672 1304 1691; x_wconf 85' lang='lat' dir='ltr'><strong>suam</strong></span> <span class='ocrx_word' id='word_1_622' title='bbox 1326 1664 1454 1691; x_wconf 65' lang='lat' dir='ltr'><strong>exaltabit</strong></span> <span class='ocrx_word' id='word_1_623' title='bbox 1476 1664 1544 1690; x_wconf 85' lang='lat' dir='ltr'><strong>iram</strong></span> <span class='ocrx_word' id='word_1_624' title='bbox 1564 1671 1652 1690; x_wconf 86' lang='lat' dir='ltr'><strong>suam.</strong></span> 
     </span>
    </p>
   </div>
   <div class='ocr_carea' id='block_1_82' title="bbox 867 1708 1653 1747">
    <p class='ocr_par' dir='ltr' id='par_1_82' title="bbox 867 1708 1653 1747">
     <span class='ocr_line' id='line_1_82' title="bbox 867 1708 1653 1747; baseline -0.011 -5"><span class='ocrx_word' id='word_1_625' title='bbox 867 1713 1004 1742; x_wconf 86' lang='lat' dir='ltr'><strong>Certamen</strong></span> <span class='ocrx_word' id='word_1_626' title='bbox 1020 1712 1173 1747; x_wconf 82' lang='lat' dir='ltr'><strong>festinatum</strong></span> <span class='ocrx_word' id='word_1_627' title='bbox 1188 1710 1306 1736; x_wconf 78' lang='lat' dir='ltr'><strong>inccndet</strong></span> <span class='ocrx_word' id='word_1_628' title='bbox 1322 1710 1422 1744; x_wconf 83' lang='lat' dir='ltr'><strong>ignem,</strong></span> <span class='ocrx_word' id='word_1_629' title='bbox 1442 1713 1465 1735; x_wconf 86' lang='lat' dir='ltr'><strong>et</strong></span> <span class='ocrx_word' id='word_1_630' title='bbox 1478 1708 1510 1734; x_wconf 88' lang='lat' dir='ltr'><strong>lis</strong></span> <span class='ocrx_word' id='word_1_631' title='bbox 1525 1708 1653 1742; x_wconf 69' lang='lat' dir='ltr'><strong>festinatis</strong></span> 
     </span>
    </p>
   </div>
   <div class='ocr_carea' id='block_1_83' title="bbox 865 1753 1654 1794">
    <p class='ocr_par' dir='ltr' id='par_1_83' title="bbox 865 1753 1654 1794">
     <span class='ocr_line' id='line_1_83' title="bbox 865 1753 1654 1794; baseline -0.009 -7"><span class='ocrx_word' id='word_1_632' title='bbox 865 1759 980 1794; x_wconf 75' lang='lat' dir='ltr'><strong>e/fundet</strong></span> <span class='ocrx_word' id='word_1_633' title='bbox 1002 1757 1173 1793; x_wconf 83' lang='lat' dir='ltr'><strong>sanguinem,</strong></span> <span class='ocrx_word' id='word_1_634' title='bbox 1198 1761 1222 1782; x_wconf 89' lang='lat' dir='ltr'><strong>et</strong></span> <span class='ocrx_word' id='word_1_635' title='bbox 1252 1756 1343 1790; x_wconf 77' lang='lat' dir='ltr'><strong>lingua</strong></span> <span class='ocrx_word' id='word_1_636' title='bbox 1372 1755 1516 1787; x_wconf 79' lang='lat' dir='ltr'><strong>testiﬁcans</strong></span> <span class='ocrx_word' id='word_1_637' title='bbox 1543 1753 1654 1780; x_wconf 81' lang='lat' dir='ltr'><strong>adducet</strong></span> 
     </span>
    </p>
   </div>
   <div class='ocr_carea' id='block_1_84' title="bbox 867 1800 1654 1836">
    <p class='ocr_par' dir='ltr' id='par_1_84' title="bbox 867 1800 1654 1836">
     <span class='ocr_line' id='line_1_84' title="bbox 867 1800 1654 1836; baseline -0.008 -5"><span class='ocrx_word' id='word_1_638' title='bbox 867 1809 988 1831; x_wconf 87' lang='lat' dir='ltr'><strong>mortem.</strong></span> <span class='ocrx_word' id='word_1_639' title='bbox 1003 1802 1032 1830; x_wconf 90' lang='lat' dir='ltr'><strong>Si</strong></span> <span class='ocrx_word' id='word_1_640' title='bbox 1043 1802 1186 1836; x_wconf 78' lang='lat' dir='ltr'><strong>suﬂlaveris</strong></span> <span class='ocrx_word' id='word_1_641' title='bbox 1199 1801 1227 1828; x_wconf 89' lang='lat' dir='ltr'><strong>in</strong></span> <span class='ocrx_word' id='word_1_642' title='bbox 1244 1800 1396 1832; x_wconf 85' lang='lat' dir='ltr'><strong>scintillam,</strong></span> <span class='ocrx_word' id='word_1_643' title='bbox 1409 1800 1485 1835; x_wconf 89' lang='lat' dir='ltr'><strong>quasi</strong></span> <span class='ocrx_word' id='word_1_644' title='bbox 1498 1800 1566 1835; x_wconf 72' lang='lat' dir='ltr'><strong>ignis</strong></span> <span class='ocrx_word' id='word_1_645' title='bbox 1576 1807 1654 1826; x_wconf 63' lang='lat' dir='ltr'><strong>crar-</strong></span> 
     </span>
    </p>
   </div>
   <div class='ocr_carea' id='block_1_85' title="bbox 867 1846 1653 1882">
    <p class='ocr_par' dir='ltr' id='par_1_85' title="bbox 867 1846 1653 1882">
     <span class='ocr_line' id='line_1_85' title="bbox 867 1846 1653 1882; baseline -0.006 -5"><span class='ocrx_word' id='word_1_646' title='bbox 867 1850 956 1881; x_wconf 86' lang='lat' dir='ltr'><strong>debit;</strong></span> <span class='ocrx_word' id='word_1_647' title='bbox 976 1853 1001 1876; x_wconf 84' lang='lat' dir='ltr'><strong>et</strong></span> <span class='ocrx_word' id='word_1_648' title='bbox 1019 1849 1042 1877; x_wconf 76' lang='lat' dir='ltr'><strong>si</strong></span> <span class='ocrx_word' id='word_1_649' title='bbox 1060 1848 1193 1882; x_wconf 69' lang='lat' dir='ltr'><strong>exspueris</strong></span> <span class='ocrx_word' id='word_1_650' title='bbox 1216 1855 1294 1882; x_wconf 87' lang='lat' dir='ltr'><strong>super</strong></span> <span class='ocrx_word' id='word_1_651' title='bbox 1308 1846 1397 1877; x_wconf 86' lang='lat' dir='ltr'><strong>illam,</strong></span> <span class='ocrx_word' id='word_1_652' title='bbox 1419 1847 1608 1881; x_wconf 73' lang='lat' dir='ltr'><strong>exstinguctur,</strong></span> <span class='ocrx_word' id='word_1_653' title='bbox 1628 1849 1653 1872; x_wconf 84' lang='lat' dir='ltr'><strong>et</strong></span> 
     </span>
    </p>
   </div>
   <div class='ocr_carea' id='block_1_86' title="bbox 867 1890 1653 1929">
    <p class='ocr_par' dir='ltr' id='par_1_86' title="bbox 867 1890 1653 1929">
     <span class='ocr_line' id='line_1_86' title="bbox 867 1890 1653 1929; baseline -0.006 -8"><span class='ocrx_word' id='word_1_654' title='bbox 867 1899 977 1929; x_wconf 86' lang='lat' dir='ltr'><strong>utraque</strong></span> <span class='ocrx_word' id='word_1_655' title='bbox 993 1901 1026 1921; x_wconf 75' lang='lat' dir='ltr'><strong>ea;</strong></span> <span class='ocrx_word' id='word_1_656' title='bbox 1042 1901 1085 1920; x_wconf 90' lang='lat' dir='ltr'><strong>ore</strong></span> <span class='ocrx_word' id='word_1_657' title='bbox 1106 1892 1320 1927; x_wconf 79' lang='lat' dir='ltr'><strong>proficiscuntur.</strong></span> <span class='ocrx_word' id='word_1_658' title='bbox 1339 1890 1455 1918; x_wconf 84' lang='lat' dir='ltr'><strong>Susurro</strong></span> <span class='ocrx_word' id='word_1_659' title='bbox 1468 1896 1492 1917; x_wconf 87' lang='lat' dir='ltr'><strong>et</strong></span> <span class='ocrx_word' id='word_1_660' title='bbox 1512 1890 1653 1925; x_wconf 75' lang='lat' dir='ltr'><strong>bilinguis,</strong></span> 
     </span>
    </p>
   </div>
   <div class='ocr_carea' id='block_1_87' title="bbox 868 1936 1652 1971">
    <p class='ocr_par' dir='ltr' id='par_1_87' title="bbox 868 1936 1652 1971">
     <span class='ocr_line' id='line_1_87' title="bbox 868 1936 1652 1971; baseline -0.006 -4"><span class='ocrx_word' id='word_1_661' title='bbox 868 1940 1043 1971; x_wconf 84' lang='lat' dir='ltr'><strong>maledictus;</strong></span> <span class='ocrx_word' id='word_1_662' title='bbox 1067 1938 1164 1965; x_wconf 85' lang='lat' dir='ltr'><strong>multos</strong></span> <span class='ocrx_word' id='word_1_663' title='bbox 1185 1938 1254 1965; x_wconf 85' lang='lat' dir='ltr'><strong>enim</strong></span> <span class='ocrx_word' id='word_1_664' title='bbox 1272 1936 1387 1963; x_wconf 78' lang='lat' dir='ltr'><strong>turbavit</strong></span> <span class='ocrx_word' id='word_1_665' title='bbox 1407 1944 1495 1969; x_wconf 79' lang='lat' dir='ltr'><strong>pacem</strong></span> <span class='ocrx_word' id='word_1_666' title='bbox 1519 1936 1652 1962; x_wconf 79' lang='lat' dir='ltr'><strong>habentes.</strong></span> 
     </span>
    </p>
   </div>
   <div class='ocr_carea' id='block_1_88' title="bbox 868 1982 1654 2021">
    <p class='ocr_par' dir='ltr' id='par_1_88' title="bbox 868 1982 1654 2021">
     <span class='ocr_line' id='line_1_88' title="bbox 868 1982 1654 2021; baseline -0.006 -8"><span class='ocrx_word' id='word_1_667' title='bbox 868 1986 971 2021; x_wconf 88' lang='lat' dir='ltr'><strong>Lingua</strong></span> <span class='ocrx_word' id='word_1_668' title='bbox 987 1985 1065 2012; x_wconf 80' lang='lat' dir='ltr'><strong>tertia</strong></span> <span class='ocrx_word' id='word_1_669' title='bbox 1083 1984 1178 2010; x_wconf 86' lang='lat' dir='ltr'><strong>multos</strong></span> <span class='ocrx_word' id='word_1_670' title='bbox 1194 1983 1349 2014; x_wconf 87' lang='lat' dir='ltr'><strong>commovit,</strong></span> <span class='ocrx_word' id='word_1_671' title='bbox 1363 1987 1387 2009; x_wconf 86' lang='lat' dir='ltr'><strong>et</strong></span> <span class='ocrx_word' id='word_1_672' title='bbox 1407 1982 1530 2017; x_wconf 82' lang='lat' dir='ltr'><strong>dispersit</strong></span> <span class='ocrx_word' id='word_1_673' title='bbox 1547 1982 1606 2009; x_wconf 83' lang='lat' dir='ltr'><strong>illos</strong></span> <span class='ocrx_word' id='word_1_674' title='bbox 1622 1982 1654 2008; x_wconf 79' lang='lat' dir='ltr'><strong>de</strong></span> 
     </span>
    </p>
   </div>
   <div class='ocr_carea' id='block_1_89' title="bbox 867 2026 1654 2067">
    <p class='ocr_par' dir='ltr' id='par_1_89' title="bbox 867 2026 1654 2067">
     <span class='ocr_line' id='line_1_89' title="bbox 867 2026 1654 2067; baseline -0.008 -9"><span class='ocrx_word' id='word_1_675' title='bbox 867 2036 940 2067; x_wconf 87' lang='lat' dir='ltr'><strong>gente</strong></span> <span class='ocrx_word' id='word_1_676' title='bbox 967 2031 994 2057; x_wconf 88' lang='lat' dir='ltr'><strong>in</strong></span> <span class='ocrx_word' id='word_1_677' title='bbox 1019 2035 1129 2065; x_wconf 86' lang='lat' dir='ltr'><strong>gentem.</strong></span> <span class='ocrx_word' id='word_1_678' title='bbox 1157 2028 1281 2056; x_wconf 81' lang='lat' dir='ltr'><strong>Civitates</strong></span> <span class='ocrx_word' id='word_1_679' title='bbox 1312 2031 1430 2054; x_wconf 78' lang='lat' dir='ltr'><strong>muratos</strong></span> <span class='ocrx_word' id='word_1_680' title='bbox 1467 2027 1577 2053; x_wconf 83' lang='lat' dir='ltr'><strong>diuitth</strong></span> <span class='ocrx_word' id='word_1_681' title='bbox 1608 2026 1654 2053; x_wconf 89' lang='lat' dir='ltr'><strong>de-</strong></span> 
     </span>
    </p>
   </div>
   <div class='ocr_carea' id='block_1_90' title="bbox 870 2073 1654 2110">
    <p class='ocr_par' dir='ltr' id='par_1_90' title="bbox 870 2073 1654 2110">
     <span class='ocr_line' id='line_1_90' title="bbox 870 2073 1654 2110; baseline -0.005 -7"><span class='ocrx_word' id='word_1_682' title='bbox 870 2077 982 2108; x_wconf 76' lang='lat' dir='ltr'><strong>struxit,</strong></span> <span class='ocrx_word' id='word_1_683' title='bbox 999 2081 1022 2102; x_wconf 83' lang='lat' dir='ltr'><strong>et</strong></span> <span class='ocrx_word' id='word_1_684' title='bbox 1042 2076 1133 2103; x_wconf 79' lang='lat' dir='ltr'><strong>domos</strong></span> <span class='ocrx_word' id='word_1_685' title='bbox 1151 2079 1335 2110; x_wconf 87' lang='lat' dir='ltr'><strong>magnatorum</strong></span> <span class='ocrx_word' id='word_1_686' title='bbox 1353 2074 1454 2108; x_wconf 73' lang='lat' dir='ltr'><strong>effodit.</strong></span> <span class='ocrx_word' id='word_1_687' title='bbox 1475 2073 1588 2100; x_wconf 80' lang='lat' dir='ltr'><strong>Virtutes</strong></span> <span class='ocrx_word' id='word_1_688' title='bbox 1606 2081 1654 2106; x_wconf 87' lang='lat' dir='ltr'><strong>po-</strong></span> 
     </span>
    </p>
   </div>
   <div class='ocr_carea' id='block_1_91' title="bbox 867 2118 1652 2157">
    <p class='ocr_par' dir='ltr' id='par_1_91' title="bbox 867 2118 1652 2157">
     <span class='ocr_line' id='line_1_91' title="bbox 867 2118 1652 2157; baseline -0.006 -8"><span class='ocrx_word' id='word_1_689' title='bbox 867 2122 988 2157; x_wconf 86' lang='lat' dir='ltr'><strong>pulorum</strong></span> <span class='ocrx_word' id='word_1_690' title='bbox 1005 2121 1134 2152; x_wconf 87' lang='lat' dir='ltr'><strong>concidit,</strong></span> <span class='ocrx_word' id='word_1_691' title='bbox 1152 2125 1177 2146; x_wconf 91' lang='lat' dir='ltr'><strong>et</strong></span> <span class='ocrx_word' id='word_1_692' title='bbox 1190 2125 1278 2155; x_wconf 81' lang='lat' dir='ltr'><strong>gentes</strong></span> <span class='ocrx_word' id='word_1_693' title='bbox 1297 2119 1378 2154; x_wconf 76' lang='lat' dir='ltr'><strong>fortes</strong></span> <span class='ocrx_word' id='word_1_694' title='bbox 1401 2119 1530 2146; x_wconf 86' lang='lat' dir='ltr'><strong>dissolvit.</strong></span> <span class='ocrx_word' id='word_1_695' title='bbox 1549 2118 1652 2153; x_wconf 79' lang='lat' dir='ltr'><strong>Lingua</strong></span> 
     </span>
    </p>
   </div>
   <div class='ocr_carea' id='block_1_92' title="bbox 56 2163 1652 2212">
    <p class='ocr_par' dir='ltr' id='par_1_92' title="bbox 56 2163 1652 2212">
     <span class='ocr_line' id='line_1_92' title="bbox 56 2163 1652 2212; baseline -0.009 -9"><span class='ocrx_word' id='word_1_696' title='bbox 56 2163 161 2211; x_wconf 67' lang='lat' dir='ltr'><strong>scriptum</strong></span> <span class='ocrx_word' id='word_1_697' title='bbox 174 2183 215 2206; x_wconf 88' lang='lat' dir='ltr'><strong>est</strong></span> <span class='ocrx_word' id='word_1_698' title='bbox 225 2179 302 2206; x_wconf 85' lang='lat' dir='ltr'><strong>enim</strong></span> <span class='ocrx_word' id='word_1_699' title='bbox 315 2186 322 2203; x_wconf 86' lang='lat'>:</span> <span class='ocrx_word' id='word_1_700' title='bbox 340 2177 426 2212; x_wconf 87' lang='lat' dir='ltr'><strong>Dilige</strong></span> <span class='ocrx_word' id='word_1_701' title='bbox 439 2177 598 2211; x_wconf 68' lang='lat' dir='ltr'><strong>proximum,</strong></span> <span class='ocrx_word' id='word_1_702' title='bbox 623 2181 647 2202; x_wconf 86' lang='lat' dir='ltr'><strong>et</strong></span> <span class='ocrx_word' id='word_1_703' title='bbox 664 2175 817 2210; x_wconf 68' lang='lat' dir='ltr'><strong>conjungere</strong></span> <span class='ocrx_word' id='word_1_704' title='bbox 833 2177 855 2205; x_wconf 70' lang='grc' dir='ltr'>υ</span> <span class='ocrx_word' id='word_1_705' title='bbox 869 2168 947 2195; x_wconf 77' lang='lat' dir='ltr'><strong>tertia</strong></span> <span class='ocrx_word' id='word_1_706' title='bbox 962 2166 1081 2194; x_wconf 81' lang='lat' dir='ltr'><strong>mulieres</strong></span> <span class='ocrx_word' id='word_1_707' title='bbox 1096 2167 1196 2193; x_wconf 83' lang='lat' dir='ltr'><strong>viratas</strong></span> <span class='ocrx_word' id='word_1_708' title='bbox 1208 2165 1282 2199; x_wconf 83' lang='lat' dir='ltr'><strong>ejecit</strong></span> <span class='ocrx_word' id='word_1_709' title='bbox 1292 2186 1299 2198; x_wconf 93' lang='lat'><strong>,</strong></span> <span class='ocrx_word' id='word_1_710' title='bbox 1313 2169 1336 2191; x_wconf 86' lang='lat' dir='ltr'><strong>et</strong></span> <span class='ocrx_word' id='word_1_711' title='bbox 1354 2164 1464 2198; x_wconf 80' lang='lat' dir='ltr'><strong>privavit</strong></span> <span class='ocrx_word' id='word_1_712' title='bbox 1480 2163 1540 2190; x_wconf 81' lang='lat' dir='ltr'><strong>illas</strong></span> <span class='ocrx_word' id='word_1_713' title='bbox 1553 2163 1652 2189; x_wconf 83' lang='lat' dir='ltr'><strong>labori-</strong></span> 
     </span>
    </p>
   </div>
   <div class='ocr_carea' id='block_1_93' title="bbox 56 2220 816 2256">
    <p class='ocr_par' dir='ltr' id='par_1_93' title="bbox 56 2220 816 2256">
     <span class='ocr_line' id='line_1_93' title="bbox 56 2220 816 2256; baseline -0.012 -2"><span class='ocrx_word' id='word_1_714' title='bbox 56 2222 94 2254; x_wconf 67' lang='lat' dir='ltr'><strong>Fde</strong></span> <span class='ocrx_word' id='word_1_715' title='bbox 107 2224 126 2239; x_wconf 76' lang='grc'>⁸⁸</span> <span class='ocrx_word' id='word_1_716' title='bbox 140 2233 194 2251; x_wconf 82' lang='lat' dir='ltr'><strong>cum</strong></span> <span class='ocrx_word' id='word_1_717' title='bbox 207 2224 266 2251; x_wconf 89' lang='lat' dir='ltr'><strong>illo.</strong></span> <span class='ocrx_word' id='word_1_718' title='bbox 279 2223 359 2256; x_wconf 85' lang='lat' dir='ltr'><strong>Quod</strong></span> <span class='ocrx_word' id='word_1_719' title='bbox 374 2225 396 2250; x_wconf 81' lang='lat' dir='ltr'><strong>si</strong></span> <span class='ocrx_word' id='word_1_720' title='bbox 411 2222 581 2250; x_wconf 85' lang='lat' dir='ltr'><strong>denudaveris</strong></span> <span class='ocrx_word' id='word_1_721' title='bbox 593 2221 719 2248; x_wconf 83' lang='lat' dir='ltr'><strong>absconsa</strong></span> <span class='ocrx_word' id='word_1_722' title='bbox 733 2220 816 2252; x_wconf 88' lang='lat' dir='ltr'><strong>illius,</strong></span> 
     </span>
    </p>
   </div>
   <div class='ocr_carea' id='block_1_94' title="bbox 57 2265 817 2305">
    <p class='ocr_par' dir='ltr' id='par_1_94' title="bbox 57 2265 817 2305">
     <span class='ocr_line' id='line_1_94' title="bbox 57 2265 817 2305; baseline -0.003 -12"><span class='ocrx_word' id='word_1_723' title='bbox 57 2275 94 2294; x_wconf 79' lang='lat' dir='ltr'><strong>non</strong></span> <span class='ocrx_word' id='word_1_724' title='bbox 103 2270 251 2305; x_wconf 78' lang='lat' dir='ltr'><strong>persequeris</strong></span> <span class='ocrx_word' id='word_1_725' title='bbox 266 2274 327 2304; x_wconf 79' lang='lat' dir='ltr'><strong>post</strong></span> <span class='ocrx_word' id='word_1_726' title='bbox 341 2277 409 2295; x_wconf 87' lang='lat' dir='ltr'><strong>eum.</strong></span> <span class='ocrx_word' id='word_1_727' title='bbox 427 2268 502 2295; x_wconf 86' lang='lat' dir='ltr'><strong>Sicut</strong></span> <span class='ocrx_word' id='word_1_728' title='bbox 516 2267 584 2294; x_wconf 86' lang='lat' dir='ltr'><strong>enim</strong></span> <span class='ocrx_word' id='word_1_729' title='bbox 596 2267 662 2293; x_wconf 82' lang='lat' dir='ltr'><strong>Itono</strong></span> <span class='ocrx_word' id='word_1_730' title='bbox 674 2266 719 2301; x_wconf 88' lang='lat' dir='ltr'><strong>qui</strong></span> <span class='ocrx_word' id='word_1_731' title='bbox 733 2265 817 2300; x_wconf 83' lang='lat' dir='ltr'><strong>perdit</strong></span> 
     </span>
    </p>
   </div>
   <div class='ocr_carea' id='block_1_95' title="bbox 58 2312 817 2350">
    <p class='ocr_par' dir='ltr' id='par_1_95' title="bbox 58 2312 817 2350">
     <span class='ocr_line' id='line_1_95' title="bbox 58 2312 817 2350; baseline -0.001 -11"><span class='ocrx_word' id='word_1_732' title='bbox 58 2316 148 2342; x_wconf 82' lang='lat' dir='ltr'><strong>amicum</strong></span> <span class='ocrx_word' id='word_1_733' title='bbox 161 2325 246 2349; x_wconf 80' lang='lat' dir='ltr'><strong>suum,</strong></span> <span class='ocrx_word' id='word_1_734' title='bbox 259 2317 298 2344; x_wconf 85' lang='lat' dir='ltr'><strong>sic</strong></span> <span class='ocrx_word' id='word_1_735' title='bbox 310 2316 356 2350; x_wconf 88' lang='lat' dir='ltr'><strong>qui</strong></span> <span class='ocrx_word' id='word_1_736' title='bbox 368 2315 453 2350; x_wconf 84' lang='lat' dir='ltr'><strong>perdit</strong></span> <span class='ocrx_word' id='word_1_737' title='bbox 468 2314 614 2341; x_wconf 86' lang='lat' dir='ltr'><strong>amicitiam</strong></span> <span class='ocrx_word' id='word_1_738' title='bbox 629 2313 742 2348; x_wconf 72' lang='lat' dir='ltr'><strong>proximi</strong></span> <span class='ocrx_word' id='word_1_739' title='bbox 753 2312 795 2339; x_wconf 90' lang='lat' dir='ltr'><strong>sui</strong></span> <span class='ocrx_word' id='word_1_740' title='bbox 808 2319 817 2338; x_wconf 85' lang='lat'><strong>.&#39;</strong></span> 
     </span>
    </p>
   </div>
   <div class='ocr_carea' id='block_1_96' title="bbox 58 2357 818 2397">
    <p class='ocr_par' dir='ltr' id='par_1_96' title="bbox 58 2357 818 2397">
     <span class='ocr_line' id='line_1_96' title="bbox 58 2357 818 2397; baseline -0.003 -12"><span class='ocrx_word' id='word_1_741' title='bbox 58 2366 74 2386; x_wconf 75' lang='lat' dir='ltr'><strong>tt</strong></span> <span class='ocrx_word' id='word_1_742' title='bbox 88 2361 144 2387; x_wconf 77' lang='lat' dir='ltr'><strong>sicut</strong></span> <span class='ocrx_word' id='word_1_743' title='bbox 157 2363 199 2397; x_wconf 86' lang='lat' dir='ltr'><strong>qui</strong></span> <span class='ocrx_word' id='word_1_744' title='bbox 214 2362 330 2388; x_wconf 88' lang='lat' dir='ltr'><strong>dimittit</strong></span> <span class='ocrx_word' id='word_1_745' title='bbox 349 2368 419 2387; x_wconf 87' lang='lat' dir='ltr'><strong>avem</strong></span> <span class='ocrx_word' id='word_1_746' title='bbox 437 2360 468 2386; x_wconf 89' lang='lat' dir='ltr'><strong>de</strong></span> <span class='ocrx_word' id='word_1_747' title='bbox 484 2368 564 2386; x_wconf 86' lang='lat' dir='ltr'><strong>manu</strong></span> <span class='ocrx_word' id='word_1_748' title='bbox 582 2367 630 2386; x_wconf 84' lang='lat' dir='ltr'><strong>sua</strong></span> <span class='ocrx_word' id='word_1_749' title='bbox 640 2379 647 2391; x_wconf 91' lang='lat'><strong>,</strong></span> <span class='ocrx_word' id='word_1_750' title='bbox 661 2359 699 2385; x_wconf 82' lang='lat' dir='ltr'><strong>sic</strong></span> <span class='ocrx_word' id='word_1_751' title='bbox 713 2359 757 2392; x_wconf 86' lang='lat' dir='ltr'><strong>qui</strong></span> <span class='ocrx_word' id='word_1_752' title='bbox 773 2357 818 2384; x_wconf 88' lang='lat' dir='ltr'><strong>de-</strong></span> 
     </span>
    </p>
   </div>
   <div class='ocr_carea' id='block_1_97' title="bbox 58 2402 819 2443">
    <p class='ocr_par' dir='ltr' id='par_1_97' title="bbox 58 2402 819 2443">
     <span class='ocr_line' id='line_1_97' title="bbox 58 2402 819 2443; baseline -0.004 -12"><span class='ocrx_word' id='word_1_753' title='bbox 58 2407 163 2441; x_wconf 74' lang='lat' dir='ltr'><strong>reliquisti</strong></span> <span class='ocrx_word' id='word_1_754' title='bbox 181 2409 334 2443; x_wconf 76' lang='lat' dir='ltr'><strong>proximum</strong></span> <span class='ocrx_word' id='word_1_755' title='bbox 349 2411 438 2440; x_wconf 87' lang='lat' dir='ltr'><strong>tuum,</strong></span> <span class='ocrx_word' id='word_1_756' title='bbox 454 2411 479 2433; x_wconf 90' lang='lat' dir='ltr'><strong>et</strong></span> <span class='ocrx_word' id='word_1_757' title='bbox 499 2414 550 2433; x_wconf 86' lang='lat' dir='ltr'><strong>non</strong></span> <span class='ocrx_word' id='word_1_758' title='bbox 566 2413 625 2432; x_wconf 88' lang='lat' dir='ltr'><strong>eum</strong></span> <span class='ocrx_word' id='word_1_759' title='bbox 642 2404 738 2439; x_wconf 83' lang='lat' dir='ltr'><strong>capies.</strong></span> <span class='ocrx_word' id='word_1_760' title='bbox 756 2402 819 2429; x_wconf 83' lang='lat' dir='ltr'><strong>Non</strong></span> 
     </span>
    </p>
   </div>
   <div class='ocr_carea' id='block_1_98' title="bbox 57 2447 818 2488">
    <p class='ocr_par' dir='ltr' id='par_1_98' title="bbox 57 2447 818 2488">
     <span class='ocr_line' id='line_1_98' title="bbox 57 2447 818 2488; baseline -0.003 -13"><span class='ocrx_word' id='word_1_761' title='bbox 57 2449 241 2488; x_wconf 74' lang='lat' dir='ltr'><strong>illuntstquaris</strong></span> <span class='ocrx_word' id='word_1_762' title='bbox 261 2452 389 2488; x_wconf 88' lang='lat' dir='ltr'><strong>quoniam</strong></span> <span class='ocrx_word' id='word_1_763' title='bbox 416 2451 489 2486; x_wconf 82' lang='lat' dir='ltr'><strong>longe</strong></span> <span class='ocrx_word' id='word_1_764' title='bbox 513 2451 595 2477; x_wconf 88' lang='lat' dir='ltr'><strong>abest.</strong></span> <span class='ocrx_word' id='word_1_765' title='bbox 623 2449 723 2484; x_wconf 80' lang='lat' dir='ltr'><strong>Effugit</strong></span> <span class='ocrx_word' id='word_1_766' title='bbox 749 2447 818 2474; x_wconf 81' lang='lat' dir='ltr'><strong>enim</strong></span> 
     </span>
    </p>
   </div>
   <div class='ocr_carea' id='block_1_99' title="bbox 57 2493 818 2534">
    <p class='ocr_par' dir='ltr' id='par_1_99' title="bbox 57 2493 818 2534">
     <span class='ocr_line' id='line_1_99' title="bbox 57 2493 818 2534; baseline -0.012 -6"><span class='ocrx_word' id='word_1_767' title='bbox 57 2497 115 2528; x_wconf 65' lang='lat' dir='ltr'><strong>quasi</strong></span> <span class='ocrx_word' id='word_1_768' title='bbox 124 2506 212 2532; x_wconf 84' lang='lat' dir='ltr'><strong>caprea</strong></span> <span class='ocrx_word' id='word_1_769' title='bbox 222 2499 255 2526; x_wconf 91' lang='lat' dir='ltr'><strong>de</strong></span> <span class='ocrx_word' id='word_1_770' title='bbox 265 2499 360 2534; x_wconf 85' lang='lat' dir='ltr'><strong>laqueo</strong></span> <span class='ocrx_word' id='word_1_771' title='bbox 369 2518 377 2531; x_wconf 92' lang='lat'><strong>,</strong></span> <span class='ocrx_word' id='word_1_772' title='bbox 394 2497 516 2532; x_wconf 84' lang='lat' dir='ltr'><strong>quoniam</strong></span> <span class='ocrx_word' id='word_1_773' title='bbox 529 2495 662 2523; x_wconf 86' lang='lat' dir='ltr'><strong>vulnerata</strong></span> <span class='ocrx_word' id='word_1_774' title='bbox 676 2498 714 2521; x_wconf 81' lang='lat' dir='ltr'><strong>est</strong></span> <span class='ocrx_word' id='word_1_775' title='bbox 728 2493 818 2520; x_wconf 86' lang='lat' dir='ltr'><strong>anima</strong></span> 
     </span>
    </p>
   </div>
   <div class='ocr_carea' id='block_1_100' title="bbox 57 2537 818 2578">
    <p class='ocr_par' dir='ltr' id='par_1_100' title="bbox 57 2537 818 2578">
     <span class='ocr_line' id='line_1_100' title="bbox 57 2537 818 2578; baseline -0.007 -9"><span class='ocrx_word' id='word_1_776' title='bbox 57 2541 108 2575; x_wconf 73' lang='lat' dir='ltr'><strong>tius.</strong></span> <span class='ocrx_word' id='word_1_777' title='bbox 126 2542 196 2571; x_wconf 80' lang='lat' dir='ltr'><strong>Ultra</strong></span> <span class='ocrx_word' id='word_1_778' title='bbox 215 2552 274 2571; x_wconf 88' lang='lat' dir='ltr'><strong>eum</strong></span> <span class='ocrx_word' id='word_1_779' title='bbox 287 2551 340 2570; x_wconf 78' lang='lat' dir='ltr'><strong>non</strong></span> <span class='ocrx_word' id='word_1_780' title='bbox 357 2543 454 2578; x_wconf 85' lang='lat' dir='ltr'><strong>poteris</strong></span> <span class='ocrx_word' id='word_1_781' title='bbox 474 2541 616 2576; x_wconf 84' lang='lat' dir='ltr'><strong>colligare,</strong></span> <span class='ocrx_word' id='word_1_782' title='bbox 634 2544 659 2566; x_wconf 84' lang='lat' dir='ltr'><strong>et</strong></span> <span class='ocrx_word' id='word_1_783' title='bbox 681 2537 818 2565; x_wconf 85' lang='lat' dir='ltr'><strong>maledicti</strong></span> 
     </span>
    </p>
   </div>
   <div class='ocr_carea' id='block_1_101' title="bbox 58 2583 818 2620">
    <p class='ocr_par' dir='ltr' id='par_1_101' title="bbox 58 2583 818 2620">
     <span class='ocr_line' id='line_1_101' title="bbox 58 2583 818 2620; baseline -0.007 -6"><span class='ocrx_word' id='word_1_784' title='bbox 58 2592 86 2613; x_wconf 69' lang='lat' dir='ltr'><strong>est</strong></span> <span class='ocrx_word' id='word_1_785' title='bbox 98 2590 263 2616; x_wconf 85' lang='lat' dir='ltr'><strong>concordatio.</strong></span> <span class='ocrx_word' id='word_1_786' title='bbox 282 2589 421 2616; x_wconf 78' lang='lat' dir='ltr'><strong>Deuudare</strong></span> <span class='ocrx_word' id='word_1_787' title='bbox 432 2593 519 2615; x_wconf 85' lang='lat' dir='ltr'><strong>autem</strong></span> <span class='ocrx_word' id='word_1_788' title='bbox 529 2587 608 2613; x_wconf 88' lang='lat' dir='ltr'><strong>amici</strong></span> <span class='ocrx_word' id='word_1_789' title='bbox 619 2584 742 2620; x_wconf 81' lang='lat' dir='ltr'><strong>mysteria</strong></span> <span class='ocrx_word' id='word_1_790' title='bbox 754 2604 760 2616; x_wconf 85' lang='lat'><strong>,</strong></span> <span class='ocrx_word' id='word_1_791' title='bbox 772 2583 818 2609; x_wconf 87' lang='lat' dir='ltr'><strong>de-</strong></span> 
     </span>
    </p>
   </div>
   <div class='ocr_carea' id='block_1_102' title="bbox 57 2629 816 2669">
    <p class='ocr_par' dir='ltr' id='par_1_102' title="bbox 57 2629 816 2669">
     <span class='ocr_line' id='line_1_102' title="bbox 57 2629 816 2669; baseline -0.007 -10"><span class='ocrx_word' id='word_1_792' title='bbox 57 2635 149 2665; x_wconf 68' lang='lat' dir='ltr'><strong>lptralio</strong></span> <span class='ocrx_word' id='word_1_793' title='bbox 161 2640 195 2661; x_wconf 84' lang='lat' dir='ltr'><strong>est</strong></span> <span class='ocrx_word' id='word_1_794' title='bbox 211 2635 310 2662; x_wconf 79' lang='lat' dir='ltr'><strong>anima:</strong></span> <span class='ocrx_word' id='word_1_795' title='bbox 325 2633 447 2669; x_wconf 80' lang='lat' dir='ltr'><strong>infelicis.</strong></span> <span class='ocrx_word' id='word_1_796' title='bbox 469 2634 591 2660; x_wconf 76' lang='lat' dir='ltr'><strong>Annaeus</strong></span> <span class='ocrx_word' id='word_1_797' title='bbox 610 2630 686 2658; x_wconf 87' lang='lat' dir='ltr'><strong>oculo</strong></span> <span class='ocrx_word' id='word_1_798' title='bbox 702 2629 816 2664; x_wconf 85' lang='lat' dir='ltr'><strong>fabricat</strong></span> 
     </span>
    </p>
   </div>
   <div class='ocr_carea' id='block_1_103' title="bbox 83 2692 1050 2735">
    <p class='ocr_par' dir='ltr' id='par_1_103' title="bbox 83 2692 1050 2735">
     <span class='ocr_line' id='line_1_103' title="bbox 83 2692 1050 2735; baseline -0.009 -7"><span class='ocrx_word' id='word_1_799' title='bbox 83 2701 100 2716; x_wconf 83' lang='lat'>&quot;</span> <span class='ocrx_word' id='word_1_800' title='bbox 117 2702 180 2728; x_wconf 89' lang='lat' dir='ltr'><strong>idem</strong></span> <span class='ocrx_word' id='word_1_801' title='bbox 192 2710 206 2730; x_wconf 89' lang='lat' dir='ltr'><strong>c</strong></span> <span class='ocrx_word' id='word_1_802' title='bbox 238 2702 284 2732; x_wconf 69' lang='grc'>18.</span> <span class='ocrx_word' id='word_1_803' title='bbox 311 2710 342 2729; x_wconf 92' lang='lat' dir='ltr'><strong>ex</strong></span> <span class='ocrx_word' id='word_1_804' title='bbox 366 2701 464 2729; x_wconf 81' lang='lat' dir='ltr'><strong>Aniani</strong></span> <span class='ocrx_word' id='word_1_805' title='bbox 494 2701 606 2735; x_wconf 86' lang='lat' dir='ltr'><strong>interpr.</strong></span> <span class='ocrx_word' id='word_1_806' title='bbox 622 2698 649 2725; x_wconf 92' lang='lat' dir='ltr'><strong>in</strong></span> <span class='ocrx_word' id='word_1_807' title='bbox 664 2702 751 2735; x_wconf 80' lang='lat' dir='ltr'><strong>const.</strong></span> <span class='ocrx_word' id='word_1_808' title='bbox 766 2696 809 2728; x_wconf 78' lang='grc'><strong>11,</strong></span> <span class='ocrx_word' id='word_1_809' title='bbox 825 2694 947 2735; x_wconf 58' lang='lat' dir='ltr'><strong>ejusdem</strong></span> <span class='ocrx_word' id='word_1_810' title='bbox 970 2692 1050 2732; x_wconf 52' lang='lat' dir='ltr'><strong>tituli.</strong></span> 
     </span>
    </p>
   </div>
   <div class='ocr_carea' id='block_1_104' title="bbox 206 2731 941 2799">
    <p class='ocr_par' dir='ltr' id='par_1_104' title="bbox 206 2731 941 2799">
     <span class='ocr_line' id='line_1_104' title="bbox 206 2731 941 2768; baseline -0.014 -3"><span class='ocrx_word' id='word_1_811' title='bbox 206 2738 228 2754; x_wconf 82' lang='lat'><strong>&quot;</strong></span> <span class='ocrx_word' id='word_1_812' title='bbox 254 2731 439 2764; x_wconf 73' lang='lat' dir='ltr'><strong>Ciid.Tlieod.</strong></span> <span class='ocrx_word' id='word_1_813' title='bbox 465 2736 512 2763; x_wconf 89' lang='lat' dir='ltr'><strong>lib.</strong></span> <span class='ocrx_word' id='word_1_814' title='bbox 542 2731 577 2768; x_wconf 57' lang='lat' dir='ltr'><strong>iv,</strong></span> <span class='ocrx_word' id='word_1_815' title='bbox 607 2734 648 2761; x_wconf 82' lang='lat' dir='ltr'><strong>tit.</strong></span> <span class='ocrx_word' id='word_1_816' title='bbox 666 2733 708 2765; x_wconf 96' lang='grc'><strong>16,</strong></span> <span class='ocrx_word' id='word_1_817' title='bbox 735 2731 862 2761; x_wconf 72' lang='lat' dir='ltr'><strong>const.2,</strong></span> <span class='ocrx_word' id='word_1_818' title='bbox 925 2731 941 2744; x_wconf 82' lang='lat'><strong>&quot;</strong></span> 
     </span>
     <span class='ocr_line' id='line_1_105' title="bbox 218 2764 941 2799; baseline -0.012 1"><span class='ocrx_word' id='word_1_819' title='bbox 218 2773 240 2788; x_wconf 85' lang='grc'>³³</span> <span class='ocrx_word' id='word_1_820' title='bbox 254 2772 335 2799; x_wconf 84' lang='lat' dir='ltr'><strong>Cant.</strong></span> <span class='ocrx_word' id='word_1_821' title='bbox 352 2780 389 2799; x_wconf 82' lang='lat' dir='ltr'><strong>vr.</strong></span> <span class='ocrx_word' id='word_1_822' title='bbox 401 2772 429 2798; x_wconf 90' lang='lat'><strong>8.</strong></span> <span class='ocrx_word' id='word_1_823' title='bbox 465 2771 487 2787; x_wconf 78' lang='lat'><strong>&quot;&#39;</strong></span> <span class='ocrx_word' id='word_1_824' title='bbox 507 2770 592 2797; x_wconf 84' lang='lat' dir='ltr'><strong>Exod.</strong></span> <span class='ocrx_word' id='word_1_825' title='bbox 611 2776 707 2799; x_wconf 79' lang='lat' dir='ltr'><strong>xxxtu,</strong></span> <span class='ocrx_word' id='word_1_826' title='bbox 722 2767 767 2793; x_wconf 75' lang='grc'><strong>21.</strong></span> <span class='ocrx_word' id='word_1_827' title='bbox 806 2766 827 2781; x_wconf 79' lang='grc'><strong>³⁵</strong></span> <span class='ocrx_word' id='word_1_828' title='bbox 849 2766 877 2792; x_wconf 84' lang='lat' dir='ltr'><strong>S.</strong></span> <span class='ocrx_word' id='word_1_829' title='bbox 895 2764 941 2792; x_wconf 69' lang='grc' dir='ltr'><strong>δι’(</strong></span> 
     </span>
    </p>
   </div>
   <div class='ocr_carea' id='block_1_105' title="bbox 480 2731 1215 2799">
    <p class='ocr_par' dir='ltr' id='par_1_105' title="bbox 480 2731 1215 2799">
     <span class='ocr_line' id='line_1_106' title="bbox 480 2731 1215 2768; baseline -0.015 -5"><span class='ocrx_word' id='word_1_830' title='bbox 480 2736 512 2763; x_wconf 88' lang='lat' dir='ltr'><strong>ib.</strong></span> <span class='ocrx_word' id='word_1_831' title='bbox 542 2731 577 2768; x_wconf 58' lang='grc' dir='ltr'><strong>ιν,</strong></span> <span class='ocrx_word' id='word_1_832' title='bbox 607 2734 648 2761; x_wconf 86' lang='lat' dir='ltr'><strong>tit.</strong></span> <span class='ocrx_word' id='word_1_833' title='bbox 666 2733 708 2765; x_wconf 96' lang='grc'><strong>16,</strong></span> <span class='ocrx_word' id='word_1_834' title='bbox 735 2731 862 2761; x_wconf 74' lang='grc' dir='ltr'><strong>εοιιει.2,</strong></span> <span class='ocrx_word' id='word_1_835' title='bbox 925 2731 948 2744; x_wconf 87' lang='grc'><strong>¹⁰</strong></span> <span class='ocrx_word' id='word_1_836' title='bbox 979 2731 1104 2755; x_wconf 73' lang='lat' dir='ltr'><strong>consilii).</strong></span> <span class='ocrx_word' id='word_1_837' title='bbox 1141 2731 1163 2740; x_wconf 84' lang='lat'><strong>&quot;</strong></span> <span class='ocrx_word' id='word_1_838' title='bbox 1185 2734 1215 2753; x_wconf 86' lang='lat' dir='ltr'><strong>co</strong></span> 
     </span>
     <span class='ocr_line' id='line_1_107' title="bbox 480 2761 1215 2799; baseline -0.016 -1"><span class='ocrx_word' id='word_1_839' title='bbox 480 2771 487 2786; x_wconf 83' lang='lat'><strong>&quot;</strong></span> <span class='ocrx_word' id='word_1_840' title='bbox 507 2770 592 2797; x_wconf 83' lang='lat' dir='ltr'><strong>Exod.</strong></span> <span class='ocrx_word' id='word_1_841' title='bbox 611 2776 707 2799; x_wconf 79' lang='lat' dir='ltr'><strong>xxxiii,</strong></span> <span class='ocrx_word' id='word_1_842' title='bbox 722 2767 767 2793; x_wconf 74' lang='grc'><strong>21.</strong></span> <span class='ocrx_word' id='word_1_843' title='bbox 806 2766 827 2781; x_wconf 79' lang='grc'><strong>³⁵</strong></span> <span class='ocrx_word' id='word_1_844' title='bbox 849 2766 877 2792; x_wconf 85' lang='lat' dir='ltr'><strong>S.</strong></span> <span class='ocrx_word' id='word_1_845' title='bbox 895 2764 974 2799; x_wconf 77' lang='lat' dir='ltr'><strong>Greg.</strong></span> <span class='ocrx_word' id='word_1_846' title='bbox 989 2771 1031 2798; x_wconf 88' lang='lat' dir='ltr'><strong>ep.</strong></span> <span class='ocrx_word' id='word_1_847' title='bbox 1047 2762 1080 2799; x_wconf 52' lang='grc' dir='ltr'><strong>ξιξ</strong></span> <span class='ocrx_word' id='word_1_848' title='bbox 1103 2761 1163 2799; x_wconf 82' lang='lat' dir='ltr'><strong>libri</strong></span> <span class='ocrx_word' id='word_1_849' title='bbox 1180 2769 1215 2799; x_wconf 74' lang='lat' dir='ltr'><strong>vii</strong></span> 
     </span>
    </p>
   </div>
   <div class='ocr_carea' id='block_1_106' title="bbox 60 2735 767 2804">
    <p class='ocr_par' dir='ltr' id='par_1_106' title="bbox 60 2735 767 2804">
     <span class='ocr_line' id='line_1_108' title="bbox 60 2735 767 2768; baseline -0.003 -7"><span class='ocrx_word' id='word_1_850' title='bbox 60 2735 95 2762; x_wconf 85' lang='lat' dir='ltr'><strong>lib.</strong></span> <span class='ocrx_word' id='word_1_851' title='bbox 120 2745 150 2763; x_wconf 86' lang='lat' dir='ltr'><strong>Iv.</strong></span> <span class='ocrx_word' id='word_1_852' title='bbox 206 2738 228 2754; x_wconf 80' lang='lat'><strong>&quot;</strong></span> <span class='ocrx_word' id='word_1_853' title='bbox 254 2737 439 2764; x_wconf 80' lang='lat' dir='ltr'><strong>Cod.Tlieod.</strong></span> <span class='ocrx_word' id='word_1_854' title='bbox 465 2736 512 2763; x_wconf 89' lang='lat' dir='ltr'><strong>lib.</strong></span> <span class='ocrx_word' id='word_1_855' title='bbox 542 2744 577 2768; x_wconf 85' lang='lat' dir='ltr'><strong>iv,</strong></span> <span class='ocrx_word' id='word_1_856' title='bbox 607 2735 648 2761; x_wconf 82' lang='lat' dir='ltr'><strong>tit.</strong></span> <span class='ocrx_word' id='word_1_857' title='bbox 666 2735 708 2765; x_wconf 91' lang='grc'><strong>16,</strong></span> <span class='ocrx_word' id='word_1_858' title='bbox 735 2739 767 2759; x_wconf 88' lang='lat' dir='ltr'><strong>c0</strong></span> 
     </span>
     <span class='ocr_line' id='line_1_109' title="bbox 61 2767 767 2804; baseline -0.004 -8"><span class='ocrx_word' id='word_1_859' title='bbox 61 2772 170 2803; x_wconf 80' lang='lat' dir='ltr'><strong>xvm,l9.</strong></span> <span class='ocrx_word' id='word_1_860' title='bbox 218 2773 240 2788; x_wconf 85' lang='grc'>³³</span> <span class='ocrx_word' id='word_1_861' title='bbox 254 2772 335 2800; x_wconf 87' lang='lat' dir='ltr'><strong>Cant.</strong></span> <span class='ocrx_word' id='word_1_862' title='bbox 352 2780 389 2804; x_wconf 82' lang='lat' dir='ltr'><strong>vr,</strong></span> <span class='ocrx_word' id='word_1_863' title='bbox 401 2772 429 2798; x_wconf 91' lang='lat'><strong>8.</strong></span> <span class='ocrx_word' id='word_1_864' title='bbox 465 2771 487 2787; x_wconf 79' lang='lat'><strong>&quot;&#39;</strong></span> <span class='ocrx_word' id='word_1_865' title='bbox 507 2770 592 2797; x_wconf 84' lang='lat' dir='ltr'><strong>Exod.</strong></span> <span class='ocrx_word' id='word_1_866' title='bbox 611 2776 707 2801; x_wconf 79' lang='lat' dir='ltr'><strong>xxxtu,</strong></span> 
     </span>
    </p>
   </div>
   <div class='ocr_carea' id='block_1_107' title="bbox 61 2804 681 2842">
    <p class='ocr_par' dir='ltr' id='par_1_107' title="bbox 61 2804 681 2842">
     <span class='ocr_line' id='line_1_110' title="bbox 61 2804 681 2842; baseline -0.003 -10"><span class='ocrx_word' id='word_1_867' title='bbox 61 2804 77 2819; x_wconf 87' lang='lat'><strong>“</strong></span> <span class='ocrx_word' id='word_1_868' title='bbox 88 2805 168 2833; x_wconf 76' lang='lat' dir='ltr'><strong>Jacob.</strong></span> <span class='ocrx_word' id='word_1_869' title='bbox 185 2815 203 2838; x_wconf 85' lang='grc' dir='ltr'>ι,</span> <span class='ocrx_word' id='word_1_870' title='bbox 217 2807 262 2835; x_wconf 78' lang='grc'><strong>20.</strong></span> <span class='ocrx_word' id='word_1_871' title='bbox 304 2808 327 2823; x_wconf 81' lang='grc'><strong>¹⁹</strong></span> <span class='ocrx_word' id='word_1_872' title='bbox 347 2806 424 2842; x_wconf 78' lang='lat' dir='ltr'><strong>Greg.</strong></span> <span class='ocrx_word' id='word_1_873' title='bbox 441 2813 482 2841; x_wconf 89' lang='lat' dir='ltr'><strong>ep.</strong></span> <span class='ocrx_word' id='word_1_874' title='bbox 498 2805 548 2832; x_wconf 74' lang='grc'>128</span> <span class='ocrx_word' id='word_1_875' title='bbox 570 2805 681 2834; x_wconf 80' lang='lat' dir='ltr'><strong>lib..vn.</strong></span> 
     </span>
    </p>
   </div>
   <div class='ocr_carea' id='block_1_108' title="bbox 63 2841 234 2876">
    <p class='ocr_par' dir='ltr' id='par_1_108' title="bbox 63 2841 234 2876">
     <span class='ocr_line' id='line_1_111' title="bbox 63 2841 234 2876; baseline 0.023 -10"><span class='ocrx_word' id='word_1_876' title='bbox 63 2847 135 2876; x_wconf 79' lang='lat' dir='ltr'><strong>mu,</strong></span> <span class='ocrx_word' id='word_1_877' title='bbox 148 2841 234 2870; x_wconf 73' lang='lat'><strong>18-55.</strong></span> 
     </span>
    </p>
   </div>
   <div class='ocr_carea' id='block_1_109' title="bbox 727 2800 1004 2836">
    <p class='ocr_par' dir='ltr' id='par_1_109' title="bbox 727 2800 1004 2836">
     <span class='ocr_line' id='line_1_112' title="bbox 727 2800 1004 2836; baseline -0.014 -7"><span class='ocrx_word' id='word_1_878' title='bbox 727 2802 749 2818; x_wconf 75' lang='grc' dir='ltr'><strong>⁸ο</strong></span> <span class='ocrx_word' id='word_1_879' title='bbox 768 2802 902 2836; x_wconf 69' lang='lat' dir='ltr'><strong>coniunge</strong></span> <span class='ocrx_word' id='word_1_880' title='bbox 915 2800 1004 2826; x_wconf 85' lang='lat' dir='ltr'><strong>tidem.</strong></span> 
     </span>
    </p>
   </div>
   <div class='ocr_carea' id='block_1_110' title="bbox 869 2209 1650 2246">
    <p class='ocr_par' dir='ltr' id='par_1_110' title="bbox 869 2209 1650 2246">
     <span class='ocr_line' id='line_1_113' title="bbox 869 2209 1650 2246; baseline -0.008 -6"><span class='ocrx_word' id='word_1_881' title='bbox 869 2214 916 2240; x_wconf 83' lang='lat' dir='ltr'><strong>bus</strong></span> <span class='ocrx_word' id='word_1_882' title='bbox 936 2213 1001 2241; x_wconf 85' lang='lat' dir='ltr'><strong>suis.</strong></span> <span class='ocrx_word' id='word_1_883' title='bbox 1025 2212 1077 2245; x_wconf 75' lang='lat' dir='ltr'><strong>Qui</strong></span> <span class='ocrx_word' id='word_1_884' title='bbox 1094 2212 1199 2246; x_wconf 84' lang='lat' dir='ltr'><strong>respicit</strong></span> <span class='ocrx_word' id='word_1_885' title='bbox 1220 2211 1313 2243; x_wconf 90' lang='lat' dir='ltr'><strong>illam,</strong></span> <span class='ocrx_word' id='word_1_886' title='bbox 1334 2219 1385 2237; x_wconf 88' lang='lat' dir='ltr'><strong>non</strong></span> <span class='ocrx_word' id='word_1_887' title='bbox 1404 2209 1507 2236; x_wconf 88' lang='lat' dir='ltr'><strong>habebit</strong></span> <span class='ocrx_word' id='word_1_888' title='bbox 1519 2210 1650 2244; x_wconf 74' lang='lat' dir='ltr'><strong>requiem,</strong></span> 
     </span>
    </p>
   </div>
   <div class='ocr_carea' id='block_1_111' title="bbox 869 2255 1652 2293">
    <p class='ocr_par' dir='ltr' id='par_1_111' title="bbox 869 2255 1652 2293">
     <span class='ocr_line' id='line_1_114' title="bbox 869 2255 1652 2293; baseline -0.005 -7"><span class='ocrx_word' id='word_1_889' title='bbox 869 2268 914 2287; x_wconf 81' lang='lat' dir='ltr'><strong>nec</strong></span> <span class='ocrx_word' id='word_1_890' title='bbox 924 2259 1026 2286; x_wconf 86' lang='lat' dir='ltr'><strong>habebit</strong></span> <span class='ocrx_word' id='word_1_891' title='bbox 1041 2259 1155 2285; x_wconf 85' lang='lat' dir='ltr'><strong>amicum</strong></span> <span class='ocrx_word' id='word_1_892' title='bbox 1170 2259 1198 2284; x_wconf 88' lang='lat' dir='ltr'><strong>in</strong></span> <span class='ocrx_word' id='word_1_893' title='bbox 1212 2266 1263 2293; x_wconf 87' lang='lat' dir='ltr'><strong>quo</strong></span> <span class='ocrx_word' id='word_1_894' title='bbox 1278 2257 1431 2292; x_wconf 83' lang='lat' dir='ltr'><strong>requiescat.</strong></span> <span class='ocrx_word' id='word_1_895' title='bbox 1443 2255 1558 2290; x_wconf 78' lang='lat' dir='ltr'><strong>Flagelli</strong></span> <span class='ocrx_word' id='word_1_896' title='bbox 1573 2255 1652 2290; x_wconf 84' lang='lat' dir='ltr'><strong>plaga</strong></span> 
     </span>
    </p>
   </div>
   <div class='ocr_carea' id='block_1_112' title="bbox 868 2302 1651 2340">
    <p class='ocr_par' dir='ltr' id='par_1_112' title="bbox 868 2302 1651 2340">
     <span class='ocr_line' id='line_1_115' title="bbox 868 2302 1651 2340; baseline -0.004 -8"><span class='ocrx_word' id='word_1_897' title='bbox 868 2305 974 2333; x_wconf 87' lang='lat' dir='ltr'><strong>livorem</strong></span> <span class='ocrx_word' id='word_1_898' title='bbox 993 2305 1078 2340; x_wconf 84' lang='lat' dir='ltr'><strong>facit:</strong></span> <span class='ocrx_word' id='word_1_899' title='bbox 1091 2303 1170 2340; x_wconf 87' lang='lat' dir='ltr'><strong>plaga</strong></span> <span class='ocrx_word' id='word_1_900' title='bbox 1188 2309 1276 2330; x_wconf 89' lang='lat' dir='ltr'><strong>autem</strong></span> <span class='ocrx_word' id='word_1_901' title='bbox 1291 2303 1389 2338; x_wconf 79' lang='lat' dir='ltr'><strong>linyuw</strong></span> <span class='ocrx_word' id='word_1_902' title='bbox 1405 2302 1563 2329; x_wconf 83' lang='lat' dir='ltr'><strong>comminuet</strong></span> <span class='ocrx_word' id='word_1_903' title='bbox 1581 2310 1651 2329; x_wconf 86' lang='lat' dir='ltr'><strong>ossa.</strong></span> 
     </span>
    </p>
   </div>
   <div class='ocr_carea' id='block_1_113' title="bbox 869 2348 1651 2385">
    <p class='ocr_par' dir='ltr' id='par_1_113' title="bbox 869 2348 1651 2385">
     <span class='ocr_line' id='line_1_116' title="bbox 869 2348 1651 2385; baseline -0.004 -7"><span class='ocrx_word' id='word_1_904' title='bbox 869 2351 948 2379; x_wconf 82' lang='lat' dir='ltr'><strong>Multi</strong></span> <span class='ocrx_word' id='word_1_905' title='bbox 960 2351 1108 2378; x_wconf 84' lang='lat' dir='ltr'><strong>ceciderunt</strong></span> <span class='ocrx_word' id='word_1_906' title='bbox 1125 2351 1152 2377; x_wconf 89' lang='lat' dir='ltr'><strong>in</strong></span> <span class='ocrx_word' id='word_1_907' title='bbox 1163 2357 1206 2376; x_wconf 87' lang='lat' dir='ltr'><strong>ore</strong></span> <span class='ocrx_word' id='word_1_908' title='bbox 1217 2349 1310 2385; x_wconf 84' lang='lat' dir='ltr'><strong>gladii,</strong></span> <span class='ocrx_word' id='word_1_909' title='bbox 1326 2349 1370 2376; x_wconf 81' lang='lat' dir='ltr'><strong>sed</strong></span> <span class='ocrx_word' id='word_1_910' title='bbox 1385 2357 1435 2375; x_wconf 86' lang='lat' dir='ltr'><strong>non</strong></span> <span class='ocrx_word' id='word_1_911' title='bbox 1463 2348 1501 2375; x_wconf 85' lang='lat' dir='ltr'><strong>sic</strong></span> <span class='ocrx_word' id='word_1_912' title='bbox 1523 2348 1651 2383; x_wconf 81' lang='lat' dir='ltr'><strong>quomodo</strong></span> 
     </span>
    </p>
   </div>
   <div class='ocr_carea' id='block_1_114' title="bbox 867 2393 1650 2432">
    <p class='ocr_par' dir='ltr' id='par_1_114' title="bbox 867 2393 1650 2432">
     <span class='ocr_line' id='line_1_117' title="bbox 867 2393 1650 2432; baseline -0.006 -8"><span class='ocrx_word' id='word_1_913' title='bbox 867 2397 912 2432; x_wconf 86' lang='lat' dir='ltr'><strong>qui</strong></span> <span class='ocrx_word' id='word_1_914' title='bbox 923 2397 1076 2423; x_wconf 85' lang='lat' dir='ltr'><strong>interierunt</strong></span> <span class='ocrx_word' id='word_1_915' title='bbox 1087 2403 1131 2430; x_wconf 88' lang='lat' dir='ltr'><strong>per</strong></span> <span class='ocrx_word' id='word_1_916' title='bbox 1144 2394 1262 2429; x_wconf 86' lang='lat' dir='ltr'><strong>linguam</strong></span> <span class='ocrx_word' id='word_1_917' title='bbox 1277 2402 1363 2420; x_wconf 81' lang='lat' dir='ltr'><strong>suam.</strong></span> <span class='ocrx_word' id='word_1_918' title='bbox 1377 2393 1491 2427; x_wconf 86' lang='lat' dir='ltr'><strong>Beatus,</strong></span> <span class='ocrx_word' id='word_1_919' title='bbox 1510 2394 1555 2428; x_wconf 87' lang='lat' dir='ltr'><strong>qui</strong></span> <span class='ocrx_word' id='word_1_920' title='bbox 1569 2398 1650 2420; x_wconf 83' lang='lat' dir='ltr'><strong>tectus</strong></span> 
     </span>
    </p>
   </div>
   <div class='ocr_carea' id='block_1_115' title="bbox 868 2441 1652 2479">
    <p class='ocr_par' dir='ltr' id='par_1_115' title="bbox 868 2441 1652 2479">
     <span class='ocr_line' id='line_1_118' title="bbox 868 2441 1652 2479; baseline -0.006 -7"><span class='ocrx_word' id='word_1_921' title='bbox 868 2449 907 2472; x_wconf 84' lang='lat' dir='ltr'><strong>est</strong></span> <span class='ocrx_word' id='word_1_922' title='bbox 922 2453 938 2471; x_wconf 92' lang='lat' dir='ltr'><strong>a</strong></span> <span class='ocrx_word' id='word_1_923' title='bbox 955 2444 1046 2479; x_wconf 85' lang='lat' dir='ltr'><strong>lingua</strong></span> <span class='ocrx_word' id='word_1_924' title='bbox 1068 2450 1197 2478; x_wconf 86' lang='lat' dir='ltr'><strong>nequam,</strong></span> <span class='ocrx_word' id='word_1_925' title='bbox 1213 2441 1258 2477; x_wconf 90' lang='lat' dir='ltr'><strong>qui</strong></span> <span class='ocrx_word' id='word_1_926' title='bbox 1278 2441 1305 2468; x_wconf 87' lang='lat' dir='ltr'><strong>in</strong></span> <span class='ocrx_word' id='word_1_927' title='bbox 1324 2441 1490 2468; x_wconf 82' lang='lat' dir='ltr'><strong>iracundiam</strong></span> <span class='ocrx_word' id='word_1_928' title='bbox 1509 2441 1581 2468; x_wconf 78' lang='lat' dir='ltr'><strong>illius</strong></span> <span class='ocrx_word' id='word_1_929' title='bbox 1601 2449 1652 2467; x_wconf 86' lang='lat' dir='ltr'><strong>non</strong></span> 
     </span>
    </p>
   </div>
   <div class='ocr_carea' id='block_1_116' title="bbox 870 2485 1652 2522">
    <p class='ocr_par' dir='ltr' id='par_1_116' title="bbox 870 2485 1652 2522">
     <span class='ocr_line' id='line_1_119' title="bbox 870 2485 1652 2522; baseline -0.008 -5"><span class='ocrx_word' id='word_1_930' title='bbox 870 2489 990 2517; x_wconf 79' lang='lat' dir='ltr'><strong>transivit</strong></span> <span class='ocrx_word' id='word_1_931' title='bbox 1000 2509 1007 2522; x_wconf 89' lang='lat'><strong>,</strong></span> <span class='ocrx_word' id='word_1_932' title='bbox 1024 2492 1049 2516; x_wconf 84' lang='lat' dir='ltr'><strong>et</strong></span> <span class='ocrx_word' id='word_1_933' title='bbox 1062 2488 1106 2522; x_wconf 87' lang='lat' dir='ltr'><strong>qui</strong></span> <span class='ocrx_word' id='word_1_934' title='bbox 1119 2495 1169 2514; x_wconf 89' lang='lat' dir='ltr'><strong>non</strong></span> <span class='ocrx_word' id='word_1_935' title='bbox 1182 2487 1293 2513; x_wconf 70' lang='lat' dir='ltr'><strong>attraxit</strong></span> <span class='ocrx_word' id='word_1_936' title='bbox 1310 2486 1401 2521; x_wconf 85' lang='lat' dir='ltr'><strong>jugum</strong></span> <span class='ocrx_word' id='word_1_937' title='bbox 1415 2486 1488 2520; x_wconf 76' lang='lat' dir='ltr'><strong>ejus,</strong></span> <span class='ocrx_word' id='word_1_938' title='bbox 1503 2491 1526 2512; x_wconf 90' lang='lat' dir='ltr'><strong>et</strong></span> <span class='ocrx_word' id='word_1_939' title='bbox 1540 2485 1652 2512; x_wconf 81' lang='lat' dir='ltr'><strong>vinculis</strong></span> 
     </span>
    </p>
   </div>
   <div class='ocr_carea' id='block_1_117' title="bbox 869 2529 1653 2569">
    <p class='ocr_par' dir='ltr' id='par_1_117' title="bbox 869 2529 1653 2569">
     <span class='ocr_line' id='line_1_120' title="bbox 869 2529 1653 2569; baseline -0.009 -7"><span class='ocrx_word' id='word_1_940' title='bbox 869 2535 924 2569; x_wconf 83' lang='lat' dir='ltr'><strong>ejus</strong></span> <span class='ocrx_word' id='word_1_941' title='bbox 940 2542 991 2560; x_wconf 89' lang='lat' dir='ltr'><strong>non</strong></span> <span class='ocrx_word' id='word_1_942' title='bbox 1005 2537 1043 2559; x_wconf 88' lang='lat' dir='ltr'><strong>est</strong></span> <span class='ocrx_word' id='word_1_943' title='bbox 1063 2533 1170 2567; x_wconf 75' lang='lat' dir='ltr'><strong>ligatus.</strong></span> <span class='ocrx_word' id='word_1_944' title='bbox 1185 2531 1283 2566; x_wconf 86' lang='lat' dir='ltr'><strong>Jugunt</strong></span> <span class='ocrx_word' id='word_1_945' title='bbox 1303 2530 1373 2557; x_wconf 82' lang='lat' dir='ltr'><strong>enim</strong></span> <span class='ocrx_word' id='word_1_946' title='bbox 1384 2529 1456 2557; x_wconf 87' lang='lat' dir='ltr'><strong>illius</strong></span> <span class='ocrx_word' id='word_1_947' title='bbox 1467 2549 1475 2562; x_wconf 93' lang='lat'><strong>,</strong></span> <span class='ocrx_word' id='word_1_948' title='bbox 1490 2530 1584 2564; x_wconf 85' lang='lat' dir='ltr'><strong>jugum</strong></span> <span class='ocrx_word' id='word_1_949' title='bbox 1598 2530 1653 2564; x_wconf 81' lang='lat' dir='ltr'><strong>fer-</strong></span> 
     </span>
    </p>
   </div>
   <div class='ocr_carea' id='block_1_118' title="bbox 870 2575 1649 2608">
    <p class='ocr_par' dir='ltr' id='par_1_118' title="bbox 870 2575 1649 2608">
     <span class='ocr_line' id='line_1_121' title="bbox 870 2575 1649 2608; baseline -0.01 0"><span class='ocrx_word' id='word_1_950' title='bbox 870 2589 942 2608; x_wconf 82' lang='lat' dir='ltr'><strong>reum</strong></span> <span class='ocrx_word' id='word_1_951' title='bbox 958 2583 997 2607; x_wconf 79' lang='lat' dir='ltr'><strong>est</strong></span> <span class='ocrx_word' id='word_1_952' title='bbox 1013 2588 1022 2606; x_wconf 95' lang='lat'><em>:</em></span> <span class='ocrx_word' id='word_1_953' title='bbox 1041 2583 1066 2606; x_wconf 78' lang='lat' dir='ltr'><strong>et</strong></span> <span class='ocrx_word' id='word_1_954' title='bbox 1079 2577 1211 2605; x_wconf 84' lang='lat' dir='ltr'><strong>vinculum</strong></span> <span class='ocrx_word' id='word_1_955' title='bbox 1229 2577 1317 2608; x_wconf 80' lang='lat' dir='ltr'><strong>illius,</strong></span> <span class='ocrx_word' id='word_1_956' title='bbox 1336 2575 1467 2602; x_wconf 87' lang='lat' dir='ltr'><strong>vinculum</strong></span> <span class='ocrx_word' id='word_1_957' title='bbox 1486 2583 1582 2602; x_wconf 73' lang='lat' dir='ltr'><strong>(ereum</strong></span> <span class='ocrx_word' id='word_1_958' title='bbox 1601 2579 1649 2601; x_wconf 78' lang='lat' dir='ltr'><strong>est.</strong></span> 
     </span>
    </p>
   </div>
   <div class='ocr_carea' id='block_1_119' title="bbox 870 2620 1650 2658">
    <p class='ocr_par' dir='ltr' id='par_1_119' title="bbox 870 2620 1650 2658">
     <span class='ocr_line' id='line_1_122' title="bbox 870 2620 1650 2658; baseline -0.01 -5"><span class='ocrx_word' id='word_1_959' title='bbox 870 2626 942 2653; x_wconf 82' lang='lat' dir='ltr'><strong>Mors</strong></span> <span class='ocrx_word' id='word_1_960' title='bbox 958 2625 1124 2658; x_wconf 81' lang='lat' dir='ltr'><strong>illius,mors</strong></span> <span class='ocrx_word' id='word_1_961' title='bbox 1138 2623 1317 2658; x_wconf 85' lang='lat' dir='ltr'><strong>nequissima;</strong></span> <span class='ocrx_word' id='word_1_962' title='bbox 1330 2626 1354 2648; x_wconf 86' lang='lat' dir='ltr'><strong>et</strong></span> <span class='ocrx_word' id='word_1_963' title='bbox 1373 2620 1446 2647; x_wconf 82' lang='lat' dir='ltr'><strong>utilis</strong></span> <span class='ocrx_word' id='word_1_964' title='bbox 1464 2620 1551 2654; x_wconf 88' lang='lat' dir='ltr'><strong>potius</strong></span> <span class='ocrx_word' id='word_1_965' title='bbox 1566 2620 1650 2654; x_wconf 77' lang='lat' dir='ltr'><strong>infer—</strong></span> 
     </span>
    </p>
   </div>
   <div class='ocr_carea' id='block_1_120' title="bbox 1104 2686 1647 2722">
    <p class='ocr_par' dir='ltr' id='par_1_120' title="bbox 1104 2686 1647 2722">
     <span class='ocr_line' id='line_1_123' title="bbox 1104 2686 1647 2722; baseline -0.006 -6"><span class='ocrx_word' id='word_1_966' title='bbox 1104 2690 1126 2706; x_wconf 78' lang='grc'><strong>⁸⁸</strong></span> <span class='ocrx_word' id='word_1_967' title='bbox 1144 2690 1211 2718; x_wconf 85' lang='lat' dir='ltr'><strong>Adr.</strong></span> <span class='ocrx_word' id='word_1_968' title='bbox 1223 2689 1285 2717; x_wconf 91' lang='lat' dir='ltr'><strong>coll.</strong></span> <span class='ocrx_word' id='word_1_969' title='bbox 1301 2697 1326 2722; x_wconf 77' lang='grc' dir='ltr'>ε,</span> <span class='ocrx_word' id='word_1_970' title='bbox 1341 2688 1384 2715; x_wconf 72' lang='grc'><strong>21.</strong></span> <span class='ocrx_word' id='word_1_971' title='bbox 1400 2689 1429 2714; x_wconf 86' lang='lat' dir='ltr'><strong>In</strong></span> <span class='ocrx_word' id='word_1_972' title='bbox 1444 2687 1544 2714; x_wconf 88' lang='lat' dir='ltr'><strong>decret.</strong></span> <span class='ocrx_word' id='word_1_973' title='bbox 1559 2686 1647 2718; x_wconf 88' lang='lat' dir='ltr'><strong>lvon.,</strong></span> 
     </span>
    </p>
   </div>
   <div class='ocr_carea' id='block_1_121' title="bbox 1141 2722 1649 2755">
    <p class='ocr_par' dir='ltr' id='par_1_121' title="bbox 1141 2722 1649 2755">
     <span class='ocr_line' id='line_1_124' title="bbox 1141 2722 1649 2755; baseline -0.01 -2"><span class='ocrx_word' id='word_1_974' title='bbox 1141 2725 1163 2740; x_wconf 88' lang='grc'><strong>³¹</strong></span> <span class='ocrx_word' id='word_1_975' title='bbox 1185 2733 1262 2753; x_wconf 86' lang='lat' dir='ltr'><strong>conc.</strong></span> <span class='ocrx_word' id='word_1_976' title='bbox 1274 2725 1332 2751; x_wconf 86' lang='lat' dir='ltr'><strong>Tol.</strong></span> <span class='ocrx_word' id='word_1_977' title='bbox 1352 2731 1408 2755; x_wconf 86' lang='lat' dir='ltr'><strong>viii,</strong></span> <span class='ocrx_word' id='word_1_978' title='bbox 1423 2730 1447 2750; x_wconf 91' lang='lat' dir='ltr'><strong>c.</strong></span> <span class='ocrx_word' id='word_1_979' title='bbox 1463 2722 1491 2750; x_wconf 78' lang='lat'><strong>2.</strong></span> <span class='ocrx_word' id='word_1_980' title='bbox 1534 2722 1556 2737; x_wconf 84' lang='lat'>&quot;</span> <span class='ocrx_word' id='word_1_981' title='bbox 1566 2722 1649 2749; x_wconf 79' lang='lat' dir='ltr'><strong>Prov.</strong></span> 
     </span>
    </p>
   </div>
   <div class='ocr_carea' id='block_1_122' title="bbox 1271 2757 1649 2786">
    <p class='ocr_par' dir='ltr' id='par_1_122' title="bbox 1271 2757 1649 2786">
     <span class='ocr_line' id='line_1_125' title="bbox 1271 2757 1649 2786; baseline -0.008 0"><span class='ocrx_word' id='word_1_982' title='bbox 1271 2760 1294 2775; x_wconf 79' lang='grc'><strong>³⁸</strong></span> <span class='ocrx_word' id='word_1_983' title='bbox 1311 2759 1364 2786; x_wconf 85' lang='lat' dir='ltr'><strong>labi</strong></span> <span class='ocrx_word' id='word_1_984' title='bbox 1379 2765 1435 2785; x_wconf 85' lang='lat' dir='ltr'><strong>eos.</strong></span> <span class='ocrx_word' id='word_1_985' title='bbox 1499 2757 1520 2772; x_wconf 91' lang='grc'><strong>³⁷</strong></span> <span class='ocrx_word' id='word_1_986' title='bbox 1540 2757 1567 2784; x_wconf 82' lang='lat' dir='ltr'><strong>In</strong></span> <span class='ocrx_word' id='word_1_987' title='bbox 1584 2758 1649 2784; x_wconf 88' lang='lat' dir='ltr'><strong>imo.</strong></span> 
     </span>
    </p>
   </div>
   <div class='ocr_carea' id='block_1_123' title="bbox 1320 2792 1647 2821">
    <p class='ocr_par' dir='ltr' id='par_1_123' title="bbox 1320 2792 1647 2821">
     <span class='ocr_line' id='line_1_126' title="bbox 1320 2792 1647 2821; baseline -0.006 0"><span class='ocrx_word' id='word_1_988' title='bbox 1320 2795 1341 2810; x_wconf 66' lang='grc' dir='ltr'>δ’</span> <span class='ocrx_word' id='word_1_989' title='bbox 1362 2793 1444 2821; x_wconf 77' lang='lat' dir='ltr'><strong>odivi.</strong></span> <span class='ocrx_word' id='word_1_990' title='bbox 1490 2792 1548 2808; x_wconf 77' lang='lat'><strong>”-“</strong></span> <span class='ocrx_word' id='word_1_991' title='bbox 1565 2792 1647 2819; x_wconf 82' lang='lat' dir='ltr'><strong>Eccli.</strong></span> 
     </span>
    </p>
   </div>
   <div class='ocr_carea' id='block_1_124' title="bbox 925 2726 1104 2755">
    <p class='ocr_par' dir='ltr' id='par_1_124' title="bbox 925 2726 1104 2755">
     <span class='ocr_line' id='line_1_127' title="bbox 925 2726 1104 2755; baseline -0.017 0"><span class='ocrx_word' id='word_1_992' title='bbox 925 2729 948 2744; x_wconf 87' lang='lat'><strong>&#39;°</strong></span> <span class='ocrx_word' id='word_1_993' title='bbox 979 2726 1104 2755; x_wconf 83' lang='lat' dir='ltr'><strong>consilio.</strong></span> 
     </span>
    </p>
   </div>
   <div class='ocr_carea' id='block_1_125' title="bbox 1055 2795 1276 2823">
    <p class='ocr_par' dir='ltr' id='par_1_125' title="bbox 1055 2795 1276 2823">
     <span class='ocr_line' id='line_1_128' title="bbox 1055 2795 1276 2823; baseline -0.005 0"><span class='ocrx_word' id='word_1_994' title='bbox 1055 2797 1075 2812; x_wconf 81' lang='lat'><strong>&quot;</strong></span> <span class='ocrx_word' id='word_1_995' title='bbox 1096 2795 1276 2823; x_wconf 81' lang='lat' dir='ltr'><strong>condulcabit.</strong></span> 
     </span>
    </p>
   </div>
  </div>
