1861 3052
175 89 227 117 199

744 83 773 112 S.
795 83 934 112 FABIANI
953 83 1059 112 ΡᾹΡΑΕ-
1074 83 1233 112 DECRETA

1747 83 1803 111 200

175 158 235 183 nus,
250 157 329 184 quam
344 147 403 176 illa.
422 147 621 175 Perseverantia
636 146 710 173 illius
725 154 775 173 non
790 146 963 181 permanebit,
979 150 1002 178 Α
1015 151 1040 173 et
1059 151 1214 181 potestates,
1238 145 1362 173 adversus
1382 144 1474 172 mundi
1495 149 1605 171 rectores
1634 144 1804 170 tenebrarum

177 195 220 221 sed
235 193 358 221 obtinebit
375 195 431 220 vias
452 186 622 227 injustorum.
647 190 680 218 In
704 191 814 226 ﬂamma
837 199 886 218 sua
908 199 960 218 non

177 241 309 268 comburet
328 240 426 275 justas.
446 238 496 271 Qui
516 237 702 273 derelinquunt
723 237 881 270 Dominum,
894 237 961 264 inci-

177 287 238 314 dent
253 287 279 313 in
291 285 364 312 illam
376 293 386 317 ;
397 289 421 311 et
433 283 581 311 exurdescet
593 284 621 310 in
633 283 699 316 illis,
713 287 738 309 et
753 291 804 309 non
817 283 963 318 exstinguo—

181 337 244 364 tur;
255 336 278 358 et
293 331 448 358 immittatur
461 330 487 356 in
500 329 561 356 illos
579 329 656 364 quasi
669 328 719 361 leo,
735 333 760 356 et
775 329 852 364 quasi
863 329 962 364 pardus

179 379 256 406 (adet
270 377 340 404 illos.
358 375 419 411 Sepi
432 384 509 402 aures
525 381 585 403 tuas
594 375 692 407 spinis,
704 379 729 402 et
744 375 797 402 noli
809 375 902 402 audire
912 375 963 402 lin—

178 433 256 460 guam
271 431 380 458 nequam
393 443 400 454 ,
411 426 435 449 et
453 422 493 448 ori
510 426 554 449 tuo
570 422 651 456 facito
667 422 752 455 ostia,
763 426 787 448 et
803 429 875 448 seras
890 421 964 448 auri-

170 469 227 497 bus
248 469 310 496 tuis.
327 469 429 495 Aurum
446 473 520 494 tuum
535 471 559 493 et
579 470 716 501 argentum
731 470 805 492 tuum
821 466 906 500 con/ta
918 485 926 498 ,
940 469 965 491 et

180 516 262 543 verbis
275 516 327 542 tuis
341 515 422 549 facito
440 519 579 545 stateram,
599 518 623 540 et
645 512 732 547 frenos
751 512 791 538 ori
805 517 850 538 tuo
869 515 964 538 rectos.

180 562 215 589 Et
229 562 345 594 attende,
357 569 388 588 ne
400 561 466 595 forte
482 559 581 586 labaris
592 559 619 585 in
634 558 725 593 lingua
738 562 793 590 tua,
805 561 830 584 et
844 556 925 583 cadas
937 556 965 582 in

181 614 319 644 conspectu
333 608 501 635 inimicorum
520 605 704 633 insidiantium
722 605 784 637 tibi,
796 608 820 631 et
838 604 873 630 sit
889 610 966 630 casus

181 662 242 683 tuus
261 655 418 683 insanabilis
434 654 462 682 in
478 658 587 680 mortem
602 652 634 678 ".
651 651 705 679 Ista
725 654 839 679 caveant
854 657 966 681 omnes.

181 709 204 730 ei
224 702 358 729 coliibeant
377 701 496 736 linguam
510 707 584 727 suam
602 707 618 725 a
637 697 725 730 malo,
741 702 765 725 et
787 696 859 724 labia
879 704 968 723 eorum

181 758 214 776 ne
234 748 374 783 loquantur
390 746 480 773 dolum
491 746 523 773 “.
540 744 576 771 De
591 749 684 771 cwtero
696 763 704 776 ,
717 742 871 771 cliarissimi
883 761 890 774 ,
904 749 967 768 eon-

183 793 321 829 {urtamini
338 793 365 819 in
378 792 499 825 Domino,
514 796 538 818 et
555 791 581 817 in
599 790 714 826 potentia
728 789 833 816 uirtutis
845 787 911 822 ejus.
926 786 969 814 Ιηο

1011 191 1121 224 harum,
1147 196 1240 223 contra
1267 190 1421 225 spiritualia
1446 190 1566 225 nequitis:
1592 189 1620 215 in
1641 187 1801 215 culestibus.

1011 236 1154 272 Propterea
1175 237 1284 271 accipite
1300 242 1466 263 armaturam
1487 235 1552 267 Dei,
1567 239 1596 262 ut
1612 234 1723 269 possitis
1741 234 1806 260 resi-

1012 287 1079 310 stere
1095 284 1122 310 in
1136 283 1178 309 die
1195 283 1266 309 malo
1276 302 1284 315 ,
1296 286 1321 309 et
1335 283 1362 309 in
1378 282 1498 308 omnibus
1509 281 1617 316 perfecti
1628 284 1710 307 stare.
1727 277 1805 306 State

1012 337 1071 364 ergo
1081 328 1208 355 succincti
1219 328 1320 355 lumbos
1335 332 1434 355 uestros
1444 327 1472 354 in
1481 327 1607 358 veritate,
1622 330 1648 352 et
1658 324 1746 352 induti
1760 323 1804 350 lo-

1014 376 1097 402 ricam
1116 375 1248 410 jnstititz,
1271 379 1297 402 et
1322 373 1432 401 caleeati
1457 373 1534 408 pedes
1554 372 1582 399 in
1606 371 1805 406 praeparatione

1016 420 1153 457 Evangelii
1167 421 1251 456 pacis,
1261 421 1290 447 in
1300 420 1421 447 omnibus
1435 423 1565 446 sumentes
1578 423 1681 445 scutum
1691 417 1754 452 [ἰάρὶ
1771 417 1800 443 in

1013 476 1064 503 quo
1076 467 1182 502 possitis
1197 466 1286 494 omnia
1299 466 1352 494 tela
1369 465 1519 501 nequissimi
1532 465 1607 500 ignea
1625 464 1803 498 exstinguere.

1016 513 1050 540 Et
1062 513 1164 549 galeam
1174 513 1270 540 salutis
1280 513 1417 546 assumite,
1430 517 1456 540 et
1467 511 1586 548 gladium
1597 511 1720 545 spiritus,
1732 508 1806 545 quod

1015 565 1054 587 est
1066 559 1170 587 verbum
1183 559 1232 587 Dei
1243 559 1278 588 ⁸⁷,
1293 558 1367 592 Haec,
1380 558 1474 592 frater,
1491 565 1552 594 qua:
1568 557 1616 585 tibi
1629 557 1805 592 scripsimus,

1016 606 1177 642 generaliter
1195 606 1323 635 omnibus
1337 610 1400 634 nota
1419 605 1477 634 ﬁeri
1487 605 1628 638 volumus,
1640 608 1671 631 ut
1684 611 1747 638 quae
1760 610 1807 630 ee-

1018 658 1090 680 teros
1116 657 1239 688 tangunt,
1268 652 1396 680 omnibus
1428 656 1491 680 nota
1518 651 1594 678 ﬁant.
1623 649 1808 684 Omnipotens

1017 697 1089 726 Deus
1103 701 1130 725 te
1139 718 1147 731 ,
1164 697 1257 730 frater,
1274 701 1301 725 et
1315 697 1435 732 reliquos
1449 696 1547 724 fratres
1562 700 1671 723 nostros
1680 715 1688 727 ,
1702 694 1809 728 ubique

1019 745 1216 777 consistentes,
1235 747 1358 780 protegat
1377 750 1464 779 usque
1481 741 1509 770 in
1534 741 1615 770 linem
1629 741 1662 773 ⁸⁸,
1675 741 1722 775 qui
1734 748 1808 767 cun-

1020 793 1094 818 ctum
1106 790 1236 817 mundum
1248 790 1374 825 dignatus
1383 793 1424 817 est
1435 788 1578 820 redimere,
1588 786 1667 814 Iesus
1677 785 1810 813 Christus

183 841 256 867 duite
269 847 322 871 vos,
338 843 502 865 armaturam
520 837 566 864 Dei
576 856 584 869 ,
597 841 624 862 ut
636 835 743 871 possitis
758 838 830 862 stare
843 835 968 861 adversus
984 827 1007 854 Β
1021 835 1152 863 Dominus
1177 840 1281 868 noster,
1309 835 1356 871 qui
1386 838 1428 862 est
1455 833 1613 861 benedictus
1636 831 1664 859 in
1692 831 1808 859 saecula.

183 887 296 913 insidias
314 885 434 916 diaboli;
449 884 571 919 quoniam
591 891 642 909 novt
664 885 702 909 est
724 881 797 908 nobis
817 880 969 907 colluctatio

185 934 308 960 adversus
319 940 424 959 carnem
436 936 459 958 et
471 931 634 966 sanguinem,
647 929 690 956 sed
702 929 825 956 adversus
840 928 969 963 principes

237 1001 259 1016 “
287 999 369 1026 Eccli.
386 1006 486 1029 xxviii,
508 998 583 1025 1-50.
636 997 658 1013 “
679 996 750 1024 Psal.
769 1004 868 1026 xxxiii.
884 997 927 1022 Η.

188 1035 210 1052 ⁸³
223 1039 351 1062 mendosa
366 1034 515 1061 aditotatio.

975 995 997 1011 "
1018 994 1116 1031 Ephes.
1140 1003 1185 1024 γι.
1200 994 1292 1022 IO-l'l.

1017 880 1114 910 Amen.
1140 880 1205 908 Data
1233 879 1482 915 decimo.septimo
1511 877 1623 906 Kalend.
1654 875 1809 904 Novembr.

1017 927 1145 955 Africano
1159 931 1186 954 et
1200 926 1281 954 Decio
1291 927 1314 942 δ’
1330 926 1397 954 viris
1412 924 1571 953 clarissimis
1585 922 1759 952 consulibus.

1345 994 1368 1010 ⁸⁸
1385 993 1413 1021 S.
1432 993 1512 1029 Greg.
1537 1000 1599 1028 ep.,
1617 991 1662 1022 54,
1688 990 1738 1018 lib.
1755 997 1809 1016 \‘ll.

192 1102 1785 1122 ____________________________.—____....

346 1188 478 1217 Decreta
494 1186 524 1216 S.
543 1183 674 1215 Fabiani
696 1191 734 1214 ex
760 1183 894 1213 Decreto
909 1179 1053 1212 Gratiani
1065 1179 1247 1218 desumpta,
1269 1187 1329 1209 nec
1348 1177 1511 1217 prioribus
1527 1176 1659 1207 inserta.

189 1332 210 1359 I.
225 1330 321 1358 lnediis
335 1329 623 1390 niaceretuiqacerriniis
637 1329 681 1390 qui
700 1328 779 1362 fratri
791 1336 838 1356 suo
851 1329 967 1357 reconci-

485 1373 535 1390 iari
549 1373 599 1390 non
612 1372 643 1390 vu
657 1369 676 1389 t.

485 1373 535 1390 ιανι
549 1373 599 1390 non
612 1369 676 1390 vult.

191 1421 277 1457 (Dist.
293 1420 336 1454 90,
350 1419 379 1448 Si
393 1421 450 1456 quis
461 1420 631 1447 contristatus
643 1428 651 1452 ;
664 1419 743 1446 Basil.
755 1420 780 1446 in
790 1419 865 1454 Reg.,
877 1427 902 1446 c.
914 1418 968 1453 74.)

228 1466 256 1494 Si
281 1466 342 1502 quis
355 1466 533 1494 contristatus
557 1465 674 1492 noluerit
700 1464 870 1491 reconciliari
894 1462 969 1491 fratri

1021 1332 1078 1355 sua
1109 1322 1341 1359 consanguineis,
1373 1324 1436 1356 post
1467 1323 1582 1347 mortem
1614 1326 1672 1346 sua:
1697 1319 1809 1346 uxoris.

1145 1381 1186 1408 Ad
1200 1380 1306 1407 titulum
1320 1378 1471 1405 immediate
1484 1376 1678 1412 prazscriptttm.

1093 1427 1103 1463 (
1117 1426 1217 1454 Eodem
1243 1434 1316 1461 cap.,
1343 1433 1376 1452 ex
1401 1424 1496 1451 eodem
1524 1422 1736 1458 Pmnitentiali.)

1058 1473 1109 1507 Qui
1135 1472 1315 1508 propinquam
1339 1470 1480 1506 sanguinis
1512 1477 1624 1496 uxorem
1650 1468 1756 1496 ducunt
1781 1471 1813 1494 et

191 1520 252 1546 suo,
276 1512 460 1540 satisfacienle
482 1519 515 1538 eo
541 1511 588 1546 qui
616 1510 803 1543 contristavit,
830 1509 971 1537 acerrimis
984 1514 1004 1543 c
1022 1523 1192 1554 separantur,
1204 1525 1256 1544 non
1272 1516 1364 1545 licebit
1378 1516 1429 1548 eis,
1444 1515 1564 1550 quandi“
1577 1514 1683 1550 utrique
1700 1514 1814 1547 vivum.

191 1563 343 1586 macerctur
353 1558 461 1590 iiieiliis,
471 1565 558 1592 usque
576 1556 640 1583 dum
652 1555 769 1591 gratanti
785 1555 876 1582 animo
892 1555 971 1582 satis-

191 1605 337 1633 factiOnein
356 1604 479 1638 recipiat.

219 1662 253 1690 II.
273 1662 388 1696 Infamis
400 1661 507 1696 efficitur
518 1660 563 1695 qui
573 1660 656 1687 sciens
671 1659 787 1694 pejerare
798 1660 947 1694 praesumit;

193 1717 237 1753 (6,
256 1725 283 1752 q.
300 1717 325 1749 l,
342 1715 494 1751 Quicunque
516 1716 618 1753 sciens;
630 1714 733 1750 Regina
756 1722 790 1742 ex
811 1715 860 1743 lib.
880 1715 970 1743 Pumi-

517 1750 649 1784 tentiali.)

227 1797 389 1832 Quicunque
416 1796 505 1824 sciens
532 1803 561 1823 se
591 1795 768 1831 pejoraverit,
794 1795 971 1831 quadraginta

191 1843 250 1870 dies
264 1843 290 1870 in
302 1850 371 1877 pane
386 1847 412 1869 et
428 1848 499 1876 aqua
510 1860 518 1873 ,
543 1845 570 1868 et
590 1845 692 1876 septem
717 1846 862 1876 sequentes
885 1849 972 1869 annos

193 1890 337 1924 poeniteat;
354 1893 381 1915 et
396 1895 534 1922 nunquam
548 1887 584 1914 sit
598 1887 657 1914 sine
669 1887 844 1922 poenitentia;
862 1890 889 1914 ct
903 1895 972 1913 nun-

193 1943 275 1970 quam
298 1935 325 1961 in
352 1933 538 1960 testimonium
568 1933 730 1968 recipiatur;
753 1933 971 1960 communionem

194 1986 284 2008 tamen
300 1985 362 2015 post
375 1980 426 2007 hoc
440 1978 572 2014 percipiat

195 2037 235 2064 III.
251 2037 379 2064 Furiosus
391 2041 415 2063 et
428 2036 529 2072 furiosa
553 2035 750 2063 matrimonium
761 2036 911 2063 contrahere
923 2044 972 2062 non

522 2075 641 2107 possunt.

194 2128 256 2164 (52,
268 2136 295 2164 q.
315 2127 342 2162 7,
359 2126 448 2164 Neque
465 2127 590 2164 [uriosus.
608 2126 640 2164 Et
657 2127 683 2154 in
700 2127 801 2164 Decret.
815 2127 868 2156 Ivo.
880 2127 927 2155 lib.
936 2137 971 2155 vr.

366 2162 450 2189 Aﬂ'ei't
467 2161 569 2197 chino
586 2171 619 2190 ex
634 2163 690 2197 lege
704 2162 799 2197 Rom.)

228 2206 320 2242 Neque
353 2206 492 2240 furiosus,
521 2215 608 2242 neque
640 2207 743 2234 furiosa
768 2207 972 2235 matrimonium

194 2253 354 2280 contrahere
369 2257 492 2287 poswnt.
507 2251 558 2279 Sed
579 2252 602 2280 si
623 2258 791 2280 contractum
812 2252 902 2286 fuerit,
919 2261 972 2280 non

195 2303 353 2332 separentur

195 2354 239 2381 IV.
257 2354 349 2394 Afﬁnes
368 2354 394 2381 in
414 2358 506 2394 quinta
528 2356 692 2394 generatione
714 2356 834 2391 copulari
850 2362 972 2391 possunt,

239 2395 263 2416 et
275 2391 302 2415 in
317 2395 423 2424 quarta,
436 2391 458 2416 si
467 2391 563 2424 fuerint
578 2391 684 2425 inventi,
696 2399 748 2418 non
762 2398 926 2426 separentur.

195 2444 254 2478 (55,
275 2451 302 2479 q.
315 2444 333 2471 2
347 2449 373 2472 et
387 2445 414 2476 3.
437 2445 472 2472 De
491 2447 652 2481 propinquis.
667 2447 715 2476 Est
735 2455 767 2475 ex
791 2448 972 2476 Pmnitentiali

498 2481 643 2509 Theodori.
654 2482 664 2518 )

230 2538 266 2566 De
282 2538 452 2574 propinquis,
464 2539 512 2574 qui
533 2539 566 2566 ad
593 2539 750 2567 afﬁnitatem
774 2548 821 2574 per
846 2540 932 2567 virum
948 2546 974 2568 et

196 2593 307 2612 uxorem
323 2585 446 2616 veniunt,
458 2584 585 2612 defuncta
600 2593 685 2613 uxore
696 2586 738 2613 vel
750 2586 818 2619 viro,
836 2587 862 2613 in
879 2588 972 2622 quinta

195 2631 368 2666 generatione
392 2631 612 2667 coniungantur;
632 2632 659 2659 in
683 2637 795 2667 quarta,
821 2633 844 2661 si
871 2633 973 2662 inventi

197 2676 308 2709 fuerint,
334 2684 389 2704 non
411 2674 582 2712 separentur.
609 2678 636 2705 In
651 2680 729 2706 tertia
755 2684 844 2707 tamen
864 2682 973 2716 propin-

195 2721 298 2756 quitate
323 2730 377 2749 non
407 2723 469 2750 licet
493 2731 605 2751 uxorem
634 2724 745 2752 alterius
765 2727 887 2761 accipere
914 2731 974 2763 post

195 2767 299 2795 obitum
318 2767 387 2802 ejus.
406 2767 558 2803 Equaliter
574 2769 615 2797 vir
631 2770 812 2806 coniungatur
833 2772 859 2799 in
880 2774 974 2801 matri-

195 2814 288 2842 monio
303 2814 357 2848 eis,
374 2823 434 2850 quae
453 2815 505 2843 sibi
522 2818 730 2853 consanguinea:
747 2822 822 2852 sunt,
837 2823 864 2846 et
878 2820 972 2848 uxoris

1022 1563 1089 1590 alias
1108 1569 1207 1589 uxores
1231 1561 1281 1589 sibi
1304 1561 1332 1588 in
1356 1560 1486 1596 coniugio
1501 1560 1624 1591 sociare,
1649 1559 1704 1586 nisi
1729 1560 1814 1595 igno-

1022 1608 1110 1636 rantia
1124 1611 1302 1636 excusentur.

1023 1663 1055 1691 V.
1075 1663 1269 1699 Consangitinei
1289 1668 1410 1695 tantum,
1428 1662 1477 1694 uel,
1501 1663 1524 1689 si
1543 1663 1677 1698 progenies
1701 1663 1812 1697 defecit,

1057 1700 1160 1734 antiqui
1173 1705 1197 1726 et
1211 1707 1324 1731 veraces,
1340 1699 1560 1734 propinquitatem
1577 1699 1603 1725 in
1622 1699 1721 1733 synodo
1735 1707 1814 1725 com—

1056 1739 1156 1769 putent.

1023 1781 1078 1814 (35,
1090 1789 1117 1816 q.
1130 1780 1157 1813 6,
1173 1779 1594 1850 ϐοηεαηθιιῖτὲοδιίἱπιεῖιῖιςονπηι.
1608 1779 1640 1807 Et
1657 1779 1683 1806 iri
1699 1779 1813 1808 Decret.

1056 1860 1282 1896 Consanguineos
1305 1867 1498 1888 extraneorum
1517 1860 1608 1888 nullus
1629 1865 1752 1894 acauset,
1766 1862 1814 1889 vel

1022 1907 1289 1942 consanguinitatem
1305 1907 1332 1934 in
1348 1906 1453 1942 synodo
1470 1910 1619 1941 computet,
1634 1906 1680 1934 sed
1696 1907 1815 1941 propin-

1022 1954 1080 1988 qui,
1097 1953 1130 1980 ad
1144 1960 1262 1988 quorum
1285 1953 1408 1980 notitiam
1423 1952 1550 1986 pertinet,
1566 1952 1592 1978 id
1608 1955 1659 1984 est,
1681 1956 1760 1987 pater
1782 1957 1815 1980 et

1024 2003 1120 2029 mater,
1134 2005 1214 2025 soror
1234 2002 1262 2025 et
1279 1997 1372 2030 frater,
1388 2002 1513 2033 patruus,
1529 1998 1693 2031 avunculus,
1711 1988 1813 2031 amita,

1023 2048 1177 2074 matertera,
1192 2048 1219 2070 et
1233 2051 1328 2070 eorum
1341 2043 1504 2078 procreatio.
1517 2043 1546 2070 Si
1560 2048 1649 2070 autem
1662 2045 1814 2079 progenies

1024 2093 1081 2116 tota
1098 2088 1243 2121 defecerit,
1265 2090 1299 2116 ab
1326 2089 1529 2124 antiquioribus
1565 2094 1592 2117 et
1620 2090 1814 2118 veracioribus

1024 2134 1124 2169 quibus
1133 2134 1226 2161 eadem
1243 2135 1431 2170 propinquitas
1446 2139 1509 2163 nota
1522 2140 1574 2168 est,
1592 2135 1737 2170 episcopus
1761 2144 1813 2163 ca-

989 2185 1011 2212 D
1026 2181 1122 2208 nonice
1135 2182 1272 2215 perquirat
1283 2189 1290 2207 :
1303 2187 1329 2209 ct
1345 2182 1368 2209 si
1384 2182 1491 2210 inventa
1507 2181 1588 2209 fuerit
1603 2183 1811 2217 propinquitas,

1027 2231 1197 2261 separentur.

1069 2282 1112 2311 VI.
1135 2282 1184 2309 Ter
1197 2283 1224 2309 in
1235 2292 1304 2310 anno
1318 2284 1426 2319 quisque
1440 2284 1559 2319 ﬁdelium
1575 2285 1761 2312 communicet.

1024 2328 1079 2364 (De
1095 2337 1209 2357 consecr.
1234 2330 1298 2357 dist.
1315 2330 1432 2392 2,1?51'
1452 2339 1526 2400 )non.
1548 2330 1582 2358 Et
1601 2331 1627 2358 in
1647 2331 1726 2359 Decr.
1750 2331 1810 2360 Iro.

1372 2375 1377 2392 ι
1400 2386 1407 2393 .
1423 2374 1440 2392 i.

1372 2374 1407 2393 II).
1423 2374 1440 2392 I.

1059 2409 1117 2438 Etsi
1143 2418 1198 2438 non
1223 2410 1410 2446 frequentius,
1434 2412 1529 2439 saltem
1553 2412 1579 2439 in
1605 2420 1677 2440 anno
1690 2417 1733 2440 ter
1744 2414 1811 2442 laici

1024 2456 1148 2484 homines
1166 2458 1378 2490 communicent,
1406 2458 1457 2485 nisi
1486 2457 1557 2485 forte
1570 2459 1633 2493 quis
1655 2459 1812 2494 majoribus

1023 2501 1188 2536 quibuslibet
1224 2502 1386 2530 criminibus
1430 2502 1615 2537 impediatur,
1641 2503 1669 2531 in
1699 2504 1811 2534 Pascha

1026 2548 1162 2582 videlicet,
1170 2553 1198 2580 et
1207 2548 1376 2581 Pentecoste,
1391 2553 1418 2575 et
1429 2547 1516 2576 Natali
1528 2549 1645 2577 Domini.

1083 2603 1139 2632 VII.
1158 2604 1226 2632 Ante
1241 2613 1324 2632 annos
1339 2603 1374 2631 30
1388 2605 1521 2640 presbyter
1533 2614 1583 2632 non
1595 2607 1744 2635 ordinetur.

1024 2647 1109 2683 (Dist.
1127 2648 1170 2683 '18,
1186 2648 1296 2687 Siquis,
1311 2649 1360 2687 δίῃ
1376 2650 1441 2677 etin
1462 2650 1538 2678 Decr.
1560 2652 1617 2687 Ivo.
1637 2652 1684 2679 lib.
1703 2661 1754 2687 iii;
1776 2662 1810 2682 es

1206 2684 1322 2712 Martino
1338 2685 1462 2718 Bracar.,
1478 2693 1538 2721 cap.
1550 2686 1614 2722 20.)

1059 2729 1088 2757 Si
1119 2730 1181 2766 quis
1216 2730 1327 2766 triginta
1355 2731 1443 2759 aetatis
1479 2739 1537 2760 sua:
1567 2740 1622 2760 non
1652 2733 1812 2770 impleverit

1024 2783 1121 2809 annos,
1147 2776 1221 2804 nullo
1246 2777 1327 2804 modo
1352 2777 1493 2814 presbyter
1515 2778 1669 2811 ordinetur.
1697 2781 1811 2810 etiamsi

1023 2821 1102 2850 valde
1130 2822 1164 2850 sit
1181 2822 1295 2858 dignus;
1321 2823 1386 2858 quia
1405 2827 1432 2851 et
1457 2823 1514 2860 ipse
1537 2823 1670 2853 Dominus
1693 2826 1811 2863 triginta
