1861 3052
182 111 237 139 205

564 111 593 138 S.
614 110 812 138 ALEXANDRI
834 110 1015 138 HIEROSOL.
1037 110 1144 138 EPISC.
1167 110 1210 138 ΕΤ
1230 110 1408 138 MARTYRIS

1759 110 1795 136 9|)
1803 111 1816 137 ι

185 179 214 199 et
237 172 391 200 veneranda
420 172 518 198 canitie
540 171 716 206 conspicuus.
743 171 794 204 Qui
821 180 882 199 cum
912 178 973 206 post
990 179 1010 205 Α
1027 173 1121 213 stolas,
1145 172 1190 206 qui
1208 180 1238 199 ea
1258 176 1416 207 tempestate
1435 171 1533 198 litteris
1551 171 1715 198 excellentes
1734 169 1819 197 flore-

185 218 346 252 praeclaratn
372 222 453 252 atque
475 217 607 244 illustrem
637 217 800 245 Christianae
824 218 885 244 ﬁdei
905 226 972 246 con-

185 263 333 291 fessionem
350 264 375 290 iu
404 263 548 298 prmsidiali
571 263 675 297 judicio
697 264 798 291 editam
816 265 922 292 tandem
948 265 975 292 in

185 311 308 339 custodia
334 311 454 337 animant
483 310 654 341 exhalasset.
678 309 841 338 Mazabanes
866 311 892 338 in
916 311 976 346 ejus

185 356 274 383 locum
288 356 431 390 episcopus
444 354 696 391 Hierosolymorum
712 357 886 384 renuntiatus
899 362 950 384 est.
962 366 972 383 ι

184 401 321 429 Hactenus
335 401 481 429 Eusebius.
509 401 547 428 De
571 403 703 438 martyrio
719 403 805 437 ipsius
829 403 976 430 Alexandri

183 449 279 476 eadem
311 447 394 475 refert
417 447 566 483 Dionysius
589 449 792 476 Alexandrinus
816 450 850 476 ad
873 449 962 477 Corne

184 495 250 522 lium
283 502 380 529 papam
408 495 552 522 scribens:
581 505 589 521 ι
610 495 707 528 Quod,
732 495 819 530 inquit
843 495 917 531 (10),
941 496 975 523 ad

183 539 371 566 Alexandrum
397 544 517 574 spectat,
546 540 569 567 is
606 541 632 567 in
664 548 801 568 carcerem
835 541 975 576 coniectus

182 584 263 612 beato
290 584 364 612 exitu
393 585 542 613 defunctus
570 590 628 619 est,
653 595 662 611 ι
695 586 829 622 μακάριος
853 586 973 613 ἀνεπαύ-

182 639 266 664 σατο;
287 631 344 658 sive
362 636 390 657 ιιι
416 630 597 667 Hieronymus
619 631 686 667 (11),
710 642 718 658 ι
743 633 874 668 martyrio
895 640 975 660 coro-

182 681 274 703 natur.
289 686 298 702 ι
317 675 440 704 Pretiosa
457 677 517 712 ejus
540 685 614 704 mors
633 678 811 713 consignatur
827 686 900 706 anno
923 678 975 706 Do~

183 722 319 750 1111111252
336 723 363 750 iu
388 722 516 750 Chronica
534 723 688 751 Ettsebiano
710 725 784 758 (12):
806 728 835 751 ut
860 725 974 759 proinde

185 768 461 804 llierosolyntitanam
491 768 643 796 Ecclesiam
667 770 866 797 administrarit
893 770 973 798 annis

182 815 291 842 circiter
305 814 350 842 40.

219 860 261 887 III.
278 860 381 888 Pietate
397 869 429 888 ac
444 861 568 889 doctrina
587 867 720 896 prmstans
733 862 885 889 Alexander
902 862 972 889 inter

186 912 283 935 czctcra
296 907 448 934 clarissima
461 913 637 934 monumenta
652 908 769 935 nobilem
781 908 971 936 bibliothecam

182 953 211 981 in
232 953 304 981 Elia
327 954 404 986 urbe.
426 961 507 989 quam
524 954 649 989 regebat,
666 954 818 986 exstruxit,
845 954 873 980 in
889 961 971 988 quam

182 999 333 1034 prasertim
352 1000 490 1035 congessit
510 999 631 1027 virorum
649 999 898 1027 ecclesiasticorum
912 999 970 1034 epi-

1028 219 1093 246 bant
1108 228 1114 245 :
1135 227 1195 253 qum
1209 219 1318 253 quidem
1331 218 1496 245 bibliotheca
1514 217 1672 245 Diocletiani
1689 218 1819 244 inccndio

1027 264 1294 299 haudconﬁagrasse
1324 265 1507 299 comperitur,
1533 269 1562 290 ut
1584 263 1701 291 advertit
1728 263 1818 290 Baro-

1027 311 1172 345 nius(15):
1189 318 1250 337 tiam
1268 314 1383 337 testatur
1394 309 1529 337 Eusebius
1541 309 1596 345 (14)
1613 309 1646 336 ad
1662 317 1711 337 sua
1726 317 1819 344 usque

1026 362 1149 392 tempora
1174 357 1307 392 integram
1334 357 1424 384 adhuc
1446 357 1626 392 perdurasse.
1652 362 1735 391 atque
1753 356 1820 383 inde

1027 402 1194 429 uberrimam
1220 402 1362 429 materiam
1388 403 1421 429 ad
1446 410 1523 429 suam
1552 401 1699 429 Historiam
1725 402 1818 429 eccle-

1025 449 1166 476 siasticam
1191 449 1387 476 contexendam
1407 457 1435 476 se
1454 449 1596 484 collegisse.
1622 454 1699 484 grato
1720 449 1818 475 animo

1025 495 1176 530 proﬁtetur.

1066 541 1159 576 Neque
1185 549 1250 568 vero
1267 541 1325 568 suis
1348 541 1428 568 etiam
1451 541 1560 576 scriptis
1577 541 1727 568 Ecclesiam
1754 541 1819 567 illu—

1025 591 1113 615 strare
1141 587 1244 614 destitit
1263 587 1424 614 Alexander.
1449 587 1559 622 Aliquot
1584 587 1656 614 enim
1681 587 1817 622 epistolas

1025 633 1136 667 scripsit
1149 633 1180 660 ad
1199 633 1364 663 Antinoitas.
1380 641 1411 660 ex
1426 641 1541 668 quarum
1557 641 1609 660 una
1627 633 1817 668 fragmentum

1024 681 1141 707 reeitant
1171 680 1306 707 Eusebius
1332 679 1387 715 (15)
1418 686 1499 714 atque
1534 679 1716 715 Hieronymus
1745 678 1814 714 (16).

1026 735 1036 752 ι
1051 726 1166 760 Scripsit
1182 731 1208 753 et
1223 727 1303 753 aliam
1319 727 1350 753 ad
1365 727 1565 753 Autiochenses
1580 734 1628 760 per
1640 726 1815 754 Clementem

1023 771 1212 806 presbyterum
1224 771 1406 803 Alexandritc,
1425 781 1434 796 ι
1451 771 1514 798 dum
1533 771 1640 798 vinctus
1656 770 1682 797 in
1702 778 1818 798 carcere

1022 816 1210 843 detineretur:
1237 826 1244 842 ι
1262 824 1312 844 nec
1325 824 1378 843 non
1398 817 1430 844 ad
1450 816 1592 852 Origeuem
1605 837 1611 847 ,
1635 821 1661 843 et
1678 824 1728 850 pro
1752 817 1817 843 Ori-

1025 869 1092 896 gene
1112 868 1206 889 contra
1230 861 1412 895 Demetrium;
1432 873 1441 888 ι
1465 863 1545 889 verba
1571 867 1635 890 sunt
1653 861 1816 898 Hieronymi

1026 908 1043 934 l.
1061 916 1086 936 c.
1103 907 1204 935 Harum
1227 908 1402 943 epistularum
1421 908 1584 943 fragmenta.
1605 913 1686 943 prout
1704 913 1818 935 exstant

1026 955 1096 988 apud
1111 954 1257 982 Eusebium
1273 954 1341 987 (I7),
1355 962 1417 982 cum
1436 955 1508 982 uotis
1520 955 1555 982 cl.
1569 953 1670 982 Valesii
1687 962 1740 982 suo
1752 954 1818 981 loco

1027 1000 1053 1026 in
1072 1000 1189 1027 medium
1204 1000 1378 1027 adduximus.

670 1176 742 1232 S.
779 1176 1330 1233 ALEXAND!!!

383 1283 522 1314 Primum
537 1283 771 1323 Cappadocum,
789 1282 907 1313 deinde
924 1282 1208 1322 Hierosolymitani
1228 1283 1371 1322 episcopi
1384 1288 1414 1315 et
1430 1286 1590 1325 martyris,

582 1372 941 1418 FRAGMENTA
978 1372 1422 1419 EPISTOLARUM.

484 1529 606 1564 Epistula
623 1529 658 1556 ad
673 1529 870 1556 Antiochenam.
889 1529 966 1564 Apud
979 1527 1124 1555 Eusebium
1141 1527 1212 1554 Hist.
1227 1529 1290 1555 ρει-ί.
1302 1528 1349 1556 lib.
1365 1536 1402 1562 vt,
1418 1537 1476 1564 cap.
1493 1529 1534 1557 11.

217 1591 379 1622 Alexander,
404 1597 501 1618 servus
526 1589 572 1616 Dei
589 1593 615 1616 et
639 1589 747 1616 vinctus
769 1588 834 1616 Jesu
858 1588 970 1622 Christi,
988 1593 1009 1620 Β

181 1637 347 1665 beatissima
368 1635 594 1663 Antiochensium
607 1635 737 1662 Ecclesia:
752 1635 778 1662 in
793 1635 909 1662 Domino
924 1643 970 1662 sa-

181 1684 277 1711 lutem.
292 1683 422 1718 Expedita
436 1682 502 1710 mihi
517 1689 549 1709 ac
572 1681 640 1709 levia
663 1681 771 1710 vincula
796 1681 868 1710 Deus
882 1682 970 1710 eﬂecit

181 1729 315 1758 custodiae
337 1735 404 1755 mea:
423 1732 554 1762 tempore,
570 1732 714 1763 postquam
729 1729 859 1763 comperi,
874 1727 967 1756 Ascle-

183 1775 290 1810 piadem
310 1774 399 1802 virum
419 1773 481 1802 ﬁdei
500 1774 599 1801 merito
615 1773 734 1802 maxime
751 1774 890 1808 idoneum,
906 1782 970 1802 san-

182 1821 312 1849 ctissimae
328 1820 457 1848 Ecclesia:
475 1825 572 1848 vestra:
584 1821 770 1855 episcopatum
793 1820 885 1848 divina
905 1828 968 1855 pro-

181 1868 303 1896 videntia
321 1867 486 1903 suscepisse.
501 1867 587 1895 Porro
599 1868 649 1894 has
665 1867 780 1900 litteras,
793 1867 897 1895 domini
913 1867 968 1894 fra-

183 1920 249 1945 tres,
265 1921 312 1948 per
334 1913 442 1940 beatum
460 1913 648 1948 presbyterqu
671 1912 836 1940 Clementem
861 1912 895 1940 ad
917 1920 966 1940 vos

182 1959 256 1993 misi,
272 1960 362 1986 virum
384 1959 483 1986 virtute
499 1959 640 1994 prmditum
655 1964 683 1986 et
701 1959 843 1994 probatum
862 1967 868 1985 :
883 1966 966 1994 quem

180 2010 231 2030 vos
246 2007 273 2030 et
289 2003 376 2030 nostis
387 2003 455 2037 jam,
469 2007 496 2030 et
510 2003 626 2037 amplius
641 2003 822 2038 cognoscetis.
839 2002 890 2035 Qui
905 2003 966 2037 qui-

181 2049 242 2077 dem
265 2048 312 2076 Dei
338 2053 406 2076 nutu
428 2057 459 2076 ac
482 2049 661 2083 providentia,
677 2049 740 2076 dum
761 2049 806 2076 hic
820 2048 892 2084 apud
914 2056 966 2076 nos

181 2102 301 2130 prasens
325 2099 407 2127 esset,
424 2094 572 2122 Ecclesiam
588 2094 690 2122 Christi
711 2099 738 2122 et
753 2094 926 2122 conﬁrmavit
939 2098 966 2121 et

181 2148 347 2176 magnopere
361 2141 446 2167 auxit.

181 2219 406 2282 “(lozsbionys
417 2219 505 2252 Alcx.,
515 2219 585 2254 apud
596 2218 695 2246 Euseb.
709 2218 780 2245 Hist.
788 2218 852 2246 eccl.
864 2218 912 2246 lib.
927 2225 966 2249 vr.

191 2263 195 2270 '
216 2263 241 2282 υ.
294 2276 300 2282 .

191 2263 241 2289 :ap.
256 2263 300 2282 ao.

218 2290 274 2323 (11)
296 2289 465 2323 liieron.,l)e
477 2290 526 2316 vir.
542 2289 654 2320 illustr.,
670 2296 730 2322 cap.
745 2288 788 2314 6‘2.

218 2325 274 2359 (12)
295 2325 407 2356 Euseb.,
422 2324 519 2352 Chron.
537 2325 569 2351 ad
587 2332 650 2350 ann.
669 2331 823 2351 nuccuvn.

218 2358 275 2393 (I3)
294 2359 406 2392 Baron.,
423 2361 455 2386 ad
470 2368 533 2386 ann.
549 2360 611 2389 Q55.
630 2358 644 2394 §
658 2359 720 2386 125.

218 2395 274 2430 (14)
294 2395 406 2427 Euseb.,
424 2395 497 2421 Hist.
512 2395 574 2422 eccl.
594 2393 641 2421 lib.
659 2402 695 2427 Vl,
709 2401 768 2428 cap.
781 2393 826 2420 20.

218 2430 275 2464 (ιδ)
298 2431 335 2457 Id.
352 2430 430 2461 ibid.,
446 2438 504 2464 cap.
525 2430 566 2456 tt.

217 2465 274 2529 νϐ)
295 2465 416 2497 Hieron.,
431 2465 489 2505 Lyc.

233 2501 275 2529 I7)
296 2501 407 2529 Euseb..
423 2500 489 2527 (list.

233 2501 275 2535 17)
296 2501 407 2532 Euseb.,
423 2500 492 2527 (list.
507 2499 570 2526 eccl.
584 2499 631 2526 lib.
647 2507 684 2531 vt,
706 2506 774 2534 capp

219 2533 275 2570 (18)
287 2535 400 2568 Δοῦλος
411 2535 597 2569 Kupt'ov(sic).
610 2534 637 2560 ln
649 2533 747 2561 codice
758 2534 839 2570 Med,
853 2533 921 2560 Maz.
941 2539 967 2561 et

183 2571 251 2598 Fuit.
266 2569 424 2605 inscriptio
451 2571 532 2605 hujus
552 2570 673 2605 cpistola:
688 2570 766 2605 aliter
790 2569 898 2605 legitur:
917 2570 967 2605 hoc

183 2607 263 2633 modo
289 2616 295 2633 :
323 2604 496 2640 Ἀλέξανδρος
518 2606 532 2631 ὁ
560 2604 651 2640 δοῦλος
674 2604 720 2640 καὶ
740 2604 850 2638 δέσμιος
874 2604 966 2640 Ἰησοῦ

182 2642 318 2677 Χριστοῦ·
336 2642 436 2677 quibus
451 2639 696 2677 consentit_Ruﬁni
714 2639 909 2677 ipterpretatio.

219 2677 274 2711 (19)
289 2673 369 2703 Καίὰ
384 2676 437 2703 τὸν
450 2675 554 2711 καιρὸν
563 2674 618 2708 τῆς
631 2673 758 2711 εἱρκτῆς.
777 2673 853 2700 Hanc
865 2675 966 2711 episto-

183 2709 236 2737 lam
251 2713 360 2746 scripsit
370 2711 521 2738 Alexander
533 2710 652 2737 fervente
664 2709 753 2746 adhuc
766 2709 963 2746 persecutione,

183 2754 246 2773 cum
261 2743 332 2773 esset
348 2747 374 2773 in
388 2746 512 2777 vinculis,
529 2745 644 2772 necdum
659 2745 691 2771 ad
705 2744 890 2778 episcopatum
904 2743 966 2771 Hie-

183 2781 382 2815 rosulymot‘utn
409 2782 524 2811 ascitus.
550 2785 579 2807 ιιι
605 2788 638 2806 ex
663 2779 704 2806 Itis
726 2779 815 2806 verbis
842 2784 963 2813 apparet.

183 2815 252 2842 llinc
265 2820 316 2847 est,
329 2817 401 2849 quod
425 2817 452 2842 itt
469 2815 645 2849 inscriptione
665 2815 786 2849 epistolre
801 2815 918 2849 appellat
936 2823 966 2841 se

184 2852 296 2878 vinctum
321 2850 384 2877 .lesu
405 2850 515 2878 Christi.
539 2850 578 2877 Ex
604 2857 658 2885 quo
680 2850 833 2883 coniicitur,
851 2850 921 2877 male
938 2850 964 2876 iu

777 2519 783 2525 .
798 2498 841 2528 11.
861 2498 903 2529 14,
921 2499 964 2526 19.

1065 1587 1346 1625 ’Δλέξανδρος,δοῦλος
1362 1589 1419 1625 (18)
1436 1591 1483 1616 καὶ
1500 1590 1610 1626 δέσμιος
1637 1591 1727 1627 Ἰησοῦ
1744 1593 1816 1629 Χρι-

1022 1633 1095 1666 στοῦ,
1107 1634 1140 1669 τῇ
1152 1634 1274 1670 μακαρίᾳ
1282 1634 1438 1670 Ἀντιοχέων
1446 1635 1592 1671 Ἐκκλησία
1605 1637 1633 1663 ὲν
1646 1637 1743 1673 Κυρίῳ
1754 1638 1814 1673 χαί-

1021 1689 1088 1717 ρειν.
1111 1679 1232 1716 Ἐλαφρά
1257 1689 1301 1716 μοι
1328 1681 1375 1708 καὶ
1401 1680 1489 1715 κοῦφα
1511 1682 1545 1708 τὰ
1561 1681 1649 1718 δεσμὰ
1672 1684 1687 1710 ό
1710 1684 1815 1720 Κύριος

1020 1727 1131 1762 ἐποίησε
1147 1726 1218 1753 κατὰ
1229 1726 1274 1753 τὸν
1288 1727 1381 1762 καιρὸν
1391 1726 1443 1762 τῆς
1456 1728 1567 1763 εἱρκτῆς
1585 1728 1653 1764 (19),
1667 1729 1813 1766 πυθομένῃ

1019 1773 1069 1809 τῆς
1086 1772 1165 1807 ἁγίας
1183 1772 1259 1808 ὑμῶν
1275 1772 1328 1799 τῶν
1335 1772 1492 1808 ’Δντιοχέων
1501 1773 1665 1809 Ἐκκλησίας
1677 1775 1750 1802 κατὰ
1763 1781 1814 1811 τη.

1021 1818 1097 1845 θείαν
1126 1818 1253 1854 πρόνοιαν
1290 1819 1488 1854 Ἀσκληπιάδην
1518 1819 1564 1846 τὸν
1593 1821 1814 1856 ἐπιτηδειότατοι

1021 1866 1081 1891 κατ’
1100 1863 1178 1897 ἀξίαν
1201 1864 1250 1900 τὴν
1266 1864 1357 1891 πίστιν
1373 1864 1423 1900 τῆς
1445 1865 1596 1901 ἐπισκοπῆς
1612 1866 1668 1901 (20)
1687 1867 1815 1902 ἐγκεχει-

1021 1909 1254 1947 ρισμένον.Ταῦτα
1264 1911 1292 1937 δὲ
1305 1911 1379 1946 ὑμῖν,
1389 1910 1479 1947 κύριοί
1491 1920 1542 1947 μου
1551 1911 1671 1946 ἀδελφοὶ,
1679 1912 1715 1939 τὰ
1725 1914 1813 1949 γράμ-

1020 1965 1093 1992 ματα
1106 1956 1252 1984 ἀπέστειλα
1262 1956 1306 1983 διὰ
1316 1956 1472 1992 Κλήμεντος
1482 1956 1529 1983 τοῦ
1542 1957 1678 1992 μακαρίου
1692 1959 1815 1994 πρεσϐυ-

1018 2003 1096 2038 τέρου
1106 2003 1162 2038 (21)
1173 2023 1180 2035 ,
1197 2002 1292 2038 ἀνδρὸς
1303 2002 1430 2038 ἐναρέτου
1448 2002 1494 2032 καὶ
1507 2002 1617 2038 δοκίμου
1627 2011 1634 2018 ·
1649 2003 1678 2029 ὃν
1695 2003 1754 2030 ἴστε
1766 2005 1814 2031 καὶ

1019 2050 1098 2084 ὑμεῖς
1113 2048 1161 2075 καὶ
1178 2048 1360 2082 ἐπιγνώσεσθε
1371 2057 1377 2064 υ
1397 2049 1426 2080 ὃς
1442 2048 1489 2075 καὶ
1513 2048 1605 2075 ὲνῦάδε
1628 2050 1726 2084 παρὼν
1743 2051 1814 2077 κατὰ

1017 2095 1068 2130 τὴν
1090 2091 1217 2129 πρόνοιαν
1233 2094 1280 2120 καὶ
1297 2094 1448 2129 ἐπισκοπὴν
1464 2094 1510 2120 τοῦ
1531 2095 1677 2127 Δεσπότου,
1691 2096 1811 2132 ἐπεστή-

1021 2138 1077 2175 ριξὲ
1094 2147 1124 2165 τε
1136 2139 1183 2166 καὶ
1195 2138 1296 2174 ηῡξησε
1311 2138 1360 2174 τὴν
1375 2138 1422 2165 τοῦ
1443 2139 1545 2175 Κυρίου
1564 2139 1739 2175 Ἐκκλησίαν.

1019 2217 1149 2244 Chronico
1162 2216 1270 2244 Eusebii
1288 2215 1456 2250 Asclepiadis
1474 2216 1674 2243 ordinationem
1686 2217 1811 2244 conferri

1020 2253 1047 2279 in
1063 2260 1164 2279 annum
1182 2252 1299 2286 primum
1317 2251 1444 2278 Antonini
1461 2252 1617 2278 Caracallae.
1633 2251 1700 2278 Nam
1715 2253 1813 2280 Ascle-

1018 2287 1107 2322 piadis
1128 2287 1264 2314 ordinatio
1280 2287 1395 2320 contigit
1416 2287 1512 2314 eodem
1527 2291 1658 2322 tempore,
1673 2295 1730 2321 quo
1744 2288 1812 2314 Διο-

1019 2321 1122 2349 xander
1136 2323 1170 2349 ob
1182 2322 1329 2349 Christiani
1344 2322 1462 2349 nominis
1482 2321 1682 2350 confessionem
1701 2323 1729 2349 in
1747 2331 1812 2349 car-

1019 2365 1108 2392 cerem
1128 2357 1266 2392 coniectus
1284 2361 1335 2383 est.
1351 2356 1378 2383 Id
1394 2361 1483 2384 autent
1505 2357 1638 2384 accidisse
1653 2357 1810 2392 principatu

1020 2391 1113 2419 Severi
1128 2392 1185 2426 ipse
1200 2391 1333 2418 Eusebius
1351 2396 1464 2418 testatur
1479 2392 1504 2418 itt
1520 2392 1658 2418 Chronico.

1053 2427 1108 2462 (20)
1124 2428 1193 2454 Κατ’
1204 2427 1294 2459 ἀξίαν
1305 2427 1363 2460 τὴν
1376 2427 1480 2453 πίστιν
1491 2426 1545 2460 τῆς
1559 2427 1739 2460 ἐπισκοπῆς.
1754 2427 1811 2455 Re-

1017 2463 1088 2490 ctius
1106 2462 1285 2497 Nicephorus,
1302 2462 1361 2488 κατ’
1377 2462 1454 2494 ἀξίαν
1466 2462 1514 2496 τῆς
1533 2462 1660 2492 πίστεως.
1675 2462 1726 2496 τὴν
1744 2463 1810 2489 ὲπι-

1018 2498 1121 2533 σκοπὴν
1144 2496 1391 2559 ἐγκεχεὲκσμένον.
1414 2497 1491 2530 Quod
1518 2496 1575 2523 sive
1600 2505 1631 2524 ex
1651 2497 1732 2528 libro.
1749 2498 1811 2525 sive

1018 2540 1051 2559 ex
1066 2533 1222 2559 coniectura
1262 2533 1405 2559 icenborus
1419 2532 1543 2559 ediderit.
1559 2532 1671 2558 omnino
1686 2533 1808 2559 probum

1017 2533 1222 2594 exdc0njectura
1236 2532 1405 2567 Nicephorus
1419 2532 1543 2564 ediderit,
1559 2532 1671 2558 omnino
1686 2533 1808 2566 probum

1018 2576 1043 2594 VI
1065 2573 1134 2594 Cllll‘.

1018 2569 1134 2595 videtur.

1054 2603 1109 2638 (21)
1122 2603 1173 2630 Διά
1186 2603 1358 2637 Κλήμεντος
1369 2602 1421 2628 τοῦ
1431 2602 1579 2638 μακαρίου
1589 2601 1807 2636 πρεσϐυτέρου.

1019 2638 1056 2666 De
1079 2638 1217 2665 Clemente
1244 2638 1425 2664 Alexandrino
1451 2638 1494 2664 hic
1519 2637 1592 2671 loqui
1617 2637 1809 2665 Alexandrum

1019 2675 1122 2708 putarit
1149 2672 1328 2708 Hieronymus
1353 2672 1380 2708 in
1391 2670 1651 2708 ACataylogofCerte
1677 2672 1808 2700 Clemens

1018 2706 1219 2735 Alexandrinus
1233 2706 1320 2742 usque
1336 2707 1370 2734 ad
1388 2706 1480 2734 Severi
1497 2713 1617 2741 tempora
1634 2707 1717 2733 vitam
1740 2715 1810 2741 pro-

1018 2744 1105 2774 duxit,
1118 2748 1146 2770 et
1167 2743 1193 2769 in
1213 2743 1254 2769 his
1277 2742 1432 2776 regionibus
1449 2743 1635 2776 peregrinatus
1653 2746 1704 2772 est,
1722 2747 1751 2768 ut
1765 2742 1810 2775 ip—

1020 2783 1102 2805 semet
1117 2783 1230 2806 testatur
1247 2778 1274 2804 in
1294 2775 1340 2804 lib.
1358 2785 1366 2803 ι
1380 2775 1534 2804 Stromatei.
1551 2775 1603 2803 Sed
1617 2781 1643 2803 et
1656 2777 1807 2804 Alexandri

1018 2813 1138 2848 episcopi
1165 2813 1307 2840 familiaris
1324 2811 1390 2845 fuit;
1406 2813 1450 2839 cui
1474 2812 1555 2848 etiam
1580 2812 1686 2848 librum
1704 2812 1807 2838 dicavit

1020 2846 1059 2875 De
1082 2846 1259 2876 ecclesiastica
1288 2848 1389 2884 regula,
1405 2855 1453 2875 seu
1482 2847 1612 2874 adversus
1636 2846 1755 2876 Judaeos.
1776 2853 1806 2874 ut
