1861 3052
174 193 1784 222 “me—9:35:25:

751 295 834 316 Αςςο
859 293 974 315 υολιικι
1008 291 1224 314 οειΧ-εοωχ.

407 386 889 479 SANCTUS
946 379 1565 472 ANATOLIUS

703 542 1256 603 ALEXANDRINUS

448 667 842 714 LAODICENSIS
877 665 940 709 IN
980 663 1157 708 SYBIA
1195 660 1538 707 EPISCOPUS.

831 850 1158 916 ΝΟΤΙΤΙΑ

534 974 682 1002 ((ἶλιι.ιι‹ι›,,
696 969 842 996 Bibliotheca
854 971 977 995 veterrimi

1066 976 1070 993 ι
1096 968 1137 996 IlI.
1152 967 1261 997 I’roleg.,
1275 974 1297 997 p.
1311 966 1413 997 una.)

180 1129 200 1157 I.
223 1127 372 1159 Anatolius,
387 1129 464 1155 donlo
482 1129 690 1161 Alexandrinus,
705 1136 755 1163 quo
771 1133 885 1162 tempore
899 1127 1001 1162 floruit.
1019 1125 1140 1163 Quantus
1153 1128 1202 1154 vir.
1224 1128 1302 1156 Omni
1316 1129 1485 1155 scientiarum
1503 1135 1593 1163 genere
1610 1133 1745 1154 exemtus.
1762 1127 1811 1154 Pa-

216 1164 268 1199 tria
285 1163 388 1195 relicta.
405 1165 432 1190 in
450 1163 556 1199 Syriam
572 1164 666 1199 pergil.
682 1162 858 1190 Cunsccratur
872 1162 1110 1199 ρρίεερριιετΑιξηο
1126 1162 1179 1199 270
1195 1163 1319 1191 Ecclesia:
1329 1163 1484 1190 Laodicenw
1499 1163 1618 1199 regendae
1635 1164 1792 1198 rrreﬁcitur.

180 1199 212 1225 II.
234 1198 358 1225 Externis
376 1197 510 1234 sacrisque
527 1197 627 1226 litteris
642 1199 669 1225 in
681 1199 774 1233 primis
791 1199 917 1229 imbutus,
928 1197 1045 1224 illustria
1058 1197 1188 1225 doctrina:
1203 1207 1258 1226 aute
1271 1205 1439 1226 monumenta
1457 1199 1574 1234 reliquit.
1589 1198 1749 1226 Celebramr
1761 1206 1812 1232 prie

216 1234 318 1261 ca-teris
337 1235 394 1269 ejus
408 1234 502 1261 Canou
520 1234 671 1262 Paschalis.

180 1268 223 1295 III.
245 1267 364 1297 Canonis
383 1270 538 1297 Anatoliani
553 1270 662 1304 antiqua
680 1270 773 1296 versio.
793 1267 858 1302 Ejus
878 1268 1140 1304 auctorrirnquiritttr.
1157 1268 1252 1302 Iluﬁno
1265 1270 1404 1296 asseritur.
1420 1269 1491 1296 Hinc
1505 1269 1623 1303 ejusdem
1637 1268 1762 1295 Canonis
1776 1277 1814 1296 ve—

217 1306 281 1331 ritas
296 1305 480 1338 conﬁrmatur.
505 1304 595 1332 νει-δίο
611 1302 754 1338 Ru/inianu
768 1303 871 1338 integra
883 1303 924 1329 hic
937 1302 1083 1334 exhibetur,
1098 1302 1196 1330 Graecis
1211 1305 1368 1332 Eusebianis
1387 1305 1504 1332 intextis.
1517 1302 1638 1331 'Additus
1653 1310 1813 1331 commenta-

216 1341 272 1367 rius
289 1340 438 1367 doctissimi
453 1340 559 1375 [Egidii
573 1339 709 1366 Bttclterii.

217 1399 238 1427 I.
256 1399 346 1427 Probo
369 1405 396 1426 et.
418 1401 490 1427 Caro
513 1399 722 1436 imperantibus,
746 1403 813 1426 teste
839 1398 970 1433 llierouy-
985 1400 1008 1428 Δ
1024 1397 1115 1426 habita
1132 1404 1174 1427 est
1192 1401 1326 1434 posterior
1341 1401 1462 1437 synodus
1485 1400 1665 1428 Antiochena.
1685 1398 1809 1432 Quamliu

181 1455 227 1474 mo
243 1447 290 1482 (I).
302 1447 393 1474 lloruit
405 1447 560 1480 Anatolius,
576 1447 659 1474 domo
676 1447 886 1477 Alexandrinus,
901 1445 971 1472 Lao-

181 1493 296 1522 diecnus
309 1494 454 1528 episcopus
470 1501 478 1521 :
495 1493 575 1528 cujus
595 1493 711 1520 eximias
722 1492 815 1519 laudes
829 1491 971 1526 persequi-

183 1544 226 1567 tur
239 1540 281 1568 his
295 1540 385 1567 verbis
401 1539 535 1567 Eusebius
548 1539 586 1575 (Ξ)
599 1548 606 1566 :
621 1547 630 1565 ι
645 1538 696 1566 Hie
707 1543 764 1566 tum
777 1539 802 1564 iu
815 1537 972 1565 liberalibus

181 1587 335 1621 disciplinis
349 1592 406 1613 tum
429 1587 456 1613 in
478 1585 650 1620 philosophia
667 1585 816 1620 principem
839 1586 908 1612 inter
925 1584 974 1611 do-

181 1633 321 1659 ctissimos
338 1631 424 1658 nostri
444 1631 574 1666 temporis
591 1631 665 1657 viros
678 1631 767 1658 locum
781 1631 840 1657 sine
861 1634 973 1658 contro-

182 1678 272 1705 versia
290 1677 386 1708 tenuit,
402 1676 435 1703 τὰ
446 1676 542 1712 πρῶτα
552 1675 605 1702 τῶν
619 1676 737 1711 μάλιστα.
747 1675 806 1703 καθ’
819 1676 891 1711 ἡμᾶς
901 1676 974 1703 δοκι-

185 1724 315 1760 μωτάτων
332 1723 561 1758 ἀπενηνεγμένος.
579 1733 589 1748 ι
601 1722 660 1755 Qua
671 1723 704 1749 dc
716 1730 798 1749 causa
812 1723 846 1749 ab
859 1722 975 1749 Alexan-

183 1771 271 1798 drinis
287 1769 346 1798 suis
364 1774 475 1804 rogatus
491 1773 542 1801 est,
555 1773 585 1796 ut
598 1769 776 1796 Aristotclica:
793 1769 975 1796 successionis

185 1817 306 1844 scholam
323 1816 377 1842 illic
392 1816 556 1847 institueret,
580 1815 667 1842 instar
688 1815 870 1842 succes~ionis
886 1813 975 1841 Plato-

184 1864 262 1895 nicae,
281 1863 360 1897 cujus
376 1862 551 1890 celeberrima
571 1861 664 1890 schola
685 1861 847 1896 jampridem
863 1861 976 1888 Athenis

184 1909 274 1936 fuerat
287 1909 446 1935 constituta.
454 1907 582 1935 Plurimae
592 1915 702 1942 quoque
717 1914 760 1934 res
768 1907 802 1933 ab
809 1914 841 1934 eo
850 1906 977 1941 prazclare

186 1959 268 1990 geste
286 1953 443 1981 referuntur
457 1963 462 1980 :
476 1954 543 1981 adeo
557 1953 665 1988 “apud
679 1960 776 1980 omnes
791 1960 916 1988 magnam
933 1953 975 1980 sui

187 2001 305 2029 nominis
321 2000 432 2033 famam,
453 2007 534 2036 atque
551 2002 622 2029 inter
644 2001 761 2029 civitatis
774 2008 830 2028 suae
847 2008 976 2034 proceres

186 2048 350 2082 prmuipuam
366 2047 476 2074 honoris
489 2047 695 2082 prerogativam
709 2047 831 2074 omnium
841 2053 976 2074 consensu

187 2094 268 2121 fuerit
281 2094 405 2128 adeptus.

224 2140 327 2167 Relicta
344 2139 442 2167 deinde
456 2138 632 2171 Alexandria,
645 2143 706 2174 post
731 2138 847 2166 solutam
867 2139 977 2165 Bruchii

187 2187 369 2218 obsidionem,
394 2186 421 2212 in
440 2185 547 2221 Syriam
565 2186 692 2220 migravit
707 2194 714 2212 :
732 2186 776 2212 ubi
794 2184 976 2215 Theotccnus.

997 2081 1016 2108 Β

189 2233 278 2267 inquit
299 2232 371 2259 idem
388 2231 522 2259 Eusebius
537 2231 588 2266 (5),
605 2231 738 2258 Czcsarete
755 2230 905 2257 Palaastinm
922 2231 977 2265 epi-
1008 2232 1012 2237 '

189 2287 288 2314 scopus
311 2279 416 2314 primus
441 2278 480 2305 illi
506 2286 604 2305 manus
622 2277 761 2312 imposuit,
779 2284 898 2311 cumque
919 2277 978 2311 epi-

188 2333 301 2359 scopum
321 2325 467 2357 ordinavit,
491 2331 678 2352 successorem
704 2323 833 2350 Ecclesizc
855 2330 911 2350 suze
933 2322 980 2348 de-

131 2399 140 2408 ,
189 2370 443 2407 spondensNerum
460 2370 632 2397 Antiochiam
652 2374 781 2397 evocatus
796 2369 830 2396 ad
846 2369 980 2404 synodum

191 2416 265 2444 Pauli
282 2415 454 2443 Samosateni
473 2423 556 2442 causa
571 2419 707 2447 coactam,
723 2414 788 2441 dum
814 2421 861 2448 per
885 2414 979 2440 urbem

192 2463 353 2490 Laodiceam
368 2462 419 2489 iter
436 2462 549 2492 iaceret,
566 2469 580 2488 a
598 2460 727 2488 fratribus
747 2459 890 2491 illiuslnci,
905 2466 980 2485 mor-

193 2515 239 2537 tuo
253 2515 318 2536 tunc
333 2508 463 2540 Eusebio,
472 2508 601 2534 detentus
615 2511 658 2533 est
671 2515 678 2532 :
693 2508 790 2538 bonus,
807 2504 880 2539 quod
894 2504 979 2536 aiunt,

193 2557 255 2583 boui
271 2556 321 2583 viri
334 2551 493 2582 successor:
506 2552 626 2587 διάδοχος
642 2550 753 2585 ἀγαθὸς,
767 2549 980 2584 φασὶν.ἀγαθοῦ,

193 2600 364 2627 καθίσταται.
384 2598 547 2633 Supremum
563 2601 654 2623 autem
671 2596 743 2623 diem
762 2596 829 2622 obiit
849 2595 981 2622 Eusebius

193 2648 253 2682 ejus
263 2648 389 2675 decessor
401 2653 473 2673 anno
485 2643 548 2675 270,
564 2650 618 2677 quo
632 2641 762 2669 adversus
774 2641 981 2669 Samosatenum

291 2724 413 2766 Iliorum,
481 2723 546 2766 ciris
560 2721 700 2766 illustri}:
713 2719 757 2766 i3.

231 2753 270 2794 (2‘;
290 2753 412 2788 Eusebﬂ
425 2758 496 2785 Hist.
515 2758 579 2784 eccl.
597 2756 642 2783 lib.
658 2763 705 2789 vn,
719 2762 744 2782 c.
761 2753 806 2781 52.

231 2796 271 2857 ii?!
291 2795 329 2857 ll:
343 2795 406 2855 Ἦξῖἰς

243 2835 271 2857 dt
291 2829 328 2857 ld.
351 2830 408 2855 illid-

237 2859 242 2866 υ

1024 1452 1092 1472 vero
1106 1446 1207 1473 sederit
1222 1447 1248 1474 in
1265 1449 1392 1475 cathedra
1405 1447 1566 1475 Laodicensi
1579 1446 1738 1479 Anatolius,
1748 1446 1813 1473 haud

1025 1491 1122 1526 liquet.

1061 1538 1092 1566 Il.
1112 1538 1171 1566 Non
1183 1539 1328 1568 admodum
1341 1541 1441 1568 multos
1451 1542 1638 1576 composuisse
1650 1542 1740 1569 libros
1749 1542 1816 1568 Ala-

1026 1586 1122 1613 tolium
1140 1586 1271 1614 discimus
1285 1595 1317 1614 ex
1333 1589 1462 1622 episcopo
1476 1587 1682 1624 Cmsariensill)
1698 1597 1705 1615 :
1719 1589 1756 1615 Οὐ
1770 1588 1816 1622 μὲν

1027 1631 1196 1668 ἐσπουδάσθη
1226 1633 1337 1659 πλεῖστα
1361 1633 1399 1668 τῷ
1421 1633 1564 1668 Ἀνατολίῳ
1588 1634 1814 1669 συγγράμματατ

1027 1678 1075 1713 qui
1091 1683 1191 1710 tamen,
1210 1685 1354 1714 postquam
1369 1679 1429 1714 ejus
1445 1679 1563 1707 Canones
1576 1679 1719 1714 paschales
1735 1684 1760 1706 et
1775 1679 1817 1705 de-

1028 1733 1087 1752 cem
1112 1725 1196 1752 libros
1221 1725 1422 1752 Itzstitutionum
1440 1726 1666 1752 arithmeticen-um
1684 1733 1817 1752 memora-

1029 1772 1077 1804 vit,
1095 1772 1178 1799 multa
1194 1780 1304 1807 quoque
1331 1772 1382 1800 alia
1408 1780 1464 1799 suae
1486 1772 1512 1798 in
1531 1773 1618 1799 sacris
1643 1771 1747 1798 litteris
1761 1771 1817 1797 dili-

1029 1818 1126 1853 gentiae
1141 1823 1222 1852 atque
1236 1818 1367 1845 doctrinas
1384 1822 1557 1845 monumenta
1573 1818 1660 1852 ipsum
1677 1817 1761 1844 nobis
1778 1825 1817 1842 re-

1030 1863 1143 1898 liquisse
1167 1863 1247 1890 tradit
1266 1873 1272 1891 :
1288 1863 1335 1889 καὶ
1360 1863 1553 1890 καταλέλοιπεν
1576 1863 1590 1888 ὀ
1613 1861 1732 1894 αὐτὸς...
1756 1861 1818 1888 ἄλλα

1029 1909 1162 1945 δείγματα
1177 1910 1228 1945 τῆς
1245 1910 1307 1945 περὶ
1321 1909 1353 1936 τὰ
1370 1910 1429 1936 θεῖα
1443 1910 1541 1944 exolvi};
1558 1918 1587 1935 τε
1610 1909 1696 1935 αὑτοῦ
1713 1909 1760 1936 καὶ
1775 1917 1819 1934 πο-

1030 1955 1183 1992 λυπειρὶας.

1066 2001 1098 2028 Ει
1121 2005 1229 2029 exstant
1250 2001 1359 2036 quidem
1381 2001 1514 2035 hodieque
1531 2001 1601 2028 inter
1622 2000 1818 2036 θεολογούμενα

1031 2047 1079 2082 τῆς
1095 2047 1277 2082 ἀριθμητικῆς
1289 2046 1381 2074 Graece
1394 2047 1466 2073 edita
1474 2046 1586 2074 Parisiis
1600 2047 1679 2079 1543,
1698 2048 1818 2082 quaedam

1029 2100 1155 2128 excerpta
1172 2101 1205 2120 ex
1224 2093 1299 2120 libris
1313 2092 1431 2120 Anatolii
1446 2093 1648 2119 lnstitutionum
1668 2093 1819 2120 arithmeti-

1030 2144 1132 2170 carum,
1149 2143 1179 2165 ut
1194 2139 1298 2165 monuit
1310 2137 1433 2166 Valesius
1447 2139 1480 2165 ad
1497 2138 1643 2166 Eusebium
1655 2147 1662 2168 ;
1676 2146 1768 2173 eaque
1779 2146 1819 2164 re-

1031 2189 1124 2210 censet
1140 2183 1280 2211 Fabricius
1297 2184 1346 2219 (5),
1362 2185 1408 2219 qui
1422 2190 1450 2212 et
1463 2185 1593 2211 nonnulla
1614 2184 1647 2211 ἐκ
1667 2184 1724 2211 τῶν
1749 2185 1820 2211 Ἀνα-

1031 2230 1118 2256 cotton
1139 2230 1263 2264 διάφορα,
1279 2238 1311 2257 ex
1330 2230 1501 2258 Peiresciano
1513 2231 1606 2258 codice
1626 2231 1661 2257 ab
1681 2230 1820 2258 Hulsteuio

1032 2277 1175 2311 descripta.
1184 2276 1276 2304 Graece
1287 2277 1416 2313 vulgavit.

1069 2324 1182 2359 Scripsit
1198 2328 1328 2358 prmlerea
1344 2324 1496 2356 Anatolius,
1514 2329 1543 2350 ut
1564 2323 1646 2350 modo
1669 2325 1818 2354 innuimus.

1032 2370 1159 2397 volumen
1171 2370 1207 2396 De
1215 2371 1355 2404 paschale;
1366 2379 1398 2398 ex
1407 2379 1473 2405 quo,
1483 2371 1570 2405 inquit
1579 2369 1764 2406 Hieronymus
1773 2371 1819 2404 (6),

1033 2415 1089 2449 ejus
1104 2416 1201 2450 ingenii
1216 2416 1423 2451 magnitudinem
1438 2417 1583 2449 intelligere
1591 2415 1821 2448 possuntus.Pnc-

1034 2461 1137 2488 clarum
1165 2461 1277 2495 hujusce
1300 2462 1389 2496 operis
1409 2460 1588 2496 fragmentum
1607 2462 1687 2489 nobis
1703 2460 1821 2488 servavit

1035 2508 1169 2535 Eusebius
1185 2509 1240 2543 ('l);
1258 2509 1304 2543 qui
1317 2513 1343 2536 et
1354 2510 1410 2544 ipse
1423 2509 1450 2536 iu
1461 2517 1494 2536 eo
1504 2510 1624 2536 auctoris
1637 2510 1819 2544 eloquentiam

1035 2552 1116 2580 simul
1133 2558 1160 2580 et
1177 2554 1354 2588 multiplicem
1368 2554 1427 2588 ejus
1440 2554 1632 2588 eruditionem,
1651 2554 1722 2590 ὁμοῦ
1739 2555 1769 2581 τό
1793 2562 1821 2579 τε

1034 2597 1124 2632 λόγιον
1141 2598 1188 2624 καὶ
1206 2598 1369 2633 πολυμαθὲς,
1387 2599 1548 2627 admiratur.

1071 2643 1113 2670 III.
1135 2644 1279 2678 Antiquam
1292 2645 1442 2672 versionem
1454 2644 1575 2673 Latinam
1585 2645 1702 2673 Canonis
1711 2647 1820 2681 postha-

1075 2721 1112 2754 (5)
1133 2720 1252 2751 Fabric.,
1269 2720 1340 2747 Bibl.
1356 2719 1402 2749 Gr.
1421 2725 1486 2748 tom.
1508 2720 1540 2752 Il,
1555 2728 1580 2755 p.
1596 2720 1661 2748 ΞΗ.

1072 2758 1110 2791 (6)
1130 2755 1253 2788 Iliorum,
1268 2756 1286 2782 I.
1301 2763 1325 2782 ε.

1073 2792 1110 2828 t7)
1131 2791 1242 2825 Euseb,
1260 2791 1278 2817 l.
1296 2799 1319 2817 c.
