1861 3052
45 113 84 139 2'l9

47 176 72 201 ti:
84 172 222 200 Λυκιοιίιηί
234 171 338 207 primus
354 172 437 200 edidit
450 180 482 200 ac
496 172 655 200 doctissimo
666 179 804 199 commen-
820 174 843 202 Α

47 217 101 245 tario
116 216 252 244 illustravit
267 216 302 243 ad
321 216 424 244 calcem
443 216 554 244 Victorii
572 216 713 251 Aquitani,
727 215 804 251 Egi-

46 263 94 289 dius
108 260 247 288 Eucherius
261 260 312 296 (8).
333 260 430 288 Builno
445 262 546 296 passim
571 261 702 288 tribuitur
732 261 804 289 illius

45 307 141 335 Canonis
149 307 245 338 versio,
257 306 417 334 Eusebianze
426 307 487 342 ejus
495 307 616 335 historiae
626 307 743 334 fortasse
756 307 804 334 ad-

44 353 166 388 iungenda,
181 357 210 379 ut
223 353 334 386 conjicit
358 353 392 380 cl.
412 352 591 380 Fontaninius
608 353 656 388 (9).
674 352 804 380 Norimus

45 398 111 428 enim,
123 396 247 424 Ruﬁnum
265 396 375 425 Eusebii
395 397 573 425 Caesariensis
589 397 736 424 Hiuoriam
753 397 805 424 La-

46 445 88 471 tine
99 443 198 478 quidem
215 443 344 476 vertisse,
359 444 405 471 sed
420 444 501 471 etiam
524 443 711 478 interpolasse.
728 442 806 476 Quod

44 491 64 517 lu
77 489 159 524 primis
172 489 266 516 videre
282 494 324 516 est
341 490 367 516 in
383 489 415 517 iis
431 497 492 524 quze
507 489 603 517 litteris
624 489 735 516 tradidit
750 488 805 523 (l0)

44 535 69 561 de
82 539 165 561 saneto
178 533 312 568 Gregorio
325 533 529 568 Tbaumaturgo
545 542 552 560 :
565 533 610 561 ubi
625 538 723 568 praeter
737 542 806 560 tton-

43 580 101 608 nulla
114 579 235 614 praeclara
251 578 314 614 ejus
331 585 404 614 gesta
416 588 431 606 a
446 578 577 614 Gregorio
594 578 716 614 Nysseno
728 587 807 606 enar-

43 630 97 657 rata,
109 626 233 652 celebrem
251 630 382 660 praeterea
404 625 490 660 ipsius
514 624 591 652 Fidei
616 626 807 660 expositionem

43 671 147 699 intexuit.
158 671 246 698 Alium
268 679 376 706 quoque
391 671 480 698 locum
497 671 688 706 interpolatutn
699 672 809 698 adducit

43 717 139 744 lacubus
151 715 280 744 Usserius
300 716 367 751 (11),
385 721 414 743 ut
427 716 551 743 laudatus
569 715 748 743 Fontaniuius
762 717 808 742 ad-

44 762 114 789 vertit.
131 761 194 789 Cum
217 762 314 796 itaque
328 761 443 789 Commi:
458 762 614 789 Anatoliani
636 762 747 797 longum
763 770 810 789 ex-

44 812 144 841 crrptum
168 807 194 833 in
216 814 270 834 sua
288 806 411 834 Historia
424 807 562 835 retulisset
579 807 722 840 Eusebius,
741 807 809 834 inte-

44 860 105 888 grum
125 852 186 880 illud
208 852 310 880 Latine
331 853 478 881 reddiderit
504 853 630 881 Ruﬁnus.
643 852 737 889 Neque
761 861 810 881 nos
826 858 847 885 Β

44 898 131 926 demum
146 899 195 927 ltac
209 900 242 927 de
255 907 286 927 re
301 899 426 927 dubitare
440 900 534 927 sinunt
549 901 672 933 omnino,
687 908 748 936 qua}
761 901 809 928 ha-

45 944 78 970 bet
98 944 160 972 idetn
185 945 303 973 Rutinus
319 946 346 972 in
361 953 410 973 sua
432 945 594 974 Eusebiana:
611 946 737 974 Historia:
751 955 811 974 ver-

45 990 210 1025 sioue(l2),ad
222 991 347 1019 Anatolii
363 991 496 1020 Cananem
511 993 684 1027 pertinentia.
697 992 725 1020 Si
737 994 811 1021 enim

45 1042 68 1061 ca
80 1036 242 1064 conferantur
255 1045 322 1065 cum
336 1037 369 1065 iis
383 1045 444 1073 quae
458 1039 529 1073 apud
545 1044 663 1066 veterem
679 1040 814 1074 interpre-

46 1084 87 1106 tt-tu
101 1080 296 1109 liucherianum
314 1081 408 1109 Graeco
430 1083 514 1110 textui
532 1084 706 1118 respondent,
720 1084 812 1112 omnia

46 1126 107 1159 plane
119 1125 259 1155 Rufiniana
277 1136 342 1162 esse
360 1128 537 1164 perhibentur
554 1139 560 1156 2
576 1134 605 1157 ut
623 1130 736 1165 proinde
751 1138 809 1158 me-

416 109 443 137 S.
467 109 627 138 ANATOLII
648 106 884 138 ALEXANDRINI
902 108 1017 136 CANON
1035 108 1245 135 PASCHALIS.‘
1283 108 1295 119 ί

1587 107 1643 134 ‘JIU

856 171 909 198 rito
924 171 1092 206 arguendum
1107 171 1240 203 videatur,
1257 170 1360 204 reliqua
1377 169 1478 204 pariter
1498 177 1559 204 qua
1574 177 1644 204 prat-

857 219 958 246 cedunt
973 222 1000 245 et
1014 225 1074 253 quae
1088 217 1303 252 subsequuntur,
1318 217 1352 244 ab
1365 216 1460 244 eadem
1477 215 1568 243 Ruﬁni
1586 223 1645 242 ma-

857 271 894 291 nu
910 271 925 290 e
938 263 1032 291 Graeco
1049 262 1076 289 in
1092 262 1217 289 Latinum
1233 261 1318 290 fuisse
1334 262 1475 289 translata.
1490 260 1568 294 Quod
1586 261 1646 295 quia

857 309 917 337 dem
945 308 1037 336 mirari
1064 308 1145 340 subit,
1170 307 1487 340 Bucherium,Caveunt,
1511 307 1644 334 Fontani-

859 355 934 382 Itium
949 355 976 381 in
991 354 1097 389 primis,
1108 354 1231 388 aliosque
1243 354 1317 380 viros
1331 353 1453 380 eruditos
1467 353 1643 388 prmteriisse.

894 422 982 456 Atque
995 421 1058 448 hinc
1074 420 1156 448 etiam
1171 420 1236 447 illud
1250 421 1425 447 emolumenti
1440 420 1554 453 accedit,
1572 419 1645 454 quod

859 476 892 496 ex
910 467 1063 494 Eusebiano
1088 471 1216 501 excerpto
1243 465 1394 493 Rufinian-aa
1418 466 1552 493 versionis
1569 473 1645 493 com-

859 513 988 549 probetur
1003 513 1144 548 integritas
1160 522 1166 540 :
1182 518 1209 539 et
1225 521 1256 539 ex
1277 520 1307 539 ea
1325 520 1432 539 rursutu
1445 511 1559 539 Cononis
1575 512 1646 538 Aua-

860 559 955 587 toliani
980 559 1108 586 αὺθεντία
1133 559 1328 590 conﬁrmetur;
1353 565 1433 592 quam
1460 563 1548 584 tamen
1573 555 1646 583 nulla

861 606 984 634 codicum
1003 613 1068 634 mss.
1084 605 1254 638 auctoritate,
1270 604 1351 632 nullis
1377 609 1497 631 veterum
1523 604 1646 631 testimo-

862 653 915 680 niis
929 652 1062 683 adductis.
1080 652 1209 687 nullaque
1223 652 1328 678 ratione
1353 650 1467 681 reddita,
1481 649 1546 684 quin
1562 654 1590 676 et
1603 649 1647 675 in-

861 697 918 725 vito
936 697 1053 725 Eusebio
1065 702 1146 732 atque
1161 697 1300 724 obnitente
1314 694 1422 728 Ruﬁno,
1438 694 1544 721 elevare
1563 700 1648 720 ausus

861 748 902 770 est
915 741 1058 777 Dupinius.
1074 741 1109 769 Ut
1120 741 1185 769 illud
1202 742 1245 768 hic
1256 741 1424 772 omittatnus,
1442 739 1566 767 eutndem
1579 738 1650 765 Ana-

863 788 920 815 tolii
938 787 1071 815 Cononem
1092 787 1194 823 passim
1211 785 1316 813 laudari
1340 793 1355 813 a
1380 785 1450 812 Beda
1466 784 1500 811 iis
1523 784 1549 810 in
1569 783 1648 814 locis,

862 841 924 869 quat
940 833 1056 861 inferius
1071 841 1085 860 a
1101 833 1235 860 Bucherio
1247 831 1363 859 excitata
1380 831 1471 858 videas
1485 830 1551 865 (15).

900 901 978 929 llunc
998 901 1090 936 itaque
1102 901 1189 928 sancti
1203 900 1291 928 Patris
1305 900 1391 927 nostri
1404 899 1551 934 genuinum
1566 897 1649 925 fetum

863 948 1023 975 exhibemus
1038 955 1070 974 ex
1085 951 1211 974 accurata
1225 946 1306 974 unica
1318 945 1445 973 Bucherii
1460 944 1587 975 editione,
1603 943 1651 970 ad-

862 993 942 1028 jectis
955 992 1057 1020 Grzecis
1071 992 1231 1020 Eusebianis
1245 1000 1306 1019 cunt
1318 991 1413 1019 Latina
1430 990 1652 1025 interpretatione

867 1039 992 1074 notisque
1021 1037 1130 1066 Valcsii.
1152 1037 1192 1066 Ad
1220 1038 1278 1065 haec
1304 1037 1408 1065 accedit
1432 1035 1652 1064 Commentarios

868 1084 990 1118 ejusdem
1005 1084 1140 1117 Bucherii,
1157 1092 1211 1119 quo
1227 1083 1319 1111 Catum
1332 1084 1511 1111 Anatoliauus
1535 1083 1652 1110 maxime

869 1130 1031 1157 illustratur.

52 1221 1458 1236 Ἦ

292 1312 358 1375 S.
427 1312 804 1378 ANATOLII
853 1313 1398 1377 ALEXANDRINI

516 1441 758 1499 CANON
801 1443 1185 1500 PASCHALIS

75 1553 197 1584 Eveteri
226 1563 286 1584 ms.
309 1561 448 1592 prtmum
476 1561 507 1583 tn
535 1552 639 1584 lucem
663 1553 770 1622 lcgditlus
790 1552 939 1623 'etsbrevli
972 1554 1200 1585 commentario
1230 1555 1408 1586 illustratus
1431 1555 1468 1585 ab
1492 1554 1617 1594 .{igitlio

688 1602 725 1623 uc
740 1600 819 1623 terto
857 1603 906 1622 UC.
943 1602 1013 1623 OSU.

688 1600 819 1624 uclterto
835 1600 906 1623 δυϐ.
925 1600 1013 1623 JOSU.

50 1749 99 1788 Cir.
113 1749 130 1788 l.
148 1751 247 1778 Πὶιενιη
262 1759 428 1778 nti-ursorum
446 1752 550 1788 circuli.
568 1751 704 1787 Hippolyti
722 1753 820 1788 cyclus.
836 1757 856 1784 C
875 1760 974 1780 norum
995 1751 1127 1779 circulum
1145 1755 1343 1786 computantes,
1365 1758 1503 1784 nunquam
1517 1749 1549 1776 ad
1566 1757 1656 1776 veram

77 1784 191 1847 ἵενῑιῗιυε
215 1794 321 1813 Lxxxtv
353 1795 493 1815 (tonorum.
522 1784 761 1823 Locus”0figuuis
789 1790 820 1814 de

97 1827 204 1847 «actate.

97 1827 204 1849 ωενιαιε.

78 1887 107 1916 De
120 1890 220 1917 ratione
237 1889 426 1917 ordinationis
442 1895 594 1925 temporum
606 1898 638 1918 ac
652 1890 820 1918 vicissitudi-

53 1942 102 1962 num
122 1937 210 1964 tuundi
237 1936 355 1967 dicturi.
389 1936 562 1964 diversorum
587 1937 820 1971 computariorum

53 1980 104 2007 scita
115 1989 251 2016 ponemus.
270 1981 325 2014 Qui
347 1981 418 2008 lunae
436 1982 625 2009 tantummodo
643 1989 724 2009 cursu
747 1989 822 2009 com—

55 2030 138 2059 putato,
154 2028 219 2055 solis
235 2034 385 2055 ascensum
398 2027 614 2062 descensumque
627 2027 822 2062 relinquentes,

56 2070 155 2100 di-‘crsos
168 2073 288 2101 circulos
311 2073 418 2108 sibique
438 2073 606 2106 contrarios,
631 2079 659 2100 et
676 2073 702 2099 in
718 2073 823 2100 calculo

57 2124 110 2145 vera:
134 2119 351 2154 computationis
378 2126 517 2154 nunquam
544 2119 680 2152 inventos,
709 2119 823 2154 adjectis

56 2165 193 2198 quibusdam
222 2165 443 2201 problematibus
460 2186 468 2198 ,
503 2170 732 2198 construxerunt,
760 2173 824 2193 cum

56 2215 138 2238 certum
153 2212 196 2245 sit,
205 2211 425 2247 computationis
436 2211 581 2243 rationem,
596 2211 699 2246 absque
713 2211 754 2238 his
766 2219 825 2238 am-

58 2256 125 2286 bobus
136 2259 214 2286 simul
231 2257 478 2290 concurrentibus,
500 2265 555 2284 non
566 2265 627 2284 esse
645 2257 823 2292 probandam.

56 2301 107 2330 Nam
120 2309 144 2331 et
158 2306 182 2332 in
196 2304 340 2333 veteribus
358 2303 571 2337 exemplaribus,
598 2303 624 2330 id
647 2307 687 2330 cst
705 2302 825 2330 llcbmis

55 2348 171 2377 θιὼ-κείς
184 2350 375 2378 voluminibus
386 2369 394 2382 ,
413 2357 467 2376 non
489 2353 594 2376 tantum
610 2349 682 2376 luna:
701 2357 824 2381 cursum,

57 2396 91 2422 sed
104 2402 176 2424 eum
196 2398 264 2425 solis
282 2404 338 2424 non
357 2396 445 2423 solum
464 2403 583 2430 gressus,
609 2395 654 2422 sed
675 2399 702 2422 et
718 2395 826 2430 singula

60 2447 85 2468 ac
100 2443 276 2470 minutissima
301 2443 432 2469 horarum
470 2448 605 2468 momenta
618 2462 625 2474 ,
653 2448 714 2476 qua:
733 2441 760 2467 in
776 2448 826 2467 suo

61 2492 175 2524 “tmpore,
193 2499 256 2518 cum
272 2490 344 2516 ratio
361 2488 527 2524 poposcerit,
546 2486 733 2522 proferemus,
749 2487 826 2513 inve-

61 2535 131 2563 nimus
144 2541 312 2571 computata.
343 2535 364 2562 E
382 2534 482 2570 quibus
503 2533 662 2568 Hippolytus
676 2541 719 2560 xv:
739 2541 827 2559 anno-

61 2587 107 2607 l'lltll
126 2583 254 2609 circulum
286 2581 452 2616 quibusdam
479 2580 578 2614 ignotis
606 2580 676 2606 lunae
701 2580 827 2607 cursibus

61 2627 200 2660 composuit.
218 2627 271 2654 Alii
291 2635 343 2653 xxv
354 2648 361 2659 ,
377 2625 423 2653 alii
442 2634 504 2658 xxx,
526 2625 648 2652 nonnulli
663 2633 763 2652 Lxxxtv
777 2633 827 2651 att-

86 2734 118 2768 (8)
136 2735 258 2769 Boeben,
274 2736 311 2762 De
321 2736 408 2762 (λθειν.
425 2740 515 2769 temp.,
532 2743 558 2769 p.
570 2733 701 2761 559-449.

62 2768 260 2836 Ρ,ἕξιθξοηιξιιις
276 2771 346 2798 (list.
361 2771 445 2797 littur.
463 2768 551 2804 Aquii.
570 2769 616 2796 lib.
630 2777 655 2801 ν,
670 2777 696 2796 c.
717 2769 758 2802 15,
775 2768 789 2804 §
804 2769 827 2801 l,

90 2839 135 2875 illi)
155 2841 254 2874 ltuti.t.,
275 2842 346 2868 llist.
360 2842 425 2869 εει-ι.
446 2840 542 2867 Euseb.
565 2840 610 2867 lih.
627 2847 675 2873 nt,
691 2848 715 2867 c.
729 2839 772 2866 ‘25.

872 1796 984 1825 Pascha!
1004 1795 1181 1832 computandi
1204 1795 1337 1823 rationem
1355 1800 1545 1829 pervenerunt.
1560 1794 1659 1822 Verum

873 1843 992 1878 majores
1005 1843 1100 1874 nostri,
1122 1842 1296 1869 Hebrzeorum
1312 1846 1338 1868 et
1353 1840 1509 1868 Cra-corum
1526 1840 1658 1867 librorum

873 1889 1028 1924 peritissimi
1040 1888 1196 1924 (lsidorum,
1207 1892 1234 1915 et
1247 1887 1451 1922 Hieronymum,
1459 1886 1658 1914 etClementetn

872 1937 957 1971 dico),
975 1936 1038 1963 licet
1052 1934 1193 1963 dissimilia
1208 1933 1343 1961 mensium
1363 1933 1495 1967 principia
1509 1941 1558 1967 pro
1571 1932 1660 1960 diver-

873 1983 954 2011 sitate
969 1982 1067 2017 lingua:
1077 1981 1228 2013 senserint;
1243 1985 1330 2007 tamen
1345 1980 1378 2008 ad
1391 1987 1471 2007 uuam
1484 1979 1661 2013 eamdemque

875 2029 986 2057 Pascha:
1001 2028 1181 2056 certissimam
1201 2028 1350 2059 rationem,
1370 2026 1413 2053 die
1425 2031 1452 2053 ct
1469 2026 1532 2053 luna
1548 2029 1575 2053 et
1594 2030 1660 2052 tetu-

875 2083 942 2111 pore
963 2074 1205 2105 convenientibus,
1222 2081 1328 2101 summa
1347 2073 1521 2101 veneratione
1542 2071 1662 2098 Domini-

877 2130 914 2150 ωε
943 2121 1162 2154 resurrectionis,
1192 2126 1399 2148 consenserunt.
1421 2119 1473 2146 Sed
1492 2123 1519 2145 et
1534 2118 1662 2153 Origenes

877 2169 999 2196 omnium
1016 2166 1218 2195 eruditissimus
1230 2187 1236 2198 ,
1254 2171 1280 2193 et
1296 2165 1391 2193 calculi
1410 2163 1587 2198 componendi
1603 2170 1663 2196 per-

877 2214 1083 2250 spicacissimus
1097 2213 1208 2249 (quippe
1222 2213 1266 2248 qui
1281 2216 1309 2239 et
1322 2211 1470 2247 χαλκευτής
1480 2209 1613 2244 vocatus),
1631 2209 1663 2234 li-

877 2262 978 2289 bellum
1004 2261 1042 2288 De
1067 2259 1171 2287 Pascha
1195 2257 1409 2286 luculentissime
1427 2255 1520 2283 edidit.
1552 2253 1580 2280 ln
1608 2261 1663 2288 quo

877 2307 1045 2334 annuntians
1055 2307 1089 2334 de
1106 2307 1150 2334 die
1165 2305 1285 2337 Paschal,
1298 2311 1352 2330 non
1365 2302 1452 2330 solutn
1469 2302 1537 2328 luna
1552 2307 1662 2328 cursum

877 2357 904 2381 et
923 2353 1079 2388 atquinoctii
1102 2352 1246 2379 transitutn
1268 2349 1437 2377 intuendutu.
1472 2347 1518 2374 sed
1547 2350 1574 2374 et
1599 2346 1664 2373 solis

879 2404 1080 2431 transcensum,
1105 2398 1227 2425 omniunt
1250 2399 1424 2424 tenebrarum
1450 2402 1533 2423 tetras
1553 2393 1665 2421 insidias

881 2451 908 2473 et
923 2445 1085 2473 oll'endicula
1106 2443 1266 2476 auferentis,
1287 2448 1315 2470 et
1334 2443 1403 2470 lucis
1420 2442 1564 2469 adventum
1581 2448 1613 2466 ac
1625 2444 1666 2465 Io-

881 2493 935 2520 tius
950 2491 1043 2519 mundi
1061 2491 1258 2518 elementorum
1276 2490 1403 2516 virtutem
1418 2493 1444 2515 et
1458 2486 1664 2521 inspirationetu

882 2538 1029 2570 alieruntis,
1053 2545 1114 2564 esse
1130 2535 1294 2563 servandum
1306 2556 1314 2567 ,
1331 2535 1366 2561 ita
1384 2535 1448 2561 dicit
1468 2543 1475 2560 :
1499 2533 1532 2559 1η
1548 2532 1608 2561 die.
1626 2531 1667 2556 in-

881 2585 951 2619 quit,
977 2583 1087 2610 Pusclta:
1108 2591 1159 2609 non
1178 2583 1237 2608 dico
1252 2580 1441 2608 observandum
1457 2583 1485 2605 ut
1506 2579 1561 2605 dies
1578 2577 1668 2603 Domi-

882 2633 942 2659 nica
951 2631 1110 2662 inveniatur,
1124 2635 1149 2657 et
1169 2629 1238 2655 (una:
1254 2637 1290 2655 vtt
1307 2627 1362 2662 (14)
1377 2626 1431 2653 dies
1448 2624 1611 2655 transeundi,
1623 2622 1668 2649 sed

918 2731 975 2766 (11)
996 2729 1100 2766 Usser.,
1119 2729 1195 2766 Synt.
1208 2729 1240 2754 de
1344 2726 1455 2766 I_tttr_rp.,
1469 2732 1493 2751 c.
1513 2731 1539 2755 v,
1554 2722 1638 2766 ρᾶλξὲυ.

918 2758 975 2796 ῑη)
997 2758 1099 2796 Butiu.,
1116 2758 1186 2791 Hist.
1204 2763 1266 2790 εισι.
1282 2763 1380 2789 Euseb.
1399 2758 1444 2787 lib.
1461 2767 1508 2789 vtt.
1524 2767 1549 2786 c.
1565 2758 1610 2785 23.

919 2799 972 2835 (15)
994 2800 1053 2827 Viti.
1071 2800 1132 2827 'tnl'r.
1150 2800 1202 2835 col.
1219 2799 1281 2835 ἳΞΙ.

918 2831 973 2872 (lt)
990 2836 1071 2862 Lnuw
1087 2843 1131 2862 vn.
1150 2834 1229 2861 Forlc
1245 2834 1315 2860 luuw
1331 2841 1387 2860 xtv.
1410 2831 1527 2858 Bttcttsn.
