1861 3052
191 82 241 109 2η

763 81 792 107 S.
811 79 973 107 ANATOLII
995 77 1229 108 ALEXANDRINI

1761 78 1818 105 2ίί

191 148 222 170 ιιι
235 143 276 170 σοι
291 142 447 175 divisionem
460 141 536 168 illam
549 161 556 172 ,
574 141 641 167 luci:
652 140 752 168 scilicet
764 145 789 167 et
804 140 979 173 tenebrarum,
996 144 1016 169 Α
1031 140 1193 167 credendum
1204 143 1286 171 esset,
1299 138 1352 166 nisi
1363 138 1510 173 iactantiae,
1521 143 1558 172 et,
1568 143 1599 166 ut
1609 139 1701 167 verius
1712 139 1818 172 dicam.

193 188 222 214 in
243 186 352 215 exordio
376 186 483 217 mundi,
501 185 607 212 Domini
627 185 820 220 dispensatione
843 185 979 219 wqualiter

193 233 386 268 compositam,
411 231 598 264 transcendat;
629 236 654 259 et
677 232 709 258 ab
729 240 783 259 una
807 232 835 259 in
860 233 937 263 duas,
959 240 976 258 α

193 279 297 305 duabus
317 278 346 305 in
366 282 428 310 tres,
448 285 465 303 α
483 275 566 303 tribus
584 277 613 303 in
625 282 756 312 quatuor,
773 285 790 304 α
812 281 926 312 quatuor
949 277 978 304 in

194 325 319 360 quinque,
336 330 352 349 α
362 322 474 357 quinque
489 322 517 349 in
530 330 575 349 sea:
587 322 676 355 horas,
688 322 745 349 luce
757 323 856 349 insciis
869 331 980 349 ascensu

193 373 333 400 crescente,
347 367 458 395 tenelme
482 368 645 395 decrescant.
665 377 681 395 a
699 369 791 404 (15)...
817 373 842 395 et
865 369 981 395 vicesimi

192 415 296 443 numeri
319 414 467 450 adjectione
488 414 633 450 completa,
657 423 696 441 xu
715 419 802 449 partes
825 415 853 441 in
871 423 923 442 uno
941 422 981 441 eo-

191 462 300 496 demque
315 461 358 488 die
369 460 550 495 suppleantur.
570 459 623 488 Sed
637 465 663 487 et
672 467 732 495 ego,
748 460 770 488 si
783 459 886 495 aliquid
902 459 979 487 stilli-

191 507 255 535 cidii
274 528 281 540 ,
310 512 374 543 post
395 507 579 543 quorumdam
608 507 786 534 exuberantia
816 506 978 540 eloquentiae

191 555 365 589 scientiaeque
380 553 492 582 [lumina
503 575 510 587 ,
529 558 678 581 tentassem
693 553 809 584 inferre;
825 553 889 587 quid
905 551 978 579 aliud

1031 185 1174 212 dementia:
1187 184 1221 211 ab
1244 183 1371 211 omnibus
1382 190 1444 211 esse
1458 183 1661 217 aseribendum,
1686 183 1739 211 nisi
1766 191 1818 211 nos

1031 231 1170 266 paulisper
1186 229 1340 258 orationum
1361 234 1471 257 tuarum
1483 229 1665 265 pollicitarum
1681 230 1819 256 animaret

1033 275 1185 303 auxilium?
1207 275 1270 310 quia
1288 274 1425 302 credimus
1440 275 1558 303 orationi
1577 282 1610 303 ac
1622 275 1685 303 ﬁdei
1703 279 1760 302 tuae
1778 275 1820 302 ni-

1034 322 1141 350 hilesse
1157 321 1334 357 impossibile.
1354 320 1412 354 Qua
1427 320 1591 349 conﬁdentia
1605 321 1740 352 roborati,
1755 328 1820 356 pro-

1033 368 1226 396 fundissimam
1240 367 1446 395 obscurissimae
1457 366 1670 402 computationis
1679 371 1708 394 et
1717 366 1820 400 impro-

1032 415 1121 441 visum
1139 413 1261 449 pelagus,
1277 406 1504 448 consurgentibus
1519 412 1640 447 undique
1657 412 1819 447 quaestioni-

1032 461 1083 488 bus
1101 468 1133 487 ac
1143 459 1356 495 problematibus
1367 459 1619 492 intumescentibus,
1630 458 1819 494 ingrediemur

1031 506 1192 534 verecundia
1209 509 1376 540 contempta.

761 611 794 639 ll.
817 612 853 639 De
865 610 998 638 novilunio
1014 608 1093 643 primi
1108 606 1213 634 mensis.

226 658 277 688 Est
287 667 354 695 ergo
373 667 402 686 m
419 667 508 694 primo
532 666 604 686 anno
628 658 735 686 initium
760 658 842 693 primi
857 657 973 689 mensis,

191 706 266 741 quod
274 710 316 733 est
329 713 374 733 xix
383 713 515 733 annorum
525 705 620 733 circuli
630 705 809 740 principium;
826 703 975 732 secundum

1064 654 1140 688 Ἔχει
1153 653 1243 679 τοίνυν
1259 652 1315 687 (17)
1330 653 1359 680 ὲν
1372 651 1411 688 τῷ
1425 651 1525 688 πρώτῳ
1538 652 1592 679 ἔτει
1602 651 1651 689 τὴν
1666 652 1818 688 νουμηνίαν

1027 699 1074 726 τοῦ
1087 698 1195 735 πρώτου
1212 699 1306 735 μηνὸς,
1322 699 1383 734 ἥτις
1401 698 1509 734 ἁπάσης
1523 699 1595 725 ἐστὶν
1611 699 1683 735 ἁρχὴ
1710 699 1763 735 τῆς
1778 701 1818 726 Ev—

191 739 336 786 Ευριίοε
366 750 477 785 quidem
504 750 605 783 mensis
629 748 798 776 Phamenotb
828 756 889 776 xxv:
914 748 975 780 die;

1062 744 1311 780 ικαιδεκαετηριδος
1323 753 1330 760 ⁸
1351 746 1384 780 τῇ
1402 745 1462 771 κατ’
1480 744 1642 778 Αἰγυπτίους
1656 745 1705 780 μὲν
1728 745 1818 779 Φαμε-

190 796 268 831 juxta
288 795 450 823 Macedones
465 803 529 823 vero
551 794 640 830 Dystri
658 794 761 823 mensis
781 802 840 821 xxu
858 793 916 826 die;
934 801 976 821 se-

191 841 312 870 cundum
328 841 467 868 Romanos
483 849 544 869 vero
566 841 654 868 Martii
669 841 770 868 mensis
786 848 854 867 xxtlt
867 860 875 873 ,
896 840 923 868 id
936 845 977 868 est

192 895 238 915 Vill
257 886 393 915 Kalendas
415 887 471 922 (16)
492 887 604 922 Aprilis.
627 887 657 914 ln
678 894 732 922 qua
749 886 793 914 die
807 894 862 914 non
888 886 975 914 solum

192 933 331 960 invenitur
345 933 386 960 sol
399 933 591 960 couscendisse
608 933 724 968 primam
737 937 842 967 partem
854 952 862 966 ,
877 940 973 960 verum

192 979 275 1007 etiam
287 979 418 1014 quadram
438 978 530 1006 lunam
549 978 614 1014 (tege
635 982 760 1014 quartam
777 978 860 1014 diem)
871 978 928 1014 jam
946 978 973 1005 in

192 1032 224 1052 ea
242 1024 286 1051 die
305 1024 422 1058 habere,
443 1024 470 1051 id
487 1031 529 1052 est
563 1024 590 1051 in
605 1024 693 1059 prima
707 1032 739 1052 ex
758 1024 900 1052 duodecim
916 1032 974 1059 par-

191 1070 275 1097 tibus.
291 1069 354 1097 Hazc
366 1073 456 1097 autem
474 1069 606 1104 particula
621 1069 707 1104 prima
718 1077 750 1096 ex
764 1077 800 1096 xu
814 1069 924 1096 vernale
933 1074 975 1097 est

191 1116 401 1150 aequinoctium;
418 1120 444 1142 et
465 1115 523 1150 ipsa
537 1119 579 1143 est
592 1115 700 1142 initium
718 1115 863 1148 mensium,
881 1120 909 1142 et
929 1122 975 1143 ca—

191 1166 240 1197 put
255 1161 360 1195 circuli,
376 1165 403 1188 ct
419 1161 554 1188 absolutio
573 1168 671 1188 cursus
684 1161 833 1194 stellarum,
847 1169 908 1196 quae
918 1161 976 1196 pla-

191 1212 272 1241 netae,
291 1208 321 1241 id_
336 1212 376 1234 est
388 1214 472 1242 vagae,
488 1206 628 1238 dicuntur,
641 1214 673 1233 ac
691 1206 752 1233 linis
771 1213 809 1233 xu
826 1206 974 1241 particulae,

191 1259 219 1281 et
239 1254 323 1281 totius
340 1253 436 1281 circuli
456 1253 599 1280 terminus.
622 1252 657 1279 Et
680 1252 741 1280 ideo
761 1253 896 1284 dicimus,
921 1259 976 1278 non

192 1308 288 1335 parum
304 1300 461 1334 delinquere
480 1307 545 1331 eos,
568 1299 615 1334 qui
637 1303 700 1326 ante
719 1298 770 1326 hoc
790 1298 899 1326 initium
913 1297 976 1325 novi

191 1346 256 1373 anni
273 1345 378 1373 Pascha
399 1350 494 1381 putant
513 1352 574 1373 esse
594 1344 798 1373 celebrandum.

1028 790 1081 817 νὼθ
1100 790 1154 826 (18)
1169 790 1237 827 ἕκτῃ
1253 791 1300 818 καὶ
1314 790 1412 822 εἰκάδι,
1435 790 1506 817 κατὰ
1531 790 1558 817 δὲ
1573 791 1636 823 τοὺς
1651 790 1818 818 Μακεδόνων

1029 836 1128 871 μῆνας,
1143 835 1262 871 Δύστρου
1278 835 1392 871 δευτέρᾳ
1407 836 1453 862 καὶ
1468 835 1565 862 εἰκάδι·
1580 835 1618 867 ὡς
1630 835 1652 862 δ’
1668 835 1702 862 ἂν
1714 835 1818 862 εἴποιεν

1033 882 1174 917 Ῥωμαῖοι,
1184 881 1237 918 πρὸ
1250 881 1347 908 ἕνδεκα
1357 881 1501 908 Καλανδῶν
1516 882 1677 917 Ἃπριλιῖων.¹
1686 882 1819 918 Εὑρίσκε-

1027 935 1072 954 ται
1085 927 1113 954 δὲ
1126 928 1140 953 ό
1153 927 1228 962 ἥλιος
1238 928 1267 953 ὲν
1293 928 1326 963 τῇ
1343 927 1510 963 προκειμένῃ
1531 927 1660 963 Φαμενὼθ
1676 928 1745 964 ἕκτῃ
1771 927 1818 956 καὶ

1028 972 1115 1000 εἰκάδι
1132 973 1163 999 οὑ
1181 972 1261 1008 μόνον
1277 972 1375 1004 ἐπιϐὰς
1390 973 1438 999 τοῦ
1455 972 1564 1008 πρώτου
1588 973 1745 1008 τμήματος,
1762 972 1817 999 ἀλλ’

1027 1017 1075 1053 ήδη
1093 1017 1140 1044 καὶ
1151 1018 1282 1054 τετάρτην
1308 1017 1413 1053 ἡμέραν
1441 1019 1470 1044 ὲν
1483 1017 1556 1053 αὐτῷ
1577 1017 1818 1054 διαπορευόμενος.

1027 1063 1111 1090 Τοῦτο
1125 1063 1153 1089 δὲ
1167 1063 1198 1089 τὸ
1209 1063 1315 1098 τμῆμα,
1331 1063 1439 1098 πρῶτον
1448 1063 1682 1099 δωδεκατημόριον
1696 1064 1747 1090 καὶ
1762 1065 1817 1098 tm;-

1029 1109 1146 1145 μερινὸν,
1157 1110 1204 1136 καὶ
1218 1109 1310 1144 μηνῶν
1323 1109 1420 1145 ἀρχὴν,
1441 1110 1487 1136 καὶ
1509 1109 1629 1145 κεφαλὴν
1644 1109 1691 1135 τοῦ
1703 1109 1815 1141 κύκλου,

1028 1155 1074 1182 καὶ
1088 1155 1182 1189 ἄφεσιν
1198 1155 1252 1190 (19)
1265 1154 1312 1181 τοῦ
1322 1155 1377 1182 τῶν
1388 1155 1529 1191 πλανητῶν
1540 1155 1639 1191 δρόμου
1650 1155 1746 1182 καλεῖν
1758 1155 1817 1182 ειὼ-

1028 1200 1091 1228 ϐασι
1101 1210 1108 1216 ·
1125 1201 1156 1228 τὸ
1169 1200 1199 1227 δὲ
1214 1200 1267 1236 πρὸ
1280 1200 1386 1233 τούτου,
1404 1200 1495 1236 μηνῶν
1518 1200 1630 1235 ἔσχατον
1645 1200 1692 1227 καὶ
1721 1200 1818 1236 τμῆμα

1028 1245 1178 1272 δωδέκατον
1191 1246 1238 1272 καὶ
1250 1245 1403 1272 τελευταῖον
1416 1246 1660 1282 δωδεκατημόριον,
1682 1246 1732 1272 καὶ
1743 1246 1817 1277 τέλος

1030 1290 1081 1326 τῆς
1096 1290 1150 1317 τῶν
1164 1290 1309 1326 πλανητῶν
1324 1291 1458 1328 περιόδου.
1474 1291 1519 1318 Διὸ
1539 1292 1587 1318 καὶ
1604 1291 1668 1324 τοὺς
1686 1291 1719 1318 εν
1745 1290 1816 1326 αὑτῷ

1028 1336 1184 1372 τιθεμένους
1199 1337 1246 1364 τὸν
1257 1337 1364 1373 πρῶτον
1380 1337 1463 1373 μῆνα,
1480 1337 1526 1364 καὶ
1552 1336 1600 1372 τὴν
1619 1345 1816 1372 τεσσαρεσκαι-

1029 1380 1144 1416 δεκάτην
1171 1380 1220 1407 τοῦ
1238 1381 1335 1416 Πάσχα
1358 1382 1516 1418 κατάὺτὴν
1538 1381 1727 1417 λαμϐάνοντας
1753 1382 1815 1418 (9.0),

1030 1426 1061 1453 οὐ
1076 1426 1181 1462 μικρῶς
1194 1426 1247 1454 οὐδ’
1262 1427 1299 1460 ὡς
1312 1427 1407 1463 ἔτυχεν
1417 1428 1584 1463 ἁμαρτάνειν
1595 1429 1694 1464 φαμέν.

746 1473 788 1501 ιιι.
811 1474 986 1509 Antiquorum
1000 1472 1156 1501 Judcorum
1170 1475 1269 1509 opinio.

228 1523 280 1550 Sed
292 1530 342 1550 nec
356 1530 372 1550 a
386 1523 465 1551 nobis
480 1523 575 1558 primis
588 1523 728 1550 exordium
736 1522 882 1550 sumitha’c
893 1522 962 1549 ratio
975 1531 978 1549 :

1072 1522 1149 1550 Ἔστι
1162 1523 1185 1549 δ’
1198 1523 1247 1559 οὐχ
1262 1523 1395 1559 ἡμέτερος
1406 1520 1482 1556 οὗτος
1495 1524 1509 1550 ό
1519 1523 1597 1557 λόγος
1607 1530 1615 1539 ·
1641 1522 1780 1554 Ἰουδαίοις
1789 1522 1816 1549 δὲ

192 1569 316 1603 antiquis
325 1567 427 1596 Iudaeis
436 1568 521 1596 fuisse
533 1568 709 1603 comprobata
716 1572 914 1595 monstraturet
920 1573 982 1594 ante

199 1615 347 1642 adventum
366 1612 468 1642 Christi
484 1615 637 1641 observata.
663 1612 739 1640 Sicut
754 1613 891 1641 evidenter
903 1613 982 1640 docet

1033 1567 1197 1602 ἐγινώσκετο
1212 1570 1268 1602 τοῖς
1282 1569 1364 1596 πάλαι
1379 1571 1425 1597 καὶ
1439 1570 1492 1605 πρὸ
1503 1568 1620 1604 Χριστοῦ
1631 1577 1638 1585 ·
1653 1568 1817 1603 ὲφυλάττετό

1033 1622 1062 1640 τε
1076 1614 1143 1651 πρὸς
1158 1615 1248 1642 αὐτῶν
1264 1616 1318 1652 (21)
1336 1616 1462 1652 μάλιστα.
1475 1616 1577 1643 Μαθεῖν
1590 1615 1612 1641 δ’
1627 1615 1700 1642 ἐστιν
1721 1615 1755 1641 ὲκ
1765 1614 1815 1641 τῶν

788 1684 829 1714 ΙΙ.
856 1684 968 1715 ναιεείἰ
982 1684 1213 1724 interpretatio.

228 1730 261 1758 ll.
278 1730 379 1759 .Habes
393 1733 475 1771 igitur
491 1733 519 1760 in
534 1734 710 1771 p_rimo_anno
724 1733 893 1771 noviluniurn
916 1733 997 1771 primi
1011 1736 1130 1769 mensis,
1154 1736 1228 1770 quod
1251 1740 1331 1771 caput
1345 1741 1387 1763 est
1409 1736 1493 1763 totius
1514 1735 1611 1771 circuli
1627 1734 1812 1771 novemdecim

192 1774 328 1807 annorum
344 1776 352 1795 :
367 1769 516 1807 secundum
530 1768 796 1807 Aigyptiosquidem
808 1768 851 1796 die
861 1769 990 1807 vicesima
1005 1775 1083 1807 sexta
1098 1768 1200 1798 mensis
1221 1768 1390 1807 Pbainenotb
1402 1780 1409 1804 ;
1423 1771 1509 1807 juxta
1522 1770 1684 1807 Macedones
1695 1777 1764 1807 vero
1774 1770 1814 1807 die

192 1803 325 1841 vicesimo
343 1804 462 1841 secundo
476 1803 743 1841 rneii_sis'DystI'i,_ut
756 1808 853 1841 autem
863 1803 979 1831 Romani
998 1805 1138 1841 dicerent,
1162 1810 1226 1833 ante
1242 1806 1313 1834 diem
1331 1803 1507 1833 undecimum
1530 1805 1717 1841 Kalendarum
1734 1804 1812 1841 Apri-

193 1836 270 1863 lium.
296 1836 381 1865 Porro
401 1839 429 1865 in
444 1838 598 1873 supradicta
616 1836 659 1866 die
681 1839 809 1866 vicesima
832 1843 908 1866 sexta
926 1841 1027 1868 mensis
1048 1836 1237 1874 Pham'enotlt,
1257 1841 1299 1868 sol
1315 1841 1449 1875 reperitur
1471 1848 1525 1868 non
1542 1840 1622 1868 modo
1637 1836 1814 1874 primum'in-

193 1879 304 1911 gressus
315 1878 502 1913 segmentum,
515 1882 610 1901 verum
626 1875 708 1913 etiarn
723 1878 851 1913 quartum
866 1875 892 1902 in
907 1883 940 1901 ea
962 1875 1033 1902 diem
1052 1883 1226 1913 percurrens.
1253 1875 1330 1903 Hanc
1349 1880 1453 1910 partem
1474 1876 1592 1913 primum
1620 1876 1810 1902 dodecatemo-

194 1909 318 1946 riumuet
331 1909 526 1946 aequinoctium
537 1918 544 1942 ;
557 1913 585 1936 et
604 1910 738 1946 mensium
762 1909 927 1946 initiumtet
941 1915 1023 1946 caput
1037 1909 1150 1942 circuli,
1175 1916 1202 1938 et
1218 1909 1456 1938 carceres’cursus
1471 1909 1640 1946 planetarum
1660 1918 1761 1946 vocare
1773 1916 1814 1936 so-

193 1941 260 1980 lent.
277 1942 344 1975 Quae
358 1941 424 1980 vero
437 1943 507 1971 banc
525 1949 627 1979 partem
639 1945 760 1979 proxime
777 1945 931 1978 antecedit,
950 1941 1013 1972 linis
1027 1941 1179 1978 mensium,
1194 1951 1221 1973 et
1237 1950 1406 1980 segmentum
1424 1941 1627 1976 duodecimum,
1645 1950 1674 1971 et
1691 1945 1813 1971 ultimum

199 1977 448 2005 dodccatemorium
465 1998 472 2011 ,
495 1977 671 2015 etitermin'us
687 1980 818 2007 circuitus
836 1980 1004 2015 planetarum
1028 1985 1150 2008 vocatur.

1175 1980 1370 2021 Quamobrem,
1392 1981 1438 2021 qui
1466 1981 1583 2015 primum
1599 1988 1725 2021 mensem
1743 1980 1769 2006 in
1784 1985 1813 2005 ea

198 2016 333 2046 statuunt,
344 2017 371 2040 et
383 2017 508 2047 quartam
522 2014 656 2042 decimam
671 2015 807 2049 paschalis
820 2014 882 2042 festi
900 2023 934 2042 ex
949 2023 981 2042 ea
994 2015 1141 2049 deducunt,
1156 2023 1204 2044 eos
1221 2023 1276 2043 non
1292 2014 1567 2043 mediocriter’errare
1581 2015 1760 2042 atlirmamus.

235 2059 280 2086 lli.
297 2060 456 2098 Atquerhmc
469 2061 564 2098 opinio
580 2069 633 2089 non
649 2070 665 2089 a
679 2062 758 2090 nobis
775 2063 893 2097 primum
909 2064 1062 2098 excogitata
1082 2067 1141 2097 est;
1155 2063 1201 2090 sed
1218 2071 1233 2090 a
1249 2062 1345 2097 prisois
1365 2061 1466 2090 ludatis
1478 2062 1562 2098 etiam
1577 2067 1641 2098 ante
1652 2061 1755 2098 Christi
1769 2059 1813 2087 ad-

193 2101 304 2122 ventum
320 2097 444 2132 cognita,
463 2101 491 2124 et
511 2097 544 2124 ab
559 2097 593 2124 iis
606 2097 748 2132 diligenter
760 2098 905 2125 observata
924 2097 1080 2132 estﬁldque
1095 2107 1126 2125 ex
1147 2097 1280 2130 Philonis,
1301 2097 1412 2131 Josepbi
1427 2105 1458 2124 ac
1477 2097 1570 2124 Musaei
1588 2097 1678 2123 verbis
1691 2097 1755 2132 licet
1768 2101 1799 2122 co

194 2137 336 2164 guoscere.

377 2139 448 2166 eque
460 2139 494 2159 ex
510 2132 554 2159 bis
575 2131 717 2165 duntaxat,
739 2140 834 2160 verum
853 2133 934 2161 etiam
947 2141 981 2161 ex
997 2131 1058 2162 aliis
1076 2133 1277 2168 antiquioribus
1295 2142 1302 2160 :
1316 2133 1423 2161 duobus
1437 2133 1541 2160 scilicet
1553 2131 1745 2168 Agathobulis,
1764 2137 1798 2164 qu

228 2235 285 2270 (l5)
303 2235 323 2261 Α
343 2254 350 2261 .
370 2255 376 2261 .
388 2254 405 2276 ,ί
423 2254 429 2260 .
451 2235 479 2262 1η
493 2242 543 2261 rus.
558 2239 618 2262 erat
632 2243 702 2262 accc.
719 2233 817 2262 Nescio
833 2242 866 2262 an
884 2235 929 2267 sit,
950 2243 980 2262 ac
996 2237 1018 2264 D
1033 2236 1268 2276 gendnmestfﬁ.
1284 2241 1313 2263 ut
1330 2235 1472 2276 sequentia
1486 2235 1683 2276 demonstrant.
1700 2234 1812 2262 Bucnen.

193 2279 234 2297 cc.
252 2278 286 2296 an
304 2278 335 2296 ac
349 2279 373 2296 c.
388 2270 505 2297 Bucuan.

230 2305 286 2340 (16)
303 2303 335 2330 Id
349 2310 388 2332 est
403 2313 451 2332 vtu
464 2304 611 2332 Kalendas.
628 2304 667 2332 Ita
679 2312 806 2339 expresse
819 2313 870 2331 ms.
885 2305 981 2337 codex,

193 2340 257 2367 licet
268 2340 445 2375 conformiter
455 2341 488 2367 ad
501 2340 683 2374 praecedentes
693 2348 821 2367 numeros
837 2340 981 2375 legendum

193 2380 268 2416 esset
281 2382 320 2436 XII.
347 2374 435 2402 Credo
461 2382 522 2402 esse
540 2383 635 2402 verum
661 2375 765 2410 antiqui
787 2379 878 2402 textus
899 2376 982 2402 vesti-

194 2417 278 2436 aium.
307 2418 334 2436 ο.

213 2417 278 2437 tum.
295 2417 334 2436 ID.

194 2418 384 2480 gililili)l'l;ixu
399 2444 513 2471 τοίνυν.
538 2443 586 2472 llic
603 2445 742 2472 subaudiri
767 2444 869 2479 aliquid
895 2445 982 2471 mani-

195 2480 294 2507 festum
320 2485 372 2506 est.
393 2480 661 2514 Christophorsonus
680 2480 788 2514 quidem
817 2481 915 2507 festum
935 2488 983 2514 pa-

194 2516 286 2550 schale
309 2514 450 2550 subaudiri
466 2515 648 2550 existimavit;
669 2515 742 2550 quod
764 2520 806 2542 est
824 2515 982 2543 absurdum.

193 2549 288 2584 Neque
311 2549 383 2577 enim
405 2549 508 2576 Pascha
527 2549 622 2576 incidit
647 2549 682 2576 in'
703 2551 873 2577 novilunium
904 2551 984 2585 primi

195 2586 308 2613 mensis.
325 2585 380 2615 Ego
393 2592 458 2620 vero
474 2585 600 2612 existimo
621 2586 794 2620 scribendum
819 2594 879 2613 esse
894 2586 982 2620 ἐχειςῑ

195 2621 237 2647 vel
254 2625 326 2647 certe
342 2621 387 2654 ἔχε
403 2620 429 2646 in
453 2619 624 2653 imperativo.
652 2619 749 2648 VALES.
765 2635 797 2640 -ο
810 2619 985 2648 Graecanica

194 2655 359 2686 Anatoliana
375 2655 494 2682 servavit
505 2655 585 2682 nobis
601 2655 735 2683 Eusebius
757 2656 829 2684 Hist.
856 2656 919 2683 eccl.
936 2656 983 2684 lib.

195 2697 245 2726 vn,
256 2697 320 2726 cap.
337 2685 382 2716 52.
399 2689 435 2715 Ea
450 2689 573 2716 sistimus
591 2691 661 2718 inter
676 2696 794 2726 veterem
811 2692 984 2726 interpretem

195 2724 408 2755 Bucheriauum,
427 2729 454 2752 et
474 2726 654 2752 recentiorem
673 2725 824 2753 Volusium.

233 2759 288 2794 (18)
300 2759 347 2795 ῨΤῇ
364 2761 428 2786 κατ’
443 2761 624 2794 Αἰγυπτίους
634 2760 693 2795 μὲν
708 2761 858 2795 Φαμενὼθ.
878 2761 905 2788 In
923 2762 981 2788 cod.

197 2794 278 2827 Μρι1.,
297 2794 364 2823 Fuk.
388 2795 527 2824 ctMazar.
545 2794 643 2832 legitur
657 2798 714 2832 τήν.
735 2794 787 2825 Sed
811 2798 923 2825 omnino
946 2798 983 2825 lc-

1068 2271 1125 2306 (19)
1138 2272 1193 2298 Καὶ
1206 2264 1316 2306 dgnis:ch
1330 2264 1384 2298 τοῦ
1398 2270 1520 2304 δρόμου.
1546 2269 1622 2296 Hanc
1637 2277 1742 2306 rvoccm
1765 2278 1814 2296 nou

1034 2306 1224 2334 intellexerunt
1236 2306 1407 2340 interpretes.
1419 2305 1531 2339 Ἀφεσις
1552 2305 1659 2339 proprie
1675 2310 1717 2332 est
1730 2309 1814 2332 trans-

1034 2349 1104 2368 enna
1118 2362 1125 2374 ,
1139 2349 1173 2368 ex
1187 2349 1241 2376 qua
1260 2342 1419 2376 emittuntur
1435 2340 1584 2376 quadrigae,
1605 2344 1729 2376 utircctc
1743 2345 1814 2366 nota-

1035 2377 1075 2417 vit
1088 2373 1208 2417 Scaliger
1219 2377 1245 2417 in
1261 2377 1332 2417 notis
1349 2375 1381 2402 ad
1395 2373 1606 2417 Manilium‘pﬂag.
1621 2374 1683 2401 126.
1699 2373 1813 2417 Primum

1034 2411 1115 2446 igitur
1131 2409 1378 2438 dodecatemorium
1396 2410 1541 2436 vocabatur
1554 2409 1664 2443 ἄφεσις,
1689 2410 1761 2444 quod
1784 2409 1813 2435 ab

1036 2446 1083 2473 illo
1101 2451 1230 2480 tanquam
1244 2454 1259 2473 a
1274 2445 1431 2474 carceribus
1444 2444 1576 2479 inciperet
1587 2452 1684 2480 cursus
1698 2445 1814 2480 planeta-

1036 2490 1106 2509 rum.
1125 2478 1237 2516 Ἀἱρεσις
1248 2489 1312 2516 ergo
1321 2481 1391 2507 idem
1405 2487 1445 2516 est
1458 2478 1531 2514 quod
1542 2479 1688 2516 ἀφετηρία.
1704 2478 1798 2516 Vates.

1072 2516 1127 2552 (20)
1143 2514 1211 2543 κάτ’
1228 2514 1325 2552 αὐτὴν
1333 2514 1552 2552 λαμὸᾴνονταςς
1563 2514 1813 2552 rOtunino‘scribcn-

1036 2549 1100 2579 dum
1119 2549 1166 2578 ἐει
1190 2552 1251 2578 κατ’
1278 2551 1355 2584 αὑτό,
1373 2549 1402 2577 ut
1425 2550 1481 2584 jam
1509 2551 1612 2585 pridem
1639 2549 1811 2585 conieceram.

1035 2589 1123 2621 Atque
1139 2588 1174 2614 ita
1191 2586 1345 2614 emendavit
1361 2585 1488 2621 Petavius
1496 2584 1522 2612 in
1539 2584 1812 2621 animadversionibus

1036 2622 1069 2648 ad
1079 2619 1273 2656 Epiphanium,
1292 2629 1353 2655 pag.
1370 2620 1433 2652 190,
1449 2620 1496 2656 ubi
1515 2621 1585 2647 hunc
1598 2619 1715 2656 Anatolii
1731 2619 1811 2645 locum

1038 2655 1181 2691 diligenter
1199 2657 1321 2690 exponit.
1336 2655 1364 2682 in
1380 2663 1434 2691 quo
1452 2655 1542 2691 etiam
1561 2655 1721 2691 exponendo
1742 2660 1812 2688 egre-

1038 2689 1108 2726 giam
1125 2689 1242 2726 operam
1253 2690 1493 2726 navavil/Egidius
1504 2690 1662 2726 Eucherius.
1677 2689 1714 2716 In.

1073 2726 1129 2762 (’21)
1143 2721 1223 2761 Ἠρὸς
1237 2725 1346 2753 αὐτῶν.
1363 2721 1490 2760 ιεᾷθνειω
1503 2726 1580 2761 πρός.
1602 2724 1679 2762 Nunc
1704 2731 1766 2762 vero
1789 2721 1811 2759 in

1037 2758 1199 2797 quibusdam
1211 2758 1325 2789 'sclredis
1351 2758 1456 2787 videtur
1469 2758 1611 2797 »οδέενπρό
1629 2781 1635 2788 ,
1649 2781 1655 2787 .
1675 2780 1682 2787 .
1697 2779 1703 2786 .
1730 2758 1766 2786 ita
1788 2758 1810 2782 tu

1037 2795 1198 2826 emendaud.
1215 2797 1247 2825 ad
1266 2797 1366 2825 calcent
1382 2797 1446 2824 edit.
1459 2795 1587 2824 Cantabr.
