1861 3052
185 89 239 116 215

749 90 777 117 S.
798 90 961 118 ANATOLII
979 90 1212 118 ALEXANDRINI

1758 93 1813 119 216

187 149 416 177 nionstratiouuin
447 151 552 185 copiam
585 151 691 185 exigere
724 151 968 185 prteteriiiittimus,

1053 151 1147 184 ιαύτας
1170 151 1223 178 τῶν
1244 151 1408 185 ἀποδείξεων
1431 151 1498 183 ὕλας
1525 150 1650 178 ἁπαιτῶν
1679 151 1752 186 (25),
1772 149 1812 177 ὧν

186 197 288 230 quibus
302 197 420 224 velamen
437 197 561 226 Mosaicae
575 197 641 232 legis
656 197 775 224 ablatum
792 202 834 225 est
849 207 855 224 :
871 202 898 224 et
911 198 973 233 qui-

187 242 240 270 bus
256 243 372 270 revelata
392 243 448 277 jam
480 243 550 271 facie
575 243 726 274 Christum,
751 244 908 278 Christique
924 244 973 271 do-

187 289 303 316 ctrinam
317 293 343 316 et
360 289 515 323 passionem
531 293 660 324 tanquam
674 289 700 316 in
717 290 827 324 speculo
843 290 972 324 deinceps

187 334 286 360 intueri
302 334 373 361 licet.
391 334 524 361 Caeterum
554 334 671 369 primum
690 343 810 362 mensem
826 335 898 370 apud
916 334 969 361 He-

187 380 277 408 braeos
292 381 363 408 circa
379 381 572 415 aequinoctium
598 382 717 416 incipere
743 382 885 409 manifeste
908 389 972 408 eon-

186 427 314 457 vincitur.
331 427 372 454 vel
387 435 420 455 ex
450 428 483 455 iis
498 430 641 464 praeceptis
656 437 718 464 quae
735 429 761 456 in
792 429 861 456 libro
877 428 971 455 Enoch

185 471 322 506 leguntur.

184 575 229 605 \‘l.
250 576 356 604 Pascha
381 585 433 605 non
451 578 502 604 nisi
526 583 584 611 post
609 583 770 604 transactam
785 576 972 611 mquinociium

467 612 660 641 celebrandum.

219 666 252 693 Et
278 666 338 694 ideo
371 667 397 694 in
426 667 478 695 hac
513 668 723 696 concordatioae
755 668 821 695 solis
850 672 877 695 et
901 667 972 695 luna:

183 710 288 740 Pascha
304 717 412 740 nonest
430 713 640 746 immolandum,
659 713 723 748 quia
736 713 857 748 quandiu
875 713 901 739 in
919 713 971 739 hoc

184 766 266 785 cursu
295 759 546 793 deprehenduntur,
573 759 747 787 tenebrarum
780 763 901 794 potestas
916 766 969 786 non

183 808 226 831 est
243 803 328 837 victa;
351 809 378 831 et
401 805 522 840 quandiu
539 805 681 840 mqualitas
694 805 765 833 inter
776 805 862 832 lucem
879 809 906 832 et
924 809 966 831 te-

183 851 283 879 nebras
296 851 435 886 perdurat,
449 859 499 879 nec
517 859 533 879 a
556 852 616 878 luce
629 851 773 883 diminuta,
795 850 898 878 Pascha
915 858 970 877 non

183 904 244 924 esse
275 897 473 924 immolandum
494 898 657 925 ostenditur.
689 897 794 925 Idcirco
817 904 884 932 ergo
909 901 972 932 post

183 943 378 978 aequinoctium
411 943 514 972 Pascha
545 944 681 971 immolari
711 944 879 978 praccipitur,
906 943 970 978 quia

184 996 228 1016 xw
244 989 308 1016 luna
321 995 383 1021 ante
398 990 604 1024 :BQUIIIOCIIUID,
623 994 651 1017 et
665 990 692 1016 in
709 989 873 1024 aequinoctio
887 993 970 1016 totam

184 1040 291 1062 noctem
310 1043 364 1062 non
388 1036 492 1070 implet.
519 1035 584 1062 Post
609 1036 802 1070 aequinoctium
823 1043 889 1063 vero
906 1036 971 1062 luna

183 1088 230 1107 xw
245 1087 298 1107 una
312 1081 356 1107 die
371 1081 486 1115 adjecta,
503 1081 576 1115 quod
594 1085 636 1108 est
650 1081 806 1115 :rquinoctii
818 1087 971 1116 transgres-

183 1133 242 1158 sus,
262 1125 325 1153 licet
349 1127 382 1152 ad
408 1133 501 1153 verum
519 1126 621 1157 lumen,
638 1126 664 1153 id
696 1131 737 1153 est
761 1131 849 1154 ortum
868 1126 933 1153 solis
944 1130 972 1153 et

183 1171 237 1198 diei
263 1171 426 1206 principium
442 1179 496 1198 non
511 1172 692 1206 pertenderit;
706 1177 796 1199 tamen
812 1177 874 1206 post
887 1180 916 1200 se
929 1177 971 1199 te-

185 1217 286 1245 nebras
311 1226 364 1245 non
390 1218 568 1252 derelinquet.
601 1217 663 1247 Ideo
693 1226 757 1249 ergo
783 1223 886 1252 septem
913 1218 971 1246 dies

183 1271 342 1299 azymorum
359 1263 392 1290 ad
414 1263 609 1291 immolandum
636 1263 741 1291 Paselia
770 1263 856 1300 Moysi
882 1271 896 1291 a
922 1263 972 1290 Do-

184 1309 258 1335 mitio
273 1308 402 1336 custodiri
415 1308 558 1344 jubentur,
583 1313 612 1336 ut
630 1309 657 1335 in
675 1309 742 1343 ipsis
756 1309 829 1336 nulla
846 1309 970 1336 tenebra-

185 1363 244 1381 rum
262 1360 380 1389 potestas
396 1355 483 1381 lucem
497 1354 654 1389 supergredi
677 1355 839 1381 inveniatur.
862 1353 896 1381 Et
909 1354 972 1381 licet

1029 198 1192 233 περιῄρηται
1216 197 1265 233 μὲν
1294 197 1323 224 τὸ
1345 197 1392 224 ἐπὶ
1418 197 1464 224 τοῦ
1495 197 1634 229 Μωῦσέως
1664 197 1738 232 νόμῳ
1760 198 1813 224 κὰ-

1026 243 1132 279 λυμμαν
1157 243 1412 279 ἀνακεκαλυμμένῳ
1434 243 1462 270 δὲ
1492 243 1531 278 τῷ
1554 243 1693 280 προσώπῳ
1721 243 1813 270 λοιπὸν

1026 289 1075 324 ἤδη
1104 289 1221 326 Χριστὸν
1245 290 1292 316 καὶ
1314 289 1348 316 τὰ
1375 289 1493 325 Χριστοῦ
1520 289 1563 316 ἀεὶ
1585 289 1813 326 κατοπτρίζεσθαι

1026 333 1176 370 μαθήματά
1195 343 1224 360 τε
1251 334 1298 361 καὶ
1324 334 1488 370 παθήματα.
1516 333 1569 361 Τοῦ
1591 334 1620 360 δὲ
1636 334 1682 361 τὸν
1704 334 1813 371 πρῶτον

1025 380 1089 415 παρ’
1123 379 1259 415 Ἑϐραίοις
1287 380 1360 415 μῆνα
1389 380 1454 416 περὶ
1483 380 1626 415 ἰσημερίαν
1657 378 1736 413 εἶναι,
1756 389 1813 407 πα-

1027 426 1176 460 ραστατικὰ
1211 425 1258 452 καὶ
1295 425 1331 452 τὰ
1366 427 1394 453 ὲν
1429 425 1468 461 τῷ
1508 425 1592 461 Ἑνὼχ
1629 425 1684 462 (26)
1722 426 1813 461 μαθή-

1026 480 1109 506 ματα.

1026 578 1052 600 et
1068 580 1120 599 non
1138 576 1180 599 est
1200 571 1414 599 communicatio
1437 570 1491 598 luci
1513 579 1576 598 cum
1591 571 1720 599 tenebris.
1740 571 1773 597 Et
1788 571 1812 599 si

1026 619 1054 645 in
1076 618 1157 646 tertia
1183 617 1275 652 vigilia
1304 617 1367 644 luna
1381 617 1528 649 scanderit.
1553 625 1608 645 non
1631 624 1673 645 est
1696 618 1812 645 dubium

1024 664 1118 691 lunam
1136 671 1193 691 χχιι
1208 664 1249 691 vel
1275 671 1344 702 xxiii
1368 663 1460 690 lunam
1485 668 1620 696 exortam,
1647 665 1674 690 in
1691 672 1745 699 qua
1764 672 1814 690 ve-

1025 717 1086 737 rum
1105 709 1208 737 Pascha
1227 702 1340 736 nonest
1355 709 1483 744 possibile
1508 709 1655 737 immolari.
1668 709 1735 737 Nam
1761 710 1811 744 qui

1025 756 1075 783 hac
1091 760 1170 783 aetate
1196 756 1268 782 luna:
1294 755 1399 782 Pascha
1415 755 1549 782 deﬁniunt
1565 763 1645 790 posse
1666 756 1813 787 celebrari,

1022 810 1076 829 non
1091 802 1180 829 solum
1194 801 1259 829 illud
1270 802 1431 829 auctoritate
1449 801 1548 828 divinae
1569 801 1719 836 Scriptum
1735 801 1811 829 δαιτ-

1022 855 1096 874 mare
1113 855 1166 874 non
1185 851 1310 882 possunt,
1329 848 1376 875 sed
1393 851 1420 874 et
1436 847 1571 881 sacrilegii
1586 851 1613 874 et
1624 848 1810 875 contumaciae

1022 894 1124 922 crimen
1137 913 1145 925 .
1163 898 1190 921 et
1205 894 1358 920 animarum
1381 893 1532 928 periculum
1553 893 1714 926 incurrunt;
1744 893 1814 920 dum

1022 940 1159 968 aIIirmaiit
1185 948 1275 967 veram
1294 940 1381 967 lucem
1399 948 1480 974 posse
1510 939 1646 966 immolari
1671 947 1733 967 cum
1760 941 1815 967 ali-

1022 992 1076 1020 qua
1093 984 1278 1012 dominatione
1306 985 1491 1018 tenebrarum,
1519 992 1580 1019 qua:
1604 985 1734 1012 omnibus
1759 986 1813 1013 do-

1024 1031 1155 1058 minetur.

1023 1088 1091 1115 VIII.
1113 1087 1211 1115 Contra
1227 1088 1355 1124 quosdam
1370 1087 1466 1115 Gallia:
1487 1089 1668 1123 computistas,
1685 1089 1730 1124 qui
1748 1089 1814 1116 lima

1111 1132 1158 1150 xxi
1172 1129 1196 1150 et
1212 1131 1269 1150 XXII
1285 1123 1389 1150 Pascha
1403 1124 1548 1158 legitimum
1564 1125 1729 1151 saiiciebant.

1057 1169 1141 1205 Igitur
1158 1178 1212 1196 non
1225 1174 1267 1196 est
1284 1169 1348 1196 huic
1372 1169 1517 1196 assertioni
1539 1170 1720 1202 contrarium,
1739 1169 1814 1196 sicut

1023 1216 1134 1251 quidam
1151 1216 1244 1243 Galliae
1261 1215 1347 1250 partis
1374 1215 1538 1249 computarii
1565 1214 1718 1247 afﬁrmant,
1742 1215 1813 1242 illud

1023 1262 1096 1297 quod
1113 1262 1139 1288 in
1156 1261 1249 1289 Exodo
1263 1261 1379 1295 legitur:
1399 1260 1492 1287 Primo
1505 1269 1600 1294 mense,
1618 1269 1664 1288 xw
1679 1261 1722 1287 die
1738 1269 1814 1287 meu-

1022 1307 1059 1333 sis
1074 1307 1152 1340 primi
1166 1306 1200 1333 ad
1226 1314 1360 1340 vesperum
1388 1307 1527 1333 comedetis
1544 1314 1647 1341 azyma,
1676 1314 1760 1341 usque
1778 1306 1812 1332 ad

1023 1353 1173 1379 vicesimum
1198 1353 1312 1387 primum
1337 1352 1406 1379 diem
1428 1353 1522 1380 mensis
1545 1353 1578 1379 ad
1593 1361 1738 1386 vesperum.
1764 1351 1812 1379 Se—

183 1405 301 1435 quatuor
314 1401 433 1428 noctium
447 1401 554 1428 initium
575 1402 755 1433 tenebrcscal,
781 1402 805 1428 id
822 1405 1003 1433 estxvnetc
1019 1403 1087 1432 ptem
1112 1397 1204 1424 diebus
1229 1397 1385 1432 fermentum
1396 1406 1447 1425 non
1471 1399 1617 1426 invenietur
1632 1399 1659 1426 in
1685 1399 1811 1426 domibus

184 1455 249 1474 xViii
265 1451 292 1474 et
307 1455 363 1481 xix,
388 1453 415 1475 et
428 1456 474 1479 xx.
499 1455 589 1476 tamen
607 1448 736 1482 vigesima
753 1449 814 1475 luna
843 1449 968 1476 tenebras

183 1493 292 1520 extendi
307 1501 394 1529 usque
418 1494 452 1522 ad
471 1495 558 1522 noctis
575 1495 695 1522 medium
714 1498 777 1521 ante
799 1499 895 1522 exorta
913 1501 967 1520 non

183 1540 321 1573 permittit.

183 1593 239 1624 VII.
267 1596 373 1623 Pascha
399 1596 533 1623 immolari
555 1597 619 1623 [una
647 1604 703 1623 xiiii
723 1604 774 1623 non
797 1596 851 1623 vult
868 1596 968 1623 Anato-

537 1631 599 1658 lius.

217 1676 301 1704 Nobis
328 1681 430 1709 autem,
455 1678 555 1711 quibus
587 1677 754 1711 impossibile
784 1682 825 1704 est
854 1681 883 1704 ut
912 1677 968 1704 lizrc

182 1723 275 1750 omnia
288 1730 343 1750 uno
357 1723 509 1758 eodemque
527 1728 646 1757 tempore
658 1729 719 1757 apte
740 1723 860 1755 veniant,
887 1723 912 1750 id
927 1728 969 1750 est

183 1769 248 1794 luna
261 1775 305 1794 xw
321 1771 349 1794 et
367 1767 425 1794 dies
445 1767 597 1799 Dominica,
623 1767 788 1802 requinoctio
810 1771 966 1800 transacto;

182 1819 210 1842 et
225 1820 296 1848 quos
323 1813 472 1841 necessitas
499 1812 646 1840 Dominica:
669 1812 878 1839 resurrectionis
901 1819 968 1838 con-

184 1858 302 1894 stringit,
321 1863 351 1886 ut
375 1859 403 1886 in
424 1859 468 1886 die
490 1857 630 1886 Duminica
654 1857 758 1884 Pascha
779 1857 967 1887 immolemus;

184 1905 344 1932 conceditur
358 1909 387 1932 ut
403 1912 488 1938 usque
515 1904 548 1930 ad
564 1903 720 1930 vicesimam
750 1903 843 1929 lunam
868 1902 968 1937 princi-

184 1951 261 1986 pium
277 1955 378 1978 nostraa
396 1949 577 1977 solemnitatis
601 1948 789 1976 extendamus.
803 1947 873 1980 Quia
895 1947 967 1974 vice-

184 1997 254 2024 sima
278 1998 341 2024 luna
353 1997 416 2025 licet
431 2002 513 2025 totam
530 2001 636 2024 noctem
661 2004 714 2023 non
739 1996 859 2030 impleat,
878 2000 967 2022 tamen

183 2043 210 2070 in
228 2043 347 2070 secunda
372 2042 463 2077 vigilia
487 2047 581 2070 exorta
605 2042 736 2075 majorem
764 2041 850 2068 noctis
864 2045 967 2075 partem

1022 1443 1113 1470 vestris
1127 1443 1147 1469 ¹.
1165 1441 1240 1469 Unde
1254 1442 1389 1470 aﬂirmant
1402 1443 1505 1470 Pascha
1519 1443 1546 1470 in
1569 1444 1700 1470 vicesima
1719 1443 1810 1478 prima

1022 1489 1085 1516 luna
1101 1496 1181 1523 posse
1209 1489 1363 1522 immolari;
1392 1489 1584 1524 intelligeiitcs,
1602 1490 1674 1524 quod
1702 1490 1727 1516 si
1746 1490 1810 1516 luna

1022 1542 1079 1561 xxu
1094 1535 1199 1568 adjecta
1214 1534 1306 1567 fuerit,
1318 1543 1366 1562 viii
1380 1535 1438 1562 dies
1449 1543 1607 1571 azymorum
1622 1536 1810 1564 inveniantur.

1022 1581 1101 1614 Quod
1125 1582 1152 1608 in
1180 1580 1270 1608 Veteri
1302 1582 1412 1616 quidem
1436 1581 1611 1610 Testamento
1639 1591 1694 1610 iion
1720 1588 1813 1618 potest

1023 1627 1198 1661 probabiliter
1212 1627 1339 1659 inveniri,
1362 1627 1478 1654 Domino
1504 1635 1551 1662 per
1567 1627 1687 1663 Moysem
1713 1630 1810 1663 praeci-

1023 1673 1138 1706 piente:
1169 1671 1272 1707 Septem
1301 1673 1392 1699 diebus
1423 1673 1561 1700 comedetis
1590 1681 1685 1707 azyma
1709 1674 1731 1699 ’.
1752 1673 1811 1700 Nisi

1023 1718 1093 1746 forte
1108 1719 1142 1746 ab
1164 1719 1205 1746 eis
1231 1719 1353 1747 decimus
1366 1727 1479 1754 quartus
1492 1720 1550 1747 dies
1568 1720 1595 1747 in
1625 1721 1730 1756 azymis
1746 1729 1810 1748 cum

1023 1764 1134 1792 Pascha:
1160 1765 1347 1793 immolatione
1382 1774 1435 1792 non
1463 1772 1676 1799 annumeratur;
1712 1772 1810 1794 contra

1022 1811 1159 1846 Evangelii
1173 1812 1287 1844 dictum,
1303 1812 1436 1839 dicentis:
1457 1812 1548 1838 Prima
1564 1817 1651 1839 anteiit
1679 1814 1722 1840 die
1748 1822 1812 1848 azyv

1023 1865 1124 1883 morum
1144 1862 1308 1884 accesserunt
1335 1858 1458 1891 discipuli
1476 1858 1510 1884 ad
1526 1857 1615 1885 Jcsunt
1629 1859 1649 1885 ⁸.
1670 1859 1743 1892 Quin
1764 1861 1812 1886 du-

1024 1902 1096 1929 bium
1122 1908 1243 1936 nonest,
1258 1904 1324 1936 quin
1337 1911 1382 1930 xw
1405 1903 1464 1931 dies
1492 1905 1537 1935 sit.
1562 1905 1588 1931 in
1608 1912 1661 1939 quo
1683 1905 1811 1940 discipuli

1023 1949 1166 1976 Dominum
1182 1950 1420 1985 interrogaverunt
1440 1950 1589 1977 secundum
1618 1958 1723 1977 morem
1738 1951 1811 1977 anti-

1022 1996 1114 2030 quitus
1144 1996 1195 2022 sibi
1220 1996 1398 2023 constitutum
1426 2005 1432 2023 :
1472 1995 1520 2022 Ubi
1547 1997 1584 2022 vis
1612 2005 1736 2031 paremus
1759 1997 1807 2023 tibi

1022 2041 1154 2068 comedere
1169 2041 1272 2068 Pascha
1282 2044 1295 2069 ἓν
1310 2041 1362 2068 Sed
1376 2041 1436 2069 ideo
1455 2042 1525 2069 hanc
1541 2042 1723 2077 adjectionem
1741 2043 1810 2069 πυτ.

184 2088 330 2116 illuminat.
347 2087 428 2115 Certe
459 2089 482 2115 si
500 2095 587 2122 usque
613 2088 647 2115 ad
672 2088 788 2114 duarum
814 2087 968 2122 vigiliarum
985 2084 1008 2113 Ι)
1023 2092 1107 2118 aiant,
1121 2087 1167 2122 qui
1181 2087 1207 2114 in
1220 2087 1271 2115 hoc
1282 2095 1374 2114 errore
1390 2087 1571 2122 decipiuntur,
1587 2088 1650 2122 quia
1668 2089 1808 2120 nesciunt,

183 2134 341 2166 terminum,
363 2133 436 2168 quod
461 2139 503 2160 est
527 2133 615 2160 noctis
637 2133 768 2164 medium,
794 2137 870 2159 ortus
897 2133 968 2160 lunae

183 2180 347 2211 tardaverit,
375 2186 429 2206 non
453 2178 500 2205 lux
516 2179 651 2209 tenebras,
673 2177 720 2205 sed
743 2177 861 2204 tenebrae
879 2178 966 2205 lucem

183 2229 323 2259 superant.
339 2224 418 2257 Quod
430 2230 533 2251 certum
549 2228 589 2251 est
606 2224 632 2250 iii
646 2223 750 2250 Pascha
766 2231 819 2249 non
831 2231 892 2250 esse
905 2231 967 2258 pos-

184 2270 273 2302 sibile,
289 2274 319 2297 ut
334 2270 424 2305 aliqua
440 2263 692 2304 pars'tenebi'aruiii
709 2268 764 2296 luci
790 2268 965 2296 dominetur:

183 2315 248 2350 quia
261 2315 419 2343 solemnitas
439 2315 587 2342 Dominicze
611 2313 822 2342 resurrectionis
835 2313 882 2341 lux
903 2319 964 2347 est;

219 2396 328 2424 ’Exod.
350 2405 400 2429 xii,
430 2396 473 2428 l8,
503 2396 544 2423 19.

221 2493 277 2529 (25)
303 2493 399 2526 ’Ὕλας
427 2493 477 2520 ἀπ’
493 2493 602 2520 αὐτῶν,
631 2493 720 2520 Nostri
743 2493 864 2529 quinque
892 2493 967 2520 codi-

184 2537 231 2557 ces
259 2527 314 2556 uno
338 2536 475 2556 consensu
510 2528 642 2563 scriptum
669 2528 769 2556 habent
797 2527 863 2560 ὕλας
885 2529 969 2554 ἀπαι-

184 2564 256 2591 τῶνο
275 2563 322 2591 sed
347 2563 374 2590 in
401 2564 494 2590 codice
520 2563 605 2598 Regio
629 2563 723 2590 eadem
751 2571 834 2590 manu
855 2563 969 2590 adnota-

184 2604 239 2629 tur.
266 2598 441 2626 scribendum
467 2606 528 2626 esse
549 2599 597 2625 ἀπ’
612 2598 712 2625 αὐτῶν.
745 2598 823 2626 Certe
850 2599 897 2625 ἀπ’
920 2598 970 2624 αὑ-

184 2634 238 2660 τῶν
254 2633 398 2668 legendum
421 2641 491 2664 esse,
519 2641 551 2660 ex
569 2634 744 2667 sequentibus
763 2638 883 2668 apparet.
909 2632 966 2660 Nisi

185 2669 257 2696 enim
271 2669 307 2703 ita
321 2669 430 2702 legeris,
447 2676 502 2703 quo
529 2668 630 2696 referes
659 2677 715 2703 ea,
735 2677 795 2703 qua:
815 2673 968 2702 sequuntur

185 2704 279 2744 verba,
290 2700 327 2730 ὧν
344 2700 519 2746 ᾖεριῄρτίται,
534 2704 607 2731 etc.?
622 2700 762 2746 Sedinwii‘n‘c
787 2712 817 2746 re
838 2700 967 2746 attentius

185 2739 352 2771 examinata.
382 2738 555 2767 scribendum
581 2747 679 2767 censeo
704 2739 769 2770 ὔλας
783 2738 921 2766 ἁπαιτῶνο
945 2738 968 2772 ᾧ

186 2773 360 2810 περιῄρητιιιγ.
372 2779 424 2802 etc.
441 2774 524 2803 ldoue
536 2779 564 2803 et
577 2782 684 2809 sensus,
697 2779 724 2802 et
738 2778 883 2810 syntaxeos
899 2773 968 2801 ratio

186 2809 314 2844 postulat.
336 2809 433 2838 VALIS.

584 2396 594 2411 '
609 2395 675 2422 Ibid.
704 2395 756 2428 i5;
775 2395 859 2422 Levii.
878 2404 957 2429 xxiii,
977 2397 1004 2424 6.

1022 2142 1070 2160 xiii
1088 2137 1114 2160 et
1139 2141 1194 2166 xiv,
1213 2141 1256 2160 xw
1272 2138 1299 2160 et
1322 2141 1366 2166 xv,
1382 2142 1414 2160 xv
1442 2139 1468 2161 ct
1483 2142 1537 2166 xw,
1555 2142 1598 2160 xvi
1624 2138 1650 2160 et
1667 2142 1734 2166 xrii,
1753 2143 1808 2161 xvu

1020 2185 1047 2206 et
1064 2187 1148 2211 xviii,
1173 2187 1240 2207 XVIII
1262 2185 1289 2207 et
1313 2187 1369 2211 xix,
1386 2188 1430 2206 xix
1444 2185 1470 2207 et
1483 2188 1527 2211 xii,
1542 2188 1576 2206 xx
1589 2185 1616 2206 et
1641 2188 1699 2212 xxi,
1715 2180 1808 2206 lunam

1021 2226 1212 2260 probatissime
1236 2226 1263 2253 in
1281 2234 1335 2253 uno
1357 2226 1400 2253 die
1420 2226 1544 2253 inveniri.
1575 2225 1670 2254 Omnis
1689 2234 1809 2261 namque

1020 2271 1078 2297 dies
1089 2270 1115 2296 in
1132 2270 1203 2297 lunae
1214 2270 1426 2305 computatione,
1441 2279 1496 2298 non
1510 2271 1603 2298 eodem
1621 2279 1737 2298 numero
1753 2279 1808 2306 quo

1020 2324 1099 2343 mane
1112 2316 1245 2349 initiatur,
1258 2317 1290 2343 ail
1307 2324 1447 2351 vesperum
1467 2317 1561 2345 linitur
1577 2326 1583 2343 :
1599 2317 1663 2352 quia
1676 2317 1736 2344 dies
1747 2326 1808 2352 qua:

1044 2398 1054 2413 ³
1072 2398 1166 2426 Matth.
1182 2407 1256 2430 xxvi,
1271 2399 1318 2431 l7;
1335 2397 1417 2426 Marc.
1429 2406 1484 2432 xw,
1500 2399 1551 2432 l2;
1571 2399 1638 2426 Luc.
1657 2406 1726 2431 xxii,
1743 2399 1768 2425 7.

1058 2494 1114 2528 (‘26)
1147 2495 1194 2522 Ἑν
1211 2495 1250 2528 τῷ
1267 2493 1365 2529 Ἑνώχ.
1384 2494 1463 2522 Liber
1478 2493 1569 2521 Enoch
1595 2495 1693 2522 citatur
1707 2503 1721 2522 a
1738 2495 1805 2523 Juda

1022 2530 1048 2556 iii
1063 2529 1184 2564 Epistola
1201 2530 1340 2558 canonica.
1371 2529 1436 2556 Erat
1461 2529 1528 2556 liber
1546 2530 1728 2564 apocryphus,
1758 2539 1807 2558 nec

1021 2565 1091 2591 inter
1118 2565 1265 2592 canonicos
1290 2564 1464 2592 Hebraeorum
1487 2565 1571 2591 libros
1597 2569 1737 2599 receptus.
1754 2566 1805 2592 Sed

1022 2605 1111 2626 tamen
1129 2600 1255 2634 apostoli,
1272 2608 1422 2634 eorumque
1438 2600 1561 2633 exemplo
1574 2600 1679 2634 antiqui
1696 2599 1802 2631 Patres,

1021 2635 1175 2662 testimonia
1190 2643 1222 2662 ex
1238 2635 1401 2670 apocryphis
1415 2635 1537 2670 proferre
1555 2642 1607 2662 non
1625 2635 1803 2670 dubitarunt:

1020 2677 1051 2696 ea
1064 2670 1178 2700 scilicet.
1195 2678 1256 2704 qua:
1276 2670 1310 2697 ad
1323 2669 1499 2696 astruendam
1516 2670 1655 2696 veritatem
1671 2669 1803 2702 Iacerent.

1021 2712 1055 2740 ex
1086 2705 1118 2732 iis
1142 2705 1283 2740 eligentes.
1315 2704 1381 2732 Vide
1415 2704 1559 2740 Georgium
1593 2704 1749 2740 Syncellum
1778 2705 1804 2731 in

1021 2739 1162 2774 Chronico,
1179 2739 1224 2775 ubi
1240 2740 1407 2768 luculentum
1432 2739 1614 2775 fragmentum
1633 2739 1714 2768 aﬂert
1727 2747 1761 2767 ex
1773 2740 1804 2768 ιι-

1021 2775 1078 2803 bris
1090 2775 1193 2804 Enoch.
1211 2774 1249 2803 In.
