1861 3052
46 119 86 146 ΞΠ
668 115 785 144 CANON
804 116 1007 144 PASCHALIS.

1587 115 1641 141 «ξιε

46 187 108 208 mut
121 179 144 205 in
159 178 232 209 luna,
249 178 275 205 id
288 183 328 205 est
353 186 440 213 usque
457 178 490 206 ad
506 182 609 206 sextam
623 184 650 206 et
662 179 804 206 dimidium
821 182 842 209 Α
857 185 894 206 est
914 180 1010 218 anima
1018 187 1075 205 mea
1089 186 1170 212 usque
1195 177 1228 204 ad
1249 182 1357 204 mortem
1372 175 1400 209 ‘;
1428 175 1501 203 aliud
1524 183 1586 202 cum
1605 175 1644 201 vi-

47 227 112 256 horar,
130 231 174 251 xiii
191 228 398 256 annumeratur,
426 223 521 251 eadem
549 224 582 251 ad
601 232 742 258 vesperum
760 234 804 252 xiv

47 271 168 298 invenitur.
190 269 270 297 Unde
291 277 357 305 ergo
374 274 400 296 et
414 269 518 297 Pascha
535 278 622 304 usque
652 271 685 297 ad
715 279 758 297 xxi
777 271 804 298 in

46 324 162 352 Vespeer
182 316 292 343 extendi
314 316 485 351 praecipitur;
502 323 563 350 quae
591 324 670 343 mane
686 316 745 343 sine
755 317 805 343 du-

45 364 87 396 bio,
105 363 128 389 id
140 367 179 390 est
201 370 289 397 usque
303 363 409 389 adeum
424 370 505 397 quem
532 363 650 390 diximus
677 363 804 390 li0rarum

46 410 176 439 terminum,
202 417 238 435 xx
266 408 426 435 habebatur.
443 409 573 443 Computa
589 415 654 442 ergo
667 416 682 435 a
700 408 752 435 ﬁne
768 416 806 435 xu

45 455 108 486 lunai,
122 454 189 488 quod
204 459 246 481 est
258 455 365 481 initium
377 463 431 486 xtv,
441 454 473 481 ad
484 455 564 481 ﬁnem
577 455 722 487 vicesimae,
736 454 806 480 unde

45 507 63 528 et
75 509 111 527 xxi
137 501 299 536 principium
326 501 486 534 inchoatur;
510 505 537 527 et
559 501 682 528 invenies
703 506 806 535 septem

44 553 128 573 tantum
153 547 210 574 dies
236 555 415 582 azymorum,
443 547 470 574 in
500 547 600 582 quibus
632 547 806 574 verissimum

43 592 127 619 Pascha
142 591 247 619 Domini
264 593 366 620 ducatu
380 592 543 627 praeﬁnitum
556 597 598 620 est
609 592 747 619 immolari
761 593 808 619 de-

43 639 100 666 Ilere.

44 695 78 723 IX.
95 695 186 723 Contra
208 704 253 724 eos
279 696 325 730 qui
343 701 395 723 tres
411 701 471 723 ante
485 695 601 723 Ciesaris
621 695 808 730 equinoctium

270 732 336 758 dant
352 731 479 758 Pascliati
495 731 561 758 dies.

71 774 113 802 Sed
131 775 190 809 quid
206 775 321 807 mirum,
333 775 356 802 si
377 775 404 802 in
426 783 470 802 xiii
488 776 551 802 luna
570 775 731 806 erraverint,
762 773 809 808 qui

45 826 87 847 tres
98 821 249 848 addiderunt
279 821 338 848 dies
352 826 415 848 ante
439 821 642 856 aequinoctium,
661 821 688 847 in
711 820 810 855 quibus

45 867 126 894 Pascha
150 868 285 895 immolari
317 875 396 902 posse
427 867 577 895 deliniant?
594 867 672 900 Quod
704 871 808 893 certum
826 861 847 889 Β

44 915 183 941 omnimodis
196 919 237 941 est
254 914 346 948 putari
366 914 524 945 absurdum,
542 921 604 940 eum
631 912 810 947 apertissimis

44 959 172 987 Judaeorum
187 960 428 994 liisloriographis,
443 965 470 987 et
492 959 562 986 LXX
578 958 740 986 Senioribus
756 959 810 986 evi-

45 1005 120 1031 denter
144 1005 285 1032 delinitum
315 1006 361 1038 sit,
379 1005 484 1033 Pascha
510 1005 537 1032 in
555 1005 721 1040 atquinoctlo
737 1005 808 1032 cele-

46 1051 102 1078 brari
118 1059 165 1078 non
177 1060 270 1087 posse.

46 1106 71 1134 Χ.
88 1109 254 1135 Asiaticorum
284 1118 342 1135 mos
368 1108 473 1135 Pascha
496 1116 542 1135 xiv
569 1108 632 1135 lima
661 1107 811 1135 celebrandi

57 1145 147 1204 quatis
162 1144 238 1178 feria,
262 1150 359 1171 contra
383 1144 454 1170 Petri
467 1149 491 1170 et
507 1143 588 1170 Pauli
613 1144 808 1170 auctoritatem.

87 1179 151 1204 'i'ctor
163 1186 186 1204 et
199 1180 334 1204 Irena'us.

87 1179 151 1206 'ictor
163 1186 186 1206 et
199 1180 334 1206 lrena'us.

73 1224 115 1252 Sed
130 1226 178 1252 illis
200 1226 270 1252 nihil
300 1225 415 1252 arduum
437 1225 498 1256 fuit,
515 1225 615 1260 quibus
634 1225 736 1252 licitum
752 1229 811 1251 erat

47 1272 160 1302 omnibus,
175 1272 287 1307 quando
304 1279 350 1298 xw
367 1272 430 1299 luna
451 1276 512 1306 post
527 1271 720 1305 aequinoctium
734 1272 810 1297 adve-

47 1317 122 1349 nisset,
144 1317 246 1345 Pascha
275 1318 427 1345 celebrare.
453 1317 574 1351 Quorum
598 1317 751 1352 exemplum
767 1325 811 1344 se-

47 1367 137 1395 quentes
148 1371 232 1398 usque
253 1363 337 1390 hodie
350 1359 444 1390 omnes
460 1363 532 1390 Asia;
557 1363 677 1398 episcopi
700 1362 811 1398 (quippe

46 1408 81 1441 qui
94 1413 117 1435 et
131 1409 178 1443 ipsi
193 1410 227 1436 ab
241 1415 359 1437 auctore
375 1409 617 1444 irrcprehensibili,
635 1408 741 1436 Joanne
757 1409 811 1436 sci-

47 1453 95 1480 licet
107 1456 273 1490 evangelista,
290 1460 320 1482 et
331 1455 448 1490 pectOris
460 1454 566 1482 Domini
582 1455 751 1486 incubatore,
764 1455 812 1481 do-

47 1499 169 1527 ctrinarum
184 1504 243 1529 sine
258 1502 348 1529 dubio
359 1501 518 1536 spiritalium
540 1505 673 1535 potatore,
687 1501 809 1535 regulam

47 1548 218 1580 susceperunt),
243 1548 434 1575 indubitanter
453 1547 581 1575 omnibus
598 1549 687 1580 annis,
702 1547 811 1582 quando

48 1592 142 1620 tivluna
158 1594 306 1628 adfuisset,
329 1599 356 1621 et
376 1603 462 1630 agnus
476 1595 547 1630 apud
561 1594 670 1622 Judaios
686 1595 811 1622 immola-

48 1643 113 1671 retur,
129 1640 293 1674 toquinoctio
305 1640 490 1672 transvadato,
506 1640 609 1668 Pascha
621 1640 808 1667 celebrabant:

49 1690 89 1710 non
112 1686 316 1720 acquiescentes
335 1686 489 1714 auctoritati
516 1687 709 1721 quorumdam,
725 1686 751 1713 id
770 1691 812 1713 est

49 1731 102 1757 Petri
115 1736 138 1758 et
152 1732 227 1759 Pauli
256 1739 468 1765 successorum;
487 1732 533 1766 qui
562 1739 660 1759 omnes
676 1731 811 1759 Ecclesias

49 1777 68 1804 in
78 1779 164 1812 quibus
177 1779 316 1813 spiritalia
332 1778 469 1813 Evangelii
494 1778 598 1805 semina
610 1783 749 1809 severum,
767 1785 811 1804 so-

49 1824 187 1852 lemnitatem
215 1825 432 1853 resurrectionis
456 1824 562 1851 Domini
585 1824 611 1850 in
639 1824 683 1851 die
706 1828 810 1851 tantum

49 1869 162 1898 Dominica
178 1879 257 1906 posse
289 1870 422 1898 celebrari
439 1871 599 1898 docuerunt.
618 1868 694 1896 Unde
706 1874 731 1896 et
746 1877 812 1896 con-

49 1918 114 1945 tentio
125 1919 241 1952 quaedam
254 1923 355 1945 exorta
369 1921 410 1944 est
433 1918 503 1944 inter
513 1924 607 1944 eorum
625 1924 810 1948 successm'es,

50 1959 159 1988 Victorem
173 1962 279 1989 scilicet
299 1961 428 1988 Romanae
441 1962 516 1988 urbis
525 1969 558 1988 co
573 1966 693 1996 tempore
708 1962 813 1996 episco—

49 2015 105 2041 pum,
115 2015 139 2037 et
152 2010 323 2046 Polycratem
342 2011 388 2045 qui
405 2014 469 2036 tunc
483 2011 509 2036 in
523 2010 659 2044 episcopis
674 2009 744 2036 Asia:
760 2010 812 2044 pri-

49 2061 129 2083 matum
141 2065 229 2091 gerere
243 2057 400 2085 videbatur.
412 2057 477 2089 Qua:
485 2057 519 2083 ab
529 2056 628 2083 lreiiieo
642 2061 705 2082 tunc
720 2055 813 2083 Galliae

50 2101 114 2132 partis
135 2104 245 2136 praesule
278 2103 436 2129 rectissime
461 2107 556 2137 pacata
584 2107 641 2135 est;
669 2102 812 2136 utriusque

50 2147 147 2178 partibus
161 2149 187 2175 iii
203 2158 253 2176 sua
273 2149 371 2183 regula
393 2147 638 2182 perseverantibus,
662 2155 711 2174 nec
727 2155 741 2173 a
756 2154 812 2174 cm-

49 2198 83 2225 plo
97 2195 256 2230 antiquitatis
270 2203 350 2222 more
366 2195 574 2222 declinantibus.
602 2193 641 2221 Illi
658 2194 766 2229 quidem
784 2194 811 2220 in

50 2239 240 2268 xivdieniensis
267 2241 351 2276 primi
383 2240 455 2267 diem
478 2239 590 2267 Pascha:
621 2240 813 2273 observabant,

50 2285 173 2312 Secundum
188 2286 381 2321 Evangelium,
399 2291 429 2312 ut
461 2286 602 2320 putabant,
619 2286 686 2312 nihil
703 2286 815 2312 omnino

50 2330 194 2359 extrinsecus
209 2332 353 2364 addentes,
372 2332 418 2359 sed
435 2332 494 2358 lidei
518 2332 638 2366 regulam
663 2339 710 2365 per
724 2332 815 2358 omnia

51 2381 227 2406 conservantes.
245 2378 278 2405 IIi
297 2383 390 2405 autem
408 2377 554 2405 Dominica:
578 2377 715 2412 passionis
743 2377 815 2404 diem

52 2424 207 2455 transeuntes,
230 2430 259 2452 ut
275 2425 386 2451 tristitia
403 2432 435 2450 ac
450 2431 567 2451 maerore
591 2424 731 2458 repletum,
746 2432 813 2451 con-

51 2465 148 2502 ﬁrmant,
165 2479 197 2498 ne
214 2472 295 2498 liceat
310 2470 470 2504 aliquando,
495 2469 547 2497 nisi
567 2470 594 2496 in
611 2470 656 2497 die
672 2470 813 2497 Dominica

52 2513 72 2539 iii
85 2523 130 2549 qua
144 2517 307 2544 resurrectio
319 2516 426 2543 Domini
442 2524 457 2542 a
475 2520 562 2542 morte
577 2514 647 2542 facta
661 2520 713 2547 est,
734 2519 762 2541 ct
786 2515 814 2542 in

52 2567 93 2592 qua
113 2562 183 2590 nobis
213 2568 307 2590 exorta
337 2566 379 2589 est
405 2562 576 2596 sempiternae
605 2569 688 2588 causa
704 2561 812 2593 lietilize,

54 2603 198 2635 Dominicuin
228 2608 342 2635 Pascha:
372 2608 509 2634 celebrare
536 2607 705 2642 mysterium.
733 2607 813 2634 Aliud

53 2658 108 2678 enim
121 2655 318 2681 eStscrundum
346 2653 419 2688 quod
443 2653 477 2680 ab
491 2653 631 2687 Apostolo,
655 2653 710 2679 imo
727 2660 742 2679 a
758 2652 813 2679 Do-

54 2697 111 2723 mino
125 2706 280 2734 pnncepium
304 2705 357 2732 est,
378 2707 439 2725 cuin
463 2699 623 2726 contristato
648 2699 813 2732 contristari,

53 2746 135 2771 etcum
146 2754 223 2774 cruce
237 2754 319 2781 passo
330 2746 460 2780 compati,
477 2746 536 2781 ipso
553 2746 660 2774 dicente
682 2756 689 2773 :
719 2745 813 2773 Tristis

82 2831 91 2847 ⁸
111 2832 196 2862 Matth.
223 2845 302 2869 xxvi,
329 2837 375 2863 58.
414 2836 423 2852 ⁸
451 2835 517 2864 Luc.
545 2845 596 2869 xv,
617 2837 633 2864 6

859 230 933 252 ctore
948 225 1088 252 inimicum
1105 224 1247 258 antiquum
1276 222 1471 256 triumphante,
1489 228 1521 248 ac
1536 227 1644 248 summo

860 271 998 305 triumpho
1027 270 1133 297 devii-to
1169 268 1326 296 adversario
1357 268 1464 294 laetante
1494 267 1643 298 colluctari,

860 317 975 351 ipsomet
1003 315 1196 350 pra‘cipiente:
1224 313 1453 349 Congralulamini
1483 313 1560 345 milii,
1583 313 1645 347 quia

859 363 946 389 inueni
963 370 1033 389 ovem
1047 370 1133 388 meam
1146 369 1225 396 quam
1249 360 1416 395 perdideram
1430 360 1451 386 '.

861 412 905 445 XI.
937 418 1048 446 Gemina
1071 418 1135 444 luna
1162 426 1206 444 xw
1230 422 1253 458 et
1278 424 1334 443 xvii
1352 417 1379 443 in
1403 415 1504 443 Christi
1528 422 1646 442 resurre-

1213 457 1306 479 ειιωιε.

896 499 962 526 Illud
991 503 1082 526 autem
1106 498 1178 532 quod
1204 498 1285 524 modo
1314 497 1393 524 noliis
1417 496 1544 528 innuunt,
1573 494 1646 530 quod

861 548 1034 583 transeuntes
1050 544 1143 570 lunam
1160 551 1205 569 xiv
1221 542 1384 577 principium
1399 541 1510 569 Pascha:
1525 541 1645 568 lucidum

861 590 998 618 celebrare
1026 596 1080 616 non
1104 596 1262 623 possumus,
1288 595 1339 614 nos
1362 595 1415 614 non
1440 591 1530 614 movet
1559 593 1648 621 neque

861 637 1015 664 conturbat.
1035 635 1110 664 Licet
1127 635 1210 666 enim,
1227 642 1315 668 usque
1338 633 1371 660 ad
1384 633 1542 660 vicesimam
1554 633 1646 659 lunam

861 682 1026 717 principium
1059 680 1172 708 Pascha:
1198 679 1319 711 extendi,
1348 678 1472 705 illicitum
1493 685 1553 705 esse
1579 677 1647 705 deﬁ-

862 730 1058 761 niant;lamen
1075 735 1161 762 usque
1186 727 1219 754 ad
1245 733 1289 753 xvi
1305 730 1333 753 et
1345 733 1414 758 xvii,
1436 732 1496 759 qua:
1511 723 1539 751 in
1554 723 1648 750 eadem

862 775 906 802 die
920 774 1048 802 eveniunt
1063 774 1090 800 in
1107 781 1161 808 qua
1174 773 1307 800 Dominus
1323 772 1473 799 resurrexit
1489 779 1504 797 a
1522 770 1648 802 mortuis,

864 820 991 855 protelari
1002 820 1111 851 debere,
1127 827 1226 855 negare
1250 826 1303 845 non
1323 822 1450 853 possunt.
1469 817 1520 844 Sed
1535 824 1585 843 nos
1603 824 1649 843 us-

861 874 915 901 que
928 866 960 893 ad
976 873 1011 893 xx
1026 866 1119 892 lunam
1136 869 1245 900 propter
1272 865 1344 892 diem
1366 863 1534 892 Dominicam
1553 862 1650 889 melius

860 912 969 939 extendi
985 911 1089 938 Pascha
1104 910 1288 943 decernimus,
1314 917 1396 944 quam
1413 913 1523 944 propter
1537 915 1583 934 xiv
1609 907 1650 933 lu-

861 965 923 986 nam
940 958 1011 984 diem
1028 957 1197 984 Dominicam
1221 957 1389 990 anticipare;
1409 956 1436 983 in
1454 962 1507 990 qua
1528 954 1608 981 nobis
1622 954 1649 980 in

862 1003 996 1038 principio
1020 1002 1077 1035 lux,
1100 1007 1126 1029 et
1152 1010 1225 1028 nunc
1240 1002 1267 1028 iu
1294 1001 1346 1028 ﬁne
1370 1001 1492 1028 omnium
1512 1000 1648 1026 bonorum

862 1050 1035 1085 praesentium
1046 1049 1190 1077 commoda
1203 1053 1229 1076 et
1240 1049 1362 1082 auspicia
1375 1047 1528 1074 futurorum
1540 1052 1650 1074 ostensa

861 1101 934 1122 sunt.
948 1095 1017 1128 Quia
1033 1103 1086 1121 non
1100 1095 1205 1121 minore
1218 1094 1296 1120 laude
1323 1092 1454 1120 Dominus
1465 1093 1536 1119 diem
1552 1092 1650 1119 vicesi-

862 1150 935 1168 inum
970 1142 1155 1176 prosequitur,
1187 1148 1269 1175 quam
1294 1140 1429 1167 decimum
1462 1143 1602 1173 quartum.
1621 1137 1650 1164 In

862 1188 982 1215 Leuitico
1009 1195 1128 1222 namque
1164 1187 1200 1214 ita
1225 1186 1406 1221 praecipitur:
1443 1183 1531 1212 Mense
1553 1185 1650 1218 primo,

861 1234 962 1260 decimo
998 1239 1092 1268 quarto
1128 1233 1170 1259 die
1208 1232 1305 1258 mensis
1335 1231 1414 1265 hujus
1449 1231 1482 1257 ad
1518 1237 1650 1264 uesperum

861 1280 942 1314 phase
968 1279 1075 1305 Domini
1090 1283 1138 1306 est.
1157 1277 1190 1304 Et
1201 1278 1303 1304 decimo
1326 1278 1418 1312 quinto
1433 1277 1475 1303 die
1491 1277 1587 1302 mensis
1603 1275 1650 1301 liu-

857 1326 903 1360 jits
923 1325 1075 1352 solemuitas
1091 1332 1243 1358 azymorum
1258 1323 1366 1350 Domini
1378 1328 1426 1349 est.
1443 1321 1546 1356 Septem
1560 1321 1650 1348 diebus

862 1379 958 1406 azyma
973 1370 1124 1397 comedetis.
1143 1369 1205 1396 Dies
1232 1371 1333 1404 primus
1354 1371 1404 1396 erit
1419 1369 1490 1396 vobis
1515 1368 1650 1395 celeberri.

863 1425 920 1444 nius
930 1422 955 1443 et
970 1421 1085 1444 sanctus.
1104 1415 1186 1443 Omne
1199 1423 1263 1450 opus
1281 1416 1373 1442 servile
1389 1423 1440 1441 non
1456 1415 1559 1449 facietis
1573 1414 1649 1440 ineo.

862 1462 925 1490 Dies
940 1468 1028 1489 autem
1045 1463 1170 1496 septimus
1183 1462 1233 1488 erit
1257 1461 1328 1488 vobis
1341 1461 1467 1487 celebrior
1482 1465 1506 1486 et
1522 1459 1649 1486 sanctior.

864 1509 947 1536 Omne
963 1517 1028 1543 opus
1055 1507 1147 1535 seruile
1171 1516 1224 1534 non
1239 1507 1344 1542 facietis
1362 1508 1388 1533 in
1403 1515 1432 1532 eo
1448 1507 1469 1533 ⁵.
1490 1505 1522 1532 Ει
1549 1505 1651 1532 idcirco

865 1555 1069 1585 conﬁrmamus,
1090 1553 1157 1580 nihil
1173 1553 1258 1588 culpae
1281 1552 1451 1580 contraxisse
1465 1558 1513 1578 eos
1525 1555 1587 1578 ante
1604 1551 1651 1579 tri-

864 1601 946 1629 bunal
971 1601 1083 1632 Christi,
1111 1601 1157 1634 qui
1189 1600 1216 1626 in
1241 1599 1315 1625 hunc
1327 1598 1399 1626 diem
1427 1598 1537 1624 initium
1552 1597 1652 1624 solem-

865 1647 959 1674 nitatis
987 1646 1099 1674 Pasch-.o
1122 1645 1231 1672 extendi
1262 1645 1361 1672 debere
1390 1647 1567 1671 censuerunt.
1599 1641 1652 1668 Ma.

865 1693 937 1720 xime
948 1701 1010 1720 cum
1029 1693 1115 1719 tribus
1145 1691 1278 1726 angustiis
1303 1694 1494 1722 eoarctatnur;
1512 1688 1537 1715 id
1566 1692 1607 1715 est
1623 1691 1652 1714 ut

865 1739 892 1765 in
913 1739 956 1766 die
980 1738 1121 1765 Dominica
1152 1737 1352 1764 solemnitatem
1377 1735 1489 1763 Pascha;
1515 1741 1651 1761 veneran-

865 1790 922 1817 tes,
947 1784 1110 1819 aequinoctio
1128 1783 1311 1815 lransvadato,
1338 1789 1373 1808 xx
1394 1781 1489 1808 lunam
1506 1787 1561 1807 non
1577 1787 1653 1807 exce

865 1831 973 1857 damus.
1554 1833 1562 1837 -

865 1887 923 1914 XII.
945 1887 1128 1919 Quorumdam
1145 1886 1267 1920 objectio,
1290 1893 1340 1911 non
1356 1892 1430 1918 posse
1448 1883 1652 1920 Pasc/iarspatio

902 1930 947 1949 xix
977 1931 1105 1948 annorum
1126 1919 1226 1956 semper
1248 1922 1276 1947 in
1294 1920 1432 1946 Dominica
1445 1919 1566 1945 inveniri.
1581 1920 1653 1945 Ana-

902 1958 960 1984 tolii
974 1958 1117 1991 responsio.

903 2014 954 2041 Sed
968 2015 1018 2041 hoc
1036 2014 1069 2041 ab
1095 2014 1155 2040 aliis
1169 2013 1338 2048 sapientibus
1361 2015 1387 2037 et
1404 2010 1572 2038 acutissimis
1587 2011 1652 2037 \ii'is

867 2061 1035 2095 impossibile
1049 2067 1109 2087 esse
1123 2060 1260 2091 delinitur,
1283 2059 1355 2094 quod
1380 2059 1406 2084 in
1427 2058 1471 2084 illo
1497 2061 1612 2091 angusto
1625 2060 1652 2082 ct

866 2106 1029 2133 brevissimo
1050 2114 1094 2132 itix
1123 2113 1258 2132 annorum
1288 2104 1382 2131 circuli
1410 2103 1514 2138 spatio,
1544 2101 1651 2127 Pascha

867 2152 1052 2185 verissimum,
1070 2152 1095 2179 id
1112 2152 1191 2178 estin
1207 2152 1251 2178 die
1277 2151 1430 2183 Dominica,
1458 2148 1650 2183 inquinocliuin

830 2208 851 2234 ο
867 2200 1068 2235 transgrediens
1096 2198 1260 2225 inveniatur.
1279 2196 1330 2223 Sed
1349 2204 1398 2224 nos
1424 2200 1453 2222 ut
1481 2194 1651 2221 manifestius

865 2246 912 2272 ﬁat
928 2245 990 2277 hoc,
1019 2244 1092 2278 quod
1115 2243 1170 2270 illis
1196 2243 1414 2270 incredulitatem
1444 2240 1558 2271 inducit,
1574 2238 1650 2265 illum

864 2297 943 2325 queui
959 2289 1078 2316 diximus
1096 2295 1230 2314 annerum
1252 2288 1394 2318 circulum,
1420 2293 1481 2313 cuin
1501 2285 1570 2311 luna:
1589 2291 1652 2310 cur-

865 2337 942 2364 sibus
965 2342 1113 2370 ponemus;
1140 2334 1304 2368 computatis
1337 2339 1398 2360 ante
1423 2333 1528 2365 diebus,
1552 2331 1652 2366 quibus

866 2382 1015 2416 reciprocis
1044 2380 1170 2407 cursibus
1192 2380 1339 2406 involvitur
1362 2387 1466 2412 annus,
1498 2379 1524 2405 in
1549 2378 1652 2405 Kalen-

865 2429 918 2461 dis,
942 2432 969 2455 et
994 2427 1096 2458 Idibus,
1120 2431 1148 2453 et
1162 2425 1258 2456 Nonis,
1282 2429 1309 2452 et
1327 2426 1393 2452 solis
1418 2433 1531 2452 ascensu
1550 2430 1577 2451 et
1603 2426 1650 2451 de-

866 2481 974 2500 SCCIISII.
1651 2473 1653 2475 '

883 2519 951 2546 XIII.
972 2518 1057 2545 Lunai
1071 2523 1137 2544 ictas
1163 2518 1188 2544 in
1205 2516 1368 2543 Kalendario
1381 2515 1492 2542 Iuliano
1505 2523 1632 2550 expansa.

899 2564 1045 2591 Januarius
1063 2563 1089 2590 in
1107 2562 1244 2594 Kalendis,
1259 2570 1312 2589 una
1328 2562 1397 2593 dies,
1421 2562 1485 2588 luna
1499 2561 1594 2595 prima.
1620 2561 1649 2587 In

867 2609 951 2637 Nonis
968 2611 1062 2645 quinta
1078 2610 1145 2641 dies,
1163 2609 1227 2636 luna
1243 2609 1270 2636 5.
1283 2609 1312 2635 In
1328 2608 1431 2640 Idibus,
1455 2608 1572 2640 15vdies,
1587 2608 1650 2633 luna

868 2657 911 2684 15.
929 2656 956 2683 In
979 2656 1066 2691 pridie
1089 2655 1223 2682 Kaiendas
1238 2655 1390 2687 Februarii,
1414 2655 1444 2681 51
1462 2655 1529 2687 dies,
1543 2654 1605 2680 luna
1626 2654 1649 2680 I.

867 2702 895 2729 In
912 2701 1040 2729 Kalendis
1067 2701 1218 2733 Februarii,
1245 2702 1359 2730 5‘2dics.
1377 2701 1440 2727 luna
1465 2701 1492 2727 εὶ.
1514 2701 1540 2726 ln
1555 2699 1648 2730 Nonis,

866 2747 901 2775 56
919 2748 987 2780 dies,
999 2747 1064 2774 luna
1077 2747 1103 2774 6.
1118 2747 1146 2774 In
1163 2747 1265 2781 Idibus,
1288 2748 1324 2775 44
1336 2747 1404 2780 dies,
1420 2747 1484 2775 luna
1501 2746 1542 2774 14.
1553 2745 1582 2774 In
1595 2746 1652 2781 pri-

689 2837 699 2853 ⁶
725 2836 811 2865 Levit.
828 2846 906 2870 xxiii,
924 2835 982 2863 5-7.
