1861 3052
199 103 252 130 919

590 104 619 130 S.
639 99 804 129 ANATOLII
822 98 1053 127 ALEXANDRINI
1071 99 1187 127 CANON
1207 100 1401 129 PASCIIALIS

1774 101 1837 128 2ἓο

198 164 242 191 die
264 163 401 191 Kalendas
424 163 524 196 Martii,
551 163 586 190 59
607 163 676 195 dies,
695 162 758 189 luna
786 162 831 190 29.
859 161 986 189 Kalendis
1000 163 1024 191 Α
1037 160 1133 194 Nonis,
1146 162 1199 188 218
1215 162 1284 193 dies,
1308 161 1428 189 Iuna1‘3.
1447 161 1475 188 In
1491 161 1593 194 Idibus,
1608 161 1662 189 ‘256
1674 162 1744 192 dies,
1763 162 1835 189 luna

199 210 300 243 Martii,
317 210 352 236 60
365 210 434 241 dies,
452 209 515 236 Iuna
532 209 556 235 1.
575 209 602 235 In
623 208 719 241 Nonis,
731 208 766 235 66
784 208 852 241 dies,
872 208 936 234 luna
958 207 983 235 7.

198 256 228 284 In
243 257 345 290 Idibus,
369 255 403 283 74
427 255 497 287 dies.
522 255 586 282 Iuna
609 254 652 282 15.
682 255 711 282 In
736 254 824 289 pridie
851 253 987 281 Kalendas

198 303 310 338 Aprilis,
324 302 360 330 90
374 302 443 334 dies,
462 301 525 328 luna
541 301 568 328 2.
596 300 724 328 Kalendis
738 300 849 335 Aprilis,
867 300 899 327 91
915 299 985 333 dies,

198 349 262 375 Inna
278 349 305 375 5.
325 348 353 375 In
370 346 466 380 Nonis,
479 347 514 374 95
538 347 608 378 dies,
636 347 700 374 luna
724 346 750 373 7.
778 346 806 373 In
821 346 923 377 Idibus,
936 345 988 373 105

198 394 266 425 dies.
281 395 344 421 Iuna
361 394 405 421 15.
433 393 461 420 In
487 394 572 428 pridie
595 393 731 421 Kalendas
755 393 828 426 Maii,
853 392 905 419 1³20
916 392 985 426 dies,

197 435 262 466 Iuna
279 439 305 465 5.
324 437 453 466 Kalendis
470 438 544 471 Maii,
561 438 609 465 12I
627 439 697 471 dies,
715 438 779 465 luna
801 439 828 465 1.
846 438 874 465 In
891 437 986 471 Nonis,

197 484 249 512 127
260 485 330 516 dies,
346 485 411 512 luna
427 484 470 512 10.
489 484 517 511 In
531 484 633 517 Idibus,
653 485 705 512 155
721 485 790 518 dies,
819 485 883 512 luna
900 485 942 512 18.
958 484 987 511 In

196 530 284 565 pridie
301 529 438 558 Kalendas
454 529 539 563 Junii,
565 531 612 557 151
629 531 698 563 dies,
722 531 787 558 luna
815 531 842 558 5.
858 530 988 558 Kalendis

196 574 283 607 Junii,
303 576 355 602 152
370 575 439 607 dies,
454 575 519 602 luna
541 575 568 602 5.
594 575 625 602 In
646 574 743 608 Nonis,
761 575 811 603 155
825 576 895 608 dies,
923 577 986 604 luna

197 620 224 648 9.
241 620 270 647 In
293 621 395 653 Idibus,
410 621 461 648 161
473 621 541 654 dies,
558 621 624 648 luna
643 621 686 648 17.
703 622 733 648 In
755 622 840 657 pridie
852 621 987 649 Kalendas

197 666 273 699 Julii,
299 667 347 694 181
365 667 434 700 dies,
466 667 532 694 luna
547 667 572 694 5.
598 666 725 696 Kalendis
749 667 824 701 Julii,
845 669 896 695 182
917 669 985 700 dies,

198 714 262 741 luna
277 713 303 740 6.
324 713 354 740 In
375 713 470 746 Nonis,
499 713 550 741 188
573 714 642 746 dics,
674 714 739 741 luna
768 715 811 742 1‘2.
830 714 858 741 In
884 715 986 748 Idibus,

199 759 250 786 196
262 759 332 790 dies,
347 760 411 786 luna
424 760 469 786 20.
487 759 516 786 In
534 760 621 795 pridie
648 759 783 788 Kalendas
798 761 987 796 Augusti,2l2

198 806 268 838 dies,
283 805 349 832 luna
367 805 392 833 5.
409 804 537 832 Kalendis
563 806 690 842 Augusti,
717 805 771 832 215
785 805 855 839 dies,
879 806 942 833 luna
960 807 985 832 7.

198 851 229 878 In
242 850 338 885 Nonis,
353 851 407 878 217
420 851 490 884 dies,
503 851 567 878 Iuna
599 851 643 878 12.
673 850 701 878 In
725 850 828 885 Idibus,
844 852 898 880 225
916 852 984 886 dies,
1004 842 1024 869 Β

199 898 263 925 luna
289 898 332 931 19.
345 897 373 924 In
389 897 475 932 pridie
496 897 631 925 Kalendas
654 897 832 932 Septembris,
847 897 901 926 215
915 899 984 931 dies,

199 945 263 974 luna
273 945 299 974 7.
314 945 442 973 Kalendis
468 944 647 979 Septembris,
672 944 726 971 241
741 944 811 977 dies,
831 945 895 972 luna
912 945 939 972 8.
956 946 985 972 In

392 1012 591 1036 .EQUINOCTIUM.
799 1013 878 1032 LUNA.

291 1066 319 1092 1.
433 1064 560 1093 Sabbalo.
787 1065 881 1093 XXVI.

290 1114 318 1140 2.
428 1112 582 1141 Dominica.
785 1113 840 1140 VII.

286 1162 313 1189 5.
422 1159 456 1187 11.
478 1160 570 1188 Feria.
785 1160 877 1190 XVIII.

286 1211 314 1238 ι.
424 1208 469 1237 Ill.
488 1209 579 1237 [πενία.
780 1208 878 1237 XXIX.

285 1260 313 1287 5.
423 1259 468 1287 IV.
486 1259 578 1287 Feria.
782 1258 816 1286 X.

287 1310 313 1336 6.
423 1308 457 1336 V.
480 1308 572 1335 Feria.
780 1306 853 1335 XXI.

289 1356 314 1382 7.
424 1356 542 1384 Sabbalo
558 1355 626 1391 (Ἦ).
784 1355 816 1383 11.

289 1405 315 1430 ὅ.
424 1403 575 1430 Dominica.
783 1402 855 1429 XIII.

287 1452 314 1479 9.
423 1451 456 1478 II.
474 1451 566 1478 Feria.
782 1450 878 1477 XXIV.

273 1499 318 1527 10.
428 1498 472 1526 Ill.
491 1498 583 1526 Feria.
787 1497 818 1524 V.

271 1547 315 1573 11.
426 1545 471 1572 IV.
494 1545 584 1572 Feria.
784 1543 853 1570 XVI.

272 1593 316 1619 12.
427 1591 458 1619 V.
478 1591 569 1618 Feria.
784 1589 890 1618 XXVII.

272 1638 316 1664 15.
425 1635 470 1663 VI.
486 1635 579 1662 Feria.
785 1635 852 1663 VIII.

275 1686 284 1711 I
293 1686 317 1711 1.
428 1682 553 1710 Sabbalo.
781 1682 841 1710 XX.

273 1733 318 1759 15.
427 1731 578 1759 Dominica.
785 1732 804 1758 1.

274 1781 317 1806 16.
426 1779 455 1806 II.
476 1779 568 1806 Feria.
780 1779 837 1807 XII.

274 1827 317 1854 17.
427 1826 472 1855 IV.
493 1826 574 1854 Feria
592 1828 660 1863 (‘28).
785 1827 880 1856 XXIII.

274 1875 318 1901 18.
429 1874 462 1902 ν.
478 1874 570 1903 Feria.
784 1876 832 1904 IV.

276 1922 319 1949 19.
428 1921 472 1949 VI.
493 1922 584 1950 Fcria.
789 1923 850 1952 XV.

1038 207 1083 234 20.
1107 207 1133 234 In
1148 207 1234 242 pridie
1255 207 1390 235 Kalendas
1406 207 1543 241 Octobris,
1563 208 1617 235 2'75
1633 209 1702 240 dies,
1718 208 1782 234 luna
1801 209 1834 235 8.

1038 253 1168 281 Kalendis
1179 253 1317 287 Octobris,
1338 253 1392 282 274
1407 254 1478 287 dies,
1494 255 1558 281 luna
1572 254 1600 282 9.
1616 254 1644 281 In
1665 253 1762 287 Nonis,
1776 254 1840 282 280

1040 300 1109 334 dies,
1128 300 1190 327 luna
1205 299 1247 327 I5.
1264 300 1292 327 In
1306 299 1410 332 Idibus,
1423 300 1476 328 9.88
1492 301 1561 333 dies,
1575 300 1639 327 luna
1660 300 1706 327 25.
1726 301 1754 328 1η
1774 302 1838 335 pri-

1038 345 1083 373 die
1100 344 1235 373 Kalendas
1262 345 1434 378 Novembris,
1449 345 1502 372 504
1518 345 1589 377 dies,
1604 345 1668 372 luna
1679 346 1707 373 9.
1727 345 1839 372 Kalen-

1039 391 1082 420 dis
1098 390 1269 423 Novembris,
1285 392 1338 419 505
1365 392 1433 425 dies,
1459 391 1522 418 luna
1540 392 1583 419 10.
1609 391 1637 418 In
1652 391 1750 425 Nonis,
1777 392 1839 419 509

1039 437 1108 469 dies,
1121 438 1185 464 luna
1200 437 1243 463 14.
1268 436 1296 463 1η
1315 436 1416 470 Idibus,
1430 436 1482 463 517
1504 436 1573 469 dies,
1592 437 1655 464 luna
1669 437 1715 464 22.
1729 436 1759 464 In
1772 438 1839 472 pri-

1038 483 1083 510 die
1101 483 1237 510 Kalendas
1263 482 1430 516 Decembris,
1455 483 1508 510 554
1523 483 1592 516 dies,
1622 483 1687 510 Iuna
1710 482 1755 510 10.
1782 483 1840 510 Ka-

1039 529 1127 557 lendis
1143 529 1309 561 Decembris,
1327 529 1381 556 555
1397 529 1466 559 dies.
1485 529 1548 555 luna
1566 529 1609 555 11.
1622 528 1649 555 In
1664 528 1763 561 Nonis,
1778 529 1838 556 559

1038 576 1108 609 dies,
1124 576 1190 603 Iuna
1208 576 1250 603 15.
1270 575 1298 602 In
1316 575 1418 607 Idibus,
1445 574 1497 601 517
1513 575 1583 607 dies,
1599 575 1662 602 luna
1676 575 1722 602 25.
1739 574 1839 601 Pridie

1039 622 1174 649 Kalendas
1190 621 1324 653 Januarii.
1335 622 1388 649 365
1401 621 1470 654 dies,
1492 621 1556 648 Iuna
1579 621 1621 648 11.
1639 621 1723 648 Kalen
1735 621 1772 648 Iis
1786 620 1840 648 Ja-

1039 670 1140 702 nuarii,
1154 668 1206 696 566
1225 668 1292 699 dies,
1311 668 1373 694 luna
1394 669 1436 695 12.

1186 714 1257 742 XIV.
1281 714 1382 741 Tabula
1394 714 1527 749 paschalis
1546 713 1677 740 Anatolii.

1074 761 1152 790 Nunc
1165 766 1255 791 autem
1271 767 1331 796 post
1348 762 1580 796 computationem
1600 761 1706 788 dierum
1722 766 1751 788 et
1763 760 1841 789 luna:

1040 816 1151 835 cursum
1175 812 1328 840 ostensum,
1347 807 1448 842 quibus
1476 807 1503 834 in
1530 807 1610 834 linem
1636 815 1726 843 usque
1748 808 1840 834 volvi-

1041 858 1086 881 tur
1101 858 1185 887 totuS,
1198 861 1334 880 annorum
1348 853 1445 880 circuli
1466 853 1630 888 principium
1645 854 1839 881 inchoandum

1039 904 1092 927 est.
1121 899 1178 926 Hoc
1196 898 1301 926 Pascha
1317 907 1333 925 a
1347 906 1373 925 γι
1390 897 1525 925 Kalendas
1542 898 1654 931 Aprilis,
1672 906 1756 933 usque
1767 899 1794 925 in
1812 906 1840 925 ix

1041 945 1178 973 Kalendas
1191 944 1267 971 Maii.

1127 1013 1235 1032 PASCIIA.
1591 1011 1670 1030 LUNA.

1032 1066 1090 1093 XV.
1112 1065 1227 1092 Kalend.
1242 1065 1320 1098 Maii,
1588 1064 1683 1092 XVIII.

1031 1114 1161 1142 Kalendis
1177 1114 1288 1148 Aprilis.
1587 1114 1656 1142 XIV.

1029 1162 1075 1190 XI.
1095 1162 1233 1190 Kalendas
1248 1162 1325 1189 Maii.
1587 1161 1658 1190 XVI.

1029 1209 1124 1238 Idibus
1136 1210 1248 1246 Aprilis.
1587 1209 1660 1237 XIX.

1028 1258 1074 1287 IV.
1097 1258 1211 1286 Kalend.
1226 1258 1327 1294 Aprili:
1587 1256 1658 1284 XIV.

1028 1306 1100 1335 XIV.
1121 1306 1237 1334 Kalend.
1252 1307 1332 1335 Maii.
1588 1305 1659 1333 XVI.

1030 1355 1076 1383 Vl.
1098 1354 1213 1382 Kalend.
1229 1355 1343 1390 Aprilis.
1587 1353 1673 1381 XVII.

1031 1402 1162 1429 Kalendis
1173 1402 1282 1437 Aprilis.
1588 1400 1648 1428 XX.

1030 1449 1125 1478 XVIII.
1145 1449 1263 1477 Kalend.
1281 1449 1359 1477 Maii.
1589 1449 1649 1476 XV.

1034 1497 1101 1525 VIII.
1125 1497 1190 1525 ldus
1206 1497 1316 1533 Aprilis.
1591 1497 1652 1526 XV.

1031 1543 1076 1572 IV.
1097 1543 1213 1571 Kalend.
1229 1543 1340 1579 Aprilis.
1589 1543 1649 1572 XX.

1030 1590 1074 1618 III.
1096 1591 1163 1618 Idus
1177 1591 1285 1626 Aprilis.
1589 1589 1651 1618 XV.‘

1032 1635 1076 1663 III.
1100 1635 1193 1663 Nonas
1210 1636 1320 1671 Aprilis.
1588 1635 1671 1664 XVII.

1030 1683 1078 1710 IX.
1100 1683 1217 1712 Kalend.
1234 1683 1310 1710 Maii.
1590 1683 1650 1711 XX.

1031 1732 1077 1760 VI.
1098 1732 1165 1759 ldus
1177 1731 1290 1767 Aprilis.
1593 1730 1653 1758 XV.

1029 1781 1063 1808 Il.
1087 1780 1208 1807 Kalend.
1223 1780 1336 1815 Aprilis.
1591 1778 1686 1808 XVIII.

1036 1828 1108 1856 XIV.
1130 1828 1246 1856 Kalend.
1263 1828 1341 1855 Maii.
1593 1827 1664 1855 XIX.

1034 1876 1069 1904 II.
1091 1876 1184 1903 Nonas
1196 1875 1307 1910 Aprilis.
1592 1875 1662 1904 XIV.

1038 1924 1084 1951 VI.
1106 1923 1220 1950 Kalend.
1236 1923 1349 1958 Aprilis.
1593 1922 1675 1951 XVII.

227 1977 286 2005 XV.
296 1977 466 2006 Caesariensis
477 1979 570 2014 synodi
582 1979 697 2007 limesab
709 1981 834 2008 Anatolio
847 1983 969 2016 rejectus.
1006 1990 1028 2020 ο
1044 1980 1151 2008 Domini
1170 1979 1295 2015 jussiono
1319 1979 1454 2007 sancitum
1482 1985 1524 2007 est
1553 1985 1580 2008 et
1605 1980 1749 2008 catholicae
1778 1981 1836 2009 ﬁdei

241 2034 290 2063 IIic
307 2035 426 2064 circulus
440 2044 486 2063 XIX
501 2044 636 2064 annorum
657 2046 672 2065 a
693 2037 858 2072 quibusdam
887 2038 995 2066 Africa-

206 2083 249 2110 nis
263 2082 383 2110 rimariis
397 2083 443 2117 qui
461 2083 609 2118 ampliores
625 2084 743 2112 circulos
759 2085 994 2120 conscripserunt,

206 2137 261 2156 non
274 2129 422 2163 probatur,
439 2129 503 2164 quia
519 2138 614 2158 eorum
642 2131 874 2166 suspicationibus
888 2139 920 2159 ac
936 2132 997 2167 opi-

206 2175 338 2202 nionibus
354 2175 460 2203 videtur
477 2176 545 2204 satis
559 2184 620 2204 esse
637 2178 806 2206 contrarius.
824 2177 929 2213 Quippe
948 2178 996 2213 qui

207 2222 258 2249 has
284 2222 311 2248 in
339 2229 391 2249 suo
419 2230 534 2250 numero
560 2223 680 2251 rationes
697 2224 905 2260 probatissimas
920 2232 998 2252 com-

207 2272 333 2302 ponunt,
363 2268 529 2304 principium
550 2270 688 2305 quoddam
714 2270 826 2298 Pascha:
859 2271 998 2306 ﬁnemque

207 2317 414 2346 componentes,
439 2313 467 2340 id
486 2318 527 2341 est
549 2321 584 2341 ne
613 2319 677 2342 ante
697 2322 724 2341 ιι
737 2313 873 2341 Kalendas
884 2314 997 2349 Aprilis,

206 2365 259 2385 nec
275 2363 337 2392 post
360 2359 517 2386 vicesimam
540 2360 656 2394 primam
669 2360 762 2387 lunam
777 2364 804 2387 et
822 2368 849 2386 xi
862 2359 998 2388 Kalendas

208 2403 284 2436 Maii,
298 2403 401 2432 Pascha
413 2405 610 2433 immolandum
621 2414 692 2434 esse.
710 2406 785 2439 Quos
799 2406 931 2434 terminos
943 2414 998 2434 non

209 2451 299 2478 solum
319 2459 374 2478 non
391 2452 545 2486 sequendos
558 2473 566 2486 ,
593 2453 641 2480 sed
668 2454 750 2480 etiam
775 2452 950 2480 detestandos
966 2460 999 2480 ac

209 2496 389 2524 succidendos
406 2505 468 2525 esse
490 2498 674 2526 decernimus.
691 2497 760 2525 Cum
785 2498 814 2525 in
835 2498 919 2525 veteri
935 2497 999 2533 qui-

205 2545 268 2571 dem
288 2543 347 2579 lege
365 2543 418 2571 hoc
443 2544 533 2571 solum
550 2544 684 2572 custodiri
710 2544 809 2572 debere
830 2544 997 2576 decernitur,

208 2591 246 2617 uti
263 2597 298 2617 ne
311 2594 374 2617 ante
387 2594 588 2625 transgressum
605 2590 724 2618 vernalis
736 2590 893 2625 aequinoctii
905 2590 933 2616 in
943 2596 999 2624 quo

208 2635 379 2663 autumnalis
393 2636 542 2664 novissima
557 2644 622 2671 pars
638 2637 767 2669 vincitur,
784 2636 890 2664 decima
902 2641 999 2671 quarta

1049 2026 1216 2054 conveniens
1231 2027 1259 2053 in
1272 2026 1413 2059 omnibus,
1439 2026 1582 2061 anticipari
1599 2026 1725 2054 illicitum
1743 2035 1779 2054 ac
1798 2035 1840 2062 pe-

1049 2073 1198 2100 riculosum
1213 2080 1285 2105 esse,
1301 2073 1377 2100 omni
1398 2072 1516 2108 sapienti
1539 2081 1594 2100 non
1608 2073 1723 2101 dubium
1741 2080 1797 2102 est.
1813 2074 1842 2100 Et

1050 2119 1152 2146 idcirco
1164 2119 1218 2146 hoc
1232 2119 1320 2147 solum
1342 2119 1409 2146 satis
1424 2123 1467 2146 est
1490 2119 1628 2147 omnibus!
1635 2120 1739 2148 sanctis
1752 2126 1785 2148 et
1798 2128 1840 2148 ca-

1050 2165 1161 2193 tholicis
1190 2165 1256 2193 viris
1280 2165 1437 2199 custodire,
1460 2169 1490 2191 ut
1516 2166 1698 2201 plurimorum
1724 2167 1842 2195 diversis

1051 2211 1226 2246 opinionibus
1239 2212 1447 2246 praetermissis,
1465 2213 1534 2240 intra
1559 2212 1692 2240 terminos
1711 2220 1787 2247 quos
1802 2220 1841 2239 ex-

1050 2257 1212 2293 posuimus,
1230 2257 1430 2285 solemnitatem
1460 2257 1609 2286 Dominica:
1631 2259 1842 2286 resurrectionis

1051 2304 1224 2331 concludant.

1050 2360 1121 2387 XVI.
1135 2360 1172 2388 De
1191 2361 1255 2387 solis
1270 2368 1379 2388 ascensu
1391 2369 1422 2387 ac
1429 2360 1565 2388 descensu.
1578 2361 1700 2394 Quatuor
1710 2363 1778 2388 anni
1790 2369 1841 2388 ται-

1079 2397 1152 2424 dines
1163 2404 1196 2423 ea:
1203 2396 1322 2423 Anatolii
1333 2397 1464 2424 senlentia
1474 2395 1636 2424 Cwsariauis
1651 2401 1818 2432 respondent.

1087 2453 1221 2481 Caeterum
1235 2454 1308 2488 quod
1327 2459 1380 2481 tua:
1396 2454 1518 2489 epistolae
1542 2454 1710 2488 subjeceras,
1727 2458 1758 2480 ut
1782 2452 1839 2479 solis

1052 2507 1196 2528 ascensum
1210 2499 1427 2534 descensumque
1443 2499 1490 2535 qui
1505 2499 1532 2526 in
1544 2499 1726 2526 diminutione
1740 2499 1837 2526 dierum

1053 2553 1086 2572 ac
1116 2545 1239 2572 noctium
1265 2547 1426 2576 coniicitur,
1454 2545 1518 2572 huic
1546 2545 1679 2579 opuscqu
1705 2545 1838 2572 insinuare

1053 2599 1185 2624 conarer,
1203 2591 1256 2619 hoc
1285 2591 1367 2618 modo
1392 2591 1539 2618 inchoatur
1562 2595 1644 2625 atque
1660 2591 1835 2618 consumitur.

1053 2638 1104 2666 Per
1120 2646 1155 2666 xv
1169 2638 1228 2666 dies
1242 2642 1269 2666 et
1284 2638 1360 2666 hora:
1375 2637 1518 2665 dimidium
1542 2637 1598 2665 sole
1615 2639 1782 2665 ascendente
1798 2642 1838 2671 per

209 2684 253 2710 die
269 2684 373 2712 mensis
385 2684 475 2719 primi,
490 2685 537 2720 qui
557 2693 613 2713 non
641 2685 696 2713 diei
726 2685 774 2713 sed
797 2685 868 2713 lunae
892 2685 1002 2712 orsibus
1017 2675 1040 2702 Β
1054 2685 1161 2720 singula
1175 2689 1324 2716 momenta,
1339 2683 1366 2711 id
1381 2688 1423 2711 est
1438 2691 1484 2718 per
1501 2692 1527 2710 IV
1551 2683 1579 2710 in
1601 2691 1656 2710 una
1670 2683 1715 2711 die
1727 2704 1735 2716 ,
1750 2685 1784 2711 ab
1796 2688 1836 2708 rm

210 2733 396 2764 computatur,
415 2730 523 2759 Pascha
548 2731 714 2760 immoletur.
737 2731 814 2764 Quod
831 2730 951 2766 quidem,
972 2734 1004 2758 ut
1059 2729 1194 2758 Kalendas
1211 2729 1355 2764 Januarii,
1386 2729 1414 2757 in
1436 2737 1484 2757 vni
1508 2729 1644 2757 Kalendas
1660 2729 1764 2765 Aprilis
1779 2729 1836 2756 hora

249 2788 450 2828 (2:7).qubalo.
476 2789 525 2818 llic
545 2791 662 2826 primum
680 2790 823 2818 Anatolius
848 2789 997 2818 bissextum

214 2824 338 2852 admittit.
355 2824 470 2852 BtcHLK.

1090 2788 1147 2824 (’28)
1169 2787 1211 2814 IV
1233 2787 1321 2815 Ferm.
1336 2787 1488 2817 Bisscxtuni
1502 2788 1649 2816 secundum
1668 2788 1712 2815 hic
1725 2785 1836 2823 agnoscit

1061 2824 1214 2852 AnatOIIUs.
1228 2824 1265 2851 In.
