1861 3052
47 127 85 156 ιρι
318 122 353 151 ΙΝ
372 122 401 150 S.
420 119 582 149 ANATOLll
599 116 762 146 CANONEM
780 115 810 144 Αἵ

894 135 896 140 .
913 112 1073 142 BCCHERII
1093 107 1374 138 COMMENTARIUS.

1584 103 1636 130 2‘12

47 183 192 214 diminuitttr,
200 181 228 208 in
241 187 293 215 qua
319 183 519 207 consumuntur
531 185 572 204 xtt
592 176 667 204 horae
680 179 707 202 et
716 174 802 206 assis,
819 175 843 202 Α
857 171 952 199 lendas
961 169 1094 202 Januarii,
1106 168 1188 196 simili
1202 173 1316 194 numero
1331 166 1459 215 horarum
1474 171 1506 191 ac
1520 170 1640 190 momen-

48 230 66 258 id
78 235 112 257 est
124 229 205 263 prima
215 234 276 262 pars
289 233 323 253 ex
339 233 376 252 xit
389 223 538 260 particulis.
555 222 583 249 ln
594 229 646 256 qua
656 222 699 248 die
710 220 742 247 ad
759 227 804 246 vc-

47 282 142 312 sperum,
150 273 173 301 si
180 273 242 299 luna
249 279 293 299 xtv
302 270 454 302 accidisset,
463 276 550 305 agnus
557 267 628 303 apud
636 266 744 312 Judacos
753 265 801 292 im-

46 311 182 348 molabatur.
196 315 246 344 Sin
258 320 348 343 autem
360 314 493 342 excedens
504 321 646 345 numerus,
658 320 693 339 xv
705 311 747 338 vel
756 319 801 338 xvr

47 365 95 392 luna
106 363 195 389 fuisset
205 361 325 393 inventa,
339 360 367 386 in
385 366 498 393 vespere
511 357 632 393 ejusdem
644 355 698 383 diei
711 355 738 382 in
757 362 803 382 xiv

46 410 78 437 die
90 408 204 436 secunda:
220 407 292 434 luna:
312 406 408 433 eodem
426 412 520 432 mense
530 408 601 430 natat
614 402 647 430 ad
660 407 803 436 vesperum

46 454 128 482 Pascha
150 453 337 481 celebrabatur
356 461 364 485 ;
384 455 487 486 septem
515 449 612 477 diebus
630 447 803 475 comedentes

46 508 129 536 atyma,
141 506 225 534 usque
237 498 271 526 ad
287 497 358 525 diem
370 505 415 524 xxi
432 497 459 523 in
472 502 627 530 vesperum.
642 492 726 520 Nobis
738 498 804 526 ergo

45 544 149 570 similiter
161 542 183 570 si
195 542 315 575 eveniat,
332 545 362 568 ut
378 549 416 568 vit
434 539 569 567 Kalendas
584 539 685 573 Aprilis
701 542 726 564 et
746 536 804 564 dies

45 588 163 616 Dominica
179 592 207 615 et
230 587 296 614 luna
318 595 364 614 xiv
383 586 547 618 inveniatur,
568 592 616 612 XIV
637 584 743 611 Pascha
759 590 804 610 ce-

45 633 180 662 lebrandum
201 638 254 661 est.
276 632 330 660 Sed
345 636 373 660 et
385 632 410 660 si
423 639 457 659 xv
474 631 518 659 vel
541 638 605 663 xvi,
628 634 655 658 et
669 638 756 665 usque
770 630 804 658 ad

45 689 71 708 xx
89 681 145 707 luna
168 679 251 707 fuerit
274 680 384 706 inventa
398 700 405 712 ,
425 685 474 712 pro
492 677 642 704 reverentia
658 676 805 704 Dominica:

44 725 228 753 resurrectionis
243 733 306 760 quae
322 725 349 752 in
365 724 409 752 die
423 723 564 751 Dominica
580 722 651 750 facta
662 726 714 754 est,
727 722 805 750 nobis

45 771 148 799 similiter
162 770 356 798 celebrandum
368 775 428 804 est;
444 769 479 797 ita
498 773 586 796 tamen
601 772 630 794 ut
642 767 805 802 principium

45 819 136 846 Pascha;
145 818 222 845 linem
238 817 423 845 solemnitatis
435 824 541 850 eorum,
552 817 579 843 id
591 821 633 843 est
647 816 805 843 vicesimam

45 864 128 896 lunam,
148 871 200 890 non
214 863 341 891 excedat.
359 863 393 890 Et
403 863 464 891 ideo
475 870 529 891 non
547 870 643 898 parum
657 862 805 897 deliquisse

45 909 143 936 diximus
157 916 213 942 eos,
227 909 276 943 qui
292 908 444 943 anticipare
458 908 500 936 vel
512 908 644 935 excedere
659 907 734 935 hunc
753 915 805 934 nu-

46 962 130 981 merum
151 954 248 982 divinae
276 954 411 982 insertum
433 953 582 989 Scriptura
606 954 666 981 ausi
679 958 753 981 sunt.
773 953 807 980 Et

46 1001 72 1027 ab
84 1009 124 1028 vm
134 1000 267 1028 Kalendas
279 1001 383 1036 Aprilis
406 1001 435 1028 in
449 1008 498 1028 vin
513 1000 648 1028 Kalendas
660 999 746 1028 Julias
760 1008 807 1035 per

46 1054 72 1073 xr
91 1046 142 1074 dies
166 1047 232 1074 hora
249 1047 430 1080 diminuitur;
444 1054 492 1082 per
505 1047 560 1074 duo
573 1051 710 1075 momenta
723 1051 751 1074 et
767 1045 807 1072 di-

47 1092 148 1125 midium,
164 1097 190 1119 et
207 1097 319 1120 sextam
341 1096 445 1127 partem
469 1092 617 1124 momenti,
635 1091 692 1119 sole
713 1098 808 1118 ascen-

48 1138 110 1166 dente
119 1146 161 1173 per
173 1138 298 1174 singulos
314 1138 384 1166 dies.
401 1137 435 1165 Et
453 1137 487 1165 ab
502 1145 552 1165 vni
569 1136 704 1164 Kalendas
720 1135 807 1163 Julias

48 1184 69 1211 in
79 1192 119 1211 vni
131 1184 263 1213 Kalendas
285 1183 414 1212 Octobris
425 1184 548 1212 similiter
563 1191 612 1218 per
638 1191 673 1210 xv
688 1183 757 1218 dies,
780 1186 807 1210 et

48 1234 141 1264 quatuor
157 1230 249 1264 horas,
271 1230 343 1258 hora
361 1230 539 1264 diminuitur;
556 1230 737 1258 descendente
750 1228 809 1256 sole

49 1275 69 1301 in
77 1283 224 1312 unaquaque
238 1277 285 1304 die
304 1284 354 1312 per
376 1277 502 1304 eumdem
517 1283 662 1303 numerum
687 1282 810 1302 momen-

49 1325 135 1356 torum;
146 1328 171 1351 et
186 1323 309 1358 spatium
319 1322 394 1358 quod
406 1327 541 1358 superest,
552 1329 640 1357 usque
655 1321 682 1348 in
696 1329 745 1348 vni
757 1319 809 1348 Ka-

857 223 947 246 torum
964 217 1065 244 linitur.
1081 215 1118 242 Ita
1143 218 1172 241 ut
1193 222 1241 240 vnt
1257 212 1392 240 Kalendas
1406 210 1528 238 Januarii
1544 211 1639 236 horam

856 269 883 292 et
901 264 974 292 horae
989 263 1130 290 dimidium
1146 262 1212 288 hora
1230 259 1337 286 habent.
1355 258 1393 284 Eo
1410 264 1497 291 usque
1521 264 1639 290 namque

856 311 914 339 dies
928 318 954 339 ct
974 318 1027 338 nox
1042 310 1241 338 diminuuntur.
1268 308 1299 335 Et
1318 316 1356 335 xit
1373 307 1447 334 horae
1462 313 1522 340 quae
1539 304 1565 330 in
1581 310 1640 329 ver-

856 357 912 384 nali
935 356 1098 391 :equinoctio
1114 355 1142 382 in
1165 354 1299 390 principio
1318 351 1425 378 Domini
1439 348 1640 384 dispensatione

856 404 1009 432 constitutae
1026 407 1100 434 sunt,
1114 401 1141 428 in
1157 409 1203 428 vni
1228 399 1363 427 Kalendas
1378 397 1441 425 Julii
1458 401 1538 424 nocte
1558 396 1641 423 dimi-

855 455 939 482 nutze,
952 450 1010 478 sole
1021 448 1183 476 ascendente
1194 455 1242 482 per
1256 445 1377 480 singulos
1390 452 1460 479 quos
1471 451 1553 478 supra
1569 442 1640 469 dixi-

856 505 918 524 mus
943 496 1045 532 gradus
1066 503 1157 528 xviii,
1173 494 1200 521 in
1226 493 1388 521 duodecimo
1411 490 1528 526 longiori
1552 489 1641 524 spatio

856 543 1029 578 reperiantur
1051 542 1194 576 adjuncta.
1211 539 1245 566 Et
1258 540 1355 566 iterum
1380 545 1420 565 xit
1443 538 1518 564 hora:
1539 544 1599 571 qua:
1612 536 1640 562 in

855 589 1006 616 autumnali
1019 587 1182 623 aequinoctio
1197 586 1263 614 solis
1279 587 1413 612 descensu
1427 583 1594 618 repleantur,
1612 582 1640 608 in

855 643 905 662 vni
920 634 1054 662 Kalendas
1064 632 1186 660 Januarii
1200 631 1247 659 sex
1262 633 1337 658 horae
1351 631 1377 657 in
1393 637 1430 657 xit
1452 629 1545 656 divisae
1562 628 1638 654 inve-

857 681 966 707 niantnr
980 679 1132 714 disjunctze.
1143 682 1221 705 nocte
1232 685 1295 704 xvnt
1311 677 1337 703 in
1352 683 1391 702 xii
1408 675 1509 702 divisas
1521 677 1639 701 tenente.

856 726 921 760 Qua:
935 726 962 752 in
977 733 1025 752 vui
1037 725 1171 752 Kalendas
1181 723 1245 751 Julii
1260 722 1384 750 similiter
1395 729 1421 749 v1
1433 721 1460 748 in
1474 728 1514 748 xii
1530 719 1642 755 partitas

859 772 976 800 tenebat.

1062 815 1143 843 XVII.
1165 815 1256 848 Operis
1271 813 1415 842 conclusio.

823 852 842 879 Β
892 862 974 890 XVII.
993 861 1050 889 Hoc
1075 866 1164 888 autem
1180 869 1234 888 non
1261 860 1370 895 ignores
1383 879 1390 891 ,
1417 857 1489 893 quod
1505 857 1556 884 ista
1576 863 1644 890 qua-

858 914 921 936 tuor
936 917 996 944 quae
1015 908 1134 936 diximus
1160 912 1312 942 temporum
1329 905 1445 933 confinia
1456 924 1463 936 ,
1481 904 1544 930 licet
1569 910 1644 929 men-

859 955 928 982 sium
947 955 1117 990 sequentium
1137 953 1266 981 Kalendis
1281 953 1513 988 approximentur,
1541 957 1642 976 ultum—

860 1000 985 1036 quodque
1010 1005 1100 1028 tamen
1121 999 1239 1026 medium
1264 998 1410 1033 temporis,
1426 997 1451 1024 id
1467 1001 1509 1023 est
1525 996 1601 1023 verni
1618 1000 1645 1022 et

860 1047 974 1078 aestatis,
993 1045 1118 1074 autumni
1132 1049 1160 1072 et
1182 1045 1279 1072 hiemis
1297 1048 1396 1071 teneat.
1421 1043 1454 1070 Et
1469 1051 1522 1069 non
1545 1042 1643 1069 exinde

860 1097 1012 1126 temporum
1040 1091 1174 1127 principia
1202 1091 1384 1122 inchoantur,
1408 1090 1479 1116 unde
1509 1088 1644 1115 mensium

860 1138 986 1166 Kalendae
1003 1138 1155 1165 initiantur.
1176 1136 1229 1165 Sed
1247 1137 1283 1163 ita
1309 1135 1522 1170 unumquodque
1538 1139 1645 1169 tempus

861 1185 1041 1211 inchoandum
1058 1188 1110 1215 est,
1122 1188 1152 1210 ut
1167 1191 1182 1210 a
1193 1183 1281 1217 prima
1297 1183 1339 1210 die
1357 1182 1430 1209 veris
1446 1186 1551 1216 tempus
1561 1180 1645 1215 tequi-

861 1231 982 1259 noctium
999 1230 1120 1262 dividat;
1135 1234 1163 1257 et
1180 1229 1282 1256 aestatis
1299 1237 1349 1256 viii
1373 1228 1507 1255 Kalendas
1522 1226 1604 1258 Julii,
1617 1230 1645 1253 et

862 1277 985 1305 autumni
999 1283 1046 1303 vni
1061 1275 1197 1303 Kalendas
1214 1274 1351 1305 Octobris,
1369 1279 1397 1302 et
1413 1274 1510 1302 hiemis
1526 1281 1574 1300 vin
1589 1271 1645 1299 Ka-

862 1322 957 1350 lendas
975 1320 1097 1347 Januarii
1115 1320 1240 1348 similiter
1255 1320 1396 1347 dividitur.

566 1514 776 1558 IEGlDll
816 1512 1102 1558 BUCHEBII

261 1614 300 1644 ln
315 1614 346 1644 S.
364 1611 503 1643 Anatolii
517 1611 724 1643 Alexandrini
741 1610 900 1641 Cononem
917 1609 1096 1641 Paschalem
1118 1609 1383 1641 Commentarius.

279 1769 396 1798 CAPUT
416 1769 559 1798 PthlUM.

53 1813 110 1843 Sitne
130 1818 251 1852 genuinus
280 1818 403 1845 Anatolii
426 1817 518 1844 Canon
543 1816 698 1852 Paschalis,
724 1815 814 1843 Gm’ce

77 1851 184 1886 scriptus,
200 1862 217 1880 a
239 1853 340 1887 Ruﬁno
357 1852 451 1879 Latine
470 1852 599 1880 redditus.
618 1851 742 1887 Rationes
766 1860 814 1878 cur

76 1887 189 1921 ejusmodi
217 1886 318 1915 Canbn
341 1887 460 1914 Anatolii
487 1895 538 1914 non
563 1887 694 1914 videatur.
722 1886 813 1921 Ipsum

78 1923 186 1950 Anatolio
210 1924 334 1950 tribuunt
365 1923 502 1953 Eusebius,
528 1922 611 1954 Beda,
640 1921 813 1954 Colmannus,

78 1955 216 2020 gilfrit‘lu‘s.
231 1958 310 1986 Beda
324 1966 359 1986 ea:
375 1958 423 1985 ltoc
436 1956 547 1985 Canone
561 1957 696 1991 complura
709 1957 743 1984 ad
763 1965 815 1984 ver-

108 2001 128 2019 m
138 2002 160 2020 ct
172 2003 186 2020 a
201 2013 209 2020 .

108 2001 128 2019 in
138 1994 209 2020 citat.

79 2050 228 2083 Anatolium,
253 2058 355 2085 genere
370 2050 582 2078 Alexandrinum
594 2070 602 2082 ,
617 2050 710 2078 Graece
723 2049 812 2077 Cano-

53 2091 98 2111 nen
116 2093 188 2113 suum
212 2086 362 2121 scripsisse
391 2093 470 2112 nemo
497 2085 612 2112 dubitat.
640 2085 674 2112 Et
701 2086 814 2112 dubium

54 2127 116 2155 omne
135 2121 224 2148 eximit
235 2121 384 2151 Eusebius,
411 2121 457 2154 qui
480 2121 579 2155 bonam
604 2121 686 2155 hujus
710 2125 813 2155 partem

53 2152 126 2182 Grece
135 2156 207 2183 citat.
221 2155 386 2184 Versionem
398 2152 470 2182 hanc
484 2154 607 2183 Latinam
622 2152 720 2182 ll'ulino
738 2163 815 2191 aeque

54 2192 311 2229 omnes_ascribut)_t,
339 2197 426 2229 ecquae
451 2198 548 2229 parum
573 2195 740 2229 accuratam,
765 2199 815 2218 nec

54 2224 105 2251 satis
116 2225 189 2252 ﬁdam
209 2224 389 2254 existimant.
401 2224 472 2252 Sane
485 2225 588 2257 Gravca,
606 2233 666 2260 quae
682 2225 752 2253 libro
765 2234 814 2259 vn,

55 2259 144 2297 stipiti
159 2261 223 2297 βξ)
250 2261 383 2297 Historia;
410 2268 466 2297 sua:
488 2260 672 2297 ecclesiastiae
701 2260 815 2288 feliciter

55 2294 147 2333 inseruit
159 2294 304 2333 Eusebius,
321 2300 353 2333 Aet
366 2294 518 2333 Rufinianis
534 2295 667 2333 ‘uberiora
691 2300 765 2333 sunt,
789 2301 816 2333 et

55 2328 115 2356 aliter
134 2331 244 2358 subinde
258 2331 418 2366 clariusque
436 2330 643 2364 concipiuntur;
658 2331 745 2366 utivel
761 2332 815 2366 pri-

56 2370 88 2403 ma
100 2367 293 2403 comparatione
313 2365 402 2403 cuivis
424 2366 609 2403 perspicuum,
622 2370 672 2403 est.
691 2365 748 2403 Hoc
767 2374 816 2393 no-

56 2400 112 2436 Ittine
125 2408 173 2427 non
188 2409 268 2436 nego,
283 2401 373 2428 labem
387 2401 545 2436 nonnullam
561 2400 588 2436 in
603 2401 715 2435 hujusce
728 2400 815 2428 Cano-

826 1771 846 1799 C
863 1769 968 1796 decima
985 1768 1059 1795 nullo
1075 1769 1204 1802 scrupulo
1219 1767 1322 1800 indicit,
1342 1767 1368 1793 in
1385 1776 1438 1800 quo
1452 1775 1513 1794 cum

1531 1767 1649 1800 Quarta-

863 1804 1028 1835 decimanis.
1045 1811 1092 1831 seu
1107 1802 1402 1830 Tessareskaedecatitis
1419 1803 1453 1829 ab
1468 1802 1588 1830 Ecclesia
1606 1811 1649 1830 re-

861 1839 950 1874 jectis,
969 1838 1033 1866 facit
1054 1847 1062 1865 :
1083 1838 1134 1865 etsi
1151 1836 1177 1864 iii
1202 1838 1241 1864 illi
1265 1842 1424 1874 perpetuum
1447 1845 1499 1864 non
1523 1838 1556 1865 sit
1566 1846 1649 1874 Lnec

864 1873 916 1902 nisi
937 1879 977 1902 ter
994 1879 1049 1901 toto
1066 1873 1304 1908 decemnovennali
1328 1873 1404 1908 cyclo
1421 1878 1553 1900 recurrat.
1576 1873 1649 1900 Prm-

865 1914 936 1937 terea
963 1909 1085 1936 eamdem
1105 1907 1246 1935 Paschalis
1268 1907 1437 1935 Dominicani
1465 1915 1480 1934 a
1496 1916 1544 1934 xui
1573 1908 1647 1939 luna,

863 1945 958 1971 saltem
980 1948 1110 1974 exeunte,
1128 1943 1155 1970 in
1177 1951 1210 1970 xx
1229 1943 1360 1969 duntaxat
1378 1942 1517 1975 diﬁuiidit;
1541 1944 1650 1969 tametsi

865 1979 1017 2014 Scriptura,
1034 1983 1062 2006 et
1074 1985 1135 2005 cum
1151 1978 1361 2005 eaAlexandrini
1376 1978 1447 2006 inter
1463 1986 1533 2014 quos
1547 1978 1650 2005 studuit

863 2013 1014 2046 Anatolius,
1030 2021 1045 2040 a
1061 2021 1106 2040 xtv
1124 2014 1151 2040 in
1168 2020 1214 2040 xxt
1231 2018 1321 2047 aperte
1337 2017 1502 2048 propagent;
1515 2013 1605 2040 Latini
1623 2013 1649 2040 in

863 2050 1022 2077 vicesimam
1043 2056 1152 2083 quoque
1173 2049 1320 2083 secundam
1343 2048 1488 2075 extendere
1511 2049 1578 2082 nillil
1601 2056 1649 2075 ve-

865 2089 983 2112 reantur.
1001 2084 1042 2110 Ad
1054 2082 1118 2110 hac
1133 2083 1238 2110 litteras
1255 2082 1435 2111 Dominicales
1449 2088 1476 2110 et
1489 2083 1649 2117 bissextum,

864 2120 950 2147 aliave
974 2119 1102 2154 pleraque
1118 2125 1172 2146 tam
1190 2118 1304 2154 confuse
1323 2119 1474 2151 constituit,
1490 2124 1519 2146 ut
1534 2127 1587 2145 non
1602 2119 1651 2145 do-

865 2155 900 2182 cti
924 2153 1040 2188 alicujus
1066 2159 1093 2181 et
1120 2153 1206 2181 sancti
1232 2153 1332 2186 Patris,
1360 2155 1467 2188 qualem
1494 2158 1652 2188 supponunt

865 2197 960 2217 omnes
982 2189 1158 2222 Anatolium;
1183 2189 1229 2216 sed
1253 2189 1330 2216 rudis
1353 2194 1379 2216 et
1403 2189 1499 2224 ignari,
1526 2189 1652 2224 for-teque

865 2233 879 2251 a
895 2225 1006 2252 veritate
1027 2225 1161 2252 catholica
1178 2224 1247 2251 devii
1271 2223 1522 2258 scriptoris’potius
1536 2231 1597 2251 esse
1611 2223 1652 2250 vi-

864 2260 969 2287 deatur.
988 2260 1025 2286 De
1037 2267 1092 2294 quo
1107 2260 1185 2294 plura
1202 2267 1266 2286 mox
1280 2261 1367 2294 capite
1382 2259 1472 2286 tertio.

901 2295 1066 2323 Germanum
1091 2294 1270 2322 nihilominus
1284 2294 1402 2321 Anatolii
1424 2299 1532 2328 partum
1554 2294 1652 2322 fortius

865 2332 923 2358 haee
941 2331 1078 2358 evincunt.
1100 2329 1191 2356 Primo
1205 2328 1315 2356 Eusebii
1332 2330 1509 2357 Caesariensis
1526 2330 1572 2364 qui
1589 2337 1650 2356 eum

866 2366 956 2393 videre
972 2367 1069 2400 potuit,
1083 2365 1242 2395 auctoritas.
1257 2364 1358 2400 quique
1382 2372 1436 2391 non
1451 2365 1521 2392 exile
1536 2364 1652 2392 Canom's

867 2399 982 2435 hujusce
995 2400 1172 2435 fragmentum
1187 2399 1304 2435 Anatolii
1323 2399 1433 2435 nomine
1446 2400 1560 2434 profert,
1573 2401 1652 2434 plane

57 2433 87 2458 nis
101 2439 192 2462 textum
215 2433 338 2470 irrepere
362 2436 491 2469 potuisse.
515 2435 568 2462 Sed
590 2433 704 2470 quaéstio
722 2440 764 2464 est
780 2444 814 2463 an
833 2443 853 2469 ι)
867 2433 930 2463 huic
950 2436 1082 2470 opusculo
1105 2433 1256 2470 conformo,
1275 2434 1389 2470 nisinbi
1408 2433 1474 2462 fides
1487 2433 1596 2462 vacillat
1610 2435 1653 2461 in-

57 2471 127 2508 textus
144 2470 201 2502 iste,
220 2471 341 2508 seposita
361 2470 451 2497 Rufini
472 2478 573 2508 parum
589 2475 661 2508 certa
682 2472 813 2508 interpre-

58 2505 296 2540 tationeLgenuinus
318 2506 385 2533 alias
406 2513 438 2533 ac
451 2513 532 2532 verus
552 2505 588 2533 sit
599 2506 716 2533 Anatolii
733 2505 814 2539 fetus,

59 2544 120 2577 quem
142 2539 418 2577 Euseliiusicanonem
435 2540 467 2566 de
477 2540 617 2574 Pass/tate,
635 2540 816 2577 Hieronymus

63 2570 166 2610 Volumni
182 2584 259 2610 super
271 2576 387 2608 Pascha,
403 2580 509 2602 vocant.

54 2611 57 2617 ’
85 2606 115 2634 Ex
130 2606 264 2644 principiis
286 2606 480 2647 quideinrsa‘ne
499 2611 652 2647 paradoxis,
667 2618 817 2647 praeterque

59 2647 205 2672 communem
222 2654 317 2674 eorum
334 2646 381 2680 qui
397 2646 428 2672 de
440 2645 573 2673 Pasch-ate
584 2646 739 2674 Christiano
754 2645 820 2674 scri-

60 2682 151 2717 pserunt
173 2681 326 2717 opinionem
347 2681 510 2711 constitutis.
525 2690 586 2715 quae
601 2680 692 2709 Conon
706 2683 750 2709 hic
763 2691 819 2717 prae

60 2717 82 2751 se
95 2712 148 2744 fert,
165 2712 244 2743 videri
262 2716 330 2743 forte
348 2716 434 2751 possit
449 2712 617 2743 adulterinus
633 2722 659 2744 et
672 2712 819 2751 suppositi—

61 2748 117 2786 ξιιιη
135 2751 288 2786 εινθὶιειίιιδ
305 2748 394 2785 potius
407 2759 487 2786 quam
499 2751 618 2779 Anatolii
635 2756 688 2779 tam
706 2748 818 2786 laudati,

62 2783 103 2825 Em
124 2785 242 2825 catholici
265 2783 425 2825 scriptoris.»
436 2785 475 2825 pl
491 2794 524 2825 ex
535 2787 693 2825 _multis_hic
711 2783 818 2815 interim

62 2821 129 2847 Pauca
145 2820 252 2856 seligam
276 2830 283 2849 :
304 2821 413 2849 Pascha:
434 2821 603 2850 Dominicam
633 2823 697 2852 luna
722 2828 818 2859 quarta

869 2468 1002 2506 terpretis.
1016 2471 1095 2506 idem
1109 2469 1174 2496 facit
1190 2473 1217 2496 et
1231 2468 1313 2502 Bella,
1330 2468 1408 2506 initio
1424 2470 1504 2497 libelli
1520 2470 1565 2506 De
1572 2470 1653 2506 (equi-

869 2504 955 2533 noclio
967 2510 991 2532 et
1003 2505 1034 2532 de
1046 2505 1146 2532 ratione
1162 2510 1316 2538 temporum,
1331 2505 1418 2538 capite
1430 2510 1538 2539 quarto.
1553 2504 1653 2532 Deinde

868 2541 1035 2569 Colmannus
1061 2541 1204 2567 Scotorum
1232 2540 1391 2574 episcopus,
1426 2541 1496 2574 apud
1526 2540 1651 2566 eumdem

869 2576 968 2603 Bedam
984 2576 1053 2603 libro
1069 2584 1098 2602 ιιι
1113 2574 1239 2602 Historia:
1252 2575 1394 2609 Anglorum
1405 2575 1588 2601 ecclesiastica
1611 2582 1653 2601 ca-

890 2613 925 2639 ite
944 2611 989 2643 ‘25,
1006 2611 1160 2638 Anatolium
1177 2610 1276 2642 virum,
1302 2614 1333 2637 ut
1355 2612 1404 2642 ait,
1426 2615 1550 2637 sanctum
1575 2614 1602 2636 et
1624 2611 1651 2636 in

891 2647 986 2674 istoria
1010 2646 1194 2673 ecclesiastica
1218 2645 1452 2678 laudatissimum,
1479 2646 1512 2672 ab
1529 2653 1573 2672 xiv
1589 2645 1653 2671 luna

870 2683 903 2709 ad
919 2690 954 2709 xx
968 2681 1072 2709 Pascha
1088 2681 1278 2709 celebrandum
1293 2680 1437 2707 tradidisse
1451 2680 1557 2707 asserit.
1574 2680 1652 2712 Quod

871 2718 952 2745 etiam
980 2716 1129 2744 catholicus
1155 2717 1303 2750 Anglorum
1334 2716 1476 2751 presbyter
1501 2715 1652 2747 Wilfridus,

871 2757 964 2780 contra
986 2751 1165 2779 Colmannum
1181 2759 1229 2786 pro
1243 2750 1374 2778 Paschate
1387 2750 1571 2778 Alexandrino
1594 2751 1653 2777 dis-

872 2792 970 2822 putans
986 2809 994 2820 ,
1010 2795 1062 2814 non
1078 2787 1158 2814 modo
1173 2787 1299 2816 admittit.
1318 2787 1363 2813 sed
1390 2791 1416 2813 et
1430 2787 1541 2821 insuper
1555 2787 1589 2813 ab
1604 2793 1651 2812 xiii

872 2824 937 2852 luna
956 2823 990 2852 ad
1005 2830 1146 2857 vesperum
1164 2822 1278 2851 subinde
1291 2822 1395 2851 Pascha
1409 2821 1506 2851 Scotos
1527 2822 1653 2849 iuchoare
