1861 3052
189 69 243 97 135

723 68 834 96 THEOG
840 67 976 96 NOSTUS
992 65 1284 98 ALEXANDRINUS.‘
1749 72 1791 99 136

190 131 272 158 etiam
303 130 453 165 multiplex.
481 129 560 157 Juxta
592 129 710 164 primum
741 130 853 156 modum
887 131 967 165 hypo-

1033 130 1041 166 l
1058 131 1104 157 καὶ
1122 131 1271 167 πολλαχῶς.
1295 131 1364 158 Καθ’
1381 131 1430 158 ινα
1444 131 1493 167 μὲν
1506 131 1605 168 τρόπον
1621 131 1638 167 ὴ
1655 131 1792 167 δραματικὴ

191 177 302 204 theseon
328 176 476 203 dramatica
503 176 631 210 peripetia
662 179 704 203 est
729 184 735 201 :
760 176 799 203 sic
833 175 971 210 Euripidis

191 222 329 258 tragtndizc
359 222 521 257 hypotheses
551 229 611 249 esse
642 221 779 249 dicuntur.
812 221 891 248 Juxta
928 229 971 250 se-

190 268 305 295 cundam
328 267 551 301 signiﬁcationem
575 267 602 293 in
627 267 761 294 rhetorica
773 268 905 301 reperitur
927 275 971 295 re-

190 322 249 341 rum
267 314 292 341 in
305 314 393 348 specie
407 313 572 347 disquisitio,
590 313 738 340 secundum
749 321 830 348 quam
843 314 970 348 sophistae

189 361 282 387 dicunt
303 360 453 394 ponendam
473 367 534 386 esse
558 359 732 394 hypothcsin.
758 359 839 386 Juxta
862 360 968 387 tertiam

189 405 411 440 signiﬁcationem
436 404 592 440 hypothesis
616 404 718 431 dicitur
739 405 900 439 principium
924 405 970 432 de-

188 451 404 483 monstrationis,
413 451 507 485 petitio
516 458 606 478 rerum
618 451 644 478 in
658 451 845 486 probationem
857 451 971 486 alicujus

187 496 349 531 argumenti.
374 495 437 528 Sic,
462 501 491 522 ut
512 496 670 530 perhibent,
696 496 864 524 Democritus
889 497 972 532 hypo-

187 541 256 568 tltcsi
271 549 338 569 usus
349 546 400 574 est,
412 543 511 569 atomis
524 542 627 570 scilicet
638 546 664 568 ct
679 549 782 574 vacuo;
799 541 971 576 Asclepiades

187 588 299 614 materia
315 592 340 615 et
355 588 447 622 poris;
471 587 661 615 mathematica
678 595 742 622 ergo
761 587 839 622 juxta
862 587 970 615 tertium

186 641 296 660 sensum
311 633 495 668 hypotheseon
511 634 653 668 accipitur.

222 679 298 712 Quod
318 680 515 707 arithmeticam
530 688 585 707 non
606 681 680 708 solus
698 680 782 708 coluit
795 680 970 716 Pythagoras,

186 723 232 750 scd
250 723 331 750 etiam
347 723 516 751 celeberrimi
530 724 590 759 ejus
604 725 741 760 discipuli,
756 725 802 760 qui
820 725 909 753 dicere
923 733 970 754 so—

186 770 278 802 lebant
292 779 300 797 :

240 815 336 842 Onmia
354 817 507 843 conveniunt
523 824 676 843 numero....

220 859 297 893 Quod
308 861 388 888 tinem
402 861 510 896 quidem
524 862 605 889 habet
616 861 770 896 proximum
784 863 968 898 principaliter

185 906 356 946 arithmetica
373 907 547 935 scientiarum
565 907 710 940 theoriam,
727 915 781 942 qua
799 909 890 936 nullus
905 909 967 936 ﬁnis

184 952 272 987 major
286 958 332 979 aut
348 953 487 987 pulchrior
499 958 548 981 est.
566 953 741 988 Consequens
754 959 844 981 autem
853 954 914 982 ﬁnis
926 959 968 983 est

184 999 309 1034 colligere
324 999 405 1026 simul
418 999 550 1035 quidquid
562 1000 590 1027 in
602 1000 753 1028 substantia
765 1000 873 1029 deﬁnita
893 1002 967 1030 inve-

182 1045 266 1073 nitur.

218 1091 286 1124 Quis
297 1091 398 1126 aliquid
411 1090 515 1118 invenit
528 1091 598 1118 inter
616 1091 840 1119 mathematicos?

219 1137 253 1165 Ut
267 1137 402 1165 Eudemus
417 1143 519 1171 narrat,
533 1138 560 1165 in
576 1138 726 1174 Astrologia
743 1147 802 1170 sua,
813 1137 965 1173 (Enopides

182 1183 286 1211 invenit
311 1184 416 1219 primus
445 1184 550 1212 zodiaci
572 1185 716 1218 circulum,
739 1190 766 1213 et
787 1186 852 1213 anni
875 1187 966 1220 magni

181 1230 405 1263 conversionem;
430 1229 529 1259 Thales
556 1230 621 1258 solis
638 1231 759 1266 eclipsim
777 1252 784 1264 ,
805 1237 831 1259 et
855 1240 965 1260 cursura

181 1275 241 1311 ejus
256 1275 327 1303 inter
342 1276 470 1311 tropicos,
484 1284 592 1311 semper
610 1277 652 1304 sui
666 1277 841 1312 dissimilem;
864 1277 965 1305 Anaxi-

180 1322 294 1349 mander
308 1327 408 1350 terram
430 1330 491 1350 esse
511 1330 611 1357 corpus
634 1323 760 1350 libratum
786 1324 814 1351 in
837 1331 915 1357 aere,
939 1328 966 1351 et

181 1367 254 1394 circa
275 1367 368 1395 mundi
391 1375 468 1395 axem
488 1368 606 1402 moveri;
633 1368 813 1396 Anaximenes
835 1369 926 1396 lunam
949 1377 965 1397 a

180 1413 238 1441 sole
258 1413 349 1440 lumen
377 1413 521 1448 accipere,
551 1418 578 1441 et
607 1414 717 1441 modum
743 1414 862 1442 defectus
888 1415 963 1450 ejus;

181 1459 271 1486 centeri
283 1466 347 1487 vero
361 1459 406 1487 his
425 1459 490 1488 olim
511 1460 628 1488 inventis
642 1460 752 1488 inventa
776 1460 827 1488 alia
853 1460 963 1489 addide-

180 1509 254 1532 runt.

216 1551 293 1585 Quod
306 1551 394 1587 primo
406 1552 496 1580 sidera
509 1552 563 1580 ﬁxa
580 1557 724 1580 moventur
741 1553 814 1581 circa
827 1561 903 1580 axem
917 1561 965 1588 per

181 1598 259 1632 polos
283 1602 484 1630 transeuntem;
507 1599 626 1627 secundo
643 1600 716 1634 quod
737 1600 856 1627 errantia
877 1599 965 1627 sidera

183 1643 255 1671 circa
274 1645 521 1678 perpendicularem
541 1653 618 1673 axem
638 1645 741 1673 zodiaci
761 1653 821 1673 sese
840 1645 963 1680 fugiunt;

182 1689 256 1724 quod
275 1690 382 1717 demum
404 1690 518 1719 ﬁxorum
537 1696 564 1719 et
583 1692 731 1719 errantium
751 1691 868 1719 siderum
888 1691 946 1719 axis
958 1711 965 1724 ,

182 1735 392 1771 pentedccagoni
414 1737 484 1765 latus
505 1742 556 1769 est,
579 1737 652 1773 quod
666 1737 746 1765 habet
759 1737 859 1773 gradus
872 1737 966 1772 viginti

182 1785 309 1815 quatuor.

1025 178 1194 212 περιπέτεια,
1208 177 1268 204 καθ’
1281 177 1310 204 ὃν
1323 177 1445 212 λέγονται
1458 175 1526 204 εἶναι
1541 178 1681 208 ὑποθέσεις
1690 176 1741 203 τῶν
1750 178 1792 204 Εἰ)-

1024 222 1128 258 ριπίδου
1150 223 1305 259 δραμάτων.
1329 223 1397 250 Καθ’
1416 223 1508 258 ἕτερον
1523 224 1551 250 δὲ
1572 222 1762 258 σημαινόμενον
1779 224 1792 258 ἡ

1023 269 1052 294 ὲν
1071 269 1200 304 ῥητορικῇ
1216 269 1270 295 τῶν
1285 269 1330 296 ἐπὶ
1343 269 1441 304 μέρους
1454 269 1578 304 ζήτησις,
1597 269 1657 306 καθ’
1672 268 1701 294 ὃν
1714 268 1793 302 λέγω

1024 323 1065 340 σιν
1079 315 1103 340 οἱ
1118 315 1242 349 σοφισταὶ
1257 315 1346 341 θετέον
1358 314 1493 341 ὑπόθεσιν.
1510 314 1588 341 Κατὰ
1600 315 1628 340 δὲ
1635 313 1727 349 τρίτην
1740 313 1794 340 ὑπο-

1022 360 1102 396 ϐολὴν
1117 360 1244 392 ὑπόθεσις
1262 361 1369 395 λέγεται
1386 361 1403 396 ἡ
1427 361 1495 397 ἁρχὴ
1509 361 1558 396 τῆς
1573 359 1733 391 ἀποδείξεως
1739 380 1745 391 υ
1760 360 1792 386 αῖ-

1021 415 1101 442 τησις
1117 404 1184 433 οὖσα
1200 407 1370 443 πραγμάτων
1387 408 1426 437 είς
1440 407 1612 441 κατασκευήν
1632 414 1713 437 τινος.
1728 405 1794 431 Οὕτω

1024 452 1073 488 μὲν
1095 452 1202 487 λέγεται
1225 452 1393 488 Δημόκριτον
1413 453 1539 479 ὑποθέσει
1561 452 1679 488 χρῆσθαι
1695 451 1793 486 ἀτόμοις

1021 497 1068 524 καὶ
1087 498 1167 533 κενῷ,
1182 498 1228 524 καὶ
1255 498 1452 533 Ἀσκληπιάδης
1470 497 1561 532 ὄγκοις
1582 498 1629 524 καὶ
1642 497 1744 532 πόροις.
1768 497 1793 522 Ἦ

1023 540 1069 569 οὖν
1078 542 1254 579 μαθηματικὴ
1269 543 1333 579 περὶ
1346 543 1394 578 τὴν
1407 543 1501 578 τρίτην
1517 543 1630 577 εἵληται.
1823 533 1827 539 ’

1060 677 1120 703 Ὅτι
1137 676 1187 712 τὴν
1199 676 1380 712 ἀριθμητικὴν
1396 676 1426 703 οὐ
1442 676 1521 711 μόνος
1536 677 1615 711 ἐτίμα
1634 676 1795 712 Πυθαγόρας,

1023 721 1090 749 ἀλλὰ
1104 722 1150 749 καὶ
1163 723 1187 748 οἱ
1203 722 1296 748 τούτου
1312 722 1444 757 γνώριμοι
1460 722 1638 756 ἐπιλέγοντες

1126 767 1241 803 ,ἀριθμῶ
1253 767 1287 794 δὲ
1299 777 1331 795 τε
1346 769 1431 794 παντ“
1449 768 1594 795 ἐπέοικεν.

1056 868 1116 895 Ὀτι
1128 868 1203 900 τέλος
1222 868 1271 903 μὲν
1287 867 1343 902 ἔχει
1360 867 1503 894 ἀκόλουθον
1523 867 1690 903 ἀριθμητικὴ
1707 867 1799 903 κυρίως

1024 915 1083 950 μὲν,
1099 914 1148 949 τὴν
1164 914 1261 949 ἐπιστη
1267 914 1378 950 μονικὴν
1394 913 1509 949 θεωρίαν
1523 911 1556 949 ἧς
1570 913 1644 940 οὐδὲν
1656 913 1732 946 τέλος
1745 914 1798 940 οὔτε

1022 959 1113 995 μεῖζον
1127 958 1189 985 οὗτε
1205 959 1312 985 κάλλιόν
1329 960 1413 985 ἐστιν.
1434 958 1588 993 Ἐπομένως
1602 958 1640 990 δὲ,
1656 959 1800 994 συλλήϐδην

1020 1005 1182 1032 καταλαϐεῖν
1198 1004 1309 1040 πόσατῇ
1325 1004 1463 1040 ῲρισμένῃ
1479 1004 1559 1039 οὐσίᾳ
1569 1003 1750 1039 συμὸέὸηκεν.

1054 1094 1102 1126 Τίς
1118 1103 1145 1120 τι
1155 1089 1232 1129 εὗρεν
1245 1093 1274 1119 ὲν
1286 1092 1499 1128 μαθηματικοῖς;

1054 1141 1178 1175 Εὔδημος
1193 1139 1292 1174 ἱστορεῖ
1309 1139 1338 1164 ἐν
1350 1139 1410 1169 ταῖς
1423 1138 1624 1174 ἀστρολογίαις,
1639 1137 1681 1163 ὅτι
1696 1137 1798 1164 Οίνοπῐ-

1019 1187 1067 1222 δης
1082 1183 1143 1222 εὗρε
1159 1184 1266 1220 πρῶτος
1279 1183 1328 1218 τὴν
1342 1183 1389 1209 τοῦ
1405 1182 1536 1216 ζωδιακοῦ
1553 1182 1679 1215 διάζωσιν
1696 1183 1743 1209 καὶ
1757 1182 1801 1217 τὴν

1018 1232 1065 1259 τοῦ
1097 1231 1212 1267 μεγάλου
1239 1228 1361 1256 ἐνιαυτοῦ
1390 1229 1558 1265 περίστασιν.
1580 1228 1670 1263 Θαλῆς
1685 1228 1715 1255 δὲ
1731 1228 1801 1263 ἡλίου

1019 1278 1134 1312 ἔλλειψιν
1158 1277 1205 1304 καὶ
1220 1275 1269 1311 τὴν
1284 1275 1354 1302 κατὰ
1375 1274 1478 1310 τροπὰς
1499 1273 1581 1301 αὐτοῦ
1604 1274 1741 1310 περίοδον,
1769 1274 1803 1304 ὡς

1018 1324 1068 1351 οὐκ
1085 1323 1129 1358 ἴση
1143 1323 1186 1350 ἀεὶ⁴
1200 1321 1355 1357 σμμόαίνει.
1381 1319 1586 1355 Ἀναξίμανδρος
1601 1319 1630 1345 δέ
1641 1319 1682 1346 ὅτι
1701 1319 1774 1346 ἐστὶν
1787 1319 1802 1354 ἡ

1017 1370 1054 1405 γῆ
1068 1369 1202 1405 μετέωρος
1215 1367 1262 1395 καὶ
1278 1367 1393 1394 κινεῖται
1408 1366 1471 1401 περὶ
1486 1365 1516 1391 τὸ
1529 1365 1575 1391 τοῦ
1591 1365 1692 1400 κόσμου
1713 1364 1800 1399 μέσον.

1025 1415 1200 1451 ’Δναξιμένης
1217 1414 1261 1446 δὲ,
1288 1413 1328 1439 ὅτι
1346 1414 1363 1448 ἡ
1381 1412 1479 1447 σελήνη
1500 1412 1532 1437 ὲκ
1550 1410 1596 1437 τοῦ
1610 1410 1687 1446 ἡλίου
1706 1410 1763 1445 ἔχει
1777 1409 1803 1435 τὺ

1019 1461 1077 1497 φῶς
1091 1461 1137 1488 καὶ
1151 1460 1214 1487 τίνα
1231 1459 1350 1485 ἐκλείπει
1362 1458 1472 1494 τρόπον.
1492 1458 1523 1484 Οἰ
1537 1457 1566 1483 δὲ
1583 1456 1671 1484 λοιποὶ
1692 1456 1803 1491 ἐξευρη-

975 1512 997 1541 C
1015 1508 1108 1544 μένοις
1121 1506 1224 1537 τούτοις
1237 1503 1369 1536 ἐπέταξαν
1382 1504 1472 1539 ἕτερα.

1052 1555 1113 1581 ’Ότι
1124 1553 1149 1580 οἱ
1165 1552 1292 1583 ἀπλανεῖς
1306 1550 1441 1577 κινοῦνται
1451 1549 1515 1585 περὶ
1531 1548 1576 1575 τὸν
1589 1547 1632 1574 διὰ
1646 1547 1703 1574 τῶν
1720 1547 1805 1574 πόλων

1015 1600 1097 1633 ἄξονα
1112 1598 1236 1634 μένοντα,
1252 1598 1276 1623 οἱ
1289 1596 1317 1623 δὲ
1328 1595 1496 1631 πλανώμενοι
1510 1595 1572 1629 περὶ
1582 1594 1627 1620 τὸν
1641 1593 1688 1620 τοῦ
1711 1593 1805 1626 ζωδια-

1016 1644 1065 1672 κοῦ
1082 1644 1148 1680 πρὸς
1158 1643 1239 1679 ὁρθὰς
1254 1643 1318 1669 ὄντα
1328 1642 1410 1675 ἄξονα
1422 1639 1495 1675 αὐτῷ
1510 1640 1656 1674 ἀπέχουσιν
1671 1639 1804 1674 ἀλλήλων

1016 1691 1058 1717 ὅτι
1075 1690 1122 1716 τὸν
1143 1689 1198 1716 τῶν
1213 1688 1340 1716 ἀπλανῶν
1367 1687 1413 1714 καὶ
1441 1686 1493 1713 τῶν
1518 1685 1703 1720 πλανωμένων
1727 1684 1806 1716 ἄξονα

1019 1733 1302 1769 πεντεκαιδεκαγώνου
1318 1732 1436 1768 πλευρὰν
1451 1731 1478 1757 οῖ
1489 1731 1541 1756 είσι
1554 1731 1643 1766 μοῖραι
1655 1730 1807 1756 εἰκοσιτέσ-

1019 1790 1110 1817 σαρες.

188 1861 1802 1878 Μ

756 1947 848 1968 CIRCA
868 1946 982 1968 ANNUM
1011 1945 1126 1967 DOMINI
1154 1945 1232 1967 CCL!

237 2015 940 2143 THEOGNOSTUS
1020 2011 1767 2094 ALEXANDRINUS

857 2211 1160 2272 NOTITIA

555 2306 699 2338 (GALLAND.,
722 2305 869 2332 Bibliotheca
887 2308 992 2332 ueterum
1003 2305 1116 2335 Patrum,
1131 2303 1175 2334 IlI,
1189 2303 1289 2335 Proles.
1302 2309 1358 2335 pag.
1372 2303 1446 2334 χιιι.)

183 2433 204 2462 1.
228 2433 285 2472 Cur
307 2432 462 2470 Theognosli
486 2434 556 2462 haud
580 2435 745 2463 meminerint
772 2435 902 2464 Eusebius
926 2442 950 2464 et
975 2436 1162 2472 Hieronymus.
1194 2435 1260 2471 Ejus
1281 2440 1368 2463 tamen
1393 2435 1512 2463 meminit
1536 2441 1596 2461 cum
1624 2432 1708 2460 laude
1727 2433 1816 2460 Atha-

221 2469 324 2496 nusius.

186 2504 229 2543 ll._
242 2503 346 2532 Schultz
367 2503 558 2543 Alexandrime
578 2505 686 2543 prin/ruit
708 2511 766 2541 post
787 2504 917 2543 Pieriam.
943 2506 982 2533 De
996 2511 1108 2543 tempore
1129 2515 1179 2541 quo
1193 2506 1313 2543 claruit,
1329 2505 1480 2543 disseritur.
1507 2502 1651 2543 Sacrorum
1677 2502 1816 2543 librorum

219 2540 389 2577 interpretem
410 2540 472 2577 egit.
500 2539 611 2575 Scripsit
624 2539 831 2577 Hypotyposeon
854 2541 936 2569 libros
951 2549 1000 2575 vn,
1020 2539 1078 2576 jam
1093 2539 1193 2568 dudum
1207 2541 1365 2576 deperditus.
1393 2539 1495 2567 Horum
1511 2539 1658 2566 summaria
1673 2539 1772 2572 capita
1784 2544 1817 2563 ex

222 2574 318 2609 Pltotio
330 2576 476 2609 proposita.

187 2608 238 2647 lll._
254 2607 408 2647 Iniqua_i_le
432 2609 593 2647 Tlteognosto
613 2611 702 2639 Photii
726 2619 848 2647 censura,
861 2611 985 2647 diluitur.
1012 2611 1132 2647 Gregorii
1148 2610 1263 2646 Nysseni
1286 2611 1318 2637 de
1335 2609 1423 2636 eodem
1437 2609 1561 2647 scriptore
1575 2607 1647 2647 locus
1663 2615 1816 2647 expensus.

223 2643 332 2683 Integra
357 2643 513 2680 Theognosti
534 2646 599 2681 ﬁdes
620 2646 791 2681 praedicatur.
815 2646 882 2681 Ejus
903 2643 1114 2683 Hypotyposéon
1139 2643 1288 2681 fragmenta
1302 2653 1335 2672 ea;
1347 2652 1441 2679 magno
1461 2644 1606 2671 Athanasio
1629 2643 1777 2677 descripta
1792 2646 1817 2667 et

220 2679 348 2707 exhibita.

221 2751 242 2778 1.
261 2750 299 2778 De
321 2750 495 2787 Theognosto
517 2752 701 2781 Alexandrino
726 2753 794 2780 nihil
823 2753 968 2786 Eusebius,
1022 2756 1156 2780 tacentem
1172 2751 1245 2779 haud
1261 2751 1355 2778 mirari
1368 2751 1457 2778 subit:
1471 2751 1517 2786 qui
1530 2749 1654 2777 videlicet
1665 2750 1766 2777 decem
1776 2758 1819 2777 ec-

186 2795 253 2822 niliil
280 2796 342 2824 item
364 2797 553 2834 Hieronymus.
585 2798 619 2826 Et
638 2797 833 2835 Hieronymum
859 2798 967 2834 quidem
1023 2798 1176 2825 clesiasticaz
1188 2796 1314 2824 Historia:
1327 2797 1406 2824 libros
1419 2797 1453 2825 ab
1467 2796 1581 2825 Eusebio
1597 2795 1740 2831 Pamphili
1750 2805 1819 2824 con-
