1861 3052
50 91 94 118 257

790 96 940 124 .NOTITIA.

1623 104 1676 133 2⁵8

49 151 160 186 scriptos
174 153 295 181 maximo
308 154 362 181 sibi
376 156 529 191 adjumenta
546 159 628 193 [uiue
640 159 783 194 profitetur
800 159 838 195 (l)
855 160 876 187 Α
890 158 923 185 de
948 158 1136 188 lnearnatione
1156 160 1222 193 Dei,
1249 168 1364 197 eamque
1387 162 1543 198 possibilcm
1558 171 1619 192 esse
1633 173 1678 193 aro

48 198 72 225 iu
95 198 129 226 iis
150 199 221 227 viris
241 201 399 230 illustribus
422 206 613 239 recensendis,
637 207 684 242 qui
705 211 768 235 ante
792 215 842 236 sua

48 249 169 280 tempora
195 246 226 273 in
242 247 365 276 Ecclesia
378 249 512 285 ﬂoruere;
539 256 568 279 ut
586 257 727 288 propterea
745 254 843 282 silente

48 292 164 320 Eusebio
189 294 299 322 silueril
329 300 356 323 et
374 296 471 325 doctor
493 299 639 327 maximus.
666 300 702 327 At
722 300 841 336 episcopi

46 338 230 367 Caesariensis
263 347 421 376 suspectum
457 343 564 372 videtur
591 353 651 373 esse
680 346 840 380 silentium;

47 385 155 420 quippe,
165 386 214 421 qui
226 387 399 416 Arianorum.
407 388 497 417 fautor
510 398 542 418 ac
553 395 694 426 patronus,
704 393 842 428 praterire

46 432 223 459 consueverit
238 441 301 468 qua:
317 433 391 461 illius
410 440 489 463 sectae
501 436 628 472 dogmata
647 443 785 473 utcunque
799 439 841 466 in-

46 476 167 511 fringere
187 479 354 513 potuissent,
378 485 409 508 ut
431 482 557 516 superius
576 490 609 510 ex
625 483 723 511 Photio
738 485 777 520 (2)
793 485 840 513 de-

46 523 285 557 monstravimus;
304 525 427 561 adeoque
442 526 578 556 immerito
588 529 678 557 Caveo
694 531 731 566 (5)
746 536 772 559 et
788 531 841 559 Fa-

45 567 132 594 bricio
146 567 187 603 (ι)
202 569 291 597 visum
306 575 348 598 est
363 571 486 606 iniquum
500 572 610 602 Baronii
626 575 771 610 judicium,
785 586 840 613 quo

46 611 197 641 Eusebium
214 613 392 651 Theognosti,
405 617 780 655 theologorumceleberrimi,
790 611 840 651 no-

46 666 105 685 men
123 664 152 686 et
168 661 270 696 scripta
285 662 348 690 dolo
361 664 432 691 malo
445 666 651 699 praetermisisse
677 670 838 703 pronuntia-

49 706 84 733 vit
95 706 133 742 (3)
143 716 151 740 ;
161 708 236 742 quod
250 709 378 737 nimirum
394 710 441 738 τοῦ
450 711 592 747 ὁμοθυσὶου
605 718 733 743 strenuus
743 715 840 744 fuisset

50 758 179 780 assertor.
206 753 273 788 Ejus
296 759 387 783 tamen
405 764 466 784 cum
489 758 601 787 honoris
621 760 779 795 praefatione
796 771 838 790 se-

51 798 98 825 mel
126 799 284 835 iterumque
306 803 430 830 meminit
454 811 569 839 magnus
584 805 767 840 Athanasius;
794 809 838 835 cui

50 844 146 871 dicitur
161 845 203 879 (6)
227 846 296 882 ἀνὴρ
310 847 408 882 λόγιος,
424 849 463 876 vir
477 849 601 882 disertus,
620 856 647 878 et
661 851 700 886 (7)
713 852 834 887 Θεόγνω-

51 897 109 921 στος
130 891 146 916 ὁ
163 890 314 926 θαυμάσιος
327 893 372 920 καὶ
389 893 539 927 σπουδαῖος,
557 896 729 924 admirandus
744 898 789 925 ille
805 907 835 926 ac

49 936 182 963 studiosus
199 935 387 972 Tlteognostus.

80 980 112 1006 ll.
135 980 245 1008 Scholae
269 983 441 1011 catecheticae
462 985 652 1014 Alexandrinae
677 987 834 1022 praefectum

51 1025 131 1054 fuisse
146 1027 353 1064 Theognostum
372 1036 434 1065 post
449 1030 579 1065 Pierium,
608 1040 640 1061 ex
653 1033 777 1069 Philippo
793 1034 835 1062 Si—

51 1072 106 1099 dete
121 1072 162 1107 (8)
177 1074 380 1108 comperimus;
411 1076 532 1111 adeoque
546 1085 596 1112 pro
608 1077 735 1106 Dodwelli
754 1080 835 1108 ratio-

52 1116 126 1144 nibus
151 1118 191 1151 (9)
213 1118 285 1146 Caro
309 1119 460 1154 imperante
483 1123 615 1151 claruisse
636 1124 709 1152 circa
732 1132 833 1153 annum

50 1169 186 1191 ocuxxn.
217 1163 343 1200 Origenis
360 1175 425 1195 vero
450 1168 539 1203 ipsum
553 1169 638 1197 fuisse
659 1171 833 1206 discipulum,

51 1209 89 1235 vel
113 1210 214 1237 saltem
232 1211 292 1245 ejus
308 1220 420 1247 operum
438 1215 682 1251 studiosissimum,
707 1219 774 1247 satis
790 1220 834 1246 in-

51 1261 129 1282 nuere
157 1255 273 1284 Photius
295 1258 403 1286 videtur
426 1259 491 1296 (l0).
527 1260 653 1290 Proxime
678 1268 751 1291 certe
773 1270 834 1299 post

51 1299 190 1336 Origenem
203 1304 342 1332 exstitisse
359 1305 561 1342 Theognostum
577 1316 611 1336 ex
625 1317 658 1337 eo
670 1310 832 1346 colligimus.

52 1348 118 1381 quod
150 1354 264 1377 sanctus
291 1350 458 1380 Athanasius
483 1359 628 1390 utrumque
653 1356 833 1393 conjungens,

52 1394 179 1426 παλαιοὺς
198 1396 310 1432 ἄνδρας.
325 1398 425 1432 prisco:
436 1400 517 1432 viros,
534 1402 649 1436 appellat
671 1403 739 1439 (11).

82 1440 200 1475 Scripsit
223 1447 315 1470 autem
340 1447 436 1471 auctor
454 1449 545 1473 noster
565 1448 645 1482 plena
666 1449 784 1477 dictione
801 1458 834 1478 ac

51 1486 115 1520 slylo
130 1488 279 1522 perspicuo
291 1489 375 1518 libros
390 1498 429 1518 vn
455 1492 657 1522 lnstitutionum
669 1496 834 1532 theologica-
846 1506 868 1535 (ι

51 1539 116 1563 rum.
138 1532 197 1566 jam
221 1534 269 1561 diu
293 1535 464 1570 deperditus;
492 1546 608 1573 quorum
626 1541 831 1577 inscriptionem

51 1577 80 1603 ita
94 1577 180 1606 refert
195 1579 267 1606 idem
281 1580 394 1610 Photius
410 1583 465 1619 (12)
481 1593 487 1611 :
500 1585 552 1612 Τοῦ
570 1588 704 1622 μακαρίου
713 1588 833 1623 Θεογνώ-

50 1630 106 1649 στου
120 1624 319 1661 ’Δλεξανδρέως
331 1628 379 1654 καὶ
392 1628 832 1665 ὲξηγητοῦ,”]⁴ποτυπώςεις.Βείιιί

51 1668 211 1706 Theognosti
233 1672 420 1706 Alexandrini,
445 1684 581 1704 sacrorum
606 1678 733 1706 librorum
750 1681 832 1707 inter-

48 1717 134 1748 prelis,
152 1717 346 1753 Ilypotyposes.
367 1720 400 1748 Et
423 1721 496 1749 illam
522 1723 631 1757 quidem
653 1733 747 1753 vocem
768 1727 830 1762 ἐξη-

46 1762 126 1796 γητοῦ
157 1765 259 1791 scholae
283 1766 454 1795 eatecheticze
465 1770 652 1803 praefecturam
663 1771 832 1808 docendique

46 1814 145 1835 munus
172 1810 315 1844 publicum
338 1813 477 1846 denotare,
503 1815 646 1851 ipsumque
664 1818 752 1852 operis
767 1819 831 1846 titu-

46 1853 99 1880 lum
117 1858 143 1884 ’ἴ
152 1858 327 1891 ποτυπώσεις
341 1866 356 1886 a
371 1859 509 1889 Clemente
525 1863 667 1892 decessore
680 1866 831 1900 sumpsisse

45 1898 262 1937 Theognoslum,
276 1912 338 1932 cum
353 1905 491 1935 Dodwello
506 1909 704 1938 existimamus.
731 1898 825 1948 Singu-

46 1947 131 1976 lorum
147 1958 213 1979 vero
226 1952 360 1981 librorum
375 1962 543 1990 argumenta,
567 1959 662 1986 eodem
674 1959 771 1988 Photio
785 1947 829 1988 re-

46 2001 191 2030 censente,
215 2003 280 2026 sunt
295 1999 439 2033 ejusmodi.
466 2000 559 2030 Primo
580 2003 650 2032 libro
666 2005 700 2032 de
712 2005 766 2033 Deo
777 2004 829 2033 Pa-

47 2043 85 2068 tre
99 2042 163 2077 egit,
178 2051 299 2079 eumque
310 2053 371 2073 esse
386 2054 477 2074 rerum
492 2049 627 2083 Opiﬁcem,
644 2057 732 2086 neque
747 2057 829 2079 mate-

48 2087 111 2115 riam
135 2089 174 2116 illi
197 2095 364 2119 eoaaternam
382 2101 443 2121 esse
469 2095 675 2124 demonstravit.
705 2097 830 2126 Secundo

51 2135 235 2163 necessitatem
250 2137 402 2166 existentiaa
416 2138 476 2166 Filii
490 2142 617 2169 ostendit.
638 2142 727 2171 Tertio
743 2142 830 2178 Spiri-

893 205 960 239 guit.
987 205 1117 234 Ultimum
1139 206 1256 240 denique
1274 208 1307 234 de
1319 207 1368 235 Dei
1380 210 1512 236 creatione
1527 209 1677 246 inscripsit.

928 250 971 279 Ill.
991 251 1075 280 Porro
1100 254 1158 281 haec
1180 261 1302 282 reterens
1330 253 1455 287 Photius,
1481 256 1677 291 complura_in

892 296 1066 334 Theognosto
1086 299 1276 334 reprehendit;
1302 301 1373 336 quod
1390 301 1534 337 Origenem
1556 308 1676 330 assecta-

893 350 947 380 tus,
963 347 1034 374 haud
1049 355 1134 382 pauca
1150 356 1182 376 ex
1199 348 1259 383 ejus
1273 349 1349 376 libris
1364 349 1435 383 Περὶ
1457 350 1559 384 ἀρχῶν
1578 351 1677 378 hause-

891 393 942 425 rit,
969 401 1083 420 erronea
1099 395 1179 429 plane
1194 399 1275 430 atque
1290 403 1305 422 a
1316 396 1430 423 veritate
1450 396 1548 424 aliena.
1575 396 1675 424 Verum

891 437 926 464 ab
947 438 998 465 hac
1017 437 1148 466 Photiana
1166 447 1283 467 censura
1305 441 1464 475 scriptorem
1478 447 1602 469 nostrum
1617 442 1677 469 vin-

891 482 1018 510 dicarunt
1042 483 1093 510 viri
1120 484 1208 516 docti.
1235 484 1368 520 Georgius
1389 485 1482 513 Bullus
1496 486 1551 522 (l3)
1569 491 1595 513 et
1607 486 1677 513 Pru-

891 527 1000 555 dentius
1025 528 1152 557 Maranus
1167 530 1224 564 (14)
1243 539 1250 557 :
1265 538 1381 565 quorum
1406 531 1482 565 prior
1502 536 1529 558 et
1546 532 1610 559 illud
1628 532 1677 560 ad-

890 576 981 609 vertit,
1001 575 1128 604 Photium
1154 584 1209 612 prae
1235 577 1368 604 acerrimo
1386 577 1516 606 adversus
1531 578 1675 613 Origenem

890 621 965 655 odio,
991 626 1018 649 et
1032 622 1058 649 in
1074 621 1276 658 Theognostum
1292 623 1351 658 ejus
1363 623 1494 650 asseclam
1510 628 1538 651 et
1551 624 1676 652 defenso—

890 676 947 695 rem
967 667 1052 696 fuisse
1067 668 1208 703 iniquum;
1237 673 1433 704 proptereaque
1455 669 1555 704 scripta
1569 670 1631 705 ejus
1647 671 1674 698 in

890 713 988 740 malam
1004 718 1108 749 partem
1121 714 1275 749 accepisse,
1293 722 1340 742 seu
1362 714 1452 750 potius
1464 714 1499 742 ab
1513 715 1575 743 aliis
1589 716 1674 751 accipi

889 760 1018 788 voluisse.

924 805 983 833 Non
1000 806 1087 834 solum
1107 814 1171 835 vero
1182 808 1209 835 in
1223 807 1313 835 Photii
1327 808 1565 843 reprehensionem
1582 808 1676 836 incidit

889 851 1090 888 Theognostus,
1109 854 1154 881 sed
1169 854 1196 881 in
1211 862 1244 881 eo
1257 854 1387 881 nonnulla
1400 861 1509 889 quoque
1521 854 1674 889 displicuis-

888 906 919 926 se
931 897 1061 934 Gregorio
1074 899 1195 935 Nysseno
1206 905 1374 936 compertum
1388 900 1529 927 habemus.
1545 899 1591 928 Sic
1601 901 1672 928 enim

889 944 933 970 ille
959 949 1053 971 contra
1071 943 1236 972 Eunomium
1253 946 1374 973 scribens
1390 945 1445 981 (15)
1460 954 1466 973 :
1481 945 1536 972 Καὶ
1549 945 1578 972 οὔ
1594 945 1674 981 μόνος

889 990 917 1015 ὲν
932 989 1017 1024 τούτῳ
1038 990 1209 1026 πεπλάνηται
1224 991 1294 1018 κατὰ
1314 991 1362 1027 τὴν
1386 991 1499 1019 ἀτοπίαν
1513 991 1560 1018 τοῦ
1574 991 1675 1027 δόγμα-

888 1043 932 1067 τος
954 1036 1096 1072 Εὑνόμιος,
1120 1037 1178 1064 ἀλλ’
1195 1037 1252 1064 ἔστι
1271 1038 1317 1064 καὶ
1335 1039 1364 1064 ἐν
1379 1039 1435 1070 τοῖς
1451 1037 1614 1073 Θεογνὼστῳ
1627 1046 1674 1064 πε-

888 1083 1049 1118 πονημένοις
1070 1084 1099 1111 τὸ
1120 1083 1175 1111 ἴσον
1188 1084 1289 1120 εὑρεῖν,
1303 1084 1332 1116 ὃς
1347 1084 1412 1120 φης).
1425 1085 1471 1111 τὸν
1483 1083 1549 1111 Θεὸν
1568 1082 1628 1110 τόδε
1644 1084 1675 1111 τὸ

888 1129 942 1155 πᾶν
956 1131 1168 1162 κατασκευάσαι,
1191 1130 1299 1166 πρῶτον
1318 1130 1363 1157 τὸν
1378 1130 1440 1157 Υἱὺν
1453 1125 1509 1157 οἷόν
1521 1139 1581 1157 τινα
1595 1131 1675 1157 κανό-

888 1181 920 1199 να
935 1174 1202 1210 προῦποστήσασθαι.
1223 1175 1250 1202 id
1268 1180 1328 1203 est:
1352 1185 1361 1201 ε
1376 1175 1469 1211 Neque
1492 1175 1519 1202 in
1536 1176 1587 1204 hoc
1600 1177 1675 1204 solus

888 1218 1025 1246 aberravit
1039 1219 1072 1246 ad
1086 1219 1233 1246 absurdam
1258 1220 1421 1247 sententiam
1435 1219 1601 1254 Eunomius;
1626 1221 1674 1249 sed

888 1263 958 1291 idem
983 1266 1063 1292 etiam
1092 1262 1210 1299 reperire
1234 1269 1275 1292 est
1299 1266 1327 1293 in
1341 1266 1418 1293 libris
1431 1266 1607 1302 Theognosti,
1625 1269 1673 1303 qui

887 1309 985 1337 Filium
997 1317 1013 1337 a
1032 1310 1096 1341 Deo,
1117 1319 1179 1338 cum
1194 1311 1245 1338 hoc
1259 1311 1423 1338 universum.
1438 1312 1603 1339 constituere
1615 1308 1674 1340 vel—'

888 1356 940 1388 let,
969 1356 1104 1391 primum,
1129 1356 1214 1384 veluti
1237 1356 1383 1392 quamdam
1411 1358 1511 1392 opilicii
1535 1366 1672 1393 normam,

887 1402 1115 1436 praesuppositum
1133 1402 1218 1430 fuisse
1233 1402 1308 1430 dicit.
1328 1411 1339 1428 ι
1360 1402 1394 1430 Et
1408 1402 1465 1430 haec
1476 1403 1586 1438 quidem
1602 1404 1672 1440 Nys-

887 1447 946 1474 seni
964 1454 1078 1474 censura
1094 1447 1183 1482 potior
1206 1447 1338 1476 l’hotiana
1357 1448 1537 1476 existimanda
1554 1449 1670 1476 videtur.

886 1492 920 1519 At
943 1492 1017 1519 illam
1040 1492 1120 1519 diluit
1138 1493 1208 1520 alter
1228 1493 1314 1520 nostri
1335 1494 1483 1521 catechetaa
1495 1493 1671 1522 Alexandrini

885 1543 1017 1574 patronus
1031 1539 1087 1573 (16)
1104 1548 1111 1566 :
1129 1543 1186 1566 tum
1209 1539 1271 1574 quia
1295 1538 1485 1583 Theognostus
1498 1540 1534 1567 ab
1547 1539 1672 1567 Athana-

883 1585 925 1612 sio
947 1589 977 1612 ut
991 1584 1234 1612 Consubstuntialis
1257 1584 1384 1613 defensor
1404 1590 1433 1613 et
1453 1586 1542 1617 testis,
1569 1586 1671 1613 citatus

882 1636 941 1664 est;
966 1635 1024 1658 tum
1040 1632 1104 1666 quia
1116 1631 1206 1666 ipsum
1220 1631 1286 1658 illud
1299 1631 1487 1658 testimonium
1501 1631 1574 1666 quod
1590 1631 1671 1659 refert

882 1676 1040 1712 Gregorius,
1062 1676 1182 1704 Verbum
1196 1677 1336 1710 describit,
1353 1681 1382 1704 ut
1393 1677 1482 1704 ideam
1504 1677 1577 1704 illam
1589 1682 1617 1704 et
1628 1685 1670 1705 re-

882 1724 982 1757 gulam,
998 1723 1077 1758 cujus
1089 1723 1122 1750 ad
1137 1723 1276 1758 exemplar
1292 1724 1384 1751 omnia
1399 1724 1511 1752 creavit.

918 1769 980 1802 Sed,
997 1774 1027 1796 ut
1038 1769 1110 1796 dicta
1126 1770 1237 1804 demum
1252 1770 1459 1803 concludamus,
1474 1779 1535 1806 quae
1546 1771 1668 1800 nonnulli

882 1820 1003 1844 veterum
1021 1816 1049 1843 in
1066 1815 1240 1851 Theognosto
1263 1817 1473 1852 reprehensione
1498 1817 1579 1851 digna
1591 1823 1671 1852 puta-

881 1866 956 1893 runt,
973 1861 1040 1889 nihil
1055 1862 1089 1889 de
1102 1862 1232 1896 praeclaro
1244 1862 1334 1896 magni
1347 1862 1489 1889 Athanasii
1502 1863 1607 1897 judicio
1619 1864 1668 1890 de-

881 1908 989 1936 trahere
1001 1908 1108 1941 valent;
1126 1908 1173 1943 qui
1188 1908 1260 1941 hunc
1276 1909 1376 1936 schotaa
1392 1909 1583 1937 Alexandrinae
1596 1918 1668 1945 prte-

880 1955 981 1983 feetum
996 1956 1081 1982 virum
1096 1955 1283 1982 admirandum
1298 1955 1424 1990 appellat,
1439 1956 1561 1991 adeoque
1573 1957 1667 1992 appri-

881 2010 924 2029 me
936 2002 1119 2029 orthodoxum
1143 2001 1229 2029 fuisse
1244 2002 1380 2036 perhibet.
1402 2001 1440 2029 Ea
1455 2002 1595 2031 enimvero
1608 2012 1669 2038 quae

880 2056 913 2075 ex
933 2048 992 2082 ejus
1014 2047 1092 2075 libris
1115 2047 1284 2083 deprompsit
1304 2053 1417 2076 sanctus
1431 2049 1475 2076 ille
1489 2050 1589 2084 praesul
1605 2050 1668 2078 Ale—

880 2094 1042 2126 xandrinus,
1057 2101 1172 2129 quaeque
1183 2101 1216 2122 ex
1231 2101 1265 2122 eo
1280 2094 1414 2129 descripta
1433 2102 1483 2122 suo
1496 2096 1556 2123 loco
1569 2100 1666 2130 protu—

881 2141 972 2173 limus,
996 2141 1126 2169 evincunt
1138 2141 1198 2176 ejus
1211 2142 1367 2169 testimonio
1380 2142 1464 2177 premi
1480 2142 1608 2174 Arianos,
1626 2144 1666 2177 ip-

52 2181 99 2206 lum
112 2187 240 2208 sanctum
254 2190 324 2215 esse,
336 2186 503 2218 argumentis
514 2187 603 2214 evicit.
620 2187 722 2221 Quarto
734 2176 769 2217 de
780 2198 829 2217 an-
845 2176 867 2203 Β
881 2195 998 2222 sumque
1020 2187 1108 2222 palam
1132 2187 1322 2222 praedicantem
1343 2187 1440 2214 Filium
1461 2187 1602 2214 ὁιιοούσιον
1618 2187 1666 2215 de-

51 2225 107 2258 zelis
130 2232 159 2255 et
181 2228 354 2257 daemonibus
378 2233 559 2266 pertractavit.
590 2233 692 2266 Quinto
709 2240 736 2263 et
753 2241 828 2264 sexto

74 2327 112 2365 (1)
133 2327 261 2365 llieron.,
276 2331 352 2365 praef.
370 2331 401 2359 ad
415 2332 462 2360 lib.
479 2333 517 2360 De
530 2335 593 2362 viris
608 2335 707 2362 illustr.

73 2363 109 2397 (Ξ)
131 2364 225 2395 Phot.,
247 2363 380 2394 Bi'blxod.
399 2368 458 2396 127.

126 2399 196 2442 ρος.
208 2399 404 2442 ,Ηὶδιλριι
415 2411 459 2430 an.
475 2403 538 2442 28},
554 2409 607 2431 tom
620 2404 713 2442 Lpag.
728 2407 788 2435 MT.

72 2435 109 2476 tt)
128 2435 258 2476 ξειιπῑα..
273 2436 346 2476 βίω.
361 2437 547 2476 υ-νμιοφτιχ,
561 2447 624 2476 pag.
634 2435 701 2468 the”.

72 2437 98 2467 (4
129 2437 258 2467 Fabric.,
273 2437 346 2463 Bibl.
361 2437 407 2464 Gr.
422 2443 487 2466 tom.
502 2439 527 2465 1)

127 2470 233 2515 ξομ-οη.
248 2471 362 2515 adnan'n.
377 2472 438 2506 109,
449 2473 527 2515 _§“59.

71 2506 232 2550 (6)‘Athan.
244 2527 252 2539 ,
270 2506 309 2533 De
325 2507 427 2550 Defret.
444 2506 505 2536 Nic.
521 2518 580 2545 syn.
595 2518 669 2538 num.
687 2511 739 2545 25,
754 2512 822 2548 Opp.

48 2543 100 2571 tam.
113 2540 132 2572 l,
146 2548 218 2576 part.
233 2552 257 2574 1,
276 2549 338 2576 pag.
353 2544 416 2570 27.0.
535 2540 546 2545 '
733 2540 738 2545 ’
777 2540 820 2548 “'

48 2577 104 2620 “(7)
116 2578 160 2620 -ω-
177 2577 306 2620 ερὶδικηέ
317 2599 324 2610 ,
350 2579 383 2606 ad
402 2578 542 2614 Serapion.
554 2599 562 2614 ,
577 2588 653 2608 num.
669 2581 702 2615 9,
718 2587 784 2611 tom.
801 2582 821 2615 l,

46 2617 98 2641 lﬂrt.
115 2618 145 2645 ll,
159 2622 225 2649 pag.
247 2613 311 2640 702.
469 2613 476 2614 ί
695 2613 700 2615 ’
815 2613 819 2615 ’

46 2649 100 2687 _‘_(8}
117 2650 191 2687 Phil.
221 2649 299 2680 Sid.,
326 2647 399 2687 {iis}.
423 2648 509 2678 Serm.
532 2651 567 2679 24
590 2653 661 2687 apud
678 2651 771 2681 Dodw.
788 2654 822 2682 ad

41 2681 136 2714 tam.
151 2685 228 2714 lren.
248 2692 314 2721 pag.
327 2683 392 2712 488.

882 2238 1043 2261 monstrant.

918 2338 1088 2401 (9)5deu'.,
1110 2339 1128 2365 l.
1152 2347 1176 2366 c.
1200 2338 1226 2365 in
1250 2342 1308 2365 not.
1332 2338 1365 2365 ad
1388 2337 1484 2374 fragm.
1501 2337 1571 2364 Phil.
1590 2337 1660 2368 Sid.,

918 2383 940 2401 ιι.
1011 2393 1018 2400 .

879 2382 1018 2414 Pali-.911:
1090 2408 1118 2414 ...

915 2383 1068 2444 ᾗόωὖὶιοι.
1087 2408 1156 2435 Bibl.
1171 2407 1231 2435 eod.
1250 2407 1310 2435 me.

915 2410 971 2478 (11)
990 2444 1102 2476 Athan.,
1117 2444 1135 2471 Ι.
1151 2451 1175 2470 c.
1191 2451 1251 2478 pag.
1267 2443 1326 2470 709..

929 2479 970 2510 1‘2)
990 2479 1067 2506 Phot.
1083 2478 1102 2505 l.
1118 2486 1143 2505 c.

914 2514 977 2563 (εὖ)
990 2513 1210 2563 Bull.,‘£efens.
1230 2513 1278 2548 βά.
1301 2512 1362 2540 Nic.
1386 2518 1451 2541 sect.
1483 2522 1512 2547 ιι,
1537 2522 1597 2549 cap.
1628 2514 1660 2539 10

879 2549 910 2585 §§
931 2549 987 2581 7-9,
1002 2557 1064 2611 1patr.
1083 2549 1143 2578 133.
1159 2556 1221 2589 .seq.
1342 2584 1347 2589 _

913 2584 967 2627 (μ)
987 2584 1000 2610 lt
1015 2592 1108 2627 aulam,
1129 2583 1218 2610 Dwm.
1238 2583 1265 2610 J.
1282 2583 1312 2611 C.
1331 2584 1377 2611 lib.
1394 2591 1438 2617 tv,
1453 2589 1520 2618 (cap.
1542 2584 1577 2610 (2.1
1597 2583 1629 2620 §§
1646 2583 1657 2610 l

875 2625 903 2647 et
917 2620 1021 2662 apag.
1040 2620 1103 2650 551,
1119 2627 1178 2651 Seu.
1203 2654 1207 2659 .

911 2655 967 2695 (ib)
985 2655 1065 2695 (μεθ.
1083 2654 1175 2695 Nysa,
1191 2654 1238 2681 lib.
1256 2662 1290 2695 LI).
1308 2658 1400 2695 “contr.
1416 2653 1533 2695 Eupogt.

911 2690 967 2725 (16)
987 2688 1091 2717 Μαι-ἔω.
1106 2688 1124 2716 l.
1140 2698 1165 2717 c.
1180 2698 1239 2724 cap.
1256 2690 1292 2717 25
1307 2689 1320 2724 ξ
1336 2691 1361 2721 1,
1380 2698 1440 2725 pag.
1458 2688 1520 2717 557.
