1861 3052
217 232 1808 254 Mm

749 315 752 325 '
787 324 879 346 cmoa
900 325 1012 346 ANNUM
1032 325 1145 347 Domst
1162 326 1255 347 ceu.

773 412 1264 505 MALCHIO

447 569 747 615 ECCLESL/E
781 569 1197 616 ANTIOCHENJE
1235 572 1602 618 PRESBYTER.

858 755 1184 813 NOTITIA.

577 864 720 895 (GALLLn.,
739 863 887 890 Bibliotheca
896 868 1002 891 veterum
1015 866 1128 895 Patrum,
1145 866 1188 896 lli,
1201 867 1300 898 Proles.
1313 874 1337 899 p.
1349 867 1448 900 χχιιι.)

209 1024 234 1052 1.
256 1024 407 1061 Matt/rion,
422 1025 462 1052 vir
479 1026 668 1054 disertissimus
678 1047 685 1059 ,
698 1035 748 1061 quo
762 1029 875 1061 tempore
896 1028 1003 1055 claruit.

1022 1028 1147 1056 Doctrina
1163 1033 1188 1055 et
1203 1027 1504 1060 eralitione'prtestans.
1524 1024 1649 1054 Ecclesia
1666 1025 1816 1053 Antiochum

242 1059 375 1098 presbyter
392 1061 540 1098 ordinatur.
563 1062 665 1089 Acriter
681 1059 798 1096 disputat
813 1059 942 1090 adversus
966 1063 1080 1090 Paulum
1100 1064 1312 1092 Samasatenum.
1329 1063 1395 1098 Ejus
1415 1061 1540 1088 memoria
1557 1061 1584 1088 in
1605 1061 1754 1089 ercorum
1772 1061 1816 1088 Με-

242 1095 353 1129 nologiis
369 1096 503 1123 recolitur.

208 1129 261 1167 II._
273 1129 383 1167 Tempus
399 1131 542 1165 inquiritur
557 1140 608 1167 quo
623 1131 753 1159 celebrata
768 1132 820 1166 fuit
837 1133 968 1167 posterior
983 1133 1100 1166 synodus
1119 1135 1297 1167 Antiochena,
1318 1132 1363 1160 ubi
1382 1131 1474 1159 habita
1496 1131 1655 1158 Malchionis
1677 1131 1815 1166 disputatio.

242 1165 382 1192 Pearsonii
394 1168 523 1193 sententia
535 1165 568 1194 de
582 1176 632 1194 una
644 1167 754 1194 concilio
768 1165 928 1195 Amice/xeno
940 1165 1074 1195 evertitur.

207 1199 268 1227 111.
290 1200 437 1236 Epistglam
453 1203 606 1236 synodicam
617 1202 749 1229 Male/rion
761 1202 857 1230 litteris
869 1204 1035 1236 cansignasse
1049 1204 1209 1235 perhibetur.
1224 1204 1281 1236 Quo
1293 1211 1362 1230 anno
1376 1203 1450 1229 illam
1462 1202 1644 1236 perscripserit
1658 1206 1757 1228 auctor.
1771 1199 1816 1226 Ea-

239 1236 298 1262 dem
309 1233 341 1262 ea:
354 1233 604 1265 Eusebio'exhibita.
622 1237 784 1273 Fragmenta
796 1246 829 1265 ea:
845 1238 917 1266 Actis
933 1233 1119 1274 disputationis
1137 1233 1340 1266 Malchioniunae
1356 1233 1486 1272 subjecta.

239 1305 260 1332 ι.
275 1304 471 1337 Malchion,vir
481 1303 687 1337 disertissimus,
701 1305 788 1340 inquit
798 1304 932 1332 Eusebius
944 1305 991 1342 (l),

204 1351 273 1386 ἀνηρ
288 1350 323 1377 τά
340 1359 370 1377 τε
386 1350 453 1377 ἄλλα
468 1349 567 1384 λόγιος,
584 1350 656 1378 circa
670 1350 773 1378 Christi
790 1359 892 1378 anitum
905 1359 991 1378 cccxx

204 1398 336 1425 claruisse
346 1397 521 1432 compel'iuir.
538 1395 695 1424 Graecorum
709 1397 805 1424 litteris
818 1398 992 1424 vehementer

203 1444 339 1476 excultus,
355 1443 455 1471 schola:
471 1443 627 1477 sophistica:
642 1443 713 1477 apud
730 1443 903 1470 Antiochiam
923 1451 991 1478 prie-

204 1489 271 1522 fuit,
291 1490 364 1523 sive,
383 1495 413 1516 ut
432 1489 554 1524 loquitur
570 1488 749 1525 Hieronymus
773 1490 827 1524 (2),
851 1491 878 1516 in
899 1490 990 1516 eadem

203 1535 266 1563 urbe
289 1535 449 1562 rhetoricam
475 1535 660 1569 ﬂorentissime
685 1535 785 1567 docuit.
812 1533 903 1570 Neque
926 1543 991 1562 vero

202 1581 326 1608 doctrina
346 1581 435 1608 solum
454 1585 481 1608 et
501 1580 655 1608 eruditione
671 1581 794 1608 saeculari
809 1581 935 1608 excelluit
950 1582 991 1608 vir

201 1626 341 1661 egregius,
358 1625 406 1652 sed
421 1625 502 1652 etiam
523 1625 559 1652 ob
572 1625 735 1652 eminentem
751 1625 913 1653 Christiana:
928 1626 990 1654 ﬁdei

203 1673 387 1700 sinceritatem
398 1692 406 1704 ,
423 1672 582 1708 presbyterii
599 1673 733 1700 honorem
754 1673 857 1707 in_ejus
871 1673 922 1700 loci
939 1673 989 1701 Ec-

203 1719 285 1746 clesia
302 1724 344 1746 est
363 1724 546 1746 consecutus:
567 1719 605 1744 Οὐ
624 1718 676 1754 μὴν
698 1718 765 1745 ἀλλὰ
787 1719 833 1745 καὶ
848 1719 882 1746 δι’
905 1720 989 1755 ὑπερ-

203 1764 352 1792 ϐάλλουσαν
360 1765 413 1801 ’τῆς
426 1766 467 1797 εἰς
475 1764 590 1800 Χριστὸν
599 1765 716 1796 πίστεως
729 1765 907 1801 γνησιιὴητα,
923 1775 989 1801 πρε-

203 1811 344 1847 σϐυτερίου
360 1806 411 1847 ⁸έῖῖιις
427 1811 520 1851 αὐτόοι
533 1811 678 1847 παροικίας
690 1811 848 1847 ἠξιωμένος.

222 1859 348 1895 -S_vnodo
363 1859 539 1886 Antiochensi
552 1857 713 1892 posteriori,
728 1865 810 1892 quam
825 1862 988 1892 postremam

201 1910 282 1933 vocat
298 1905 432 1932 Eusebius
445 1905 501 1940 (5),
517 1904 676 1935 τελευταίας
704 1904 934 1940 συγκροτηθείσης
955 1919 990 1924 —-

203 1952 329 1984 συνόδου,
359 1951 482 1979 interfuit
507 1950 659 1984 Malchion;
694 1952 721 1978 in
746 1958 832 1985 eaque
859 1951 990 1978 adversus

203 1998 318 2025 Paulum
348 1997 557 2024 Samosatenum
584 1997 631 2032 qui
659 1996 788 2024 Ecclesiae
814 1995 990 2024 Antiochensi

202 2042 347 2078 episcopus
364 2042 520 2070 Artemonis
538 2042 663 2070 haeresim
687 2042 869 2075 instaurarat,
892 2042 991 2069 acriter

202 2089 365 2124 disputavit,
378 2089 575 2123 excipientibus
591 2093 691 2117 cuncta
709 2089 843 2122 notariis;
861 2089 990 2124 solusque

202 2134 324 2163 omnium
344 2135 466 2162 occultos
484 2135 603 2162 hominis
623 2143 719 2163 sensus
739 2142 770 2162 ac
789 2134 897 2163 fraudes
916 2135 992 2163 dete-

202 2188 264 2216 gere
287 2180 383 2207 valuit.
408 2179 466 2212 Qua
491 2180 600 2214 quidem
626 2187 659 2207 ex
682 2179 866 2208 coniutatione
887 2185 989 2208 tantam

202 2225 316 2261 gloriam
342 2226 434 2253 retulit
454 2230 547 2253 noster
566 2229 671 2257 auctor,
694 2225 783 2260 inquit
798 2225 923 2254 Valesius
940 2227 989 2262 (4),

203 2276 233 2299 ιιι
247 2281 279 2299 ea
298 2272 332 2299 de
349 2281 431 2300 causa
451 2272 477 2299 in
494 2271 652 2307 Meuologiis
665 2271 822 2300 Graecorum
840 2273 884 2300 die
905 2281 988 2300 xxvm

202 2318 326 2346 Octobris
341 2319 496 2346 consecrari
508 2319 646 2346 meruerit.

236 2363 269 2391 ll.
291 2363 330 2390 Ex
356 2364 407 2391 hac
430 2368 521 2392 autem
546 2364 574 2391 in
592 2364 692 2392 tabuiis
712 2364 813 2392 Graecis
830 2365 988 2400 consignata

202 2409 363 2436 Malchionis
378 2410 509 2436 memoria
519 2430 526 2442 ,
541 2410 753 2437 existimaverim
773 2409 898 2444 equidem
917 2411 988 2438 cele-

202 2454 308 2482 bratam
324 2454 415 2482 fuisse.
425 2455 496 2482 hanc
508 2455 641 2490 synodum
658 2463 730 2482 anno
742 2463 838 2482 count
848 2456 988 2484 dcsinentc

203 2506 285 2536 atque
314 2501 473 2535 insequente
497 2506 679 2536 prorogatam.
714 2501 898 2530 Conlirmatur
924 2511 987 2530 vero

239 2599 278 2635 (Ι)
298 2599 410 2632 Enseh.,
429 2598 499 2626 Hist.
516 2599 595 2630 εισι..
614 2600 660 2627 lib.
673 2608 709 2626 vn
722 2621 729 2631 ,
744 2609 803 2635 cap.
819 2601 863 2628 29.

238 2635 277 2666 (2)
297 2635 418 2666 Hierom,
438 2635 475 2660 De
488 2634 536 2661 vir.
549 2636 662 2668 ittustr.,
676 2643 736 2669 cap.
757 2634 798 2663 7i.

268 2670 276 2703 )
297 2670 407 2700 Euscln.
421 2671 438 2697 l.
457 2679 481 2697 c.

237 2669 276 2735 (5)
297 2670 407 2700 Euscln.
421 2671 438 2697 l.
457 2679 481 2697 c.

250 2705 277 2759 4)
297 2704 386 2732 Vales.
403 2706 429 2732 in
450 2709 506 2732 not.
521 2704 554 2732 ad
566 2704 685 2753 Euseb”
698 2705 716 2732 l.
734 2713 758 2733 ε.

237 2739 264 2759 (Κ
296 2739 435 2759 Drnlnnnnu
473 2748 521 2759 l-an
549 2741 559 2759 4
572 2741 581 2759 )
617 2740 630 2759 Κ
648 2741 658 2759 Ι

237 2705 265 2735 14
297 2705 386 2732 Vales.
403 2706 429 2732 in
450 2709 506 2732 not.
521 2705 554 2732 ad
570 2705 685 2737 Euseh.,
698 2705 716 2732 1.
734 2713 758 2733 c.

237 2705 277 2809 (5i
296 2739 459 2780 Prolegom.,
473 2748 531 2774 cap.
549 2741 597 2780 1‘2;
617 2740 630 2776 §
648 2741 673 2768 l.
756 2776 771 2782 η
827 2776 834 2782 _

201 2774 265 2837 εἰς
297 2775 379 2810 Epist.
403 2783 479 2803 conc.
500 2776 640 2808 Antioch.,
663 2775 676 2811 §
702 2776 726 2803 L
742 2775 801 2806 Vni.
827 2776 902 2811 min,
926 2786 985 2814 pag.

237 2844 275 2880 (7)
294 2843 370 2880 Pagi,
382 2844 450 2873 Crit.
469 2846 501 2874 ad
516 2854 580 2874 ann.
597 2846 660 2878 ‘27],
675 2845 730 2882 £2.

1007 1307 1028 1336 Α
1045 1306 1102 1333 hzec
1116 1306 1246 1341 temporis
1267 1307 1371 1333 notatio
1392 1313 1426 1332 ex
1450 1305 1564 1340 epistola
1586 1305 1709 1340 ejusdem
1725 1305 1815 1333 concilii

1042 1351 1172 1388 Dionysio
1198 1351 1317 1387 pontiﬁci
1344 1351 1466 1378 Romano
1486 1351 1616 1386 inscripta
1633 1372 1640 1383 ,
1659 1351 1706 1378 sed
1729 1351 1816 1378 reddita

1042 1397 1122 1425 Felici
1145 1397 1205 1432 ejus
1226 1398 1397 1430 successori,
1416 1397 1490 1432 quod
1511 1397 1555 1424 illo
1576 1404 1732 1431 supremum
1758 1397 1816 1422 diem

1042 1443 1141 1471 obierit
1157 1443 1208 1470 sub
1224 1443 1304 1471 tinem
1322 1443 1478 1470 Decembris
1494 1443 1614 1477 ejusdem
1635 1442 1701 1469 anni
1720 1450 1817 1473 cccxii,

1043 1493 1072 1516 ut
1094 1489 1221 1524 superius
1242 1493 1382 1516 ostensum
1401 1489 1450 1524 (5).
1470 1488 1553 1523 quue
1578 1488 1678 1515 iterum
1702 1488 1816 1515 astruitui

1041 1543 1075 1562 ex
1095 1535 1178 1562 citata
1198 1535 1313 1569 epistola
1337 1534 1466 1570 synodica
1479 1555 1485 1567 ,
1500 1534 1547 1561 ubi
1565 1535 1660 1561 Patres
1680 1534 1713 1561 de
1734 1532 1818 1560 Firmi-

1041 1580 1114 1606 liano
1133 1579 1310 1614 Cappadociae
1334 1580 1456 1606 antistite
1474 1580 1556 1606 verba
1576 1579 1730 1606 facientes:
1753 1577 1817 1604 Nunc

1041 1634 1141 1661 quoque
1151 1645 1158 1657 ,
1179 1626 1305 1660 inquiunt
1319 1625 1367 1660 (6),
1383 1630 1506 1652 venturus
1526 1629 1581 1651 erat
1596 1623 1785 1656 Firmiliauus;
1797 1628 1816 1650 et

1037 1671 1095 1705 jam
1111 1670 1222 1698 Tarsum
1237 1679 1317 1706 usque
1331 1666 1492 1705 pervenerat.
1507 1669 1558 1697 Sed
1574 1678 1633 1696 cum
1646 1678 1693 1697 nos
1704 1670 1761 1704 jam
1770 1677 1818 1695 con-

1041 1718 1197 1744 uenissemus
1209 1737 1216 1749 ,
1228 1718 1328 1744 interea
1343 1717 1393 1744 loci
1412 1717 1474 1743 dum
1486 1716 1561 1742 illum
1579 1717 1737 1743 accersimus
1747 1736 1754 1748 ,
1765 1715 1817 1741 dum

1040 1763 1096 1797 ejus
1123 1763 1261 1789 adventum
1285 1767 1483 1796 exspectamus,
1514 1762 1578 1788 abiit
1607 1770 1620 1789 e
1652 1763 1717 1789 vita.
1747 1761 1816 1796 Atqui

1041 1808 1125 1836 Graeci
1142 1809 1169 1835 in
1190 1808 1342 1844 Menologio
1364 1808 1408 1836 die
1426 1815 1511 1835 xxvm
1533 1808 1659 1835 Octobris
1682 1807 1710 1835 S.
1730 1806 1817 1834 Firmi-

1040 1851 1106 1879 liani
1120 1851 1251 1879 Caesareae
1272 1852 1299 1878 in
1317 1850 1487 1886 Cappadocia
1504 1851 1623 1885 episcopi
1641 1850 1739 1878 festum
1755 1849 1816 1876 diem

1040 1901 1133 1932 agunt.
1156 1896 1260 1930 Quare,
1277 1901 1306 1924 ut
1328 1896 1387 1931 iure
1405 1897 1494 1931 arguit
1512 1895 1611 1931 Pagius
1628 1895 1679 1931 (7),
1695 1896 1718 1922 si
1737 1903 1767 1923 eo
1782 1894 1818 1921 die

1040 1941 1216 1970 Firmilianus
1235 1943 1268 1969 ad
1288 1950 1402 1976 superos
1419 1942 1544 1974 transiit,
1559 1945 1623 1971 tunc
1640 1941 1699 1976 jam
1714 1948 1817 1976 congre-

1006 1981 1026 2006 Β
1041 1994 1101 2024 gata
1115 1994 1175 2016 erat
1191 1986 1310 2024 synodus
1325 1988 1504 2015 Antiochena.

1081 2043 1171 2077 Atque
1189 2050 1222 2070 ex
1237 2043 1280 2069 his
1297 2043 1436 2070 enimvero
1454 2042 1534 2076 longo
1551 2041 1695 2068 aberrasse
1720 2039 1819 2067 Pearso—

1043 2088 1119 2114 nium
1132 2087 1296 2123 colligimus,
1312 2087 1358 2122 qui
1375 2087 1486 2114 unicum
1503 2090 1606 2113 tantum
1622 2085 1765 2112 concilium
1776 2083 1820 2109 Διι-

1044 2133 1198 2161 tiochenum
1210 2134 1238 2161 in
1246 2142 1328 2161 causa
1340 2132 1510 2162 Samosateni
1519 2137 1644 2161 coactum
1657 2140 1730 2160 anno
1737 2137 1819 2159 ccmt

1043 2180 1186 2215 agnoscit;
1202 2187 1217 2208 a
1236 2188 1290 2215 quo
1307 2186 1447 2215 propterea
1470 2181 1567 2207 merito
1582 2179 1718 2207 dissident
1734 2178 1771 2205 vel
1783 2176 1818 2204 sui

1042 2227 1221 2260 contribules,
1245 2227 1339 2256 Rullus
1360 2227 1398 2262 (8)
1421 2231 1448 2254 et
1467 2226 1612 2254 Dodvcllus
1626 2226 1678 2261 (9),
1701 2230 1729 2252 ut
1750 2224 1820 2251 Tillc-

1044 2271 1364 2308 montium(lU)aliosque
1376 2272 1543 2300 omittamus.
1556 2271 1648 2307 Neque
1660 2271 1774 2299 advertit
1787 2268 1819 2294 vir

1043 2323 1140 2346 caetera
1151 2318 1257 2350 doctus,
1273 2319 1344 2346 hanc
1355 2319 1488 2355 synodum
1502 2327 1555 2353 qua
1569 2318 1603 2346 de
1615 2318 1732 2353 agimus,
1748 2316 1819 2342 Euse-

1043 2364 1089 2391 bio
1104 2368 1262 2398 postremam
1275 2369 1418 2399 eapropler
1433 2365 1533 2392 dictam
1551 2368 1580 2390 ut
1598 2364 1680 2390 modo
1694 2362 1818 2390 vidimus,

1042 2410 1115 2445 quod
1146 2410 1240 2445 prima!
1268 2411 1392 2438 videlicet
1420 2411 1590 2438 meminisset
1619 2409 1685 2445 (ll),
1717 2409 1744 2435 in
1772 2414 1818 2442 qua

1044 2456 1156 2483 maxime
1173 2454 1338 2484 eminuerunt
1350 2456 1525 2483 Firmi/ianus
1541 2456 1669 2483 Cmareaz
1687 2453 1818 2489 Cappado-

1043 2510 1102 2528 cum
1129 2503 1279 2537 episcopus,
1308 2503 1449 2538 Gregorius
1472 2502 1683 2536 Thaumaturgus
1709 2500 1817 2534 aliique;

1074 2605 1110 2640 (8)
1131 2604 1212 2636 Bull.,
1235 2593 1324 2630 India.
1347 2602 1420 2631 Eccl.
1439 2603 1520 2635 catlz.,
1537 2611 1596 2637 cap.
1617 2603 1645 2635 5,
1665 2602 1680 2639 §
1706 2603 1739 2636 7,
1761 2608 1813 2636 pag.

1001 2648 1022 2675 ο
1039 2641 1083 2667 28.

1133 2675 1237 2717 “mhi...
1254 2673 1365 2700 Dissert.
1385 2673 1455 2708 sing.
1478 2673 1510 2699 ad
1527 2681 1589 2708 opp.
1607 2672 1701 2700 Pears.
1716 2679 1774 2706 cap.
1793 2669 1814 2700 ὓ.

1043 2710 1056 2745 §
1073 2711 1114 2739 18,
1132 2718 1192 2744 pa".
1208 2710 1250 2736 7|.
1570 2736 1573 2737 ν

1077 2746 1131 2780 (10)
1152 2731 1270 2776 'lpillan,
1296 2743 1472 2780 Μέηιηρεςιη
1498 2751 1563 2770 tom.
1589 2742 1635 2774 IV,
1660 2747 1718 2769 not.
1742 2742 1756 2768 6
1775 2745 1816 2767 sur

1041 2779 1108 2808 Paul
1123 2779 1155 2806 ile
1173 2779 1290 2811 Samos,
1305 2786 1365 2814 pag.
1382 2779 1442 2804 ϐϋϋ.

1077 2815 1132 2852 (Η)
1152 2814 1264 2848 Euseb,
1283 2811 1353 2841 Hist:
1371 2813 1447 2847 ecci.,
1460 2813 1507 2840 lib.
1522 2821 1570 2847 vn,
1583 2820 1642 2848 cap.
1659 2811 1705 2839 28.
