1861 3052
204 76 257 103 259

539 79 750 107 MALCllIONIS
768 79 938 108 EPISTULA
957 81 1099 109 (ῑοΝτιιΑ
1123 83 1265 113 PAULUM
1286 85 1457 114 SAMOSAT.

1776 89 1824 117 2οὓ

207 194 397 234 Fragmenta
413 196 572 235 Epistolas,
590 200 623 226 ut
641 196 785 244 videtur,
806 197 952 244 ejusdem
974 199 1095 244 §ynodi
1109 201 1328 244 Antiocheam,
1343 203 1414 243 ejus
1430 203 1579 235 videlicet
1600 203 1701 242 partis
1736 212 1823 244 quam

290 257 293 259 λ
621 241 744 266 constat
771 236 872 267 fuisse
906 238 944 267 ab
974 236 1115 271 Eusebio
1144 236 1400 279 praetermissam.

534 285 611 322 Apud
626 285 764 314 Leontium
781 288 953 324 Byzantium,
970 291 1016 318 lib.
1041 301 1069 320 tu
1087 299 1177 320 contra
1194 294 1313 326 Νεειον..
1326 295 1373 322 sub
1392 296 1480 330 ﬁnem.

240 330 286 356 Ait
309 329 390 365 igitur
411 330 438 357 in
462 333 667 360 commentariis
684 333 728 368 (de
742 334 828 362 Paulo
857 337 1030 374 loquuntur)
1045 347 1156 368 servare
1179 341 1338 376 dignitatem
1365 329 1516 376 sapientiae.

917 382 951 409 Et
968 389 1026 417 post
1040 386 1094 412 alia
1113 394 1122 413 :

239 420 267 447 Si
280 425 370 447 autem
381 421 531 449 secundum
545 421 736 452 formationem
748 430 776 453 et,
787 427 986 462 generationem
1001 435 1025 465 Α
1039 431 1210 466 sapientiam,
1229 437 1259 459 ut
1279 439 1329 460 nos
1353 431 1500 466 credimus,
1523 432 1752 465 substantialiter,
1777 432 1819 460 sed

202 467 345 501 copulatus
369 471 437 499 eral,
458 467 561 495 homini
585 469 638 496 hoc
662 470 797 499 accidere.
811 471 846 499 Et
868 481 960 500 rursus
976 481 987 501 :

201 511 261 540 Non
281 513 354 540 enim
381 519 591 549 congeneratam
617 515 702 544 fuisse
727 525 789 545 cum
818 519 988 548 humanitate

1042 478 1192 505 secundum
1210 478 1379 513 qualitatem.

912 564 958 600 Et;
966 571 1023 600 post
1041 567 1116 594 alia:

236 604 307 638 Quid
325 610 416 633 autem
437 607 493 634 vult
517 608 607 635 dicere
623 608 704 636 aliam
719 617 780 638 esse
805 616 831 639 et
851 612 986 640 diversam

202 652 394 681 formationem
409 655 511 683 Christi
525 664 539 683 a
555 661 662 689 nostra,
680 657 834 685 volentibus
856 658 935 686 nobis
958 659 985 685 in

201 699 254 727 hac
278 700 395 728 maxima
412 709 464 729 una
483 710 512 729 re
531 703 640 730 diil‘erre
658 704 745 738 ipsius
761 705 984 732 constitutionem

1040 622 1055 641 a
1072 619 1176 647 nostra,
1192 614 1264 650 quod
1280 614 1383 642 scilicet
1396 614 1423 642 in
1442 615 1501 651 ipso
1514 615 1549 643 sit
1567 614 1687 642 Verbum
1704 614 1779 649 quod
1795 615 1819 641 in

1039 661 1119 689 nobis
1129 660 1212 688 homo
1226 661 1337 689 interior
1347 661 1418 696 (48).

938 761 972 788 Et
989 764 1095 795 postea:

235 805 264 832 Si
290 806 380 834 dicere
406 806 543 834 habitasse
569 807 596 834 in
621 815 654 835 eo
678 809 851 844 sapientiam,
868 809 939 837 sicut
953 809 981 836 in

199 851 275 878 nullo
290 851 354 884 alio,
369 852 421 879 hoc
434 853 544 880 modum
560 853 669 888 quidem
683 854 889 882 inliabitationis
904 862 982 882 eum-

198 897 260 923 dem
273 897 403 928 declarat,
414 905 541 925 mensura
555 905 619 925 vero
632 903 659 925 et
670 899 842 927 multitudine
856 899 981 926 excellit:

199 943 275 970 verbi
292 943 390 978 gratia,
404 943 487 979 duplo
505 944 577 978 plus,
593 949 641 972 aut
661 945 907 981 quomodocunque
926 953 984 973 am-

198 989 280 1023 plius,
292 989 335 1017 vel
350 990 441 1017 minus
452 990 534 1025 duplo
548 998 631 1026 quam
648 991 706 1025 alii,
723 996 903 1027 cognoscente
924 992 983 1027 ipso

1031 815 1047 834 a
1064 803 1285 840 sapientiaiﬂoc
1300 809 1390 831 autem
1409 804 1504 831 nolunt
1530 804 1655 832 catholicr
1679 809 1707 831 et
1729 804 1815 831 eccle-

1032 852 1136 881 siastici
1150 858 1278 883 canones,
1288 850 1335 878 sed
1346 849 1437 886 potius
1446 849 1506 877 illos
1517 850 1625 885 quidem
1639 849 1816 884 partieipasse

1032 898 1193 933 sapientiam
1220 895 1288 923 foris
1308 895 1498 930 inspirantem,
1522 903 1583 930 quae
1608 895 1662 922 alia
1685 900 1728 922 est
1747 894 1818 929 apud

1033 945 1125 981 ipsos;
1140 944 1225 979 ipsam
1239 949 1305 970 vero
1319 943 1479 977 sapientiam
1496 950 1542 976 per
1553 951 1582 970 se
1592 942 1678 978 ipsam
1692 942 1820 970 substan-

1033 991 1134 1018 tialiter
1146 990 1174 1017 in
1188 996 1289 1024 corpus
1304 996 1338 1017 ex
1351 988 1436 1015 Maria
1453 989 1570 1016 venisse.

905 1036 940 1064 Et
953 1041 1011 1072 post
1027 1035 1083 1063 alia
1100 1043 1110 1062 :

232 1091 272 1119 Ac
286 1092 388 1124 dicunt,
407 1100 462 1120 non
486 1099 546 1120 esse
569 1092 637 1120 duos
652 1092 732 1120 ﬁlios.
748 1093 776 1120 Si
789 1098 878 1121 autem
893 1093 978 1121 Filius

196 1142 240 1166 est
249 1137 295 1165 Dei
304 1137 384 1166 Jesus
396 1137 538 1172 Christus;
550 1138 636 1166 Filius
650 1146 715 1166 vero
728 1139 808 1167 etiam
823 1139 957 1174 sapientia
969 1148 976 1172 ;

1031 1097 1059 1120 et
1079 1091 1152 1119 aliud
1164 1095 1208 1118 est
1223 1089 1366 1125 sapientia,
1381 1093 1409 1117 et
1420 1089 1494 1117 aliud
1507 1088 1586 1117 Iesus
1600 1089 1746 1117 Christus:
1761 1089 1816 1117 duo

1033 1143 1098 1166 sunt
1115 1138 1174 1165 ﬁlii.

925 1187 960 1214 Et
975 1193 1065 1222 postea
1081 1194 1092 1212 .'

232 1232 439 1267 Copulationem
454 1233 509 1269 (49)
523 1241 588 1261 vero
602 1241 665 1261 cum
686 1234 819 1270 sapientia
846 1234 924 1261 aliter
937 1234 979 1261 in-
997 1236 1017 1264 Β
1031 1241 1085 1260 non
1103 1237 1192 1260 autem
1206 1230 1356 1259 secundum
1371 1229 1550 1258 substantiam
1570 1229 1598 1257 in
1620 1237 1737 1265 corpore
1766 1229 1818 1256 for-

196 1281 295 1316 tellige,
317 1280 467 1308 secundum
491 1280 663 1315 disciplinam
676 1285 703 1307 et
728 1279 978 1315 participationem;

1035 1283 1146 1306 malum.

904 1336 940 1363 Et
955 1340 1013 1370 post
1029 1335 1084 1362 alia
1101 1342 1110 1360 :

232 1382 325 1418 Neque
344 1382 415 1411 Deus
429 1383 476 1418 qui
495 1390 594 1418 corpus
611 1384 759 1411 humanum
779 1383 883 1412 ferebat
895 1387 922 1411 et
935 1383 978 1410 in-

193 1431 299 1464 duerat,
312 1431 469 1466 passionum
488 1432 668 1458 humanarum
683 1432 869 1467 principaliter
881 1439 978 1466 expers

193 1482 270 1510 erat;
286 1485 375 1512 neque
390 1484 491 1512 corpus
518 1477 668 1504 humanum
686 1477 842 1504 divinorum
865 1484 977 1512 operum

193 1523 378 1559 principaliter
396 1531 494 1558 expers
512 1528 572 1551 erat
588 1524 617 1551 in
638 1531 672 1551 eo
692 1523 720 1550 in
741 1531 796 1558 quo
807 1527 875 1556 erat,
890 1527 918 1550 et
932 1530 979 1558 per

1032 1390 1114 1417 quem
1130 1382 1188 1409 haec
1211 1389 1292 1417 opera
1313 1381 1438 1409 faciebat.
1457 1380 1600 1408 Formatus
1621 1385 1663 1408 est
1678 1381 1815 1416 principa-

1031 1429 1092 1456 liter
1103 1433 1138 1463 ut
1155 1429 1237 1456 homo
1261 1429 1287 1455 in
1312 1433 1418 1461 ventre;
1433 1432 1460 1455 et
1483 1429 1642 1455 secundario
1658 1428 1716 1464 (50)
1743 1429 1815 1456 Deus

1030 1480 1089 1503 erat
1116 1475 1142 1502 in
1166 1479 1260 1502 ventre
1286 1474 1497 1509 συνουσιωμένος
1523 1474 1562 1509 τῷ
1584 1474 1761 1510 ἀνθρωπίνῳ,
1791 1475 1815 1501 id

1031 1525 1082 1553 est,
1098 1521 1222 1556 copulata
1239 1520 1390 1548 substantia
1405 1520 1465 1552 ejus
1479 1527 1541 1547 cum
1558 1520 1677 1547 homine.

982 1567 1026 1594 Ill.

304 1617 352 1646 Ex
378 1615 465 1646 Actis
491 1615 719 1654 disputationis
741 1615 855 1648 habites
878 1625 896 1648 a
920 1616 1102 1648 Malchione
1127 1617 1236 1645 contra
1265 1613 1398 1644 Paulum
1427 1615 1683 1645 Somosatenum.

505 1665 580 1699 Apud
595 1664 701 1692 Petrum
717 1666 865 1693 Diaconum
884 1666 930 1694 lib.
947 1667 985 1693 De
1002 1665 1138 1692 Incarnat.
1153 1664 1187 1691 ad
1204 1664 1384 1699 Fulgentium,
1400 1672 1458 1699 cap.
1473 1663 1499 1691 6.

684 1700 759 1728 Inter
772 1709 851 1736 opera
865 1701 894 1729 S.
911 1701 1045 1736 Fulgentii
1062 1701 1141 1735 epist.
1161 1700 1204 1726 16.

227 1745 267 1773 Ex
283 1746 452 1778 simplicibus
470 1745 508 1783 (I)
525 1747 554 1774 iit
565 1752 637 1774 certe
651 1748 844 1782 compositum,
862 1748 932 1776 sicut
943 1748 971 1775 in

190 1791 300 1819 Christo
314 1790 388 1824 Iesu,
401 1792 447 1827 qui
462 1800 494 1819 ex
510 1791 565 1819 Deo
580 1791 670 1820 Verbo
682 1799 709 1820 et
721 1793 840 1820 humano
854 1801 968 1828 corpore

189 1837 261 1872 quod
278 1842 318 1865 est
339 1845 371 1864 ex
388 1838 490 1865 semine
505 1837 600 1870 David,
620 1846 691 1866 unus
705 1837 794 1866 factus
807 1842 857 1872 est,
871 1846 974 1873 nequa-

189 1890 272 1917 quam
290 1883 405 1910 ulterius
420 1883 554 1911 divisione
573 1884 674 1919 aliqua,
694 1884 741 1911 sed
760 1885 863 1912 unitate
882 1885 974 1912 subsi-

189 1933 274 1956 stens.
299 1929 340 1955 Tu
362 1937 427 1956 vero
450 1928 551 1956 videris
567 1929 633 1956 mihi
657 1929 807 1956 secundum
830 1929 882 1957 hoc
903 1930 973 1957 nolle

189 1975 415 2008 compositionem
440 1973 532 2007 fateri;
548 1979 577 2000 ut
597 1982 650 2001 non
671 1974 821 2002 substantia
839 1975 875 2002 sit
896 1975 924 2002 in
940 1983 973 2002 eo

189 2019 273 2047 Filius
289 2020 345 2053 Dei,
356 2020 402 2048 sed
416 2021 548 2054 sapientia
563 2021 712 2048 secundum
725 2021 969 2056 participationem.

189 2064 247 2093 Hoc
261 2066 333 2093 enim
353 2066 457 2098 dixisti,
469 2066 532 2101 quia
546 2066 679 2102 sapientia
698 2066 870 2101 dispendium
884 2066 972 2101 patia-

1028 1752 1082 1779 tur,
1091 1751 1118 1774 et
1130 1746 1189 1773 ideo
1201 1745 1350 1779 composita
1363 1752 1424 1772 esse
1440 1752 1494 1771 non
1506 1744 1592 1778 possit
1607 1754 1614 1771 :
1630 1752 1680 1772 nec
1695 1747 1814 1781 cogitas,

1027 1793 1098 1828 quod
1120 1793 1210 1820 divina
1237 1792 1368 1827 sapientia
1387 1792 1458 1819 sicut
1471 1797 1615 1826 antequam
1630 1799 1660 1818 se
1671 1792 1815 1819 exinanis-

1027 1842 1078 1870 set,
1101 1838 1262 1865 indiminuta
1285 1838 1448 1872 permansit;
1473 1838 1510 1864 ita
1524 1841 1551 1865 et
1573 1837 1599 1863 in
1620 1837 1671 1864 hac
1683 1837 1814 1864 exinani—

1028 1884 1100 1911 tione
1119 1890 1199 1918 quam
1215 1883 1298 1918 gessit
1316 1882 1538 1915 misericorditer,
1553 1881 1718 1908 indiminuta
1731 1887 1814 1917 atque

1026 1928 1228 1956 indemutabilis
1254 1928 1367 1955 exstitit.
1389 1923 1430 1954 Et
1456 1927 1508 1954 hoc
1532 1927 1612 1953 etiam
1637 1926 1720 1960 dicis,
1737 1927 1812 1961 quod

1025 1973 1158 2008 sapientia
1177 1973 1312 2000 habitaret
1325 1973 1352 1999 in
1366 1979 1409 2005 eo,
1422 1972 1493 2005 sicut
1505 1971 1658 1998 habitamus
1670 1976 1697 1998 et
1715 1979 1769 1999 nos
1787 1972 1813 1998 in

1026 2020 1164 2052 domibus,
1180 2024 1210 2046 ut
1232 2020 1299 2046 alter
1323 2019 1350 2046 in
1370 2019 1455 2046 altero
1468 2018 1540 2053 (52);
1562 2018 1608 2045 sed
1632 2025 1724 2052 neque
1749 2026 1813 2053 pars

1024 2067 1122 2094 domus
1135 2073 1185 2093 nos
1199 2073 1304 2098 sumus,
1320 2072 1370 2092 nec
1383 2064 1471 2092 nostri
1481 2071 1544 2099 pars
1555 2063 1654 2091 domus
1667 2068 1723 2092 est.

976 2111 1022 2140 Ν.

716 2157 756 2185 Ea:
770 2159 864 2185 iisdem
880 2159 953 2186 Actis
970 2159 1040 2194 apud
1054 2158 1192 2186 Leontium
1210 2157 1229 2184 ι.
1250 2166 1274 2184 c.

222 2203 319 2231 Nonne
335 2209 397 2231 ante
411 2204 547 2235 dicebam,
564 2205 635 2239 quod
654 2212 709 2232 non
732 2205 858 2232 concedis
873 2204 972 2232 Filium

187 2250 357 2285 unigenitum
369 2250 415 2285 qui
431 2255 473 2277 est
488 2258 521 2278 ex
535 2250 686 2277 aeternitate
700 2254 764 2278 ante
775 2258 883 2278 omnem
897 2259 971 2278 crea-

188 2325 330 2352 scoporum
346 2317 429 2345 totius
440 2317 551 2352 Africae,
567 2321 597 2344 ut
616 2317 709 2344 scribit
720 2318 747 2343 in
760 2317 872 2352 epistola
885 2317 967 2344 citata

187 2353 221 2379 ad
239 2351 412 2379 Cornelium.
439 2351 534 2379 Patres
553 2359 662 2386 quoque
677 2352 845 2380 Sardieensis
859 2353 967 2379 concilii

186 2388 308 2414 eamdem
332 2387 515 2414 adhibuerunt
535 2387 712 2421 diligentiam.
733 2386 784 2414 Sed
812 2391 839 2414 et
859 2388 967 2422 quoties

187 2422 304 2449 mortuis
317 2422 451 2456 episcopis
465 2422 510 2448 alii
527 2421 554 2448 in
566 2430 660 2449 eorum
675 2422 763 2449 locum
777 2422 881 2449 fuerant
894 2422 967 2448 ordi-

188 2457 253 2488 nati,
267 2464 361 2483 eorum
377 2457 486 2483 nomina
501 2457 613 2491 reliquis
622 2457 755 2491 episcopis
768 2457 888 2484 indicare
900 2464 967 2484 con-

187 2497 312 2519 sueverat
326 2492 476 2523 ordinator,
488 2496 518 2518 ut
528 2492 668 2519 seirentad
682 2499 751 2526 quos
767 2493 896 2524 scribere,
908 2496 934 2518 et
951 2500 966 2519 a

186 2528 286 2561 quibus
307 2528 434 2562 pacificus
452 2527 554 2553 litteras
570 2528 691 2561 accipere
708 2527 896 2562 deberenttut
923 2527 966 2553 di-

187 2563 289 2589 scimus
309 2561 341 2588 ex
355 2561 498 2596 Theophili
517 2561 637 2595 epistolis
653 2562 834 2595 paschalibus.
850 2561 950 2589 VALES.

221 2597 276 2630 (48)
303 2596 359 2623 Nos
385 2597 507 2629 dicimus,
521 2597 590 2631 quod
612 2597 680 2623 sicut
703 2597 779 2623 homo
805 2599 918 2624 exterior
942 2601 967 2624 et

186 2632 296 2658 interior
312 2637 372 2658 sunt
391 2640 443 2657 una
462 2640 591 2666 persona;
611 2632 647 2658 sic
663 2632 734 2658 Deus
754 2631 864 2658 Verbum
880 2638 904 2658 et
917 2633 967 2658 liu-

187 2667 301 2702 nmnilas
319 2672 453 2701 assumpta
473 2671 532 2693 sunt
547 2675 600 2694 una
613 2673 733 2702 persona,
749 2667 817 2702 quod
837 2672 912 2702 negat
925 2667 966 2694 hic

187 2701 301 2727 Paulus.
314 2703 380 2729 CAN.

223 2737 279 2771 (49)
302 2736 484 2771 Συνάφειαν,
521 2736 712 2764 humanitatem
744 2737 831 2764 aiebat
863 2737 965 2764 Paulus

186 2772 289 2798 unitum
320 2780 374 2799 esse
395 2781 452 2798 cum
481 2773 621 2807 sapientia,
634 2773 702 2799 sicut
719 2773 859 2804 disciplina
874 2774 965 2800 unitur

187 2814 245 2833 eum
259 2807 373 2835 discent:
384 2816 428 2835 per
438 2808 675 2843 varticipationem.
690 2808 756 2835 CAN.

1028 2210 1127 2238 turam,
1138 2206 1166 2232 in
1185 2209 1241 2231 toto
1256 2204 1396 2231 Salvatore
1408 2203 1563 2234 ὸῦσιῶσθαι,
1582 2202 1608 2230 id
1631 2207 1683 2235 est,
1700 2204 1812 2231 unitum

1023 2259 1083 2279 esse
1104 2250 1255 2278 secundum
1273 2249 1472 2277 substantiam?

1054 2319 1111 2354 (50)
1131 2318 1307 2354 Ῠδεριιηάανίο,
1322 2317 1546 2354 Καῖὰγδεῇτερον
1565 2318 1652 2352 λόγον.
1670 2317 1811 2347 Tuum/tn.

1055 2352 1110 2389 (5|)
1182 2353 1354 2389 simplicibus.
1366 2352 1600 2389 lluicffragmento
1616 2354 1667 2380 ista
1683 2357 1811 2387 praemit-

1021 2386 1167 2416 tit‘Petrus
1182 2388 1318 2414 Diaconus
1362 2397 1369 2414 :
1389 2397 1397 2412 ‹
1417 2386 1582 2414 Ιιὶηοίειίῖυη
1605 2396 1620 2414 a
1637 2386 1743 2415 sanctis
1758 2389 1812 2416 Pa-

1020 2424 1107 2451 tribus
1121 2423 1284 2450 adunatione
1296 2430 1328 2449 ex
1343 2422 1485 2449 divinitate
1502 2427 1528 2449 et
1545 2423 1715 2450 humanitate
1728 2424 1812 2451 Chri-

1020 2463 1078 2486 stus
1097 2459 1226 2485 Dominus
1241 2462 1333 2485 noster
1349 2458 1516 2491 compositus
1528 2458 1700 2491 praedicatur.
1723 2458 1806 2491 Quod

1019 2494 1115 2520 nolens
1135 2492 1235 2519 Paulus
1244 2492 1438 2519 Samosatenus
1451 2492 1585 2524 confiteri,
1600 2492 1752 2520 damnatus
1768 2499 1811 2520 est

1020 2529 1054 2555 ab
1072 2528 1239 2554 Antiocheno
1254 2527 1380 2558 concilio,
1392 2526 1542 2554 Malcliione
1562 2528 1721 2562 presbytero
1735 2528 1811 2561 ejus-

1019 2563 1080 2590 dem
1097 2563 1271 2589 Antiocbena:
1283 2562 1488 2595 Ecclesi&,viro
1504 2569 1551 2596 per
1563 2562 1654 2589 omnia
1671 2565 1809 2590 eruditis-

1020 2599 1100 2631 simo,
1113 2603 1140 2624 et
1155 2598 1188 2624 ab
1202 2597 1335 2624 universis
1354 2597 1539 2625 sacerdotibus
1549 2598 1594 2631 qui
1613 2602 1708 2625 contra
1726 2606 1809 2625 eum-

1019 2633 1080 2659 dem
1108 2632 1220 2659 Paulum
1248 2636 1429 2659 convenerant
1458 2637 1522 2658 tunc
1545 2634 1646 2665 electo;
1662 2634 1710 2666 qui
1727 2641 1808 2660 sum-

1019 2675 1094 2694 mum
1115 2667 1310 2702 disputationis
1326 2672 1461 2693 certamen
1483 2675 1497 2693 a
1513 2668 1629 2694 concilio
1648 2672 1807 2696 memorato

1019 2703 1181 2737 suscipiens,
1208 2703 1244 2729 ita
1271 2702 1394 2728 eumdem
1427 2702 1581 2729 haereticum
1609 2702 1679 2730 inter
1703 2707 1808 2732 ratem

1019 2736 1167 2771 redarguit,
1184 2737 1276 2764 dicens
1293 2744 1301 2763 :
1319 2736 1359 2762 Ea:
1373 2737 1546 2770 simplicibus,
1568 2746 1579 2763 ι
1598 2742 1652 2763 etc.

1056 2773 1111 2806 (52)
1123 2771 1156 2798 Ut
1166 2772 1232 2799 alter
1243 2774 1271 2799 in
1281 2771 1374 2799 altero.
1385 2771 1455 2799 Editi
1465 2771 1723 2800 Lovan.etl3asil.ul
1733 2772 1808 2800 alter

1021 2808 1048 2834 in
1064 2807 1157 2834 altera.
