  <div class='ocr_page' id='page_1' title='image "/cluster/home/n/w/nwhite01/storage/ocr_20150623/10/njp.32101077772406/153.png"; bbox 0 0 1861 3052; ppageno 0'>
   <div class='ocr_carea' id='block_1_1' title="bbox 215 97 264 125">
    <p class='ocr_par' dir='ltr' id='par_1_1' title="bbox 215 97 264 125">
     <span class='ocr_line' id='line_1_1' title="bbox 215 97 264 125; baseline -0.02 0"><span class='ocrx_word' id='word_1_1' title='bbox 215 97 264 125; x_wconf 73' lang='grc'><strong>271</strong></span> 
     </span>
    </p>
   </div>
   <div class='ocr_carea' id='block_1_2' title="bbox 697 93 1332 123">
    <p class='ocr_par' dir='ltr' id='par_1_2' title="bbox 697 93 1332 123">
     <span class='ocr_line' id='line_1_2' title="bbox 697 93 1332 123; baseline 0 -2"><span class='ocrx_word' id='word_1_2' title='bbox 697 94 740 121; x_wconf 86' lang='lat' dir='ltr'><strong>DE</strong></span> <span class='ocrx_word' id='word_1_3' title='bbox 760 94 841 122; x_wconf 78' lang='lat' dir='ltr'><strong>VITA</strong></span> <span class='ocrx_word' id='word_1_4' title='bbox 860 93 904 122; x_wconf 80' lang='lat' dir='ltr'><strong>ET</strong></span> <span class='ocrx_word' id='word_1_5' title='bbox 925 93 1080 122; x_wconf 71' lang='lat' dir='ltr'><strong>SCRIPTIS</strong></span> <span class='ocrx_word' id='word_1_6' title='bbox 1094 94 1123 122; x_wconf 89' lang='lat' dir='ltr'><strong>S.</strong></span> <span class='ocrx_word' id='word_1_7' title='bbox 1143 94 1332 123; x_wconf 76' lang='lat' dir='ltr'><strong>HIPPOLYTI.</strong></span> 
     </span>
    </p>
   </div>
   <div class='ocr_carea' id='block_1_3' title="bbox 1769 92 1817 122">
    <p class='ocr_par' dir='ltr' id='par_1_3' title="bbox 1769 92 1817 122">
     <span class='ocr_line' id='line_1_3' title="bbox 1769 92 1817 122; baseline -0.021 0"><span class='ocrx_word' id='word_1_8' title='bbox 1769 92 1817 122; x_wconf 70' lang='lat'><strong>272</strong></span> 
     </span>
    </p>
   </div>
   <div class='ocr_carea' id='block_1_4' title="bbox 227 211 1812 232">
    <p class='ocr_par' dir='ltr' id='par_1_4' title="bbox 227 211 1812 232">
     <span class='ocr_line' id='line_1_4' title="bbox 227 211 1812 232; baseline -0.001 -2"><span class='ocrx_word' id='word_1_9' title='bbox 227 211 1812 232; x_wconf 49' lang='lat' dir='ltr'><strong>*WW</strong></span> 
     </span>
    </p>
   </div>
   <div class='ocr_carea' id='block_1_5' title="bbox 494 293 1549 352">
    <p class='ocr_par' dir='ltr' id='par_1_5' title="bbox 494 293 1549 352">
     <span class='ocr_line' id='line_1_5' title="bbox 494 293 1549 352; baseline -0.001 0"><span class='ocrx_word' id='word_1_10' title='bbox 494 295 580 352; x_wconf 77' lang='grc'><strong>1³-</strong></span> <span class='ocrx_word' id='word_1_11' title='bbox 618 293 1122 352; x_wconf 60' lang='grc' dir='ltr'><strong>(δοτπιιιιυι</strong></span> <span class='ocrx_word' id='word_1_12' title='bbox 1177 294 1549 351; x_wconf 67' lang='grc' dir='ltr'><strong>ιιιηνιιιειι</strong></span> 
     </span>
    </p>
   </div>
   <div class='ocr_carea' id='block_1_6' title="bbox 785 411 1260 469">
    <p class='ocr_par' dir='ltr' id='par_1_6' title="bbox 785 411 1260 469">
     <span class='ocr_line' id='line_1_6' title="bbox 785 411 1260 469; baseline 0.002 -1"><span class='ocrx_word' id='word_1_13' title='bbox 785 411 1260 469; x_wconf 82' lang='lat' dir='ltr'><strong>DISSERTATIO</strong></span> 
     </span>
    </p>
   </div>
   <div class='ocr_carea' id='block_1_7' title="bbox 351 529 1686 598">
    <p class='ocr_par' dir='ltr' id='par_1_7' title="bbox 351 529 1686 598">
     <span class='ocr_line' id='line_1_7' title="bbox 351 529 1686 598; baseline 0 -20"><span class='ocrx_word' id='word_1_14' title='bbox 351 534 435 598; x_wconf 29' lang='grc' dir='ltr'><strong>,ΠΕ</strong></span> <span class='ocrx_word' id='word_1_15' title='bbox 473 532 617 581; x_wconf 83' lang='lat' dir='ltr'><strong>VITA</strong></span> <span class='ocrx_word' id='word_1_16' title='bbox 662 531 738 576; x_wconf 93' lang='lat' dir='ltr'><strong>ET</strong></span> <span class='ocrx_word' id='word_1_17' title='bbox 777 531 1044 577; x_wconf 83' lang='lat' dir='ltr'><strong>SCRIPTIS</strong></span> <span class='ocrx_word' id='word_1_18' title='bbox 1077 529 1287 576; x_wconf 87' lang='lat' dir='ltr'><strong>SANCTI</strong></span> <span class='ocrx_word' id='word_1_19' title='bbox 1324 531 1686 579; x_wconf 84' lang='lat' dir='ltr'><strong>HIPPOLYTI.</strong></span> 
     </span>
    </p>
   </div>
   <div class='ocr_carea' id='block_1_8' title="bbox 540 623 1522 661">
    <p class='ocr_par' dir='ltr' id='par_1_8' title="bbox 540 623 1522 661">
     <span class='ocr_line' id='line_1_8' title="bbox 540 623 1522 661; baseline -0.001 -7"><span class='ocrx_word' id='word_1_20' title='bbox 540 626 661 661; x_wconf 65' lang='lat' dir='ltr'><strong>(Historia</strong></span> <span class='ocrx_word' id='word_1_21' title='bbox 674 625 760 652; x_wconf 79' lang='lat' dir='ltr'><strong>critica</strong></span> <span class='ocrx_word' id='word_1_22' title='bbox 773 626 822 652; x_wconf 86' lang='lat' dir='ltr'><strong>SS.</strong></span> <span class='ocrx_word' id='word_1_23' title='bbox 833 627 946 656; x_wconf 83' lang='lat' dir='ltr'><strong>Patrum,</strong></span> <span class='ocrx_word' id='word_1_24' title='bbox 960 627 978 651; x_wconf 87' lang='lat' dir='ltr'><strong>t.</strong></span> <span class='ocrx_word' id='word_1_25' title='bbox 992 623 1057 656; x_wconf 83' lang='lat' dir='ltr'><strong>VIII,</strong></span> <span class='ocrx_word' id='word_1_26' title='bbox 1070 625 1189 658; x_wconf 68' lang='lat' dir='ltr'><strong>Augustas</strong></span> <span class='ocrx_word' id='word_1_27' title='bbox 1201 626 1325 652; x_wconf 79' lang='lat' dir='ltr'><strong>Vindelic.</strong></span> <span class='ocrx_word' id='word_1_28' title='bbox 1335 645 1343 658; x_wconf 91' lang='lat'><strong>,</strong></span> <span class='ocrx_word' id='word_1_29' title='bbox 1353 626 1423 658; x_wconf 76' lang='lat' dir='ltr'><strong>179i,</strong></span> <span class='ocrx_word' id='word_1_30' title='bbox 1436 628 1522 660; x_wconf 57' lang='lat' dir='ltr'><strong>inv8&#39;.)</strong></span> 
     </span>
    </p>
   </div>
   <div class='ocr_carea' id='block_1_9' title="bbox 783 795 1279 844">
    <p class='ocr_par' dir='ltr' id='par_1_9' title="bbox 783 795 1279 844">
     <span class='ocr_line' id='line_1_9' title="bbox 783 795 1279 844; baseline 0.008 -4"><span class='ocrx_word' id='word_1_31' title='bbox 783 795 970 841; x_wconf 89' lang='lat' dir='ltr'><strong>CAPUT</strong></span> <span class='ocrx_word' id='word_1_32' title='bbox 1021 796 1279 844; x_wconf 78' lang='lat' dir='ltr'><strong>PRIMUM.</strong></span> 
     </span>
    </p>
   </div>
   <div class='ocr_carea' id='block_1_10' title="bbox 655 890 1400 925">
    <p class='ocr_par' dir='ltr' id='par_1_10' title="bbox 655 890 1400 925">
     <span class='ocr_line' id='line_1_10' title="bbox 655 890 1400 925; baseline 0.005 -4"><span class='ocrx_word' id='word_1_33' title='bbox 655 890 848 923; x_wconf 83' lang='lat' dir='ltr'><strong>HISTORIA</strong></span> <span class='ocrx_word' id='word_1_34' title='bbox 869 892 976 924; x_wconf 64' lang='grc' dir='ltr'><strong>νΙΤλΕ</strong></span> <span class='ocrx_word' id='word_1_35' title='bbox 1007 892 1150 924; x_wconf 81' lang='lat' dir='ltr'><strong>SANCTI</strong></span> <span class='ocrx_word' id='word_1_36' title='bbox 1172 892 1400 925; x_wconf 83' lang='lat' dir='ltr'><strong>HIPPOLYTI.</strong></span> 
     </span>
    </p>
   </div>
   <div class='ocr_carea' id='block_1_11' title="bbox 489 1046 729 1074">
    <p class='ocr_par' dir='ltr' id='par_1_11' title="bbox 489 1046 729 1074">
     <span class='ocr_line' id='line_1_11' title="bbox 489 1046 729 1074; baseline 0 0"><span class='ocrx_word' id='word_1_37' title='bbox 489 1046 686 1074; x_wconf 79' lang='lat' dir='ltr'><strong>ARTICULUS</strong></span> <span class='ocrx_word' id='word_1_38' title='bbox 709 1047 729 1074; x_wconf 92' lang='lat' dir='ltr'><strong>I.</strong></span> 
     </span>
    </p>
   </div>
   <div class='ocr_carea' id='block_1_12' title="bbox 221 1113 1002 1139">
    <p class='ocr_par' dir='ltr' id='par_1_12' title="bbox 221 1113 1002 1139">
     <span class='ocr_line' id='line_1_12' title="bbox 221 1113 1002 1139; baseline 0 -4"><span class='ocrx_word' id='word_1_39' title='bbox 221 1115 254 1135; x_wconf 79' lang='lat' dir='ltr'><strong><em>DE</em></strong></span> <span class='ocrx_word' id='word_1_40' title='bbox 271 1114 294 1134; x_wconf 76' lang='grc'><strong>8.</strong></span> <span class='ocrx_word' id='word_1_41' title='bbox 305 1113 444 1134; x_wconf 74' lang='lat' dir='ltr'><strong>HIPPOLYTI</strong></span> <span class='ocrx_word' id='word_1_42' title='bbox 458 1113 566 1138; x_wconf 71' lang='lat' dir='ltr'><strong>PATRIA,</strong></span> <span class='ocrx_word' id='word_1_43' title='bbox 581 1113 814 1139; x_wconf 66' lang='lat' dir='ltr'><strong>PRECEPTORIBIIS,</strong></span> <span class='ocrx_word' id='word_1_44' title='bbox 829 1114 1002 1135; x_wconf 68' lang='lat' dir='ltr'><strong>LITTERARUI</strong></span> 
     </span>
    </p>
   </div>
   <div class='ocr_carea' id='block_1_13' title="bbox 349 1149 874 1174">
    <p class='ocr_par' dir='ltr' id='par_1_13' title="bbox 349 1149 874 1174">
     <span class='ocr_line' id='line_1_13' title="bbox 349 1149 874 1174; baseline 0.002 -6"><span class='ocrx_word' id='word_1_45' title='bbox 349 1149 462 1174; x_wconf 77' lang='lat' dir='ltr'><strong>STIIDIIS,</strong></span> <span class='ocrx_word' id='word_1_46' title='bbox 482 1149 516 1168; x_wconf 84' lang='grc' dir='ltr'><strong>ΕΤ</strong></span> <span class='ocrx_word' id='word_1_47' title='bbox 538 1149 660 1168; x_wconf 78' lang='lat' dir='ltr'><strong>&#39;I&#39;EIIPOIIE</strong></span> <span class='ocrx_word' id='word_1_48' title='bbox 679 1149 730 1173; x_wconf 82' lang='lat' dir='ltr'><strong>QIIO</strong></span> <span class='ocrx_word' id='word_1_49' title='bbox 749 1150 874 1169; x_wconf 78' lang='lat' dir='ltr'><strong>FLORUIT.</strong></span> 
     </span>
    </p>
   </div>
   <div class='ocr_carea' id='block_1_14' title="bbox 257 1187 1004 1222">
    <p class='ocr_par' dir='ltr' id='par_1_14' title="bbox 257 1187 1004 1222">
     <span class='ocr_line' id='line_1_14' title="bbox 257 1187 1004 1222; baseline 0.003 -8"><span class='ocrx_word' id='word_1_50' title='bbox 257 1187 414 1222; x_wconf 85' lang='lat' dir='ltr'><strong>Hippolytos</strong></span> <span class='ocrx_word' id='word_1_51' title='bbox 440 1187 573 1221; x_wconf 89' lang='lat' dir='ltr'><strong>plurimos</strong></span> <span class='ocrx_word' id='word_1_52' title='bbox 596 1187 671 1214; x_wconf 88' lang='lat' dir='ltr'><strong>novit</strong></span> <span class='ocrx_word' id='word_1_53' title='bbox 700 1187 868 1221; x_wconf 83' lang='lat' dir='ltr'><strong>antiquitas:</strong></span> <span class='ocrx_word' id='word_1_54' title='bbox 898 1188 1004 1216; x_wconf 68' lang='lat' dir='ltr'><strong>cancris</strong></span> 
     </span>
    </p>
   </div>
   <div class='ocr_carea' id='block_1_15' title="bbox 223 1231 1003 1267">
    <p class='ocr_par' dir='ltr' id='par_1_15' title="bbox 223 1231 1003 1267">
     <span class='ocr_line' id='line_1_15' title="bbox 223 1231 1003 1267; baseline 0 -8"><span class='ocrx_word' id='word_1_55' title='bbox 223 1237 312 1260; x_wconf 88' lang='lat' dir='ltr'><strong>tamen</strong></span> <span class='ocrx_word' id='word_1_56' title='bbox 340 1231 472 1259; x_wconf 89' lang='lat' dir='ltr'><strong>illustrior</strong></span> <span class='ocrx_word' id='word_1_57' title='bbox 493 1235 534 1258; x_wconf 83' lang='lat' dir='ltr'><strong>est</strong></span> <span class='ocrx_word' id='word_1_58' title='bbox 553 1231 711 1259; x_wconf 86' lang='lat' dir='ltr'><strong>Portuensis</strong></span> <span class='ocrx_word' id='word_1_59' title='bbox 743 1231 901 1267; x_wconf 88' lang='lat' dir='ltr'><strong>episcopus,</strong></span> <span class='ocrx_word' id='word_1_60' title='bbox 923 1240 1003 1267; x_wconf 85' lang='lat' dir='ltr'><strong>quem</strong></span> 
     </span>
    </p>
   </div>
   <div class='ocr_carea' id='block_1_16' title="bbox 223 1277 1005 1313">
    <p class='ocr_par' dir='ltr' id='par_1_16' title="bbox 223 1277 1005 1313">
     <span class='ocr_line' id='line_1_16' title="bbox 223 1277 1005 1313; baseline 0 -8"><span class='ocrx_word' id='word_1_61' title='bbox 223 1278 328 1313; x_wconf 83' lang='lat' dir='ltr'><strong>generis</strong></span> <span class='ocrx_word' id='word_1_62' title='bbox 345 1278 480 1310; x_wconf 86' lang='lat' dir='ltr'><strong>nobilitas,</strong></span> <span class='ocrx_word' id='word_1_63' title='bbox 496 1281 588 1312; x_wconf 90' lang='lat' dir='ltr'><strong>utpote</strong></span> <span class='ocrx_word' id='word_1_64' title='bbox 603 1277 732 1305; x_wconf 74' lang='lat' dir='ltr'><strong>senatorii</strong></span> <span class='ocrx_word' id='word_1_65' title='bbox 744 1278 845 1306; x_wconf 82' lang='lat' dir='ltr'><strong>ordinis</strong></span> <span class='ocrx_word' id='word_1_66' title='bbox 856 1278 897 1313; x_wconf 89' lang='lat' dir='ltr'><strong>(ut</strong></span> <span class='ocrx_word' id='word_1_67' title='bbox 907 1283 1005 1305; x_wconf 89' lang='lat' dir='ltr'><strong>auctor</strong></span> 
     </span>
    </p>
   </div>
   <div class='ocr_carea' id='block_1_17' title="bbox 223 1323 1004 1359">
    <p class='ocr_par' dir='ltr' id='par_1_17' title="bbox 223 1323 1004 1359">
     <span class='ocr_line' id='line_1_17' title="bbox 223 1323 1004 1359; baseline -0.001 -7"><span class='ocrx_word' id='word_1_68' title='bbox 223 1329 265 1352; x_wconf 89' lang='lat' dir='ltr'><strong>est</strong></span> <span class='ocrx_word' id='word_1_69' title='bbox 277 1323 466 1359; x_wconf 85' lang='lat' dir='ltr'><strong>Hieronymus)</strong></span> <span class='ocrx_word' id='word_1_70' title='bbox 489 1323 537 1359; x_wconf 77' lang='lat'><strong>(3),</strong></span> <span class='ocrx_word' id='word_1_71' title='bbox 561 1323 722 1358; x_wconf 78' lang='lat' dir='ltr'><strong>episcopalis</strong></span> <span class='ocrx_word' id='word_1_72' title='bbox 744 1323 876 1358; x_wconf 81' lang='lat' dir='ltr'><strong>dignitas,</strong></span> <span class='ocrx_word' id='word_1_73' title='bbox 908 1331 1004 1358; x_wconf 86' lang='lat' dir='ltr'><strong>magna</strong></span> 
     </span>
    </p>
   </div>
   <div class='ocr_carea' id='block_1_18' title="bbox 222 1368 1004 1404">
    <p class='ocr_par' dir='ltr' id='par_1_18' title="bbox 222 1368 1004 1404">
     <span class='ocr_line' id='line_1_18' title="bbox 222 1368 1004 1404; baseline -0.001 -7"><span class='ocrx_word' id='word_1_74' title='bbox 222 1370 349 1403; x_wconf 76' lang='lat' dir='ltr'><strong>eruditio,</strong></span> <span class='ocrx_word' id='word_1_75' title='bbox 360 1375 387 1397; x_wconf 89' lang='lat' dir='ltr'><strong>et</strong></span> <span class='ocrx_word' id='word_1_76' title='bbox 400 1369 521 1404; x_wconf 86' lang='lat' dir='ltr'><strong>martyrii</strong></span> <span class='ocrx_word' id='word_1_77' title='bbox 536 1368 621 1404; x_wconf 83' lang='lat' dir='ltr'><strong>gloria</strong></span> <span class='ocrx_word' id='word_1_78' title='bbox 636 1368 786 1404; x_wconf 86' lang='lat' dir='ltr'><strong>posteritati</strong></span> <span class='ocrx_word' id='word_1_79' title='bbox 800 1369 1004 1396; x_wconf 85' lang='lat' dir='ltr'><strong>celeberrimum</strong></span> 
     </span>
    </p>
   </div>
   <div class='ocr_carea' id='block_1_19' title="bbox 223 1414 1005 1450">
    <p class='ocr_par' dir='ltr' id='par_1_19' title="bbox 223 1414 1005 1450">
     <span class='ocr_line' id='line_1_19' title="bbox 223 1414 1005 1450; baseline -0.004 -6"><span class='ocrx_word' id='word_1_80' title='bbox 223 1416 407 1444; x_wconf 87' lang='lat' dir='ltr'><strong>reddiderunt.</strong></span> <span class='ocrx_word' id='word_1_81' title='bbox 435 1414 596 1447; x_wconf 90' lang='lat' dir='ltr'><strong>Dolendum,</strong></span> <span class='ocrx_word' id='word_1_82' title='bbox 619 1415 692 1450; x_wconf 91' lang='lat' dir='ltr'><strong>quod</strong></span> <span class='ocrx_word' id='word_1_83' title='bbox 717 1415 864 1450; x_wconf 80' lang='lat' dir='ltr'><strong>pleraque,</strong></span> <span class='ocrx_word' id='word_1_84' title='bbox 887 1422 948 1450; x_wconf 75' lang='lat' dir='ltr'><strong>quze</strong></span> <span class='ocrx_word' id='word_1_85' title='bbox 971 1415 1005 1442; x_wconf 88' lang='lat' dir='ltr'><strong>ad</strong></span> 
     </span>
    </p>
   </div>
   <div class='ocr_carea' id='block_1_20' title="bbox 223 1460 1004 1497">
    <p class='ocr_par' dir='ltr' id='par_1_20' title="bbox 223 1460 1004 1497">
     <span class='ocr_line' id='line_1_20' title="bbox 223 1460 1004 1497; baseline -0.001 -8"><span class='ocrx_word' id='word_1_86' title='bbox 223 1461 285 1489; x_wconf 82' lang='lat' dir='ltr'><strong>vitae</strong></span> <span class='ocrx_word' id='word_1_87' title='bbox 300 1461 361 1497; x_wconf 86' lang='lat' dir='ltr'><strong>ejus</strong></span> <span class='ocrx_word' id='word_1_88' title='bbox 377 1461 518 1488; x_wconf 80' lang='lat' dir='ltr'><strong>historiam</strong></span> <span class='ocrx_word' id='word_1_89' title='bbox 532 1461 678 1496; x_wconf 78' lang='lat' dir='ltr'><strong>pertinent,</strong></span> <span class='ocrx_word' id='word_1_90' title='bbox 695 1467 745 1488; x_wconf 82' lang='lat' dir='ltr'><strong>nec</strong></span> <span class='ocrx_word' id='word_1_91' title='bbox 761 1460 830 1487; x_wconf 83' lang='lat' dir='ltr'><strong>satis</strong></span> <span class='ocrx_word' id='word_1_92' title='bbox 851 1460 1004 1495; x_wconf 84' lang='lat' dir='ltr'><strong>perspicua,</strong></span> 
     </span>
    </p>
   </div>
   <div class='ocr_carea' id='block_1_21' title="bbox 224 1506 1005 1542">
    <p class='ocr_par' dir='ltr' id='par_1_21' title="bbox 224 1506 1005 1542">
     <span class='ocr_line' id='line_1_21' title="bbox 224 1506 1005 1542; baseline -0.004 -7"><span class='ocrx_word' id='word_1_93' title='bbox 224 1515 273 1535; x_wconf 82' lang='lat' dir='ltr'><strong>nec</strong></span> <span class='ocrx_word' id='word_1_94' title='bbox 291 1511 364 1535; x_wconf 89' lang='lat' dir='ltr'><strong>certa</strong></span> <span class='ocrx_word' id='word_1_95' title='bbox 380 1508 444 1535; x_wconf 88' lang='lat' dir='ltr'><strong>sint.</strong></span> <span class='ocrx_word' id='word_1_96' title='bbox 458 1506 524 1541; x_wconf 67' lang='lat' dir='ltr'><strong>Quae</strong></span> <span class='ocrx_word' id='word_1_97' title='bbox 537 1506 676 1542; x_wconf 84' lang='lat' dir='ltr'><strong>speciatim</strong></span> <span class='ocrx_word' id='word_1_98' title='bbox 693 1506 726 1533; x_wconf 92' lang='lat' dir='ltr'><strong>de</strong></span> <span class='ocrx_word' id='word_1_99' title='bbox 749 1506 808 1541; x_wconf 86' lang='lat' dir='ltr'><strong>ejus</strong></span> <span class='ocrx_word' id='word_1_100' title='bbox 820 1506 916 1541; x_wconf 79' lang='lat' dir='ltr'><strong>patria.</strong></span> <span class='ocrx_word' id='word_1_101' title='bbox 935 1513 1005 1541; x_wconf 67' lang='lat' dir='ltr'><strong>pra-</strong></span> 
     </span>
    </p>
   </div>
   <div class='ocr_carea' id='block_1_22' title="bbox 224 1551 1006 1588">
    <p class='ocr_par' dir='ltr' id='par_1_22' title="bbox 224 1551 1006 1588">
     <span class='ocr_line' id='line_1_22' title="bbox 224 1551 1006 1588; baseline -0.003 -8"><span class='ocrx_word' id='word_1_102' title='bbox 224 1553 389 1588; x_wconf 81' lang='lat' dir='ltr'><strong>ceptoribus,</strong></span> <span class='ocrx_word' id='word_1_103' title='bbox 403 1561 435 1580; x_wconf 85' lang='lat' dir='ltr'><strong>ac</strong></span> <span class='ocrx_word' id='word_1_104' title='bbox 453 1557 582 1587; x_wconf 83' lang='lat' dir='ltr'><strong>tempore,</strong></span> <span class='ocrx_word' id='word_1_105' title='bbox 599 1559 653 1586; x_wconf 90' lang='lat' dir='ltr'><strong>quo</strong></span> <span class='ocrx_word' id='word_1_106' title='bbox 671 1551 777 1585; x_wconf 85' lang='lat' dir='ltr'><strong>ingenio</strong></span> <span class='ocrx_word' id='word_1_107' title='bbox 791 1555 818 1578; x_wconf 90' lang='lat' dir='ltr'><strong>et</strong></span> <span class='ocrx_word' id='word_1_108' title='bbox 830 1552 933 1578; x_wconf 86' lang='lat' dir='ltr'><strong>meritis</strong></span> <span class='ocrx_word' id='word_1_109' title='bbox 950 1551 1006 1578; x_wconf 89' lang='lat' dir='ltr'><strong>suis</strong></span> 
     </span>
    </p>
   </div>
   <div class='ocr_carea' id='block_1_23' title="bbox 225 1597 1006 1633">
    <p class='ocr_par' dir='ltr' id='par_1_23' title="bbox 225 1597 1006 1633">
     <span class='ocr_line' id='line_1_23' title="bbox 225 1597 1006 1633; baseline -0.005 -6"><span class='ocrx_word' id='word_1_110' title='bbox 225 1599 328 1633; x_wconf 83' lang='lat' dir='ltr'><strong>ﬂoruit,</strong></span> <span class='ocrx_word' id='word_1_111' title='bbox 353 1607 368 1626; x_wconf 88' lang='lat' dir='ltr'><strong>a</strong></span> <span class='ocrx_word' id='word_1_112' title='bbox 381 1598 559 1633; x_wconf 76' lang='lat' dir='ltr'><strong>scriptoribus</strong></span> <span class='ocrx_word' id='word_1_113' title='bbox 585 1598 741 1628; x_wconf 86' lang='lat' dir='ltr'><strong>traduntur,</strong></span> <span class='ocrx_word' id='word_1_114' title='bbox 767 1599 839 1624; x_wconf 88' lang='lat' dir='ltr'><strong>inter</strong></span> <span class='ocrx_word' id='word_1_115' title='bbox 855 1605 885 1624; x_wconf 87' lang='lat' dir='ltr'><strong>se</strong></span> <span class='ocrx_word' id='word_1_116' title='bbox 903 1597 1006 1624; x_wconf 90' lang='lat' dir='ltr'><strong>discre-</strong></span> 
     </span>
    </p>
   </div>
   <div class='ocr_carea' id='block_1_24' title="bbox 225 1641 1007 1680">
    <p class='ocr_par' dir='ltr' id='par_1_24' title="bbox 225 1641 1007 1680">
     <span class='ocr_line' id='line_1_24' title="bbox 225 1641 1007 1680; baseline -0.003 -8"><span class='ocrx_word' id='word_1_117' title='bbox 225 1650 306 1680; x_wconf 87' lang='lat' dir='ltr'><strong>pant,</strong></span> <span class='ocrx_word' id='word_1_118' title='bbox 325 1652 375 1672; x_wconf 83' lang='lat' dir='ltr'><strong>nec</strong></span> <span class='ocrx_word' id='word_1_119' title='bbox 388 1651 438 1679; x_wconf 93' lang='lat' dir='ltr'><strong>pro</strong></span> <span class='ocrx_word' id='word_1_120' title='bbox 454 1643 600 1678; x_wconf 80' lang='lat' dir='ltr'><strong>exploratis</strong></span> <span class='ocrx_word' id='word_1_121' title='bbox 620 1643 712 1670; x_wconf 84' lang='lat' dir='ltr'><strong>haberi</strong></span> <span class='ocrx_word' id='word_1_122' title='bbox 728 1647 852 1677; x_wconf 84' lang='lat' dir='ltr'><strong>possunt.</strong></span> <span class='ocrx_word' id='word_1_123' title='bbox 882 1641 1007 1677; x_wconf 91' lang='lat' dir='ltr'><strong>Inprimis</strong></span> 
     </span>
    </p>
   </div>
   <div class='ocr_carea' id='block_1_25' title="bbox 226 1689 1005 1723">
    <p class='ocr_par' dir='ltr' id='par_1_25' title="bbox 226 1689 1005 1723">
     <span class='ocr_line' id='line_1_25' title="bbox 226 1689 1005 1723; baseline -0.003 -5"><span class='ocrx_word' id='word_1_124' title='bbox 226 1691 361 1719; x_wconf 81' lang='lat' dir='ltr'><strong>dissensio</strong></span> <span class='ocrx_word' id='word_1_125' title='bbox 389 1694 430 1718; x_wconf 85' lang='lat' dir='ltr'><strong>est</strong></span> <span class='ocrx_word' id='word_1_126' title='bbox 454 1694 594 1717; x_wconf 88' lang='lat' dir='ltr'><strong>auctorum</strong></span> <span class='ocrx_word' id='word_1_127' title='bbox 618 1689 651 1716; x_wconf 89' lang='lat' dir='ltr'><strong>de</strong></span> <span class='ocrx_word' id='word_1_128' title='bbox 677 1689 757 1720; x_wconf 86' lang='lat' dir='ltr'><strong>loco,</strong></span> <span class='ocrx_word' id='word_1_129' title='bbox 782 1696 836 1723; x_wconf 88' lang='lat' dir='ltr'><strong>quo</strong></span> <span class='ocrx_word' id='word_1_130' title='bbox 863 1689 1005 1716; x_wconf 89' lang='lat' dir='ltr'><strong>oriundus.</strong></span> 
     </span>
    </p>
   </div>
   <div class='ocr_carea' id='block_1_26' title="bbox 228 1734 1008 1771">
    <p class='ocr_par' dir='ltr' id='par_1_26' title="bbox 228 1734 1008 1771">
     <span class='ocr_line' id='line_1_26' title="bbox 228 1734 1008 1771; baseline -0.004 -7"><span class='ocrx_word' id='word_1_131' title='bbox 228 1736 256 1764; x_wconf 88' lang='lat' dir='ltr'><strong>Si</strong></span> <span class='ocrx_word' id='word_1_132' title='bbox 273 1736 439 1771; x_wconf 88' lang='lat' dir='ltr'><strong>Stephanum</strong></span> <span class='ocrx_word' id='word_1_133' title='bbox 456 1736 480 1762; x_wconf 90' lang='lat' dir='ltr'><strong>le</strong></span> <span class='ocrx_word' id='word_1_134' title='bbox 491 1735 637 1770; x_wconf 55' lang='lat' dir='ltr'><strong>Moyncu),</strong></span> <span class='ocrx_word' id='word_1_135' title='bbox 647 1734 718 1762; x_wconf 88' lang='lat' dir='ltr'><strong>Gnil.</strong></span> <span class='ocrx_word' id='word_1_136' title='bbox 734 1735 851 1761; x_wconf 86' lang='lat' dir='ltr'><strong>Caveum</strong></span> <span class='ocrx_word' id='word_1_137' title='bbox 863 1735 901 1768; x_wconf 81' lang='lat' dir='ltr'><strong>t5)</strong></span> <span class='ocrx_word' id='word_1_138' title='bbox 916 1739 942 1761; x_wconf 89' lang='lat' dir='ltr'><strong>et</strong></span> <span class='ocrx_word' id='word_1_139' title='bbox 952 1734 1008 1762; x_wconf 85' lang='lat' dir='ltr'><strong>Jac.</strong></span> 
     </span>
    </p>
   </div>
   <div class='ocr_carea' id='block_1_27' title="bbox 228 1780 1008 1817">
    <p class='ocr_par' dir='ltr' id='par_1_27' title="bbox 228 1780 1008 1817">
     <span class='ocr_line' id='line_1_27' title="bbox 228 1780 1008 1817; baseline 0 -8"><span class='ocrx_word' id='word_1_140' title='bbox 228 1781 396 1817; x_wconf 74' lang='lat' dir='ltr'><strong>Basnage(6)</strong></span> <span class='ocrx_word' id='word_1_141' title='bbox 423 1781 576 1814; x_wconf 83' lang='lat' dir='ltr'><strong>audiamus,</strong></span> <span class='ocrx_word' id='word_1_142' title='bbox 595 1781 736 1808; x_wconf 65' lang='lat' dir='ltr'><strong>dicandum</strong></span> <span class='ocrx_word' id='word_1_143' title='bbox 753 1781 821 1808; x_wconf 77' lang='lat' dir='ltr'><strong>foret.</strong></span> <span class='ocrx_word' id='word_1_144' title='bbox 835 1780 1008 1817; x_wconf 85' lang='lat' dir='ltr'><strong>Hippolytum</strong></span> 
     </span>
    </p>
   </div>
   <div class='ocr_carea' id='block_1_28' title="bbox 228 1826 1008 1863">
    <p class='ocr_par' dir='ltr' id='par_1_28' title="bbox 228 1826 1008 1863">
     <span class='ocr_line' id='line_1_28' title="bbox 228 1826 1008 1863; baseline 0 -8"><span class='ocrx_word' id='word_1_145' title='bbox 228 1832 306 1863; x_wconf 81' lang='lat' dir='ltr'><strong>gente</strong></span> <span class='ocrx_word' id='word_1_146' title='bbox 327 1827 411 1854; x_wconf 70' lang='lat' dir='ltr'><strong>fuisse</strong></span> <span class='ocrx_word' id='word_1_147' title='bbox 431 1826 558 1858; x_wconf 82' lang='lat' dir='ltr'><strong>Arabem,</strong></span> <span class='ocrx_word' id='word_1_148' title='bbox 583 1829 610 1852; x_wconf 92' lang='lat' dir='ltr'><strong>et</strong></span> <span class='ocrx_word' id='word_1_149' title='bbox 628 1826 742 1860; x_wconf 85' lang='lat' dir='ltr'><strong>patriam</strong></span> <span class='ocrx_word' id='word_1_150' title='bbox 759 1826 885 1854; x_wconf 86' lang='lat' dir='ltr'><strong>habuisse</strong></span> <span class='ocrx_word' id='word_1_151' title='bbox 908 1826 1008 1855; x_wconf 87' lang='lat' dir='ltr'><strong>divinis</strong></span> 
     </span>
    </p>
   </div>
   <div class='ocr_carea' id='block_1_29' title="bbox 229 1870 1007 1907">
    <p class='ocr_par' dir='ltr' id='par_1_29' title="bbox 229 1870 1007 1907">
     <span class='ocr_line' id='line_1_29' title="bbox 229 1870 1007 1907; baseline -0.001 -7"><span class='ocrx_word' id='word_1_152' title='bbox 229 1871 409 1907; x_wconf 85' lang='lat' dir='ltr'><strong>humanisque</strong></span> <span class='ocrx_word' id='word_1_153' title='bbox 425 1871 522 1899; x_wconf 84' lang='lat' dir='ltr'><strong>litteris</strong></span> <span class='ocrx_word' id='word_1_154' title='bbox 539 1871 770 1900; x_wconf 82' lang='lat' dir='ltr'><strong>ﬂorentissimam.</strong></span> <span class='ocrx_word' id='word_1_155' title='bbox 789 1870 885 1900; x_wconf 86' lang='lat' dir='ltr'><strong>Verum</strong></span> <span class='ocrx_word' id='word_1_156' title='bbox 902 1880 963 1900; x_wconf 94' lang='lat' dir='ltr'><strong>cum</strong></span> <span class='ocrx_word' id='word_1_157' title='bbox 981 1873 1007 1899; x_wconf 93' lang='lat' dir='ltr'><strong>in</strong></span> 
     </span>
    </p>
   </div>
   <div class='ocr_carea' id='block_1_30' title="bbox 229 1917 1009 1954">
    <p class='ocr_par' dir='ltr' id='par_1_30' title="bbox 229 1917 1009 1954">
     <span class='ocr_line' id='line_1_30' title="bbox 229 1917 1009 1954; baseline 0 -7"><span class='ocrx_word' id='word_1_158' title='bbox 229 1927 286 1947; x_wconf 71' lang='lat' dir='ltr'><strong>suae</strong></span> <span class='ocrx_word' id='word_1_159' title='bbox 303 1918 440 1954; x_wconf 84' lang='lat' dir='ltr'><strong>opinionis</strong></span> <span class='ocrx_word' id='word_1_160' title='bbox 462 1917 692 1946; x_wconf 74' lang='lat' dir='ltr'><strong>conﬁrmationem</strong></span> <span class='ocrx_word' id='word_1_161' title='bbox 715 1918 820 1945; x_wconf 88' lang='lat' dir='ltr'><strong>nullum</strong></span> <span class='ocrx_word' id='word_1_162' title='bbox 841 1919 1009 1953; x_wconf 83' lang='lat' dir='ltr'><strong>antiquitatis</strong></span> 
     </span>
    </p>
   </div>
   <div class='ocr_carea' id='block_1_31' title="bbox 230 1964 1010 1999">
    <p class='ocr_par' dir='ltr' id='par_1_31' title="bbox 230 1964 1010 1999">
     <span class='ocr_line' id='line_1_31' title="bbox 230 1964 1010 1999; baseline -0.001 -7"><span class='ocrx_word' id='word_1_163' title='bbox 230 1968 435 1992; x_wconf 87' lang='lat' dir='ltr'><strong>monumentum</strong></span> <span class='ocrx_word' id='word_1_164' title='bbox 457 1965 624 1999; x_wconf 82' lang='lat' dir='ltr'><strong>producant,</strong></span> <span class='ocrx_word' id='word_1_165' title='bbox 647 1971 701 1991; x_wconf 94' lang='lat' dir='ltr'><strong>non</strong></span> <span class='ocrx_word' id='word_1_166' title='bbox 717 1964 805 1996; x_wconf 86' lang='lat' dir='ltr'><strong>video,</strong></span> <span class='ocrx_word' id='word_1_167' title='bbox 821 1973 870 1992; x_wconf 90' lang='lat' dir='ltr'><strong>cur</strong></span> <span class='ocrx_word' id='word_1_168' title='bbox 891 1970 945 1992; x_wconf 89' lang='lat' dir='ltr'><strong>tam</strong></span> <span class='ocrx_word' id='word_1_169' title='bbox 968 1973 1010 1992; x_wconf 87' lang='lat' dir='ltr'><strong>re-</strong></span> 
     </span>
    </p>
   </div>
   <div class='ocr_carea' id='block_1_32' title="bbox 230 2009 1010 2045">
    <p class='ocr_par' dir='ltr' id='par_1_32' title="bbox 230 2009 1010 2045">
     <span class='ocr_line' id='line_1_32' title="bbox 230 2009 1010 2045; baseline 0 -7"><span class='ocrx_word' id='word_1_170' title='bbox 230 2011 349 2039; x_wconf 85' lang='lat' dir='ltr'><strong>centium</strong></span> <span class='ocrx_word' id='word_1_171' title='bbox 373 2013 515 2037; x_wconf 85' lang='lat' dir='ltr'><strong>auctorum</strong></span> <span class='ocrx_word' id='word_1_172' title='bbox 534 2009 608 2038; x_wconf 88' lang='lat' dir='ltr'><strong>nudo</strong></span> <span class='ocrx_word' id='word_1_173' title='bbox 623 2014 726 2038; x_wconf 86' lang='lat' dir='ltr'><strong>asserto</strong></span> <span class='ocrx_word' id='word_1_174' title='bbox 747 2011 837 2045; x_wconf 83' lang='lat' dir='ltr'><strong>quoad</strong></span> <span class='ocrx_word' id='word_1_175' title='bbox 859 2010 961 2038; x_wconf 78' lang='lat' dir='ltr'><strong>factum</strong></span> <span class='ocrx_word' id='word_1_176' title='bbox 975 2011 1010 2038; x_wconf 81' lang='lat' dir='ltr'><strong>ab</strong></span> 
     </span>
    </p>
   </div>
   <div class='ocr_carea' id='block_1_33' title="bbox 230 2055 1011 2084">
    <p class='ocr_par' dir='ltr' id='par_1_33' title="bbox 230 2055 1011 2084">
     <span class='ocr_line' id='line_1_33' title="bbox 230 2055 1011 2084; baseline 0 -1"><span class='ocrx_word' id='word_1_177' title='bbox 230 2063 324 2084; x_wconf 87' lang='lat' dir='ltr'><strong>eorum</strong></span> <span class='ocrx_word' id='word_1_178' title='bbox 340 2059 418 2083; x_wconf 68' lang='lat' dir='ltr'><strong>aetate</strong></span> <span class='ocrx_word' id='word_1_179' title='bbox 437 2060 489 2082; x_wconf 80' lang='lat' dir='ltr'><strong>tam</strong></span> <span class='ocrx_word' id='word_1_180' title='bbox 507 2060 640 2083; x_wconf 90' lang='lat' dir='ltr'><strong>remotum</strong></span> <span class='ocrx_word' id='word_1_181' title='bbox 656 2055 722 2083; x_wconf 83' lang='lat' dir='ltr'><strong>ﬁdes</strong></span> <span class='ocrx_word' id='word_1_182' title='bbox 742 2056 864 2084; x_wconf 82' lang='lat' dir='ltr'><strong>habenda</strong></span> <span class='ocrx_word' id='word_1_183' title='bbox 881 2057 926 2084; x_wconf 86' lang='lat' dir='ltr'><strong>sit.</strong></span> <span class='ocrx_word' id='word_1_184' title='bbox 942 2056 1011 2084; x_wconf 80' lang='lat' dir='ltr'><strong>Sunt</strong></span> 
     </span>
    </p>
   </div>
   <div class='ocr_carea' id='block_1_34' title="bbox 232 2099 1011 2137">
    <p class='ocr_par' dir='ltr' id='par_1_34' title="bbox 232 2099 1011 2137">
     <span class='ocr_line' id='line_1_34' title="bbox 232 2099 1011 2137; baseline 0.001 -9"><span class='ocrx_word' id='word_1_185' title='bbox 232 2101 288 2133; x_wconf 82' lang='lat' dir='ltr'><strong>alii,</strong></span> <span class='ocrx_word' id='word_1_186' title='bbox 304 2101 350 2137; x_wconf 89' lang='lat' dir='ltr'><strong>qui</strong></span> <span class='ocrx_word' id='word_1_187' title='bbox 369 2101 483 2128; x_wconf 86' lang='lat' dir='ltr'><strong>credunt</strong></span> <span class='ocrx_word' id='word_1_188' title='bbox 498 2105 622 2129; x_wconf 87' lang='lat' dir='ltr'><strong>nostrum</strong></span> <span class='ocrx_word' id='word_1_189' title='bbox 635 2099 806 2137; x_wconf 87' lang='lat' dir='ltr'><strong>Hippolytum</strong></span> <span class='ocrx_word' id='word_1_190' title='bbox 831 2101 936 2137; x_wconf 83' lang='lat' dir='ltr'><strong>origine</strong></span> <span class='ocrx_word' id='word_1_191' title='bbox 955 2101 1011 2129; x_wconf 77' lang='lat' dir='ltr'><strong>Ro-</strong></span> 
     </span>
    </p>
   </div>
   <div class='ocr_carea' id='block_1_35' title="bbox 268 2211 1010 2247">
    <p class='ocr_par' dir='ltr' id='par_1_35' title="bbox 268 2211 1010 2247">
     <span class='ocr_line' id='line_1_35' title="bbox 268 2211 1010 2247; baseline 0 -8"><span class='ocrx_word' id='word_1_192' title='bbox 268 2213 306 2247; x_wconf 77' lang='grc'><strong>(5)</strong></span> <span class='ocrx_word' id='word_1_193' title='bbox 319 2211 476 2247; x_wconf 78' lang='lat' dir='ltr'><strong>Hippolytus</strong></span> <span class='ocrx_word' id='word_1_194' title='bbox 486 2219 586 2247; x_wconf 69' lang='lat' dir='ltr'><strong>quoque</strong></span> <span class='ocrx_word' id='word_1_195' title='bbox 599 2211 927 2246; x_wconf 69' lang='lat' dir='ltr'><strong>etApollonius,Romanaz</strong></span> <span class='ocrx_word' id='word_1_196' title='bbox 939 2212 1010 2240; x_wconf 78' lang='lat' dir='ltr'><strong>urbis</strong></span> 
     </span>
    </p>
   </div>
   <div class='ocr_carea' id='block_1_36' title="bbox 234 2246 1007 2283">
    <p class='ocr_par' dir='ltr' id='par_1_36' title="bbox 234 2246 1007 2283">
     <span class='ocr_line' id='line_1_36' title="bbox 234 2246 1007 2283; baseline 0 -8"><span class='ocrx_word' id='word_1_197' title='bbox 234 2246 376 2283; x_wconf 65' lang='lat' dir='ltr'><strong>senatores,</strong></span> <span class='ocrx_word' id='word_1_198' title='bbox 390 2246 502 2283; x_wconf 68' lang='lat' dir='ltr'><strong>propria</strong></span> <span class='ocrx_word' id='word_1_199' title='bbox 513 2246 637 2280; x_wconf 71' lang='lat' dir='ltr'><strong>opuscula</strong></span> <span class='ocrx_word' id='word_1_200' title='bbox 649 2247 832 2283; x_wconf 59' lang='lat' dir='ltr'><strong>condiderunt.</strong></span> <span class='ocrx_word' id='word_1_201' title='bbox 851 2247 1007 2283; x_wconf 75' lang='lat' dir='ltr'><strong>Hieronym.</strong></span> 
     </span>
    </p>
   </div>
   <div class='ocr_carea' id='block_1_37' title="bbox 234 2281 1010 2316">
    <p class='ocr_par' dir='ltr' id='par_1_37' title="bbox 234 2281 1010 2316">
     <span class='ocr_line' id='line_1_37' title="bbox 234 2281 1010 2316; baseline -0.001 -6"><span class='ocrx_word' id='word_1_202' title='bbox 234 2283 342 2316; x_wconf 78' lang='lat' dir='ltr'><strong>epistol.</strong></span> <span class='ocrx_word' id='word_1_203' title='bbox 367 2282 400 2309; x_wconf 83' lang='lat'><strong>70</strong></span> <span class='ocrx_word' id='word_1_204' title='bbox 422 2283 455 2309; x_wconf 89' lang='lat' dir='ltr'><strong>ad</strong></span> <span class='ocrx_word' id='word_1_205' title='bbox 479 2281 615 2316; x_wconf 83' lang='lat' dir='ltr'><strong>Magnum.</strong></span> <span class='ocrx_word' id='word_1_206' title='bbox 637 2283 672 2308; x_wconf 85' lang='lat' dir='ltr'><strong>At</strong></span> <span class='ocrx_word' id='word_1_207' title='bbox 695 2281 833 2316; x_wconf 76' lang='lat' dir='ltr'><strong>Remigius</strong></span> <span class='ocrx_word' id='word_1_208' title='bbox 854 2281 962 2309; x_wconf 81' lang='lat' dir='ltr'><strong>Ceillier</strong></span> <span class='ocrx_word' id='word_1_209' title='bbox 983 2283 1010 2309; x_wconf 94' lang='lat' dir='ltr'><strong>in</strong></span> 
     </span>
    </p>
   </div>
   <div class='ocr_carea' id='block_1_38' title="bbox 264 2316 1012 2352">
    <p class='ocr_par' dir='ltr' id='par_1_38' title="bbox 264 2316 1012 2352">
     <span class='ocr_line' id='line_1_38' title="bbox 264 2316 1012 2352; baseline 0.001 -8"><span class='ocrx_word' id='word_1_210' title='bbox 264 2319 307 2344; x_wconf 73' lang='lat' dir='ltr'><strong>ist.</strong></span> <span class='ocrx_word' id='word_1_211' title='bbox 319 2318 434 2352; x_wconf 80' lang='lat' dir='ltr'><strong>général.</strong></span> <span class='ocrx_word' id='word_1_212' title='bbox 450 2318 494 2343; x_wconf 72' lang='lat' dir='ltr'><strong>des</strong></span> <span class='ocrx_word' id='word_1_213' title='bbox 507 2323 622 2348; x_wconf 78' lang='lat' dir='ltr'><strong>auteurs,</strong></span> <span class='ocrx_word' id='word_1_214' title='bbox 635 2321 699 2343; x_wconf 90' lang='lat' dir='ltr'><strong>tom.</strong></span> <span class='ocrx_word' id='word_1_215' title='bbox 713 2316 744 2349; x_wconf 95' lang='lat' dir='ltr'><strong>ll,</strong></span> <span class='ocrx_word' id='word_1_216' title='bbox 757 2325 816 2351; x_wconf 85' lang='lat' dir='ltr'><strong>pag.</strong></span> <span class='ocrx_word' id='word_1_217' title='bbox 826 2317 887 2349; x_wconf 73' lang='lat' dir='ltr'><strong>5w,</strong></span> <span class='ocrx_word' id='word_1_218' title='bbox 901 2318 927 2343; x_wconf 89' lang='lat' dir='ltr'><strong>in</strong></span> <span class='ocrx_word' id='word_1_219' title='bbox 942 2319 1012 2345; x_wconf 86' lang='lat' dir='ltr'><strong>notis</strong></span> 
     </span>
    </p>
   </div>
   <div class='ocr_carea' id='block_1_39' title="bbox 235 2352 1012 2386">
    <p class='ocr_par' dir='ltr' id='par_1_39' title="bbox 235 2352 1012 2386">
     <span class='ocr_line' id='line_1_39' title="bbox 235 2352 1012 2386; baseline 0 -6"><span class='ocrx_word' id='word_1_220' title='bbox 235 2352 270 2380; x_wconf 82' lang='lat' dir='ltr'><strong>ad</strong></span> <span class='ocrx_word' id='word_1_221' title='bbox 283 2353 425 2380; x_wconf 86' lang='lat' dir='ltr'><strong>articulum</strong></span> <span class='ocrx_word' id='word_1_222' title='bbox 446 2353 533 2386; x_wconf 90' lang='lat' dir='ltr'><strong>primu</strong></span> <span class='ocrx_word' id='word_1_223' title='bbox 539 2360 574 2383; x_wconf 87' lang='lat' dir='ltr'><strong>m,</strong></span> <span class='ocrx_word' id='word_1_224' title='bbox 586 2359 646 2386; x_wconf 85' lang='lat' dir='ltr'><strong>cap.</strong></span> <span class='ocrx_word' id='word_1_225' title='bbox 657 2352 692 2378; x_wconf 70' lang='lat'><strong>27</strong></span> <span class='ocrx_word' id='word_1_226' title='bbox 703 2353 817 2379; x_wconf 82' lang='lat' dir='ltr'><strong>solerter</strong></span> <span class='ocrx_word' id='word_1_227' title='bbox 828 2353 963 2384; x_wconf 74' lang='lat' dir='ltr'><strong>observat,</strong></span> <span class='ocrx_word' id='word_1_228' title='bbox 975 2353 1012 2380; x_wconf 88' lang='lat' dir='ltr'><strong>ita</strong></span> 
     </span>
    </p>
   </div>
   <div class='ocr_carea' id='block_1_40' title="bbox 235 2387 1009 2422">
    <p class='ocr_par' dir='ltr' id='par_1_40' title="bbox 235 2387 1009 2422">
     <span class='ocr_line' id='line_1_40' title="bbox 235 2387 1009 2422; baseline 0 -8"><span class='ocrx_word' id='word_1_229' title='bbox 235 2388 368 2415; x_wconf 75' lang='lat' dir='ltr'><strong>duntaxat</strong></span> <span class='ocrx_word' id='word_1_230' title='bbox 388 2388 415 2414; x_wconf 94' lang='lat' dir='ltr'><strong>in</strong></span> <span class='ocrx_word' id='word_1_231' title='bbox 437 2387 573 2422; x_wconf 84' lang='lat' dir='ltr'><strong>aliquibus</strong></span> <span class='ocrx_word' id='word_1_232' title='bbox 597 2387 766 2422; x_wconf 68' lang='lat' dir='ltr'><strong>editiouibus</strong></span> <span class='ocrx_word' id='word_1_233' title='bbox 796 2387 866 2421; x_wconf 83' lang='lat' dir='ltr'><strong>legi;</strong></span> <span class='ocrx_word' id='word_1_234' title='bbox 898 2396 959 2414; x_wconf 89' lang='lat' dir='ltr'><strong>nam</strong></span> <span class='ocrx_word' id='word_1_235' title='bbox 982 2389 1009 2414; x_wconf 94' lang='lat' dir='ltr'><strong>in</strong></span> 
     </span>
    </p>
   </div>
   <div class='ocr_carea' id='block_1_41' title="bbox 1016 1052 1040 1080">
    <p class='ocr_par' dir='ltr' id='par_1_41' title="bbox 1016 1052 1040 1080">
     <span class='ocr_line' id='line_1_41' title="bbox 1016 1052 1040 1080; baseline 0 0"><span class='ocrx_word' id='word_1_236' title='bbox 1016 1052 1040 1080; x_wconf 77' lang='grc' dir='ltr'>Α</span> 
     </span>
    </p>
   </div>
   <div class='ocr_carea' id='block_1_42' title="bbox 1027 1732 1048 1762">
    <p class='ocr_par' dir='ltr' id='par_1_42' title="bbox 1027 1732 1048 1762">
     <span class='ocr_line' id='line_1_42' title="bbox 1027 1732 1048 1762; baseline 0 0"><span class='ocrx_word' id='word_1_237' title='bbox 1027 1732 1048 1762; x_wconf 76' lang='grc' dir='ltr'><strong><em>Β</em></strong></span> 
     </span>
    </p>
   </div>
   <div class='ocr_carea' id='block_1_43' title="bbox 1053 1051 1827 1089">
    <p class='ocr_par' dir='ltr' id='par_1_43' title="bbox 1053 1051 1827 1089">
     <span class='ocr_line' id='line_1_43' title="bbox 1053 1051 1827 1089; baseline 0.01 -11"><span class='ocrx_word' id='word_1_238' title='bbox 1053 1057 1162 1079; x_wconf 86' lang='lat' dir='ltr'><strong>manum</strong></span> <span class='ocrx_word' id='word_1_239' title='bbox 1186 1051 1285 1086; x_wconf 80' lang='lat' dir='ltr'><strong>fuisse;</strong></span> <span class='ocrx_word' id='word_1_240' title='bbox 1310 1053 1427 1089; x_wconf 88' lang='lat' dir='ltr'><strong>huicque</strong></span> <span class='ocrx_word' id='word_1_241' title='bbox 1450 1055 1590 1083; x_wconf 64' lang='lat' dir='ltr'><strong>sententiae</strong></span> <span class='ocrx_word' id='word_1_242' title='bbox 1615 1055 1709 1085; x_wconf 77' lang='lat' dir='ltr'><strong>favere</strong></span> <span class='ocrx_word' id='word_1_243' title='bbox 1732 1057 1827 1086; x_wconf 83' lang='lat' dir='ltr'><strong>videtur</strong></span> 
     </span>
    </p>
   </div>
   <div class='ocr_carea' id='block_1_44' title="bbox 1057 1096 1827 1135">
    <p class='ocr_par' dir='ltr' id='par_1_44' title="bbox 1057 1096 1827 1135">
     <span class='ocr_line' id='line_1_44' title="bbox 1057 1096 1827 1135; baseline 0.008 -12"><span class='ocrx_word' id='word_1_244' title='bbox 1057 1096 1121 1124; x_wconf 88' lang='lat' dir='ltr'><strong>illud</strong></span> <span class='ocrx_word' id='word_1_245' title='bbox 1136 1096 1292 1133; x_wconf 82' lang='lat' dir='ltr'><strong>Hieronymi</strong></span> <span class='ocrx_word' id='word_1_246' title='bbox 1319 1099 1345 1125; x_wconf 94' lang='lat' dir='ltr'><strong>in</strong></span> <span class='ocrx_word' id='word_1_247' title='bbox 1368 1098 1482 1133; x_wconf 86' lang='lat' dir='ltr'><strong>epistola</strong></span> <span class='ocrx_word' id='word_1_248' title='bbox 1509 1100 1542 1127; x_wconf 90' lang='lat' dir='ltr'><strong>ad</strong></span> <span class='ocrx_word' id='word_1_249' title='bbox 1559 1099 1699 1135; x_wconf 86' lang='lat' dir='ltr'><strong>Magnum,</strong></span> <span class='ocrx_word' id='word_1_250' title='bbox 1714 1103 1827 1129; x_wconf 85' lang='lat' dir='ltr'><strong>eumdem</strong></span> 
     </span>
    </p>
   </div>
   <div class='ocr_carea' id='block_1_45' title="bbox 1056 1142 1827 1178">
    <p class='ocr_par' dir='ltr' id='par_1_45' title="bbox 1056 1142 1827 1178">
     <span class='ocr_line' id='line_1_45' title="bbox 1056 1142 1827 1178; baseline 0.012 -11"><span class='ocrx_word' id='word_1_251' title='bbox 1056 1142 1201 1169; x_wconf 71' lang='lat' dir='ltr'><strong>senatorem</strong></span> <span class='ocrx_word' id='word_1_252' title='bbox 1211 1142 1354 1170; x_wconf 81' lang='lat' dir='ltr'><strong>Romanum</strong></span> <span class='ocrx_word' id='word_1_253' title='bbox 1367 1144 1535 1178; x_wconf 82' lang='lat' dir='ltr'><strong>appellantis.</strong></span> <span class='ocrx_word' id='word_1_254' title='bbox 1550 1144 1704 1174; x_wconf 86' lang='lat' dir='ltr'><strong>Novissime</strong></span> <span class='ocrx_word' id='word_1_255' title='bbox 1716 1153 1827 1176; x_wconf 85' lang='lat' dir='ltr'><strong>auctores</strong></span> 
     </span>
    </p>
   </div>
   <div class='ocr_carea' id='block_1_46' title="bbox 1058 1187 1827 1227">
    <p class='ocr_par' dir='ltr' id='par_1_46' title="bbox 1058 1187 1827 1227">
     <span class='ocr_line' id='line_1_46' title="bbox 1058 1187 1827 1227; baseline 0.009 -14"><span class='ocrx_word' id='word_1_256' title='bbox 1058 1187 1185 1215; x_wconf 67' lang='lat' dir='ltr'><strong>Historia</strong></span> <span class='ocrx_word' id='word_1_257' title='bbox 1196 1189 1334 1216; x_wconf 69' lang='lat' dir='ltr'><strong>litterario:</strong></span> <span class='ocrx_word' id='word_1_258' title='bbox 1346 1188 1440 1217; x_wconf 73' lang='lat' dir='ltr'><strong>Gut/iw</strong></span> <span class='ocrx_word' id='word_1_259' title='bbox 1455 1198 1469 1218; x_wconf 93' lang='lat' dir='ltr'><strong>e</strong></span> <span class='ocrx_word' id='word_1_260' title='bbox 1484 1193 1693 1227; x_wconf 81' lang='lat' dir='ltr'><strong>congregatione</strong></span> <span class='ocrx_word' id='word_1_261' title='bbox 1712 1193 1740 1220; x_wconf 91' lang='lat' dir='ltr'><strong>S.</strong></span> <span class='ocrx_word' id='word_1_262' title='bbox 1752 1193 1827 1220; x_wconf 81' lang='lat' dir='ltr'><strong>Mauri</strong></span> 
     </span>
    </p>
   </div>
   <div class='ocr_carea' id='block_1_47' title="bbox 1057 1232 1828 1272">
    <p class='ocr_par' dir='ltr' id='par_1_47' title="bbox 1057 1232 1828 1272">
     <span class='ocr_line' id='line_1_47' title="bbox 1057 1232 1828 1272; baseline 0.009 -13"><span class='ocrx_word' id='word_1_263' title='bbox 1057 1232 1231 1270; x_wconf 83' lang='lat' dir='ltr'><strong>Hippolytum</strong></span> <span class='ocrx_word' id='word_1_264' title='bbox 1257 1235 1327 1262; x_wconf 86' lang='lat' dir='ltr'><strong>inter</strong></span> <span class='ocrx_word' id='word_1_265' title='bbox 1357 1236 1503 1271; x_wconf 85' lang='lat' dir='ltr'><strong>scriptores</strong></span> <span class='ocrx_word' id='word_1_266' title='bbox 1531 1237 1621 1265; x_wconf 88' lang='lat' dir='ltr'><strong>Gallos</strong></span> <span class='ocrx_word' id='word_1_267' title='bbox 1649 1238 1785 1272; x_wconf 86' lang='lat' dir='ltr'><strong>referunt,</strong></span> <span class='ocrx_word' id='word_1_268' title='bbox 1808 1239 1828 1266; x_wconf 89' lang='lat' dir='ltr'><strong>ei</strong></span> 
     </span>
    </p>
   </div>
   <div class='ocr_carea' id='block_1_48' title="bbox 1057 1279 1826 1320">
    <p class='ocr_par' dir='ltr' id='par_1_48' title="bbox 1057 1279 1826 1320">
     <span class='ocr_line' id='line_1_48' title="bbox 1057 1279 1826 1320; baseline 0.005 -14"><span class='ocrx_word' id='word_1_269' title='bbox 1057 1279 1204 1307; x_wconf 85' lang='lat' dir='ltr'><strong>Galliarum</strong></span> <span class='ocrx_word' id='word_1_270' title='bbox 1235 1289 1347 1316; x_wconf 84' lang='lat' dir='ltr'><strong>regnum</strong></span> <span class='ocrx_word' id='word_1_271' title='bbox 1375 1282 1463 1310; x_wconf 85' lang='lat' dir='ltr'><strong>natale</strong></span> <span class='ocrx_word' id='word_1_272' title='bbox 1493 1283 1580 1310; x_wconf 88' lang='lat' dir='ltr'><strong>solum</strong></span> <span class='ocrx_word' id='word_1_273' title='bbox 1610 1288 1761 1312; x_wconf 87' lang='lat' dir='ltr'><strong>statuentes</strong></span> <span class='ocrx_word' id='word_1_274' title='bbox 1785 1285 1826 1320; x_wconf 79' lang='lat'><strong>(7).</strong></span> 
     </span>
    </p>
   </div>
   <div class='ocr_carea' id='block_1_49' title="bbox 1058 1325 1827 1362">
    <p class='ocr_par' dir='ltr' id='par_1_49' title="bbox 1058 1325 1827 1362">
     <span class='ocr_line' id='line_1_49' title="bbox 1058 1325 1827 1362; baseline 0.005 -9"><span class='ocrx_word' id='word_1_275' title='bbox 1058 1325 1180 1362; x_wconf 87' lang='lat' dir='ltr'><strong>Huicque</strong></span> <span class='ocrx_word' id='word_1_276' title='bbox 1205 1327 1325 1362; x_wconf 86' lang='lat' dir='ltr'><strong>opinioni</strong></span> <span class='ocrx_word' id='word_1_277' title='bbox 1353 1328 1424 1355; x_wconf 86' lang='lat' dir='ltr'><strong>haud</strong></span> <span class='ocrx_word' id='word_1_278' title='bbox 1448 1331 1556 1357; x_wconf 88' lang='lat' dir='ltr'><strong>obstare</strong></span> <span class='ocrx_word' id='word_1_279' title='bbox 1573 1330 1722 1358; x_wconf 75' lang='lat' dir='ltr'><strong>observant</strong></span> <span class='ocrx_word' id='word_1_280' title='bbox 1742 1338 1827 1358; x_wconf 84' lang='lat' dir='ltr'><strong>nomen</strong></span> 
     </span>
    </p>
   </div>
   <div class='ocr_carea' id='block_1_50' title="bbox 1058 1373 1828 1411">
    <p class='ocr_par' dir='ltr' id='par_1_50' title="bbox 1058 1373 1828 1411">
     <span class='ocr_line' id='line_1_50' title="bbox 1058 1373 1828 1411; baseline 0.003 -11"><span class='ocrx_word' id='word_1_281' title='bbox 1058 1381 1156 1406; x_wconf 91' lang='lat' dir='ltr'><strong>suum,</strong></span> <span class='ocrx_word' id='word_1_282' title='bbox 1179 1374 1251 1409; x_wconf 89' lang='lat' dir='ltr'><strong>quod</strong></span> <span class='ocrx_word' id='word_1_283' title='bbox 1269 1373 1391 1402; x_wconf 74' lang='lat' dir='ltr'><strong>Grzecum</strong></span> <span class='ocrx_word' id='word_1_284' title='bbox 1414 1379 1465 1407; x_wconf 89' lang='lat' dir='ltr'><strong>est,</strong></span> <span class='ocrx_word' id='word_1_285' title='bbox 1492 1383 1541 1403; x_wconf 89' lang='lat' dir='ltr'><strong>nec</strong></span> <span class='ocrx_word' id='word_1_286' title='bbox 1564 1376 1635 1411; x_wconf 90' lang='lat' dir='ltr'><strong>quod</strong></span> <span class='ocrx_word' id='word_1_287' title='bbox 1656 1377 1751 1404; x_wconf 64' lang='lat' dir='ltr'><strong>Grtcce</strong></span> <span class='ocrx_word' id='word_1_288' title='bbox 1771 1377 1828 1404; x_wconf 87' lang='lat' dir='ltr'><strong>scri-</strong></span> 
     </span>
    </p>
   </div>
   <div class='ocr_carea' id='block_1_51' title="bbox 1058 1419 1825 1456">
    <p class='ocr_par' dir='ltr' id='par_1_51' title="bbox 1058 1419 1825 1456">
     <span class='ocr_line' id='line_1_51' title="bbox 1058 1419 1825 1456; baseline 0.003 -10"><span class='ocrx_word' id='word_1_289' title='bbox 1058 1419 1153 1453; x_wconf 82' lang='lat' dir='ltr'><strong>pserit,</strong></span> <span class='ocrx_word' id='word_1_290' title='bbox 1179 1427 1268 1455; x_wconf 89' lang='lat' dir='ltr'><strong>nequc</strong></span> <span class='ocrx_word' id='word_1_291' title='bbox 1289 1420 1405 1455; x_wconf 88' lang='lat' dir='ltr'><strong>denique</strong></span> <span class='ocrx_word' id='word_1_292' title='bbox 1423 1421 1540 1456; x_wconf 79' lang='lat' dir='ltr'><strong>dignitas</strong></span> <span class='ocrx_word' id='word_1_293' title='bbox 1562 1425 1697 1450; x_wconf 85' lang='lat' dir='ltr'><strong>senatoris</strong></span> <span class='ocrx_word' id='word_1_294' title='bbox 1713 1423 1825 1450; x_wconf 78' lang='lat' dir='ltr'><strong>Romani.</strong></span> 
     </span>
    </p>
   </div>
   <div class='ocr_carea' id='block_1_52' title="bbox 1057 1463 1827 1502">
    <p class='ocr_par' dir='ltr' id='par_1_52' title="bbox 1057 1463 1827 1502">
     <span class='ocr_line' id='line_1_52' title="bbox 1057 1463 1827 1502; baseline 0.005 -10"><span class='ocrx_word' id='word_1_295' title='bbox 1057 1463 1117 1492; x_wconf 88' lang='lat' dir='ltr'><strong>Non</strong></span> <span class='ocrx_word' id='word_1_296' title='bbox 1135 1465 1252 1500; x_wconf 89' lang='lat' dir='ltr'><strong>primum</strong></span> <span class='ocrx_word' id='word_1_297' title='bbox 1275 1473 1306 1493; x_wconf 86' lang='lat' dir='ltr'><strong>ac</strong></span> <span class='ocrx_word' id='word_1_298' title='bbox 1321 1467 1481 1499; x_wconf 87' lang='lat' dir='ltr'><strong>secundum,</strong></span> <span class='ocrx_word' id='word_1_299' title='bbox 1500 1468 1628 1502; x_wconf 88' lang='lat' dir='ltr'><strong>quoniam</strong></span> <span class='ocrx_word' id='word_1_300' title='bbox 1651 1473 1768 1500; x_wconf 86' lang='lat' dir='ltr'><strong>constet,</strong></span> <span class='ocrx_word' id='word_1_301' title='bbox 1784 1477 1827 1495; x_wconf 89' lang='lat' dir='ltr'><strong>non</strong></span> 
     </span>
    </p>
   </div>
   <div class='ocr_carea' id='block_1_53' title="bbox 1058 1512 1827 1547">
    <p class='ocr_par' dir='ltr' id='par_1_53' title="bbox 1058 1512 1827 1547">
     <span class='ocr_line' id='line_1_53' title="bbox 1058 1512 1827 1547; baseline 0.004 -9"><span class='ocrx_word' id='word_1_302' title='bbox 1058 1512 1153 1546; x_wconf 86' lang='lat' dir='ltr'><strong>paucis</strong></span> <span class='ocrx_word' id='word_1_303' title='bbox 1169 1513 1278 1539; x_wconf 89' lang='lat' dir='ltr'><strong>nomina</strong></span> <span class='ocrx_word' id='word_1_304' title='bbox 1299 1513 1405 1547; x_wconf 90' lang='lat' dir='ltr'><strong>propria</strong></span> <span class='ocrx_word' id='word_1_305' title='bbox 1419 1513 1511 1542; x_wconf 57' lang='lat' dir='ltr'><strong>Graeca</strong></span> <span class='ocrx_word' id='word_1_306' title='bbox 1533 1514 1562 1541; x_wconf 89' lang='lat' dir='ltr'><strong>in</strong></span> <span class='ocrx_word' id='word_1_307' title='bbox 1577 1514 1671 1542; x_wconf 90' lang='lat' dir='ltr'><strong>Galliis</strong></span> <span class='ocrx_word' id='word_1_308' title='bbox 1687 1515 1827 1542; x_wconf 84' lang='lat' dir='ltr'><strong>communia</strong></span> 
     </span>
    </p>
   </div>
   <div class='ocr_carea' id='block_1_54' title="bbox 1060 1558 1827 1594">
    <p class='ocr_par' dir='ltr' id='par_1_54' title="bbox 1060 1558 1827 1594">
     <span class='ocr_line' id='line_1_54' title="bbox 1060 1558 1827 1594; baseline 0.003 -9"><span class='ocrx_word' id='word_1_309' title='bbox 1060 1558 1154 1591; x_wconf 81' lang='lat' dir='ltr'><strong>fuisse,</strong></span> <span class='ocrx_word' id='word_1_310' title='bbox 1171 1563 1252 1593; x_wconf 88' lang='lat' dir='ltr'><strong>atque</strong></span> <span class='ocrx_word' id='word_1_311' title='bbox 1275 1559 1365 1594; x_wconf 89' lang='lat' dir='ltr'><strong>plures</strong></span> <span class='ocrx_word' id='word_1_312' title='bbox 1381 1559 1459 1588; x_wconf 84' lang='lat' dir='ltr'><strong>Latio</strong></span> <span class='ocrx_word' id='word_1_313' title='bbox 1483 1569 1538 1587; x_wconf 91' lang='lat' dir='ltr'><strong>non</strong></span> <span class='ocrx_word' id='word_1_314' title='bbox 1563 1565 1681 1592; x_wconf 92' lang='lat' dir='ltr'><strong>tantum,</strong></span> <span class='ocrx_word' id='word_1_315' title='bbox 1701 1562 1746 1589; x_wconf 88' lang='lat' dir='ltr'><strong>sed</strong></span> <span class='ocrx_word' id='word_1_316' title='bbox 1767 1567 1790 1588; x_wconf 89' lang='lat' dir='ltr'><strong>et</strong></span> <span class='ocrx_word' id='word_1_317' title='bbox 1807 1562 1827 1587; x_wconf 91' lang='lat' dir='ltr'><strong>in</strong></span> 
     </span>
    </p>
   </div>
   <div class='ocr_carea' id='block_1_55' title="bbox 1060 1602 1828 1641">
    <p class='ocr_par' dir='ltr' id='par_1_55' title="bbox 1060 1602 1828 1641">
     <span class='ocr_line' id='line_1_55' title="bbox 1060 1602 1828 1641; baseline 0.003 -12"><span class='ocrx_word' id='word_1_318' title='bbox 1060 1602 1145 1630; x_wconf 90' lang='lat' dir='ltr'><strong>Gallia</strong></span> <span class='ocrx_word' id='word_1_319' title='bbox 1163 1609 1240 1631; x_wconf 87' lang='lat' dir='ltr'><strong>natos</strong></span> <span class='ocrx_word' id='word_1_320' title='bbox 1255 1604 1346 1639; x_wconf 78' lang='lat' dir='ltr'><strong>lingua</strong></span> <span class='ocrx_word' id='word_1_321' title='bbox 1360 1604 1452 1632; x_wconf 78' lang='lat' dir='ltr'><strong>Graeca</strong></span> <span class='ocrx_word' id='word_1_322' title='bbox 1469 1605 1552 1633; x_wconf 81' lang='lat' dir='ltr'><strong>libros</strong></span> <span class='ocrx_word' id='word_1_323' title='bbox 1567 1607 1763 1641; x_wconf 86' lang='lat' dir='ltr'><strong>composuisse.</strong></span> <span class='ocrx_word' id='word_1_324' title='bbox 1778 1605 1828 1632; x_wconf 85' lang='lat' dir='ltr'><strong>Non</strong></span> 
     </span>
    </p>
   </div>
   <div class='ocr_carea' id='block_1_56' title="bbox 1059 1649 1829 1687">
    <p class='ocr_par' dir='ltr' id='par_1_56' title="bbox 1059 1649 1829 1687">
     <span class='ocr_line' id='line_1_56' title="bbox 1059 1649 1829 1687; baseline 0.005 -12"><span class='ocrx_word' id='word_1_325' title='bbox 1059 1649 1176 1684; x_wconf 85' lang='lat' dir='ltr'><strong>denique</strong></span> <span class='ocrx_word' id='word_1_326' title='bbox 1200 1650 1324 1684; x_wconf 81' lang='lat' dir='ltr'><strong>tertium;</strong></span> <span class='ocrx_word' id='word_1_327' title='bbox 1342 1651 1405 1686; x_wconf 88' lang='lat' dir='ltr'><strong>quia</strong></span> <span class='ocrx_word' id='word_1_328' title='bbox 1421 1650 1504 1678; x_wconf 85' lang='lat' dir='ltr'><strong>Gallis</strong></span> <span class='ocrx_word' id='word_1_329' title='bbox 1519 1651 1574 1686; x_wconf 74' lang='lat' dir='ltr'><strong>iam</strong></span> <span class='ocrx_word' id='word_1_330' title='bbox 1592 1660 1606 1680; x_wconf 87' lang='lat' dir='ltr'><strong>a</strong></span> <span class='ocrx_word' id='word_1_331' title='bbox 1621 1657 1743 1687; x_wconf 82' lang='lat' dir='ltr'><strong>tempore</strong></span> <span class='ocrx_word' id='word_1_332' title='bbox 1760 1653 1829 1687; x_wconf 85' lang='lat' dir='ltr'><strong>impc-</strong></span> 
     </span>
    </p>
   </div>
   <div class='ocr_carea' id='block_1_57' title="bbox 1060 1695 1827 1735">
    <p class='ocr_par' dir='ltr' id='par_1_57' title="bbox 1060 1695 1827 1735">
     <span class='ocr_line' id='line_1_57' title="bbox 1060 1695 1827 1735; baseline 0.003 -13"><span class='ocrx_word' id='word_1_333' title='bbox 1060 1695 1092 1723; x_wconf 83' lang='lat' dir='ltr'><strong>rii</strong></span> <span class='ocrx_word' id='word_1_334' title='bbox 1108 1695 1224 1729; x_wconf 86' lang='lat' dir='ltr'><strong>Claudii,</strong></span> <span class='ocrx_word' id='word_1_335' title='bbox 1240 1700 1267 1724; x_wconf 93' lang='lat' dir='ltr'><strong>et</strong></span> <span class='ocrx_word' id='word_1_336' title='bbox 1282 1697 1365 1724; x_wconf 88' lang='lat' dir='ltr'><strong>multo</strong></span> <span class='ocrx_word' id='word_1_337' title='bbox 1383 1702 1445 1725; x_wconf 89' lang='lat' dir='ltr'><strong>ante</strong></span> <span class='ocrx_word' id='word_1_338' title='bbox 1459 1698 1490 1725; x_wconf 89' lang='lat' dir='ltr'><strong>ad</strong></span> <span class='ocrx_word' id='word_1_339' title='bbox 1504 1699 1666 1726; x_wconf 88' lang='lat' dir='ltr'><strong>senatoriam</strong></span> <span class='ocrx_word' id='word_1_340' title='bbox 1683 1699 1827 1735; x_wconf 76' lang='lat' dir='ltr'><strong>dignitatem</strong></span> 
     </span>
    </p>
   </div>
   <div class='ocr_carea' id='block_1_58' title="bbox 1062 1741 1827 1780">
    <p class='ocr_par' dir='ltr' id='par_1_58' title="bbox 1062 1741 1827 1780">
     <span class='ocr_line' id='line_1_58' title="bbox 1062 1741 1827 1780; baseline 0.004 -12"><span class='ocrx_word' id='word_1_341' title='bbox 1062 1742 1168 1776; x_wconf 88' lang='lat' dir='ltr'><strong>patebat</strong></span> <span class='ocrx_word' id='word_1_342' title='bbox 1191 1743 1289 1770; x_wconf 90' lang='lat' dir='ltr'><strong>aditus.</strong></span> <span class='ocrx_word' id='word_1_343' title='bbox 1327 1741 1362 1770; x_wconf 89' lang='lat' dir='ltr'><strong>Ut</strong></span> <span class='ocrx_word' id='word_1_344' title='bbox 1387 1743 1454 1770; x_wconf 89' lang='lat' dir='ltr'><strong>nihil</strong></span> <span class='ocrx_word' id='word_1_345' title='bbox 1477 1744 1581 1778; x_wconf 88' lang='lat' dir='ltr'><strong>dicam,</strong></span> <span class='ocrx_word' id='word_1_346' title='bbox 1609 1746 1683 1780; x_wconf 89' lang='lat' dir='ltr'><strong>quod</strong></span> <span class='ocrx_word' id='word_1_347' title='bbox 1707 1745 1827 1773; x_wconf 86' lang='lat' dir='ltr'><strong>senatoria</strong></span> 
     </span>
    </p>
   </div>
   <div class='ocr_carea' id='block_1_59' title="bbox 1062 1787 1828 1825">
    <p class='ocr_par' dir='ltr' id='par_1_59' title="bbox 1062 1787 1828 1825">
     <span class='ocr_line' id='line_1_59' title="bbox 1062 1787 1828 1825; baseline 0.004 -11"><span class='ocrx_word' id='word_1_348' title='bbox 1062 1787 1090 1815; x_wconf 90' lang='lat' dir='ltr'><strong>S.</strong></span> <span class='ocrx_word' id='word_1_349' title='bbox 1105 1787 1238 1823; x_wconf 88' lang='lat' dir='ltr'><strong>Ilippolyti</strong></span> <span class='ocrx_word' id='word_1_350' title='bbox 1261 1789 1375 1824; x_wconf 75' lang='lat' dir='ltr'><strong>dignitas</strong></span> <span class='ocrx_word' id='word_1_351' title='bbox 1402 1790 1436 1817; x_wconf 88' lang='lat' dir='ltr'><strong>sit</strong></span> <span class='ocrx_word' id='word_1_352' title='bbox 1457 1790 1602 1818; x_wconf 87' lang='lat' dir='ltr'><strong>admodum</strong></span> <span class='ocrx_word' id='word_1_353' title='bbox 1625 1791 1720 1825; x_wconf 89' lang='lat' dir='ltr'><strong>dubia,</strong></span> <span class='ocrx_word' id='word_1_354' title='bbox 1743 1792 1828 1819; x_wconf 87' lang='lat' dir='ltr'><strong>sinon</strong></span> 
     </span>
    </p>
   </div>
   <div class='ocr_carea' id='block_1_60' title="bbox 1061 1833 1262 1869">
    <p class='ocr_par' dir='ltr' id='par_1_60' title="bbox 1061 1833 1262 1869">
     <span class='ocr_line' id='line_1_60' title="bbox 1061 1833 1262 1869; baseline 0.005 -9"><span class='ocrx_word' id='word_1_355' title='bbox 1061 1834 1170 1869; x_wconf 85' lang='lat' dir='ltr'><strong>penitus</strong></span> <span class='ocrx_word' id='word_1_356' title='bbox 1184 1833 1262 1862; x_wconf 83' lang='lat' dir='ltr'><strong>falsa.</strong></span> 
     </span>
    </p>
   </div>
   <div class='ocr_carea' id='block_1_61' title="bbox 1098 1879 1826 1918">
    <p class='ocr_par' dir='ltr' id='par_1_61' title="bbox 1098 1879 1826 1918">
     <span class='ocr_line' id='line_1_61' title="bbox 1098 1879 1826 1918; baseline 0.001 -11"><span class='ocrx_word' id='word_1_357' title='bbox 1098 1879 1230 1908; x_wconf 75' lang='lat' dir='ltr'><strong>S.lrenaei</strong></span> <span class='ocrx_word' id='word_1_358' title='bbox 1260 1880 1409 1916; x_wconf 78' lang='lat' dir='ltr'><strong>discipulus</strong></span> <span class='ocrx_word' id='word_1_359' title='bbox 1428 1880 1478 1909; x_wconf 83' lang='lat' dir='ltr'><strong>fuit</strong></span> <span class='ocrx_word' id='word_1_360' title='bbox 1491 1880 1660 1917; x_wconf 82' lang='lat' dir='ltr'><strong>Hippolytus,</strong></span> <span class='ocrx_word' id='word_1_361' title='bbox 1681 1889 1711 1910; x_wconf 92' lang='lat' dir='ltr'><strong>ut</strong></span> <span class='ocrx_word' id='word_1_362' title='bbox 1726 1883 1826 1918; x_wconf 70' lang='lat' dir='ltr'><strong>ipsemet</strong></span> 
     </span>
    </p>
   </div>
   <div class='ocr_carea' id='block_1_62' title="bbox 1061 1926 1826 1964">
    <p class='ocr_par' dir='ltr' id='par_1_62' title="bbox 1061 1926 1826 1964">
     <span class='ocr_line' id='line_1_62' title="bbox 1061 1926 1826 1964; baseline 0.004 -11"><span class='ocrx_word' id='word_1_363' title='bbox 1061 1929 1176 1953; x_wconf 84' lang='lat' dir='ltr'><strong>testatur</strong></span> <span class='ocrx_word' id='word_1_364' title='bbox 1190 1927 1261 1961; x_wconf 92' lang='lat' dir='ltr'><strong>apud</strong></span> <span class='ocrx_word' id='word_1_365' title='bbox 1277 1926 1402 1953; x_wconf 81' lang='lat' dir='ltr'><strong>Photium</strong></span> <span class='ocrx_word' id='word_1_366' title='bbox 1418 1926 1466 1962; x_wconf 71' lang='lat'><strong>(8).</strong></span> <span class='ocrx_word' id='word_1_367' title='bbox 1494 1926 1562 1955; x_wconf 90' lang='lat' dir='ltr'><strong>Hinc</strong></span> <span class='ocrx_word' id='word_1_368' title='bbox 1579 1928 1671 1956; x_wconf 77' lang='lat' dir='ltr'><strong>utilius</strong></span> <span class='ocrx_word' id='word_1_369' title='bbox 1690 1928 1826 1964; x_wconf 80' lang='lat' dir='ltr'><strong>accipiendi</strong></span> 
     </span>
    </p>
   </div>
   <div class='ocr_carea' id='block_1_63' title="bbox 1061 1972 1826 2011">
    <p class='ocr_par' dir='ltr' id='par_1_63' title="bbox 1061 1972 1826 2011">
     <span class='ocr_line' id='line_1_63' title="bbox 1061 1972 1826 2011; baseline 0.001 -12"><span class='ocrx_word' id='word_1_370' title='bbox 1061 1972 1197 2000; x_wconf 86' lang='lat' dir='ltr'><strong>Palladius</strong></span> <span class='ocrx_word' id='word_1_371' title='bbox 1214 1973 1251 2008; x_wconf 75' lang='lat'><strong>(9)</strong></span> <span class='ocrx_word' id='word_1_372' title='bbox 1272 1978 1298 2000; x_wconf 90' lang='lat' dir='ltr'><strong>et</strong></span> <span class='ocrx_word' id='word_1_373' title='bbox 1314 1972 1430 2008; x_wconf 84' lang='lat' dir='ltr'><strong>Cyrillus</strong></span> <span class='ocrx_word' id='word_1_374' title='bbox 1446 1973 1683 2009; x_wconf 82' lang='lat' dir='ltr'><strong>Scythopolitanus</strong></span> <span class='ocrx_word' id='word_1_375' title='bbox 1708 1975 1771 2011; x_wconf 73' lang='grc'><strong>(10),</strong></span> <span class='ocrx_word' id='word_1_376' title='bbox 1788 1974 1826 2009; x_wconf 88' lang='lat' dir='ltr'><strong>qui</strong></span> 
     </span>
    </p>
   </div>
   <div class='ocr_carea' id='block_1_64' title="bbox 1062 2017 1826 2055">
    <p class='ocr_par' dir='ltr' id='par_1_64' title="bbox 1062 2017 1826 2055">
     <span class='ocr_line' id='line_1_64' title="bbox 1062 2017 1826 2055; baseline 0.003 -11"><span class='ocrx_word' id='word_1_377' title='bbox 1062 2025 1124 2045; x_wconf 87' lang='lat' dir='ltr'><strong>eum</strong></span> <span class='ocrx_word' id='word_1_378' title='bbox 1146 2017 1281 2054; x_wconf 82' lang='grc' dir='ltr'><strong>γνώριμον</strong></span> <span class='ocrx_word' id='word_1_379' title='bbox 1301 2018 1354 2045; x_wconf 83' lang='grc' dir='ltr'><strong>τῶν</strong></span> <span class='ocrx_word' id='word_1_380' title='bbox 1374 2018 1539 2053; x_wconf 75' lang='grc' dir='ltr'><strong>ἀποστόλων,</strong></span> <span class='ocrx_word' id='word_1_381' title='bbox 1562 2020 1740 2054; x_wconf 73' lang='lat' dir='ltr'><strong>apostolorum</strong></span> <span class='ocrx_word' id='word_1_382' title='bbox 1760 2021 1826 2055; x_wconf 84' lang='lat' dir='ltr'><strong>[ami-</strong></span> 
     </span>
    </p>
   </div>
   <div class='ocr_carea' id='block_1_65' title="bbox 1062 2063 1827 2101">
    <p class='ocr_par' dir='ltr' id='par_1_65' title="bbox 1062 2063 1827 2101">
     <span class='ocr_line' id='line_1_65' title="bbox 1062 2063 1827 2101; baseline 0.001 -11"><span class='ocrx_word' id='word_1_383' title='bbox 1062 2063 1156 2098; x_wconf 75' lang='lat' dir='ltr'><strong>liarem</strong></span> <span class='ocrx_word' id='word_1_384' title='bbox 1174 2063 1259 2091; x_wconf 68' lang='lat' dir='ltr'><strong>fuisse</strong></span> <span class='ocrx_word' id='word_1_385' title='bbox 1276 2064 1452 2092; x_wconf 84' lang='lat' dir='ltr'><strong>tradiderunt.</strong></span> <span class='ocrx_word' id='word_1_386' title='bbox 1470 2064 1560 2100; x_wconf 86' lang='lat' dir='ltr'><strong>Ipsum</strong></span> <span class='ocrx_word' id='word_1_387' title='bbox 1575 2073 1694 2101; x_wconf 90' lang='lat' dir='ltr'><strong>namque</strong></span> <span class='ocrx_word' id='word_1_388' title='bbox 1707 2067 1761 2094; x_wconf 73' lang='lat' dir='ltr'><strong>sub</strong></span> <span class='ocrx_word' id='word_1_389' title='bbox 1775 2066 1827 2092; x_wconf 74' lang='lat' dir='ltr'><strong>Alc-</strong></span> 
     </span>
    </p>
   </div>
   <div class='ocr_carea' id='block_1_66' title="bbox 1063 2109 1826 2147">
    <p class='ocr_par' dir='ltr' id='par_1_66' title="bbox 1063 2109 1826 2147">
     <span class='ocr_line' id='line_1_66' title="bbox 1063 2109 1826 2147; baseline 0 -11"><span class='ocrx_word' id='word_1_390' title='bbox 1063 2109 1166 2137; x_wconf 85' lang='lat' dir='ltr'><strong>xandro</strong></span> <span class='ocrx_word' id='word_1_391' title='bbox 1181 2109 1351 2145; x_wconf 86' lang='lat' dir='ltr'><strong>imperatore,</strong></span> <span class='ocrx_word' id='word_1_392' title='bbox 1365 2111 1411 2146; x_wconf 91' lang='lat' dir='ltr'><strong>qui</strong></span> <span class='ocrx_word' id='word_1_393' title='bbox 1428 2118 1541 2147; x_wconf 87' lang='lat' dir='ltr'><strong>regnare</strong></span> <span class='ocrx_word' id='word_1_394' title='bbox 1556 2111 1638 2146; x_wconf 72' lang='lat' dir='ltr'><strong>cmpit</strong></span> <span class='ocrx_word' id='word_1_395' title='bbox 1653 2119 1726 2140; x_wconf 90' lang='lat' dir='ltr'><strong>anno</strong></span> <span class='ocrx_word' id='word_1_396' title='bbox 1740 2110 1826 2140; x_wconf 82' lang='lat' dir='ltr'><strong>Christi</strong></span> 
     </span>
    </p>
   </div>
   <div class='ocr_carea' id='block_1_67' title="bbox 1064 2211 1828 2248">
    <p class='ocr_par' dir='ltr' id='par_1_67' title="bbox 1064 2211 1828 2248">
     <span class='ocr_line' id='line_1_67' title="bbox 1064 2211 1828 2248; baseline 0.001 -10"><span class='ocrx_word' id='word_1_397' title='bbox 1064 2211 1166 2248; x_wconf 82' lang='lat' dir='ltr'><strong>gerint:</strong></span> <span class='ocrx_word' id='word_1_398' title='bbox 1193 2211 1352 2247; x_wconf 78' lang='lat' dir='ltr'><strong>Hippolytus</strong></span> <span class='ocrx_word' id='word_1_399' title='bbox 1372 2221 1471 2248; x_wconf 80' lang='lat' dir='ltr'><strong>quoque</strong></span> <span class='ocrx_word' id='word_1_400' title='bbox 1491 2218 1515 2240; x_wconf 70' lang='lat' dir='ltr'><strong>at</strong></span> <span class='ocrx_word' id='word_1_401' title='bbox 1538 2213 1693 2248; x_wconf 83' lang='lat' dir='ltr'><strong>Apollonius</strong></span> <span class='ocrx_word' id='word_1_402' title='bbox 1716 2213 1828 2240; x_wconf 64' lang='lat' dir='ltr'><strong>Rarum&quot;:</strong></span> 
     </span>
    </p>
   </div>
   <div class='ocr_carea' id='block_1_68' title="bbox 1064 2247 1827 2283">
    <p class='ocr_par' dir='ltr' id='par_1_68' title="bbox 1064 2247 1827 2283">
     <span class='ocr_line' id='line_1_68' title="bbox 1064 2247 1827 2283; baseline 0 -10"><span class='ocrx_word' id='word_1_403' title='bbox 1064 2247 1140 2283; x_wconf 64' lang='lat' dir='ltr'><strong>urbis</strong></span> <span class='ocrx_word' id='word_1_404' title='bbox 1155 2253 1303 2283; x_wconf 71' lang='lat' dir='ltr'><strong>senatores;</strong></span> <span class='ocrx_word' id='word_1_405' title='bbox 1323 2256 1383 2274; x_wconf 88' lang='lat' dir='ltr'><strong>cum</strong></span> <span class='ocrx_word' id='word_1_406' title='bbox 1402 2249 1434 2275; x_wconf 86' lang='lat' dir='ltr'><strong>de</strong></span> <span class='ocrx_word' id='word_1_407' title='bbox 1454 2248 1596 2282; x_wconf 76' lang='lat' dir='ltr'><strong>Apollonio</strong></span> <span class='ocrx_word' id='word_1_408' title='bbox 1616 2254 1719 2276; x_wconf 81' lang='lat' dir='ltr'><strong>tantum</strong></span> <span class='ocrx_word' id='word_1_409' title='bbox 1734 2269 1740 2279; x_wconf 82' lang='grc'>,</span> <span class='ocrx_word' id='word_1_410' title='bbox 1759 2254 1785 2275; x_wconf 90' lang='lat' dir='ltr'><strong>ut</strong></span> <span class='ocrx_word' id='word_1_411' title='bbox 1800 2256 1827 2283; x_wconf 57' lang='grc' dir='ltr'><strong>(ις</strong></span> 
     </span>
    </p>
   </div>
   <div class='ocr_carea' id='block_1_69' title="bbox 1064 2281 1827 2317">
    <p class='ocr_par' dir='ltr' id='par_1_69' title="bbox 1064 2281 1827 2317">
     <span class='ocr_line' id='line_1_69' title="bbox 1064 2281 1827 2317; baseline 0.004 -10"><span class='ocrx_word' id='word_1_412' title='bbox 1064 2281 1189 2317; x_wconf 63' lang='grc' dir='ltr'><strong>ςιιιαιορο</strong></span> <span class='ocrx_word' id='word_1_413' title='bbox 1211 2282 1304 2317; x_wconf 90' lang='lat' dir='ltr'><strong>liquet,</strong></span> <span class='ocrx_word' id='word_1_414' title='bbox 1324 2283 1424 2310; x_wconf 87' lang='lat' dir='ltr'><strong>dictmn</strong></span> <span class='ocrx_word' id='word_1_415' title='bbox 1446 2281 1496 2316; x_wconf 81' lang='lat' dir='ltr'><strong>sit;</strong></span> <span class='ocrx_word' id='word_1_416' title='bbox 1522 2285 1575 2310; x_wconf 88' lang='lat' dir='ltr'><strong>imo</strong></span> <span class='ocrx_word' id='word_1_417' title='bbox 1593 2292 1654 2311; x_wconf 91' lang='lat' dir='ltr'><strong>cum</strong></span> <span class='ocrx_word' id='word_1_418' title='bbox 1685 2285 1779 2310; x_wconf 83' lang='lat' dir='ltr'><strong>nedum</strong></span> <span class='ocrx_word' id='word_1_419' title='bbox 1801 2281 1827 2308; x_wconf 65' lang='lat' dir='ltr'><strong>de</strong></span> 
     </span>
    </p>
   </div>
   <div class='ocr_carea' id='block_1_70' title="bbox 1065 2316 1827 2353">
    <p class='ocr_par' dir='ltr' id='par_1_70' title="bbox 1065 2316 1827 2353">
     <span class='ocr_line' id='line_1_70' title="bbox 1065 2316 1827 2353; baseline 0 -11"><span class='ocrx_word' id='word_1_420' title='bbox 1065 2316 1216 2352; x_wconf 86' lang='lat' dir='ltr'><strong>Hippolyto,</strong></span> <span class='ocrx_word' id='word_1_421' title='bbox 1225 2316 1270 2344; x_wconf 80' lang='lat' dir='ltr'><strong>sed</strong></span> <span class='ocrx_word' id='word_1_422' title='bbox 1283 2319 1316 2345; x_wconf 89' lang='lat' dir='ltr'><strong>de</strong></span> <span class='ocrx_word' id='word_1_423' title='bbox 1326 2318 1467 2351; x_wconf 85' lang='lat' dir='ltr'><strong>Apollonio</strong></span> <span class='ocrx_word' id='word_1_424' title='bbox 1481 2319 1539 2353; x_wconf 85' lang='lat' dir='ltr'><strong>ipso</strong></span> <span class='ocrx_word' id='word_1_425' title='bbox 1550 2319 1595 2345; x_wconf 93' lang='lat' dir='ltr'><strong>alii</strong></span> <span class='ocrx_word' id='word_1_426' title='bbox 1606 2319 1738 2348; x_wconf 85' lang='lat' dir='ltr'><strong>dubitent.</strong></span> <span class='ocrx_word' id='word_1_427' title='bbox 1748 2318 1827 2344; x_wconf 80' lang='lat' dir='ltr'><strong>luerit-</strong></span> 
     </span>
    </p>
   </div>
   <div class='ocr_carea' id='block_1_71' title="bbox 1065 2353 1827 2388">
    <p class='ocr_par' dir='ltr' id='par_1_71' title="bbox 1065 2353 1827 2388">
     <span class='ocr_line' id='line_1_71' title="bbox 1065 2353 1827 2388; baseline 0 -11"><span class='ocrx_word' id='word_1_428' title='bbox 1065 2359 1098 2388; x_wconf 47' lang='grc' dir='ltr'><strong>[ιε</strong></span> <span class='ocrx_word' id='word_1_429' title='bbox 1119 2354 1236 2386; x_wconf 85' lang='lat' dir='ltr'><strong>unqtiam</strong></span> <span class='ocrx_word' id='word_1_430' title='bbox 1256 2359 1374 2385; x_wconf 76' lang='lat' dir='ltr'><strong>senator,</strong></span> <span class='ocrx_word' id='word_1_431' title='bbox 1394 2361 1426 2379; x_wconf 88' lang='lat' dir='ltr'><strong>an</strong></span> <span class='ocrx_word' id='word_1_432' title='bbox 1440 2354 1549 2388; x_wconf 87' lang='lat' dir='ltr'><strong>proprio</strong></span> <span class='ocrx_word' id='word_1_433' title='bbox 1561 2355 1668 2388; x_wconf 82' lang='lat' dir='ltr'><strong>ingenio</strong></span> <span class='ocrx_word' id='word_1_434' title='bbox 1679 2362 1710 2381; x_wconf 80' lang='lat' dir='ltr'><strong>ex</strong></span> <span class='ocrx_word' id='word_1_435' title='bbox 1723 2353 1827 2380; x_wconf 82' lang='lat' dir='ltr'><strong>Eusebio</strong></span> 
     </span>
    </p>
   </div>
   <div class='ocr_carea' id='block_1_72' title="bbox 1067 2386 1464 2422">
    <p class='ocr_par' dir='ltr' id='par_1_72' title="bbox 1067 2386 1464 2422">
     <span class='ocr_line' id='line_1_72' title="bbox 1067 2386 1464 2422; baseline 0.005 -10"><span class='ocrx_word' id='word_1_436' title='bbox 1067 2386 1244 2422; x_wconf 74' lang='lat' dir='ltr'><strong>Hieronymus</strong></span> <span class='ocrx_word' id='word_1_437' title='bbox 1254 2386 1464 2422; x_wconf 83' lang='lat' dir='ltr'><strong>exaggeraverit.</strong></span> 
     </span>
    </p>
   </div>
   <div class='ocr_carea' id='block_1_73' title="bbox 236 2412 1826 2459">
    <p class='ocr_par' dir='ltr' id='par_1_73' title="bbox 236 2412 1826 2459">
     <span class='ocr_line' id='line_1_73' title="bbox 236 2412 1826 2459; baseline -0.002 -10"><span class='ocrx_word' id='word_1_438' title='bbox 236 2412 367 2459; x_wconf 49' lang='lat' dir='ltr'><strong>gnaro;</strong></span> <span class='ocrx_word' id='word_1_439' title='bbox 379 2412 577 2459; x_wconf 39' lang='lat' dir='ltr'><strong>aegrotis;</strong></span> <span class='ocrx_word' id='word_1_440' title='bbox 596 2412 890 2459; x_wconf 53' lang='lat' dir='ltr'><strong>it.’..,’..g.&#39;na5.igts</strong></span> <span class='ocrx_word' id='word_1_441' title='bbox 913 2412 1010 2456; x_wconf 52' lang='lat' dir='ltr'><strong>assii</strong></span> <span class='ocrx_word' id='word_1_442' title='bbox 1023 2412 1044 2441; x_wconf 74' lang='grc' dir='ltr'>α</span> <span class='ocrx_word' id='word_1_443' title='bbox 1096 2412 1464 2459; x_wconf 43' lang='grc' dir='ltr'><strong>μίίςιερῑίθξιῖντίὲλιοθιίέ·</strong></span> <span class='ocrx_word' id='word_1_444' title='bbox 1483 2422 1675 2459; x_wconf 84' lang='lat' dir='ltr'><strong>Prolegomcna</strong></span> <span class='ocrx_word' id='word_1_445' title='bbox 1704 2423 1737 2450; x_wconf 89' lang='lat' dir='ltr'><strong>ad</strong></span> 
     </span>
    </p>
   </div>
   <div class='ocr_carea' id='block_1_74' title="bbox 236 2456 1011 2492">
    <p class='ocr_par' dir='ltr' id='par_1_74' title="bbox 236 2456 1011 2492">
     <span class='ocr_line' id='line_1_74' title="bbox 236 2456 1011 2492; baseline 0 -7"><span class='ocrx_word' id='word_1_446' title='bbox 236 2457 320 2485; x_wconf 86' lang='lat' dir='ltr'><strong>Italus</strong></span> <span class='ocrx_word' id='word_1_447' title='bbox 343 2457 371 2484; x_wconf 90' lang='lat' dir='ltr'><strong>in</strong></span> <span class='ocrx_word' id='word_1_448' title='bbox 390 2457 507 2484; x_wconf 86' lang='lat' dir='ltr'><strong>editione</strong></span> <span class='ocrx_word' id='word_1_449' title='bbox 517 2456 634 2492; x_wconf 87' lang='lat' dir='ltr'><strong>Operum</strong></span> <span class='ocrx_word' id='word_1_450' title='bbox 657 2457 685 2484; x_wconf 82' lang='lat' dir='ltr'><strong>S.</strong></span> <span class='ocrx_word' id='word_1_451' title='bbox 700 2456 856 2492; x_wconf 84' lang='lat' dir='ltr'><strong>Hieronymi</strong></span> <span class='ocrx_word' id='word_1_452' title='bbox 875 2465 940 2485; x_wconf 86' lang='lat' dir='ltr'><strong>usus</strong></span> <span class='ocrx_word' id='word_1_453' title='bbox 959 2462 1011 2490; x_wconf 86' lang='lat' dir='ltr'><strong>est,</strong></span> 
     </span>
    </p>
   </div>
   <div class='ocr_carea' id='block_1_75' title="bbox 237 2492 1010 2526">
    <p class='ocr_par' dir='ltr' id='par_1_75' title="bbox 237 2492 1010 2526">
     <span class='ocr_line' id='line_1_75' title="bbox 237 2492 1010 2526; baseline 0 -6"><span class='ocrx_word' id='word_1_454' title='bbox 237 2497 305 2520; x_wconf 89' lang='lat' dir='ltr'><strong>teste</strong></span> <span class='ocrx_word' id='word_1_455' title='bbox 324 2492 417 2519; x_wconf 87' lang='lat' dir='ltr'><strong>eodem</strong></span> <span class='ocrx_word' id='word_1_456' title='bbox 441 2492 573 2526; x_wconf 87' lang='lat' dir='ltr'><strong>scriptore</strong></span> <span class='ocrx_word' id='word_1_457' title='bbox 595 2492 688 2524; x_wconf 88' lang='lat' dir='ltr'><strong>Gallo,</strong></span> <span class='ocrx_word' id='word_1_458' title='bbox 712 2499 760 2526; x_wconf 87' lang='lat' dir='ltr'><strong>pro</strong></span> <span class='ocrx_word' id='word_1_459' title='bbox 779 2499 845 2519; x_wconf 90' lang='lat' dir='ltr'><strong>voce</strong></span> <span class='ocrx_word' id='word_1_460' title='bbox 867 2498 1010 2525; x_wconf 72' lang='lat' dir='ltr'><strong>senatores,</strong></span> 
     </span>
    </p>
   </div>
   <div class='ocr_carea' id='block_1_76' title="bbox 236 2526 1013 2562">
    <p class='ocr_par' dir='ltr' id='par_1_76' title="bbox 236 2526 1013 2562">
     <span class='ocr_line' id='line_1_76' title="bbox 236 2526 1013 2562; baseline 0.001 -8"><span class='ocrx_word' id='word_1_461' title='bbox 236 2528 335 2562; x_wconf 81' lang='lat' dir='ltr'><strong>legitur</strong></span> <span class='ocrx_word' id='word_1_462' title='bbox 353 2526 472 2559; x_wconf 84' lang='lat' dir='ltr'><strong>Senator,</strong></span> <span class='ocrx_word' id='word_1_463' title='bbox 491 2527 528 2554; x_wconf 90' lang='lat' dir='ltr'><strong>ita</strong></span> <span class='ocrx_word' id='word_1_464' title='bbox 546 2531 576 2554; x_wconf 91' lang='lat' dir='ltr'><strong>ut</strong></span> <span class='ocrx_word' id='word_1_465' title='bbox 594 2527 651 2554; x_wconf 54' lang='lat' dir='ltr'><strong>haec</strong></span> <span class='ocrx_word' id='word_1_466' title='bbox 672 2527 798 2562; x_wconf 82' lang='lat' dir='ltr'><strong>dignitas</strong></span> <span class='ocrx_word' id='word_1_467' title='bbox 811 2527 942 2555; x_wconf 87' lang='lat' dir='ltr'><strong>tribuatur</strong></span> <span class='ocrx_word' id='word_1_468' title='bbox 963 2528 1013 2555; x_wconf 87' lang='lat' dir='ltr'><strong>soli</strong></span> 
     </span>
    </p>
   </div>
   <div class='ocr_carea' id='block_1_77' title="bbox 238 2561 1012 2598">
    <p class='ocr_par' dir='ltr' id='par_1_77' title="bbox 238 2561 1012 2598">
     <span class='ocr_line' id='line_1_77' title="bbox 238 2561 1012 2598; baseline 0.003 -9"><span class='ocrx_word' id='word_1_469' title='bbox 238 2561 388 2598; x_wconf 66' lang='lat' dir='ltr'><strong>Apollonio,</strong></span> <span class='ocrx_word' id='word_1_470' title='bbox 411 2563 454 2589; x_wconf 88' lang='lat' dir='ltr'><strong>cui</strong></span> <span class='ocrx_word' id='word_1_471' title='bbox 467 2567 544 2598; x_wconf 73' lang='lat' dir='ltr'><strong>certe</strong></span> <span class='ocrx_word' id='word_1_472' title='bbox 565 2561 770 2598; x_wconf 39' lang='lat' dir='ltr'><strong>cou\&#39;enit,&#39;cum</strong></span> <span class='ocrx_word' id='word_1_473' title='bbox 790 2561 818 2589; x_wconf 91' lang='lat' dir='ltr'><strong>S.</strong></span> <span class='ocrx_word' id='word_1_474' title='bbox 832 2561 1012 2598; x_wconf 85' lang='lat' dir='ltr'><strong>Hieronymus</strong></span> 
     </span>
    </p>
   </div>
   <div class='ocr_carea' id='block_1_78' title="bbox 238 2596 1015 2631">
    <p class='ocr_par' dir='ltr' id='par_1_78' title="bbox 238 2596 1015 2631">
     <span class='ocr_line' id='line_1_78' title="bbox 238 2596 1015 2631; baseline 0 -6"><span class='ocrx_word' id='word_1_475' title='bbox 238 2597 266 2625; x_wconf 89' lang='lat' dir='ltr'><strong>in</strong></span> <span class='ocrx_word' id='word_1_476' title='bbox 287 2597 356 2624; x_wconf 89' lang='lat' dir='ltr'><strong>libro</strong></span> <span class='ocrx_word' id='word_1_477' title='bbox 371 2596 408 2624; x_wconf 84' lang='lat' dir='ltr'><strong>De</strong></span> <span class='ocrx_word' id='word_1_478' title='bbox 423 2597 485 2623; x_wconf 70' lang='lat' dir='ltr'><strong>viris</strong></span> <span class='ocrx_word' id='word_1_479' title='bbox 506 2596 663 2628; x_wconf 66' lang='lat' dir='ltr'><strong>illustribus,</strong></span> <span class='ocrx_word' id='word_1_480' title='bbox 685 2604 744 2631; x_wconf 89' lang='lat' dir='ltr'><strong>cap.</strong></span> <span class='ocrx_word' id='word_1_481' title='bbox 756 2597 800 2629; x_wconf 70' lang='grc'><strong>42,</strong></span> <span class='ocrx_word' id='word_1_482' title='bbox 816 2596 941 2625; x_wconf 77' lang='lat' dir='ltr'><strong>eamdem</strong></span> <span class='ocrx_word' id='word_1_483' title='bbox 959 2607 1015 2625; x_wconf 90' lang='lat' dir='ltr'><strong>rur-</strong></span> 
     </span>
    </p>
   </div>
   <div class='ocr_carea' id='block_1_79' title="bbox 238 2632 1014 2668">
    <p class='ocr_par' dir='ltr' id='par_1_79' title="bbox 238 2632 1014 2668">
     <span class='ocr_line' id='line_1_79' title="bbox 238 2632 1014 2668; baseline -0.001 -9"><span class='ocrx_word' id='word_1_484' title='bbox 238 2640 286 2668; x_wconf 80' lang='lat' dir='ltr'><strong>sus</strong></span> <span class='ocrx_word' id='word_1_485' title='bbox 297 2632 321 2659; x_wconf 85' lang='lat' dir='ltr'><strong>ei</strong></span> <span class='ocrx_word' id='word_1_486' title='bbox 333 2632 460 2668; x_wconf 80' lang='lat' dir='ltr'><strong>ascribat,</strong></span> <span class='ocrx_word' id='word_1_487' title='bbox 475 2636 502 2668; x_wconf 76' lang='lat' dir='ltr'><strong>et</strong></span> <span class='ocrx_word' id='word_1_488' title='bbox 519 2632 617 2668; x_wconf 85' lang='lat' dir='ltr'><strong>ibidem</strong></span> <span class='ocrx_word' id='word_1_489' title='bbox 634 2639 693 2666; x_wconf 86' lang='lat' dir='ltr'><strong>cap.</strong></span> <span class='ocrx_word' id='word_1_490' title='bbox 705 2633 749 2663; x_wconf 77' lang='grc'><strong>61,</strong></span> <span class='ocrx_word' id='word_1_491' title='bbox 765 2632 792 2659; x_wconf 92' lang='lat' dir='ltr'><strong>in</strong></span> <span class='ocrx_word' id='word_1_492' title='bbox 809 2632 895 2668; x_wconf 83' lang='lat' dir='ltr'><strong>elogio</strong></span> <span class='ocrx_word' id='word_1_493' title='bbox 907 2632 936 2660; x_wconf 92' lang='lat' dir='ltr'><strong>S.</strong></span> <span class='ocrx_word' id='word_1_494' title='bbox 948 2633 1014 2667; x_wconf 80' lang='lat' dir='ltr'><strong>Ilip-</strong></span> 
     </span>
    </p>
   </div>
   <div class='ocr_carea' id='block_1_80' title="bbox 238 2667 1014 2702">
    <p class='ocr_par' dir='ltr' id='par_1_80' title="bbox 238 2667 1014 2702">
     <span class='ocr_line' id='line_1_80' title="bbox 238 2667 1014 2702; baseline 0.001 -8"><span class='ocrx_word' id='word_1_495' title='bbox 238 2667 331 2702; x_wconf 78' lang='lat' dir='ltr'><strong>polyti,</strong></span> <span class='ocrx_word' id='word_1_496' title='bbox 351 2667 385 2694; x_wconf 84' lang='lat' dir='ltr'><strong>de</strong></span> <span class='ocrx_word' id='word_1_497' title='bbox 402 2667 446 2693; x_wconf 91' lang='lat' dir='ltr'><strong>illa</strong></span> <span class='ocrx_word' id='word_1_498' title='bbox 467 2667 596 2701; x_wconf 86' lang='lat' dir='ltr'><strong>dignitate</strong></span> <span class='ocrx_word' id='word_1_499' title='bbox 616 2667 750 2694; x_wconf 80' lang='lat' dir='ltr'><strong>senatoria</strong></span> <span class='ocrx_word' id='word_1_500' title='bbox 774 2667 875 2694; x_wconf 86' lang='lat' dir='ltr'><strong>nullam</strong></span> <span class='ocrx_word' id='word_1_501' title='bbox 899 2669 1014 2695; x_wconf 88' lang='lat' dir='ltr'><strong>mentio-</strong></span> 
     </span>
    </p>
   </div>
   <div class='ocr_carea' id='block_1_81' title="bbox 238 2701 1013 2736">
    <p class='ocr_par' dir='ltr' id='par_1_81' title="bbox 238 2701 1013 2736">
     <span class='ocr_line' id='line_1_81' title="bbox 238 2701 1013 2736; baseline 0.003 -8"><span class='ocrx_word' id='word_1_502' title='bbox 238 2709 299 2729; x_wconf 90' lang='lat' dir='ltr'><strong>nem</strong></span> <span class='ocrx_word' id='word_1_503' title='bbox 315 2703 405 2729; x_wconf 81' lang='lat' dir='ltr'><strong>faciat.</strong></span> <span class='ocrx_word' id='word_1_504' title='bbox 417 2701 588 2729; x_wconf 81' lang='lat' dir='ltr'><strong>Clarissimus</strong></span> <span class='ocrx_word' id='word_1_505' title='bbox 598 2703 677 2728; x_wconf 86' lang='lat' dir='ltr'><strong>etiam</strong></span> <span class='ocrx_word' id='word_1_506' title='bbox 690 2701 846 2729; x_wconf 84' lang='lat' dir='ltr'><strong>Douiinicus</strong></span> <span class='ocrx_word' id='word_1_507' title='bbox 856 2701 1013 2736; x_wconf 83' lang='lat' dir='ltr'><strong>Vallarsius,</strong></span> 
     </span>
    </p>
   </div>
   <div class='ocr_carea' id='block_1_82' title="bbox 238 2736 1013 2771">
    <p class='ocr_par' dir='ltr' id='par_1_82' title="bbox 238 2736 1013 2771">
     <span class='ocr_line' id='line_1_82' title="bbox 238 2736 1013 2771; baseline 0.001 -8"><span class='ocrx_word' id='word_1_508' title='bbox 238 2737 402 2764; x_wconf 89' lang='lat' dir='ltr'><strong>novissimus</strong></span> <span class='ocrx_word' id='word_1_509' title='bbox 414 2736 530 2771; x_wconf 88' lang='lat' dir='ltr'><strong>Operum</strong></span> <span class='ocrx_word' id='word_1_510' title='bbox 556 2737 587 2764; x_wconf 91' lang='lat' dir='ltr'><strong>D.</strong></span> <span class='ocrx_word' id='word_1_511' title='bbox 607 2736 762 2771; x_wconf 82' lang='lat' dir='ltr'><strong>Hieronymi</strong></span> <span class='ocrx_word' id='word_1_512' title='bbox 783 2738 880 2769; x_wconf 80' lang='lat' dir='ltr'><strong>editor,</strong></span> <span class='ocrx_word' id='word_1_513' title='bbox 902 2743 968 2764; x_wconf 90' lang='lat' dir='ltr'><strong>tom.</strong></span> <span class='ocrx_word' id='word_1_514' title='bbox 989 2739 1013 2770; x_wconf 92' lang='lat' dir='ltr'><strong>I,</strong></span> 
     </span>
    </p>
   </div>
   <div class='ocr_carea' id='block_1_83' title="bbox 237 2772 1012 2808">
    <p class='ocr_par' dir='ltr' id='par_1_83' title="bbox 237 2772 1012 2808">
     <span class='ocr_line' id='line_1_83' title="bbox 237 2772 1012 2808; baseline 0.001 -10"><span class='ocrx_word' id='word_1_515' title='bbox 237 2776 308 2806; x_wconf 86' lang='lat' dir='ltr'><strong>part.</strong></span> <span class='ocrx_word' id='word_1_516' title='bbox 321 2780 340 2805; x_wconf 82' lang='grc' dir='ltr'><strong>ι,</strong></span> <span class='ocrx_word' id='word_1_517' title='bbox 353 2780 412 2808; x_wconf 84' lang='lat' dir='ltr'><strong>pag.</strong></span> <span class='ocrx_word' id='word_1_518' title='bbox 423 2772 486 2808; x_wconf 79' lang='lat' dir='ltr'><strong>56I,</strong></span> <span class='ocrx_word' id='word_1_519' title='bbox 499 2773 590 2799; x_wconf 89' lang='lat' dir='ltr'><strong>itidem</strong></span> <span class='ocrx_word' id='word_1_520' title='bbox 609 2777 692 2804; x_wconf 79' lang='lat' dir='ltr'><strong>notat,</strong></span> <span class='ocrx_word' id='word_1_521' title='bbox 708 2772 781 2808; x_wconf 73' lang='lat' dir='ltr'><strong>quod</strong></span> <span class='ocrx_word' id='word_1_522' title='bbox 792 2772 859 2808; x_wconf 72' lang='lat' dir='ltr'><strong>falso</strong></span> <span class='ocrx_word' id='word_1_523' title='bbox 871 2773 1012 2799; x_wconf 79' lang='lat' dir='ltr'><strong>Erasmum</strong></span> 
     </span>
    </p>
   </div>
   <div class='ocr_carea' id='block_1_84' title="bbox 237 2806 1014 2844">
    <p class='ocr_par' dir='ltr' id='par_1_84' title="bbox 237 2806 1014 2844">
     <span class='ocr_line' id='line_1_84' title="bbox 237 2806 1014 2844; baseline 0.001 -9"><span class='ocrx_word' id='word_1_524' title='bbox 237 2807 323 2835; x_wconf 75' lang='lat' dir='ltr'><strong>secuti</strong></span> <span class='ocrx_word' id='word_1_525' title='bbox 341 2806 455 2836; x_wconf 75' lang='lat' dir='ltr'><strong>editores</strong></span> <span class='ocrx_word' id='word_1_526' title='bbox 465 2807 630 2836; x_wconf 85' lang='lat' dir='ltr'><strong>Benedictiui</strong></span> <span class='ocrx_word' id='word_1_527' title='bbox 640 2806 756 2843; x_wconf 80' lang='lat' dir='ltr'><strong>Operum</strong></span> <span class='ocrx_word' id='word_1_528' title='bbox 767 2806 799 2836; x_wconf 85' lang='grc' dir='ltr'><strong>Ι).</strong></span> <span class='ocrx_word' id='word_1_529' title='bbox 810 2806 964 2844; x_wconf 86' lang='lat' dir='ltr'><strong>Hieronymi</strong></span> <span class='ocrx_word' id='word_1_530' title='bbox 977 2808 1014 2836; x_wconf 85' lang='lat' dir='ltr'><strong>le-</strong></span> 
     </span>
    </p>
   </div>
   <div class='ocr_carea' id='block_1_85' title="bbox 1062 2457 1263 2490">
    <p class='ocr_par' dir='ltr' id='par_1_85' title="bbox 1062 2457 1263 2490">
     <span class='ocr_line' id='line_1_85' title="bbox 1062 2457 1263 2490; baseline 0.005 -7"><span class='ocrx_word' id='word_1_531' title='bbox 1062 2464 1150 2490; x_wconf 71' lang='lat' dir='ltr'><strong>sacra,</strong></span> <span class='ocrx_word' id='word_1_532' title='bbox 1165 2462 1230 2485; x_wconf 91' lang='lat' dir='ltr'><strong>tom.</strong></span> <span class='ocrx_word' id='word_1_533' title='bbox 1244 2457 1263 2484; x_wconf 95' lang='grc' dir='ltr'><strong>Ι.</strong></span> 
     </span>
    </p>
   </div>
   <div class='ocr_carea' id='block_1_86' title="bbox 1098 2492 1838 2526">
    <p class='ocr_par' dir='ltr' id='par_1_86' title="bbox 1098 2492 1838 2526">
     <span class='ocr_line' id='line_1_86' title="bbox 1098 2492 1838 2526; baseline 0.001 -6"><span class='ocrx_word' id='word_1_534' title='bbox 1098 2492 1136 2526; x_wconf 86' lang='grc'><strong>(5)</strong></span> <span class='ocrx_word' id='word_1_535' title='bbox 1157 2493 1238 2520; x_wconf 90' lang='lat' dir='ltr'><strong>Cave.</strong></span> <span class='ocrx_word' id='word_1_536' title='bbox 1251 2493 1322 2519; x_wconf 80' lang='lat' dir='ltr'><strong>(list.</strong></span> <span class='ocrx_word' id='word_1_537' title='bbox 1335 2492 1429 2526; x_wconf 57' lang='lat' dir='ltr'><strong>littera,</strong></span> <span class='ocrx_word' id='word_1_538' title='bbox 1451 2497 1516 2519; x_wconf 89' lang='lat' dir='ltr'><strong>tom.</strong></span> <span class='ocrx_word' id='word_1_539' title='bbox 1531 2493 1626 2524; x_wconf 70' lang='lat' dir='ltr'><strong>I,102.</strong></span> <span class='ocrx_word' id='word_1_540' title='bbox 1809 2523 1816 2526; x_wconf 89' lang='lat'><em>_</em></span> <span class='ocrx_word' id='word_1_541' title='bbox 1834 2504 1838 2512; x_wconf 67' lang='grc' dir='ltr'><em>ι</em></span> 
     </span>
    </p>
   </div>
   <div class='ocr_carea' id='block_1_87' title="bbox 1062 2523 1836 2597">
    <p class='ocr_par' dir='ltr' id='par_1_87' title="bbox 1062 2523 1836 2597">
     <span class='ocr_line' id='line_1_87' title="bbox 1062 2523 1836 2597; baseline 0.001 -43"><span class='ocrx_word' id='word_1_542' title='bbox 1062 2569 1080 2597; x_wconf 69' lang='lat' dir='ltr'><strong>p</strong></span> <span class='ocrx_word' id='word_1_543' title='bbox 1099 2523 1215 2589; x_wconf 40' lang='lat' dir='ltr'><strong>gulae.</strong></span> <span class='ocrx_word' id='word_1_544' title='bbox 1240 2527 1361 2563; x_wconf 80' lang='lat' dir='ltr'><strong>Basnage</strong></span> <span class='ocrx_word' id='word_1_545' title='bbox 1381 2523 1483 2555; x_wconf 78' lang='lat' dir='ltr'><strong>Gaiiisii</strong></span> <span class='ocrx_word' id='word_1_546' title='bbox 1504 2528 1576 2554; x_wconf 81' lang='lat' dir='ltr'><strong>Lert.</strong></span> <span class='ocrx_word' id='word_1_547' title='bbox 1600 2529 1696 2563; x_wconf 59' lang='grc' dir='ltr'><strong>(ψύθη</strong></span> <span class='ocrx_word' id='word_1_548' title='bbox 1729 2532 1788 2555; x_wconf 83' lang='lat' dir='ltr'><strong>tom.</strong></span> <span class='ocrx_word' id='word_1_549' title='bbox 1809 2523 1836 2555; x_wconf 82' lang='grc' dir='ltr'><strong>Ι.-</strong></span> 
     </span>
    </p>
   </div>
   <div class='ocr_carea' id='block_1_88' title="bbox 1099 2597 1825 2659">
    <p class='ocr_par' dir='ltr' id='par_1_88' title="bbox 1099 2597 1825 2659">
     <span class='ocr_line' id='line_1_88' title="bbox 1099 2597 1825 2659; baseline 0.001 -35"><span class='ocrx_word' id='word_1_550' title='bbox 1099 2597 1267 2659; x_wconf 58' lang='grc' dir='ltr'><strong>(7)5Ιέἷηςιοίνε</strong></span> <span class='ocrx_word' id='word_1_551' title='bbox 1279 2597 1408 2624; x_wconf 72' lang='lat' dir='ltr'><strong>littéraire</strong></span> <span class='ocrx_word' id='word_1_552' title='bbox 1418 2598 1449 2624; x_wconf 81' lang='lat' dir='ltr'><strong>de</strong></span> <span class='ocrx_word' id='word_1_553' title='bbox 1460 2597 1486 2624; x_wconf 87' lang='lat' dir='ltr'><strong>la</strong></span> <span class='ocrx_word' id='word_1_554' title='bbox 1495 2597 1608 2631; x_wconf 80' lang='lat' dir='ltr'><strong>France,</strong></span> <span class='ocrx_word' id='word_1_555' title='bbox 1622 2603 1688 2626; x_wconf 89' lang='lat' dir='ltr'><strong>tom.</strong></span> <span class='ocrx_word' id='word_1_556' title='bbox 1701 2598 1722 2631; x_wconf 82' lang='grc' dir='ltr'><strong>Ι,</strong></span> <span class='ocrx_word' id='word_1_557' title='bbox 1734 2601 1801 2632; x_wconf 85' lang='lat' dir='ltr'><strong>parte</strong></span> <span class='ocrx_word' id='word_1_558' title='bbox 1809 2601 1825 2625; x_wconf 84' lang='grc' dir='ltr'><strong>ιι</strong></span> 
     </span>
    </p>
   </div>
   <div class='ocr_carea' id='block_1_89' title="bbox 1083 2634 1200 2666">
    <p class='ocr_par' dir='ltr' id='par_1_89' title="bbox 1083 2634 1200 2666">
     <span class='ocr_line' id='line_1_89' title="bbox 1083 2634 1200 2666; baseline 0.009 -8"><span class='ocrx_word' id='word_1_559' title='bbox 1083 2639 1124 2666; x_wconf 76' lang='lat' dir='ltr'><strong>ag.</strong></span> <span class='ocrx_word' id='word_1_560' title='bbox 1139 2634 1200 2659; x_wconf 80' lang='grc'><strong>561.</strong></span> 
     </span>
    </p>
   </div>
   <div class='ocr_carea' id='block_1_90' title="bbox 1063 2639 1534 2702">
    <p class='ocr_par' dir='ltr' id='par_1_90' title="bbox 1063 2639 1534 2702">
     <span class='ocr_line' id='line_1_90' title="bbox 1063 2639 1200 2667; baseline 0.007 -9"><span class='ocrx_word' id='word_1_561' title='bbox 1063 2639 1124 2667; x_wconf 76' lang='lat' dir='ltr'><strong>pag.</strong></span> <span class='ocrx_word' id='word_1_562' title='bbox 1139 2639 1200 2659; x_wconf 78' lang='lat' dir='ltr'><strong>aut.</strong></span> 
     </span>
     <span class='ocr_line' id='line_1_91' title="bbox 1099 2667 1534 2702; baseline 0.002 -8"><span class='ocrx_word' id='word_1_563' title='bbox 1099 2668 1137 2702; x_wconf 85' lang='lat'><strong>(8)</strong></span> <span class='ocrx_word' id='word_1_564' title='bbox 1158 2668 1247 2700; x_wconf 84' lang='lat' dir='ltr'><strong>Phot.,</strong></span> <span class='ocrx_word' id='word_1_565' title='bbox 1263 2667 1322 2695; x_wconf 87' lang='lat' dir='ltr'><strong>cod.</strong></span> <span class='ocrx_word' id='word_1_566' title='bbox 1334 2667 1534 2695; x_wconf 77' lang='lat' dir='ltr'><strong>cxxtBibliotlt.</strong></span> 
     </span>
    </p>
   </div>
   <div class='ocr_carea' id='block_1_91' title="bbox 1100 2702 1650 2738">
    <p class='ocr_par' dir='ltr' id='par_1_91' title="bbox 1100 2702 1650 2738">
     <span class='ocr_line' id='line_1_92' title="bbox 1100 2702 1650 2738; baseline 0.004 -10"><span class='ocrx_word' id='word_1_567' title='bbox 1100 2704 1137 2738; x_wconf 75' lang='grc' dir='ltr'><strong>(υ)</strong></span> <span class='ocrx_word' id='word_1_568' title='bbox 1160 2702 1273 2736; x_wconf 82' lang='lat' dir='ltr'><strong>Pallad.,</strong></span> <span class='ocrx_word' id='word_1_569' title='bbox 1289 2703 1358 2738; x_wconf 80' lang='lat' dir='ltr'><strong>llist.</strong></span> <span class='ocrx_word' id='word_1_570' title='bbox 1370 2702 1506 2738; x_wconf 55' lang='lat' dir='ltr'><strong>Lanatam.</strong></span> <span class='ocrx_word' id='word_1_571' title='bbox 1520 2711 1579 2738; x_wconf 88' lang='lat' dir='ltr'><strong>cap.</strong></span> <span class='ocrx_word' id='word_1_572' title='bbox 1589 2703 1650 2730; x_wconf 69' lang='lat'><strong>“8.</strong></span> 
     </span>
    </p>
   </div>
   <div class='ocr_carea' id='block_1_92' title="bbox 1100 2735 1825 2773">
    <p class='ocr_par' dir='ltr' id='par_1_92' title="bbox 1100 2735 1825 2773">
     <span class='ocr_line' id='line_1_93' title="bbox 1100 2735 1825 2773; baseline -0.008 -9"><span class='ocrx_word' id='word_1_573' title='bbox 1100 2735 1155 2772; x_wconf 80' lang='grc' dir='ltr'><strong>(Ιῦ)</strong></span> <span class='ocrx_word' id='word_1_574' title='bbox 1178 2738 1268 2773; x_wconf 77' lang='grc' dir='ltr'><strong>(Σ)”ι·ίΙΙ.</strong></span> <span class='ocrx_word' id='word_1_575' title='bbox 1290 2737 1382 2773; x_wconf 84' lang='lat' dir='ltr'><strong>Scyth.</strong></span> <span class='ocrx_word' id='word_1_576' title='bbox 1409 2737 1458 2773; x_wconf 79' lang='lat' dir='ltr'><strong>Vit.</strong></span> <span class='ocrx_word' id='word_1_577' title='bbox 1483 2735 1646 2773; x_wconf 80' lang='lat' dir='ltr'><strong>S.Eutl|yin.</strong></span> <span class='ocrx_word' id='word_1_578' title='bbox 1672 2738 1698 2765; x_wconf 86' lang='lat' dir='ltr'><strong>in</strong></span> <span class='ocrx_word' id='word_1_579' title='bbox 1720 2735 1825 2764; x_wconf 75' lang='lat' dir='ltr'><strong>Analert.</strong></span> 
     </span>
    </p>
   </div>
   <div class='ocr_carea' id='block_1_93' title="bbox 1065 2772 1825 2807">
    <p class='ocr_par' dir='ltr' id='par_1_93' title="bbox 1065 2772 1825 2807">
     <span class='ocr_line' id='line_1_94' title="bbox 1065 2772 1825 2807; baseline -0.003 -8"><span class='ocrx_word' id='word_1_580' title='bbox 1065 2773 1150 2800; x_wconf 70' lang='lat' dir='ltr'><strong>Gram.</strong></span> <span class='ocrx_word' id='word_1_581' title='bbox 1162 2772 1251 2803; x_wconf 56' lang='grc' dir='ltr'><strong><em>ΒίΒ..</em></strong></span> <span class='ocrx_word' id='word_1_582' title='bbox 1264 2772 1380 2807; x_wconf 55' lang='grc' dir='ltr'><strong>ρηςζὸὶ,</strong></span> <span class='ocrx_word' id='word_1_583' title='bbox 1392 2777 1418 2800; x_wconf 86' lang='lat' dir='ltr'><strong>et</strong></span> <span class='ocrx_word' id='word_1_584' title='bbox 1430 2772 1488 2800; x_wconf 85' lang='lat' dir='ltr'><strong>Vita</strong></span> <span class='ocrx_word' id='word_1_585' title='bbox 1501 2773 1529 2800; x_wconf 89' lang='lat' dir='ltr'><strong>S.</strong></span> <span class='ocrx_word' id='word_1_586' title='bbox 1543 2772 1619 2800; x_wconf 62' lang='lat' dir='ltr'><strong>Saba:</strong></span> <span class='ocrx_word' id='word_1_587' title='bbox 1639 2774 1665 2800; x_wconf 87' lang='lat' dir='ltr'><strong>in</strong></span> <span class='ocrx_word' id='word_1_588' title='bbox 1680 2773 1825 2800; x_wconf 64' lang='lat' dir='ltr'><strong>Monument-</strong></span> 
     </span>
    </p>
   </div>
   <div class='ocr_carea' id='block_1_94' title="bbox 1067 2807 1689 2844">
    <p class='ocr_par' dir='ltr' id='par_1_94' title="bbox 1067 2807 1689 2844">
     <span class='ocr_line' id='line_1_95' title="bbox 1067 2807 1689 2844; baseline 0.002 -9"><span class='ocrx_word' id='word_1_589' title='bbox 1067 2808 1168 2836; x_wconf 67' lang='lat' dir='ltr'><strong>b‘cclet.</strong></span> <span class='ocrx_word' id='word_1_590' title='bbox 1182 2807 1265 2836; x_wconf 67' lang='lat' dir='ltr'><strong>Graec.</strong></span> <span class='ocrx_word' id='word_1_591' title='bbox 1277 2808 1405 2843; x_wconf 81' lang='lat' dir='ltr'><strong>Cotcler.,</strong></span> <span class='ocrx_word' id='word_1_592' title='bbox 1417 2814 1482 2836; x_wconf 88' lang='lat' dir='ltr'><strong>tom.</strong></span> <span class='ocrx_word' id='word_1_593' title='bbox 1497 2808 1540 2841; x_wconf 86' lang='grc' dir='ltr'><strong>ΙΙΙ,</strong></span> <span class='ocrx_word' id='word_1_594' title='bbox 1552 2816 1612 2844; x_wconf 78' lang='lat' dir='ltr'><strong>pag.</strong></span> <span class='ocrx_word' id='word_1_595' title='bbox 1626 2808 1689 2837; x_wconf 66' lang='lat'><strong>554.</strong></span> 
     </span>
    </p>
   </div>
  </div>
