1861 3052
42 131 84 159 273

488 128 533 156 DE
551 128 632 157 VITA
650 129 694 157 ET
715 129 869 158 SCRIPTIS
889 129 918 158 S.
939 129 1130 158 HlPPOLYTI.

1568 132 1621 160 27L

41 190 89 221 222,
103 190 178 216 vitam
192 188 302 217 duxisse
312 209 319 219 .
335 196 370 216 ex
385 189 443 224 ejus
459 188 563 217 Conone
576 188 702 217 Paschali
717 196 791 217 com-
807 191 827 219 Α
842 189 1016 216 doctissimus
1026 189 1211 224 Stepliauusle
1225 188 1320 225 Moyne
1334 189 1390 225 (2.3)
1401 189 1537 222 observat,
1547 192 1620 226 quod

39 241 123 271 parturn
139 235 175 262 lit.
199 234 348 262 Plurimum
376 241 464 262 autem
490 235 645 270 profecisse'
664 235 691 262 in
717 235 789 262 omni

39 280 186 309 scientiarum
199 287 298 315 genere
309 285 385 307 tanto
401 281 451 308 sub
466 281 594 316 magistro
608 280 789 316 Hippolytum,

38 335 84 362 qua:
95 330 224 360 superant,
239 326 300 360 ejus
312 326 442 353 doctrinm
454 331 626 354 monumenta
641 327 791 354 luculenter

37 372 155 404 evincunt;
178 376 207 398 ut
226 376 367 405 propterea
385 372 424 398 vir
437 372 626 398 disertissimus
648 371 682 398 ab
696 370 791 398 Hiero-

36 425 100 452 nymo
114 417 174 451 (li),
187 418 336 452 quinetiam
362 418 557 444 sacratissimus
574 422 598 444 et
616 426 725 452 magnus
742 417 791 444 do—

35 469 86 496 ctor,
102 464 264 498 veritatisque
282 463 354 490 testis
367 463 453 498 ﬁdelis
474 464 508 491 ab
520 464 662 491 Anastasio
677 463 732 499 (12)
747 468 789 491 at~

34 518 73 544 que
89 510 206 537 Ecclesiae
226 510 323 537 doctor
345 510 510 544 γλυκύτατος
529 511 577 537 καὶ
603 511 788 543 εὐνούστατος,

34 555 187 587 dulcissimus,
200 559 226 581 et
243 554 445 590 benignissimus
465 555 503 583 ab,
517 555 570 582 alio
589 557 701 590 antiquo
722 556 789 584 scri-

32 606 92 636 ptore
103 601 154 634 (l5)
165 601 227 636 jure
241 601 402 636 appelletur.
426 601 467 628 Ad
489 601 546 629 haec
562 606 630 628 teste
646 601 677 628 1).
692 601 788 629 Hiero.

32 653 95 680 τιςωο
113 645 165 681 (14)
191 653 246 673 non
273 646 362 674 solum
388 654 513 682 magnam
536 646 642 674 dicendi
660 647 715 674 vim
737 647 789 675 sub

30 690 148 725 disciplina
184 690 213 718 S.
229 690 345 724 Irenazi,
376 691 423 719 sed
445 691 603 719 immensam
627 699 736 727 quoque
760 693 789 719 in

31 735 175 770 philosophia
199 740 226 764 et
265 736 389 771 profanis
425 736 545 764 scientiis
577 736 702 764 notitiam
735 737 787 765 sibi

31 781 188 816 comparavit;
206 789 239 809 ea
254 783 330 809 enim
344 786 423 810 aetate
435 783 535 810 summi
549 783 576 810 in
590 782 710 811 Ecclesia
724 783 787 817 viri,

31 827 232 861 quemadmodum
251 835 334 855 nemo
350 829 466 863 ignorat,
481 828 563 863 hujus
576 830 682 864 generis
697 830 792 857 erudia

31 873 111 900 tionem
131 880 192 901 vero
216 874 346 909 theologo
370 881 539 908 nequaquam
555 875 630 902 velut
648 876 786 911 indignam
802 870 823 898 Β

31 919 191 947 traduxerunt.
209 919 293 952 Quod
314 924 403 948 autem
425 921 586 949 sacratiores
609 922 712 950 litteras
727 930 788 957 spe-

31 970 86 999 ctat,
106 966 193 1001 ingens
215 967 394 1002 scriptorum,
411 975 470 1000 quae
488 968 539 994 hoc
561 968 587 994 in
607 975 704 1003 genere
730 968 783 996 ela-

32 1013 155 1046 boraverat,
170 1021 316 1047 numerus,
333 1013 438 1040 abunde
459 1013 613 1047 conﬁrmat,
635 1019 716 1049 quam
737 1023 786 1042 cs-

32 1057 133 1085 cellenter
158 1059 184 1085 in
209 1059 244 1086 iis
266 1063 393 1086 versatus
418 1058 508 1087 fuerit.
542 1059 649 1088 Diversa
679 1061 788 1095 insuper

33 1112 107 1139 opera,
122 1112 178 1139 quae
195 1113 244 1140 pro
265 1105 431 1132 inveniendo
453 1113 484 1133 ac
506 1105 712 1134 determinando
734 1106 786 1134 Pa-

33 1150 111 1177 schalis
132 1149 172 1177 die
189 1153 394 1185 composuerat,
410 1150 533 1178 eumdem
550 1151 698 1178 doctrinam
719 1155 787 1178 tent-

32 1202 106 1229 porum
142 1196 259 1230 perfecte
302 1196 449 1229 calluisse,

33 1245 99 1268 strant
111 1241 172 1278 (l5).

58 1287 173 1315 Aubertus
184 1289 298 1317 Miratus
311 1290 365 1325 (l6)
378 1289 460 1317 refert
472 1288 645 1324 Hippolytum
662 1294 787 1316 nostrum

34 1333 86 1360 inter
110 1334 252 1370 discipulos
281 1335 426 1364 Clementis
449 1335 633 1368 Alexandrini,
654 1340 681 1362 et
702 1335 786 1362 Baro-

34 1379 78 1405 nius
89 1379 135 1416 (l7)
146 1381 209 1408 dicit
227 1389 257 1408 se
276 1382 374 1416 legisse
387 1382 460 1416 quod
475 1381 621 1416 discipulus
635 1382 713 1416 fuerit
727 1382 786 1410 Cle-

33 1425 104 1452 mentis
115 1426 297 1459 Alexandrini,
322 1427 427 1461 ejusque
448 1428 615 1461 persuasione
637 1435 664 1454 se
676 1427 785 1454 Romam

34 1470 154 1498 contulerit.
167 1471 219 1498 Sed
236 1472 314 1498 haud
330 1473 442 1504 addunt,
456 1480 509 1507 qua
526 1473 687 1500 auctoritate
700 1474 786 1502 innixi

33 1513 162 1544 idtradant.
187 1516 312 1545 Ulterius
335 1517 424 1545 adhuc
447 1526 607 1553 progressus
628 1523 669 1546 est
686 1520 785 1554 perdo-

33 1566 76 1588 ctus
93 1561 214 1595 Georgius
238 1563 354 1596 Bullus,
381 1564 428 1598 qui
451 1564 571 1592 scribere
595 1573 649 1592 non
675 1565 784 1593 dubita-

32 1606 114 1641 mus)
128 1617 134 1635 :
148 1608 222 1640 Quod
240 1617 339 1643 magno
355 1617 480 1636 consensu
496 1609 654 1636 tradiderint
672 1611 784 1645 scripto-

34 1660 62 1678 νει
73 1653 226 1682 ecclesiastici
243 1654 540 1690 ueteresLHippolytum
552 1656 632 1690 fuisse
643 1656 786 1685 Clementis

35 1698 178 1727 Alexandrini
199 1702 376 1736 discipulum.
401 1702 500 1730 Verum
532 1710 593 1730 cum
618 1703 689 1730 nulla
713 1704 784 1731 anti-

34 1752 124 1777 quorum
136 1747 192 1774 loca
205 1748 320 1780 excitet,
338 1748 427 1783 potior
440 1749 519 1776 nobis
534 1754 574 1776 est
590 1748 677 1776 Photii
692 1753 787 1776 aucto—

34 1789 83 1817 ritas
98 1799 140 1825 pro
159 1793 239 1820 unico
252 1798 430 1829 praeceptore,
449 1793 478 1823 S.
490 1794 592 1823 Irenaao
607 1793 721 1829 scilicet,
743 1803 784 1825 to-

33 1838 116 1865 stantis.

58 1881 112 1909 Cum
146 1885 215 1919 apud
243 1884 373 1913 eumdem
404 1885 530 1914 Photium
560 1887 642 1915 etiam
671 1889 785 1924 legimus

33 1925 54 1953 S.
64 1927 218 1965 Hippolytum
233 1931 362 1966 Origenis
386 1931 551 1959 familiarem.
566 1932 666 1965 luisse,
692 1934 744 1962 hoc
759 1940 786 1963 et

33 1973 122 2002 aliorum
137 1976 274 2011 suffragiis
288 1977 445 2005 coutirmari
460 1985 539 2012 posse
553 1979 668 2006 videtur.
691 1980 786 2009 Hiero-

32 2026 105 2053 nymus
114 2022 180 2050 enim
190 2023 246 2058 (19)
255 2029 283 2051 et
294 2023 462 2058 Nicephorus
471 2024 527 2059 (20)
539 2025 671 2058 scribunt,
684 2025 785 2061 Hippo-

32 2064 105 2099 litum,
116 2067 226 2104 Origene
237 2074 387 2105 praesente,
397 2070 547 2098 orationem
559 2079 664 2098 sacram
681 2072 713 2099 de
726 2073 784 2099 lau-

32 2110 90 2139 dibus
101 2112 159 2141 Jesu
175 2114 279 2142 Christi
296 2115 434 2143 habuisse.
449 2115 496 2142 Ille
521 2116 594 2144 addit
612 2115 784 2144 Ambrosiqu

31 2155 54 2181 ad
61 2165 182 2187 sacrorum
190 2161 325 2188 librorum
334 2161 579 2195 interpretationem
589 2162 729 2197 Origenem
740 2164 783 2190 in-

490 1197 640 1224 luculenter
674 1197 787 1224 demon-

799 1541 820 1569 C

31 2202 148 2236 cilasse,in
160 2206 363 2233 aemulationem
373 2205 516 2242 Hippolyti,
525 2207 603 2234 editis
613 2207 669 2242 jam
681 2208 706 2235 in
716 2209 784 2235 divi-
801 2211 829 2241 Β.

32 2253 68 2273 uas
74 2247 214 2284 Scripturas
221 2251 429 2278 commentariis
440 2251 508 2278 bene
519 2251 733 2279 meriti.llionent
740 2260 786 2279 au-

33 2296 71 2319 tem
81 2292 203 2323 Henricus
215 2295 343 2323 Valesius
352 2295 407 2331 (2t)
423 2300 450 2323 et
460 2295 555 2323 Petrus
566 2295 660 2323 Daniel
671 2296 785 2324 Huetius

33 2337 82 2370 (Ξῖ).
95 2339 284 2377 Hieronymum
309 2341 417 2369 Eusebii
432 2341 514 2368 verba
525 2342 615 2369 minus
628 2347 698 2369 recte
709 2343 786 2370 intel-

33 2382 150 2419 lexisse,et
162 2395 256 2415 vocem
274 2388 377 2415 ἐκείνου
388 2408 395 2419 ,
408 2395 468 2423 quae
482 2388 552 2422 apud
569 2389 649 2415 istum
667 2389 699 2416 ad
717 2395 785 2418 tem.-

34 2436 71 2462 Pus
84 2434 215 2467 pertineat,
225 2442 367 2469 perperam
379 2435 411 2462 ad
423 2434 596 2470 Hippolytum
608 2436 743 2464 retulisse.
752 2437 789 2465 At.

60 2500 104 2538 (ll)
120 2501 228 2530 Hieron.
238 2503 318 2538 epist.
333 2503 358 2535 Ι,
368 2503 396 2536 2,
408 2503 441 2530 ad
451 2503 547 2531 Lucin.

60 2536 243 2574 tl2)_Ana_stas.
256 2536 442 2574 ‘inColtectan.
456 2539 525 2574 apud
535 2539 668 2574 Galland.,
681 2544 748 2568 tom.
762 2540 784 2568 ll

36 2568 137 2608 Bibliotb.
146 2572 211 2606 PP.,
229 2581 256 2608 p.
267 2572 331 2600 469.

62 2606 269 2645 (l3)‘Anouy_rft:_
280 2608 350 2636 inter
366 2607 434 2645 Qpp.
457 2608 485 2636 S.
499 2608 576 2636 Joan.
590 2609 730 2645 Chrysost.
755 2611 783 2638 in

37 2641 281 2678 append._tom.'\illl,
294 2651 356 2678 pag.
368 2641 516 2672 79‘noviss.
529 2645 592 2672 edit.

63 2675 108 2714 lli)
118 2676 268 2714 Hieronym.
278 2675 320 2714 ep.
331 2675 365 2714 ad
376 2678 471 2706 Lucin.
484 2679 559 2712 7i,et
567 2679 600 2706 ad
608 2679 698 2714 Magn.
711 2679 754 2707 70.

41 2741 54 2768 ε
56 2711 324 2774 a(tiai'li‘lmli.tetas?16,11.E.
343 2713 390 2741 lib.
410 2721 436 2746 v,
455 2722 514 2749 cap.
524 2714 569 2747 22,
587 2711 741 2751 Hieronym.
756 2715 782 2742 in

56 2752 136 2782 alatoq.
146 2755 202 2782 cap.
214 2752 259 2774 δι.

67 2780 233 2815 ΗϐΥΔιὼὶπι.
245 2782 304 2810 Mir.
315 2781 378 2810 Not.
391 2783 423 2810 ad
435 2782 544 2811 Hieron.
556 2784 594 2812 De
609 2784 656 2813 uir.
670 2785 780 2819 illustr.,

42 2819 59 2838 (⁸.
67 2822 85 2840 (⁵.

69 2849 112 2883 lii)
127 2850 220 2881 Barca.
241 2853 272 2882 ad
283 2861 348 2882 ann.
359 2853 421 2887 229,
433 2861 506 2882 num.
518 2855 544 2882 Α.

843 242 935 262 revera
949 234 978 267 ἐξ
991 235 1095 262 ἐκείνου
1104 235 1274 270 possitetiam
1282 235 1376 262 referri
1390 235 1423 263 ad
1436 235 1620 272 Hippolytum,

842 285 869 307 et
885 281 941 308 sive
952 281 986 308 ad
1002 286 1107 316 tempus
1123 280 1265 314 referatur,
1283 281 1483 317 intelligendum
1499 283 1543 316 sit,
1560 282 1621 311 Ori-

843 333 936 361 genem
951 326 1003 353 isto
1029 330 1149 360 tempore
1166 326 1315 354 imitatione
1338 326 1472 363 Hippolyti
1484 349 1491 361 ,
1515 328 1549 355 de
1565 336 1620 363 quo
1634 347 1636 349 ι

843 375 905 398 ante
918 376 1010 406 egerat
1023 371 1174 404 Eusebius;
1199 373 1408 400 commentarios
1431 373 1512 400 etiam
1533 373 1560 400 iu
1577 382 1621 401 sa-

842 424 915 443 cram
931 416 1096 451 Scripturam
1114 424 1224 451 parasse
1249 421 1276 444 et
1291 417 1449 445 adornasse.
1464 418 1620 446 Audiendus

841 469 951 496 quoque
963 467 1004 489 est
1016 462 1221 489 recentissimus
1236 467 1346 495 auctor,
1362 463 1408 498 qui
1423 464 1474 491 hac
1485 464 1518 492 de
1535 472 1563 491 re
1582 465 1619 492 ita

841 507 951 535 disserit
967 507 1023 542 (24)
1037 516 1044 534 :
1062 507 1158 534 Omnia
1173 507 1285 534 suadent
1303 516 1364 535 vera
1379 516 1444 540 esse,
1461 517 1620 545 quaecunque

841 559 936 581 ueteres
950 553 982 581 de
1000 553 1119 589 Origenis
1130 553 1298 581 amulatione
1315 553 1490 587 tradiderunt,
1506 555 1619 583 Ambro-

840 600 879 626 sio
895 600 1034 632 excitante,
1046 600 1090 634 qui
1103 600 1193 628 studia
1208 600 1259 635 ipsi
1271 606 1424 635 proponeret
1441 600 1614 636 Hippolyti...

843 645 985 681 Utriusque
1002 650 1090 672 autem
1107 647 1242 675 consensio
1262 650 1316 673 ttun
1337 654 1437 682 quoque
1455 647 1557 681 ﬁrmari
1573 655 1620 681 po-

841 695 908 721 test.
927 699 988 718 cum
1002 690 1126 726 Origenes
1139 691 1248 718 Romam
1267 692 1418 725 adueniens,
1434 693 1555 728 pontiﬁce
1569 693 1620 720 Ze-

840 738 961 772 phyrino,
973 737 1078 764 circiter
1092 745 1190 763 annum
1206 736 1270 770 220,
1287 745 1338 764 non
1353 738 1429 764 modo
1444 738 1576 772 privatim,
1592 743 1621 765 at

839 781 942 817 publice
951 783 1031 810 etiam
1046 781 1219 818 Hippolytum
1232 783 1402 811 disserentem
1417 785 1534 818 audivit,
1550 785 1621 819 ejus-

839 835 889 862 que
906 828 944 854 rei
959 829 1135 856 testimonium
1153 828 1310 864 Hippolytus
1325 831 1381 864 ipse
1393 830 1498 865 reliquit
1513 831 1542 857 in
1559 839 1619 858 ora-

837 874 915 908 tione,
926 882 1005 909 quam
1019 875 1051 901 de
1067 874 1145 902 laude
1160 875 1194 902 D.
1209 875 1357 904 Saluatoris
1371 876 1470 909 habuit,
1485 884 1615 912 quamque

837 920 1016 956 προσομιλίαν
1029 921 1219 949 denomiuavit.
1235 922 1310 954 Quod
1325 922 1393 950 enim
1409 931 1460 951 non
1473 931 1546 950 nemo
1557 922 1619 950 sub-

837 965 922 998 dit,in
938 966 1044 994 Oriente
1055 967 1082 993 id
1097 967 1246 1005 contigisse,
1264 968 1368 995 minime
1378 973 1417 995 est
1431 969 1618 1001 necessarium,

836 1013 955 1047 quamvis
972 1012 1031 1046 ﬁeri
1044 1013 1167 1046 potuerit,
1179 1021 1238 1040 cum
1256 1012 1413 1048 Hippolytus
1430 1013 1618 1041 Alexandriam

836 1057 926 1092 petiit,
953 1058 1062 1092 indeque
1085 1058 1185 1085 rediens
1207 1059 1344 1093 epistolam
1363 1059 1397 1086 ad
1424 1059 1555 1086 Romanos
1585 1060 1617 1086 ab

836 1101 963 1136 Dionysio
986 1103 1105 1138 episcopo
1129 1103 1307 1130 Alexandrino
1328 1103 1427 1130 attulit.
1446 1103 1536 1140 Neque
1559 1113 1617 1132 vero

836 1153 885 1181 est,
898 1156 945 1174 cur
956 1148 1068 1175 alterum
1081 1148 1250 1184 Hippolytum
1267 1150 1429 1184 effingamus,
1439 1158 1489 1185 quo
1507 1154 1619 1185 tempore

836 1198 924 1221 uoster
938 1194 1091 1221 Parmensis
1109 1195 1298 1222 Alexandriam
1316 1203 1430 1222 remeare
1450 1197 1550 1230 potuit,
1572 1197 1626 1224 ubi

837 1238 987 1266 adolescens
1008 1239 1146 1267 institutus
1169 1240 1250 1274 fuisse
1272 1241 1374 1268 videtur
1388 1249 1420 1268 ex
1442 1241 1546 1269 Conone
1562 1242 1617 1269 Pa-

835 1283 929 1316 schali,
945 1285 1020 1319 cujus
1034 1285 1163 1312 rationem
1181 1286 1357 1313 Alexandrini
1368 1287 1419 1314 sibi
1436 1287 1615 1316 vindicabant.

870 1329 908 1357 De
920 1334 1041 1365 tempore
1050 1339 1104 1365 quo
1119 1330 1278 1367 Hippolytus
1295 1332 1395 1366 ﬂoruit,
1409 1333 1549 1361 sententia:
1569 1341 1619 1360 au-

835 1381 941 1404 ctorum
957 1377 1049 1404 itidem
1063 1377 1248 1412 discrepantes
1271 1383 1344 1406 sunt.
1362 1378 1506 1412 Eusebius,
1523 1379 1618 1407 Hiero-

835 1429 949 1457 nymus,
978 1421 1135 1457 SynCellus,
1159 1428 1240 1458 atque
1268 1423 1314 1450 alii
1342 1423 1463 1451 referunt
1490 1431 1551 1451 eum
1581 1424 1616 1452 ad

835 1468 981 1497 Alexandri
1004 1467 1096 1496 Severi
1120 1469 1280 1503 imperium,
1307 1469 1352 1504 qui
1373 1477 1444 1496 anno
1465 1468 1616 1497 Servatoris

836 1515 924 1542 nostri
937 1514 990 1542 222
1005 1523 1116 1550 regnare
1132 1515 1222 1550 coepit.
1248 1516 1278 1541 lu
1303 1514 1440 1550 Euthymii
1456 1514 1516 1543 Vita
1542 1516 1614 1542 anti-

836 1569 902 1596 quus
918 1561 1030 1595 ipsisque
1044 1560 1169 1594 apostolis
1195 1561 1335 1595 familiaris
1359 1561 1456 1589 dicitur
1467 1583 1474 1595 ,
1492 1562 1617 1596 idemque

836 1606 864 1633 in
881 1606 973 1642 Cyrilli
990 1606 1204 1642 Scythopolitani
1220 1606 1279 1634 Vita
1294 1606 1322 1634 S.
1341 1607 1418 1634 Sahte
1434 1608 1467 1635 de
1484 1615 1516 1635 eo
1534 1608 1617 1635 babe-

836 1657 891 1686 tur,
905 1653 988 1688 quod,
999 1654 1228 1688 quemadmodum
1246 1654 1327 1688 paulo
1341 1655 1466 1689 superius
1492 1655 1616 1682 animad-=

836 1698 982 1731 vertimus,
1006 1706 1058 1725 non
1085 1699 1243 1733 simpliciter
1264 1699 1376 1734 intelligi
1400 1703 1496 1733 potest.
1522 1699 1615 1736 Longe

835 1744 908 1771 enim
931 1748 1051 1771 remotus
1068 1745 1117 1771 luit
1131 1745 1164 1772 ab
1187 1745 1370 1780 apostolorum
1387 1744 1509 1780 ipsorum
1527 1750 1615 1774 tetate.

838 1790 990 1825 Stephanus
1001 1791 1025 1818 le
1037 1790 1133 1827 Moyne
1145 1791 1196 1818 loc.
1213 1791 1258 1818 cit.
1274 1792 1412 1818 existimat
1428 1791 1615 1827 Hippolytum,

835 1836 950 1872 Philippi
967 1837 1080 1870 Arabis,
1097 1838 1143 1871 qui
1158 1845 1229 1865 anno
1254 1838 1354 1865 Christi
1377 1838 1430 1865 254
1448 1839 1617 1872 imperatoris

836 1881 994 1917 dignitatem
1011 1886 1051 1909 est
1066 1888 1240 1914 consecutus,
1259 1887 1366 1917 tempus
1389 1883 1526 1918 attigisse,
1544 1884 1616 1919 quod

837 1927 884 1955 ubi
897 1927 1081 1961 admittamus,
1093 1928 1238 1955 dicendum
1252 1932 1295 1955 cst
1305 1936 1366 1955 eum
1379 1929 1524 1956 admodum
1538 1934 1617 1957 aetate

836 1973 986 2008 profectum
1004 1973 1098 2001 fuisse.
1124 1973 1178 2000 Nec
1202 1974 1361 2009 martyrium
1379 1974 1452 2002 illius
1469 1979 1531 2010 apte
1551 1983 1617 2003 con-

835 2018 910 2046 venit
924 2019 1091 2053 temporibus
1107 2018 1239 2054 Philippi,
1264 2020 1303 2046 uti
1326 2027 1359 2047 ex
1384 2021 1466 2055 paulo
1486 2025 1545 2056 post
1561 2025 1616 2048 tra-

836 2065 932 2093 dendis
961 2066 1071 2101 patebit.
1097 2065 1125 2093 1d
1154 2065 1236 2093 dubio
1261 2071 1350 2099 caret,
1377 2075 1439 2094 eum
1468 2068 1617 2103 imperante

836 2112 989 2140 Alexandro
1013 2112 1112 2140 Severo
1128 2113 1229 2140 vixisse
1249 2117 1276 2140 et
1302 2113 1461 2147 scripsisse;
1485 2113 1616 2148 temporis

837 2164 926 2187 autem
939 2159 1007 2186 ratio
1020 2167 1073 2186 non
1088 2163 1214 2186 accurate
1227 2159 1330 2186 deliniri
1343 2163 1439 2194 potest.

1097 2215 1294 2243 ARTICULUS
1313 2215 1343 2243 ll.

977 2271 1010 2290 DC
1029 2271 1092 2290 SEDE
1112 2270 1262 2289 EPISCOPALI
1281 2270 1304 2290 ε.
1325 2261 1474 2289 Hll’I‘OLYTI.

874 2307 1034 2335 Charactere
1061 2308 1205 2342 episcopali
1240 2307 1269 2335 S.
1296 2308 1467 2343 Hippolytum
1492 2313 1615 2336 nostrum

838 2353 922 2382 fuisse
945 2354 1102 2390 insignitum
1126 2353 1271 2388 perhibent
1295 2353 1429 2382 Eusebius
1451 2355 1506 2390 (25)
1535 2359 1618 2390 atque

839 2402 870 2429 Ι).
887 2400 1066 2436 Hieronymus
1087 2400 1141 2436 (26)
1157 2409 1163 2427 :
1180 2400 1227 2428 sed
1249 2401 1351 2428 incerta
1366 2401 1477 2430 omnino
1492 2405 1534 2429 est
1557 2401 1622 2437 ejus

873 2468 927 2504 (l8)
938 2467 1006 2504 Hilll.
1019 2467 1176 2504 Defens.ﬁd.
1187 2467 1359 2504 liiewttgsec.
1370 2475 1476 2504 ut,cap.
1487 2467 1615 2504 8,p.220.

873 2502 929 2538 (l9)
947 2503 1056 2530 Hieron.
1069 2503 1120 2530 loc.
1137 2503 1182 2538 cit.
1198 2502 1262 2530 Eus.
1279 2502 1313 2530 H.
1329 2502 1362 2530 E.
1377 2502 1519 2538 l.vt,.cap.
1535 2503 1580 2529 25.

872 2538 1071 2601 (20?),513icephq
1096 2537 1132 2564 Η.
1153 2537 1187 2565 E.
1213 2538 1260 2565 lib.
1283 2545 1325 2572 ιν,
1343 2545 1403 2572 cap.
1430 2539 1474 2571 51,
1493 2537 1572 2565 ⁷ιοιιι.
1595 2538 1622 2570 1,,

872 2581 897 2601 tt.
971 2593 978 2600 .

855 2581 897 2600 ac.
916 2581 978 2600 00".

836 2581 1050 2643 ωῗέιῖδῧὶιιεε..
1064 2607 1125 2635 Not.
1142 2607 1168 2634 in
1183 2607 1282 2635 Euseb.
1300 2607 1347 2634 lib.
1361 2614 1400 2643 vr
1415 2606 1451 2635 ιι.
1465 2606 1515 2639 E.,
1530 2614 1555 2634 ο.
1569 2606 1616 2634 es.

871 2641 927 2679 (22)
948 2643 1028 2679 Huet.
1042 2643 1195 2679 Oryrnian.
1210 2643 1255 2670 lib.
1277 2649 1297 2674 t,
1310 2650 1371 2679 cap.
1389 2641 1416 2679 Ξ,
1438 2643 1493 2679 §A8.

871 2651 927 2679 (zz;
948 2651 1028 2670 nuet.
1042 2651 1195 2704 urthvman.
1211 2651 1255 2670 un.
1277 2651 1297 2674 ι,
1310 2651 1370 2677 cap.
1389 2651 1416 2673 Ζ,
1438 2651 1452 2677 3
1467 2651 1493 2669 δ.
1589 2677 1594 2683 1

871 2678 927 2712 (25)
948 2678 1060 2713 Moyue,
1105 2679 1273 2713 rolegomena
1296 2678 1329 2704 ad
1352 2677 1431 2704 Varia
1453 2676 1556 2709 Sacra,
1589 2685 1616 2705 In

837 2712 1125 2748 exercitatiu’ucularde
1138 2712 1170 2740 S.
1186 2713 1339 2748 Hippolyto.

870 2748 926 2783 (24)
936 2748 1029 2783 Simon
1040 2748 1073 2774 de
1081 2747 1227 2783 Magistris,
1237 2748 1263 2774 in
1271 2747 1379 2776 Pt-refat.
1388 2747 1419 2775 ad
1432 2747 1565 2783 Dauielem
1575 2755 1618 2775 se-

837 2782 1042 2818 cundumLXX,
1055 2782 1191 2818 nurnivu.
1211 2791 1238 2818 p.
1252 2791 1328 2814 xxvi,
1343 2783 1406 2810 edit.
1418 2782 1622 2813 ιὶοιηειιιΛἨΞΑ

871 2818 926 2852 (25)
947 2817 1055 2851 Euseb,
1071 2817 1107 2846 Η.
1124 2817 1157 2844 Ε.
1172 2817 1219 2846 lib.
1235 2826 1273 2851 vr,
1291 2826 1350 2852 cap.
1364 2818 1409 2846 20.

871 2853 928 2888 (‘26)
948 2852 1056 2881 Hieron.
1077 2853 1113 2881 De
1131 2854 1180 2880 uir.
1199 2852 1239 2880 ill.
1253 2861 1312 2888 cap.
1327 2853 1371 2881 61.
