1861 3052
225 126 281 154 275

696 123 742 150 DE
759 121 841 150 VITA
860 120 905 149 ET
926 116 1084 148 SCRIPTIS
1104 116 1134 144 S.
1153 113 1343 142 HIPPOLYTL

1779 109 1829 137 276

225 185 315 218 sedes,
330 193 364 212 an
377 185 509 220 episcopus
523 185 636 219 gentium
651 182 798 217 putandus.
823 188 878 216 quo
893 179 1003 215 quidem
1018 181 1041 210 Α
1054 176 1225 205 accuratiore
1239 173 1394 210 cognitione
1409 179 1466 220 rem
1477 170 1594 220 assequi
1606 175 1697 220 posse,
1708 167 1763 220 sibi
1768 176 1829 220 per-

226 227 304 256 titulo
321 228 379 263 ejus
394 229 512 256 sodalem
530 227 626 255 Caium
640 226 769 254 Romanae
784 225 911 253 Ecclesiae
927 231 1003 259 pres-

225 272 347 308 byterum
368 278 491 301 ornatum
515 273 600 301 luisse
629 272 712 308 probe
739 271 885 299 novimus?
910 271 1004 305 Opera:

225 319 341 354 pretium
360 324 402 348 est
419 321 459 348 ire
473 327 520 354 per
535 319 659 354 singula,
675 326 736 354 quae
748 318 798 345 hac
812 318 846 345 de
859 325 888 345 re
902 317 1004 345 doctis-

225 363 287 390 simi
299 363 420 392 excussis
432 367 553 391 veterum
567 363 644 391 libris
659 363 856 398 excogitarunt.

259 407 392 438 Eusebius
411 409 587 437 Caesariensis
601 409 635 437 de
652 409 807 444 episcopatu
826 407 854 435 S.
870 406 1004 443 Hippolyti

224 453 263 481 sic
277 454 369 481 scribit
384 454 439 490 (27)
451 464 460 482 ι
469 454 567 482 Eadem
584 459 732 488 tempestate
748 453 826 480 multi
835 452 1004 481 ecclesiastici

223 499 274 526 uiri
294 500 415 527 doctrina
433 500 585 528 excellentes
602 500 764 535 ﬂorebant...
787 498 862 526 Inter
885 499 932 526 hos
953 498 1004 533 fuit

223 543 346 580 BeryUus
358 545 547 574 Bostrenorum
558 546 587 573 in
601 545 700 574 Arabia
713 546 861 580 episcopus,
876 545 921 580 qui
934 552 1004 579 pns-

225 594 264 616 ter
280 591 405 625 epistqu
417 595 442 618 et
456 591 650 619 lucubrationes
665 593 738 620 varia
760 600 861 628 quoque
878 591 1004 626 elegantis

223 635 320 668 inqenii
337 643 504 664 monumenta
521 638 668 673 dereliquit.
690 637 820 666 Similiter
836 642 863 665 et
875 637 1005 672 Hippoly—

225 685 268 712 tus
288 681 400 710 alterius
419 683 559 718 cujusdam
575 683 702 712 Ecclesiae
722 685 868 720 episcopus.
888 683 1004 712 Sanetus

199 763 202 766 Α
224 733 289 755 vero
314 725 494 762 Hieronymus
515 729 620 756 videtur
639 729 729 757 locum
752 729 922 764 episcopatus
945 728 1004 763 ejus

201 770 368 807 ‘indagasse
407 777 434 800 et
460 781 514 801 non
541 774 692 806 invenisse,
717 773 945 809 quemadmodum
977 773 1003 800 in

201 828 205 835 θ
225 824 305 852 opere
319 817 358 844 De
374 819 544 852 scriptoribus
561 819 745 849 ecclesiasticis
755 840 763 852 ,
778 827 837 854 cap.
853 819 884 846 61
897 840 904 853 ,
917 819 1006 847 innuit

224 863 268 895 bis
277 863 368 891 verbis
383 873 389 891 :
407 864 562 900 Hippolytus
574 865 714 898 cujusdam
729 865 855 893 Ecclesia
869 866 1004 901 episcopus

226 908 335 943 (nomen
346 910 440 945 quippe
454 911 526 937 urbis
541 911 607 938 scire
625 919 676 938 non
693 911 797 946 potui).
818 911 1005 940 Theodoretus

225 959 327 989 autem,
341 957 387 990 qui
403 957 487 984 multa
499 965 532 985 ex
547 965 580 984 eo
595 957 879 995 adducit,‘episeopum
894 962 920 985 et
930 966 1005 985 mar-

224 1005 310 1035 tyrem
327 1001 402 1028 illum
419 1007 498 1030 vocat
515 1002 590 1038 (9.8).;
618 1003 665 1034 sed
689 1003 832 1039 cujusnam
857 1003 933 1033 urbis
948 1004 1006 1039 cpia

226 1053 326 1079 scopus
339 1045 429 1076 fuerit.
445 1055 499 1075 non
515 1048 600 1075 addit.

259 1090 368 1120 Primus
381 1091 432 1119 fuit
447 1092 572 1121 Gelasium
587 1093 597 1120 l
611 1093 747 1129 pontifex,
761 1101 808 1122 seu
823 1095 913 1129 potius
926 1094 1005 1123 Gela—

226 1137 284 1167 sius
298 1136 465 1172 Cyzicenus,
491 1143 521 1166 ut
544 1139 723 1167 Bellarminus
744 1144 771 1168 et
792 1140 838 1168 alii
862 1141 913 1168 viri
933 1140 1006 1168 docti

226 1183 330 1211 malunt
347 1183 480 1219 (uterque
495 1185 595 1213 saeculo
609 1193 625 1212 ν
641 1185 765 1221 ﬂoruit),
784 1186 813 1214 in
833 1186 956 1221 opusculo
974 1187 1006 1213 de

226 1230 327 1259 duabus
343 1231 370 1258 in
385 1231 490 1258 Christo
505 1231 609 1258 naturis
630 1236 722 1258 contra
740 1231 893 1258 Nestorium
908 1236 933 1258 et
948 1230 1006 1257 Eu-

227 1276 333 1311 tychen,
359 1276 404 1312 qui
422 1277 512 1304 sedem
529 1276 663 1313 Hippolyti
680 1278 767 1305 nostri
791 1278 842 1305 sub
865 1277 1006 1312 metropoli

226 1322 340 1350 Arabica
354 1322 498 1350 collocavit
512 1322 579 1358 (29).
595 1322 699 1350 Verum
708 1323 765 1352 haec
781 1323 917 1351 sententia
939 1323 1006 1350 nulli

227 1368 274 1397 alii
288 1368 464 1397 fundamento
486 1369 592 1402 nititur,
614 1369 666 1397 nisi
683 1377 818 1404 perversa;
838 1369 928 1396 Hutini
954 1369 1006 1396 loci

226 1414 371 1443 Eusebiani
405 1415 631 1450 interpretationi.
659 1415 773 1445 Ruﬁnus
807 1414 879 1442 enim
906 1414 985 1442 vertit
996 1422 1006 1441 :-

228 1461 292 1489 Erat
304 1461 371 1488 inter
384 1466 492 1489 cateros
503 1466 526 1488 et
540 1461 662 1496 Beryllus
673 1462 830 1496 scriptorum
846 1461 1004 1496 prteciputts,

1054 224 1200 252 suaserint.
1218 221 1373 255 Stephanus
1389 219 1462 246 enim
1476 218 1502 246 le
1517 217 1610 253 Moyne
1627 216 1684 252 (55)
1697 215 1829 242 existimat

1054 270 1228 306 Hippolytum
1241 267 1340 295 Portus
1351 265 1466 293 Romani
1477 285 1485 298 ,
1504 263 1619 298 emporii
1630 262 1660 289 in
1673 261 1774 290 Arabia
1787 268 1828 287 oe-

1054 315 1204 348 leberrimi,
1215 313 1315 342 Adone
1326 313 1408 341 etiam
1423 311 1499 342 dicti,
1515 315 1542 338 et
1555 317 1569 337 a
1585 308 1717 336 Romanis
1730 314 1829 335 merca-

1054 363 1159 391 toribus
1186 360 1331 388 admodum
1358 357 1540 393 t‘requentati,
1566 355 1753 391 episcopatum
1777 362 1830 388 ges-

1054 409 1140 441 sisse;
1157 414 1217 442 quae
1230 405 1360 434 sententia
1376 404 1437 432 aliis
1455 409 1564 438 quoque
1578 400 1744 430 doctissimis
1754 399 1828 432 viris,

1055 458 1136 489 atque
1149 453 1177 480 in
1199 452 1241 479 his
1254 451 1326 480 Guil.
1346 450 1446 481 Caveo,
1461 448 1594 476 Casimiro
1614 446 1723 475 Oudino
1739 450 1767 474 et
1781 445 1829 474 Eli.

1054 500 1170 535 Dupinio
1178 499 1233 534 (54)
1242 505 1271 526 se
1285 496 1493 525 commendavit.
1505 494 1713 522 Eruditissimus
1725 493 1831 528 insuper

1055 545 1112 573 Jos.
1135 544 1273 572 Simonius
1287 543 1454 575 Asscmanus
1468 541 1600 569 lllaronita
1623 540 1686 567 huic
1711 539 1831 574 opinioni

1055 590 1218 624 subscribit,
1239 589 1304 617 dum
1320 594 1386 616 tom.
1400 588 1432 615 lll
1446 587 1574 615 Biblioth.
1593 586 1694 614 Orient.
1711 586 1832 613 Clemen-

1055 636 1262 664 tino-Vaticana:
1275 639 1346 671 part.
1361 642 1380 666 ι,
1395 641 1454 669 cap.
1470 633 1496 667 7,
1512 641 1572 668 pag.
1586 633 1629 665 l5,
1646 636 1707 667 post
1721 639 1831 659 enume-

1055 685 1129 708 ratas
1136 680 1266 715 quasdam
1278 679 1364 707 sancti
1378 679 1504 713 martyris
1518 678 1604 706 nostri
1616 677 1832 705 elucubrationes

1056 725 1093 753 ita
1110 726 1138 753 in
1158 725 1230 753 notis
1252 730 1362 752 monet:
1387 724 1565 759 Hippolytus,
1589 723 1685 749 Portus
1710 722 1832 753 Romani,

1056 779 1107 799 non
1121 771 1155 798 ad
1168 772 1236 798 ostia
1253 770 1384 802 Tiberina,
1396 773 1440 797 scd
1454 769 1614 796 celeberrimi
1630 769 1658 795 in
1675 768 1778 795 Arabia
1790 768 1832 793 hoc

1057 818 1161 844 nomine
1175 817 1286 852 emporii
1306 817 1459 852 episcopus,
1480 820 1509 842 ut
1535 814 1680 850 Stephanus
1697 814 1722 841 le
1743 813 1833 848 Moyne

1055 864 1172 899 conjicit.
1188 863 1334 890 Abulidum
1354 862 1442 889 Romw
1455 862 1602 897 episcopatu
1624 866 1716 887 uocant
1749 868 1832 887 recen-

1056 911 1134 938 tiores
1146 909 1291 937 Christiani
1305 908 1403 935 Arabes
1418 907 1486 943 (55).
1507 907 1559 936 Sed
1582 906 1639 934 haec
1660 905 1763 942 Moynii
1776 913 1834 932 con-

1053 957 1159 992 jectura
1181 955 1269 991 magis
1291 954 1432 989 ingeniosa
1452 961 1534 988 quam
1549 951 1710 980 verosimilis
1724 955 1779 978 est.
1799 951 1834 978 Si-

1055 1002 1163 1037 quidem
1179 1001 1275 1031 nullibi
1297 1001 1405 1035 legitur,
1423 999 1496 1034 quod
1513 998 1557 1026 ille
1581 997 1681 1026 Portus
1696 997 1833 1024 Romanus

1055 1049 1150 1084 primis
1166 1047 1272 1076 saeculis
1292 1046 1438 1082 episcopali
1452 1045 1516 1073 sede
1530 1048 1677 1072 exornatus
1694 1043 1788 1071 fuerit.
1808 1043 1834 1071 Si

1055 1100 1146 1122 tamen
1164 1094 1193 1121 S.
1211 1093 1370 1128 Hippolytus
1387 1099 1506 1126 unquam
1524 1090 1605 1118 fuerit
1626 1089 1772 1124 episcopus
1791 1097 1833 1116 ur-

1055 1141 1098 1169 bis
1111 1140 1272 1172 Adanensis,
1297 1138 1421 1174 profecto
1436 1138 1535 1167 mirum
1553 1136 1679 1164 omnibus
1691 1135 1833 1168 videbitur,

1056 1187 1205 1215 Eusebium
1228 1185 1336 1213 Arabiae
1356 1185 1493 1217 vicinum,
1529 1187 1556 1210 et
1583 1183 1612 1210 S.
1641 1181 1832 1218 Hieronymum

1056 1234 1150 1261 Romae
1159 1254 1167 1266 ,
1183 1238 1210 1260 et
1227 1233 1253 1260 in
1272 1232 1381 1260 Oriente
1394 1231 1440 1259 diu
1455 1234 1590 1259 versatum
1602 1237 1657 1257 non
1670 1230 1783 1257 novisse
1794 1236 1834 1256 ca-

1056 1280 1179 1308 thedram
1193 1279 1374 1315 episcopalem
1388 1279 1470 1313 hujus
1484 1278 1570 1306 sancti
1589 1277 1657 1310 viri,
1682 1276 1742 1304 sive
1768 1276 1832 1303 cele-

1055 1324 1203 1352 berrimum
1217 1324 1323 1351 Arabia:
1339 1324 1501 1358 emporium,
1515 1322 1587 1357 quod
1599 1330 1614 1349 a
1626 1321 1761 1349 Romanis
1776 1329 1832 1356 pas-

1056 1372 1107 1400 sim
1132 1371 1363 1406 frequentabatur.
1397 1370 1480 1404 lgitur
1513 1369 1634 1408 undique
1674 1368 1833 1396 involvimur

1058 1417 1193 1450 tenebris,
1221 1424 1291 1452 quas
1319 1416 1378 1443 sine
1402 1415 1517 1442 clariore
1541 1415 1600 1442 luce
1627 1414 1764 1449 dissipare
1786 1422 1833 1440 non

1056 1471 1217 1498 possumus,
1229 1467 1256 1490 et
1271 1463 1332 1490 ideo
1345 1462 1379 1489 ad
1394 1461 1535 1496 opiniones
1550 1461 1666 1488 aliorum
1681 1460 1833 1488 referendas

224 1508 269 1542 qui
282 1511 306 1534 ct
320 1508 375 1542 ipse
386 1507 490 1535 diuersa
504 1508 630 1543 opuscula
645 1508 792 1543 dereliquit.
810 1507 952 1542 Episcopus
965 1507 1006 1533 hic
1019 1516 1043 1548 α
1058 1509 1259 1544 progredimur.

225 1553 275 1587 fuit
292 1553 362 1588 apud
377 1553 498 1580 Bostram
511 1574 519 1586 ,
542 1553 649 1580 Arabia:
663 1553 752 1580 urbem
764 1554 917 1581 maximum.
938 1551 1007 1579 Erat

224 1599 397 1627 nihilominus
408 1604 432 1626 et
441 1599 619 1634 ‘Hippolytus,
630 1599 676 1634 qui
689 1602 714 1625 et
724 1599 778 1633 ipse
793 1597 929 1633 aliquanta
941 1598 1007 1624 scri-

224 1650 270 1679 pta
296 1644 601 1680 dereliquit,episcopus.
629 1644 721 1672 Graeca
747 1645 879 1679 siquidem
898 1644 1008 1672 Eusebii

224 1691 263 1719 nil
275 1690 347 1718 aliud
372 1690 490 1718 innuunt
503 1691 601 1724 verba,
616 1698 696 1724 quam
722 1690 794 1725 quod
815 1690 937 1726 Beryllus
951 1690 1006 1719 Bo-

225 1740 379 1763 strenorum
400 1736 427 1763 in
443 1736 543 1763 Arabia
564 1736 707 1771 episcopus
721 1736 820 1768 fuerit,
836 1741 916 1771 atque
931 1736 1007 1763 simi-

223 1781 286 1809 liter
298 1781 457 1818 Hippolytus
470 1782 582 1809 alterius
601 1781 743 1816 cujusdam
756 1781 883 1810 Ecclesia:
899 1783 1007 1815 episco-.

223 1835 285 1863 pus.
300 1827 435 1861 Ὡσαύτως
451 1829 480 1854 δὲ
494 1829 540 1855 καὶ
557 1828 710 1860 Ἱππόλυτος
724 1828 819 1864 ἑτέρας
833 1837 883 1854 που
897 1829 942 1855 κα).
958 1829 1007 1855 ab:

223 1874 270 1906 τδς
286 1873 425 1909 προεστὼς
440 1874 610 1909 Ἐκκλησίας.
626 1873 677 1907 En,
692 1873 829 1909 quomodo
846 1874 933 1909 prima
950 1875 1007 1902 haec

225 1924 306 1954 atque
321 1919 510 1954 antirluissima
523 1920 614 1954 opinio
627 1927 675 1954 per
686 1920 774 1954 ipsum
787 1919 944 1953 Eusebium,
957 1927 1006 1948 cu-

223 1965 269 2000 jus
281 1965 436 1992 auctoritati
451 1963 561 1992 sullulta
573 1965 743 1997 credebatur,
760 1963 954 1993 labefactetur?

216 2046 218 2049 ι
260 2009 382 2037 Zonaras
395 2014 423 2038 et
440 2009 610 2046 Nicephorus
625 2011 682 2047 (50)
695 2018 764 2046 quos
779 2011 900 2046 plerique
913 2018 1006 2039 recens

225 2055 308 2084 tiores
328 2061 488 2091 sequuntur,
512 2064 573 2085 eum
595 2057 694 2084 Portus
717 2056 831 2086 Romani
848 2057 1005 2092 episcopum

224 2101 310 2133 fuisse
331 2103 462 2130 scribunt.
482 2102 610 2131 Leontius
625 2103 791 2139 Byzantinus
806 2104 865 2138 (51).
878 2104 960 2131 tradit
976 2104 1008 2132 ilo

223 2147 281 2176 lum
296 2148 390 2176 Roma:
403 2156 502 2177 munus
516 2148 634 2184 episcopi
657 2150 784 2184 gessisse.
804 2149 1005 2178 Centuriatores

1091 1554 1281 1583 Tillemontius
1304 1554 1378 1582 haud
1400 1553 1624 1582 contemnendam
1652 1553 1833 1587 conjecturam

1057 1609 1116 1629 esse
1133 1602 1259 1629 observat
1275 1600 1341 1636 (56),
1366 1601 1388 1628 si
1405 1601 1510 1628 dicatur
1525 1599 1697 1635 Hippolytum
1715 1600 1743 1627 in
1758 1607 1834 1635 parra

1056 1646 1173 1682 quadam
1185 1646 1348 1681 urbe,cujus
1363 1653 1461 1672 nomen
1478 1646 1567 1673 minus
1582 1649 1675 1672 notum
1693 1645 1742 1676 sit,
1752 1645 1833 1672 sacris

1056 1693 1214 1728 praefuisse;
1237 1692 1404 1720 venditatum
1422 1696 1511 1718 autem
1526 1699 1585 1719 esse
1597 1691 1757 1726 episeopum
1773 1690 1833 1717 Por-

1057 1743 1100 1766 tus
1117 1739 1242 1770 Romani,
1258 1739 1386 1774 quoniam
1400 1745 1432 1765 eo
1445 1738 1470 1764 in
1484 1738 1543 1765 loco
1555 1743 1656 1773 martyr
1665 1737 1719 1764 hoc
1730 1737 1834 1764 nomine

1056 1785 1170 1814 celebris
1182 1785 1327 1816 exstiterit,
1337 1792 1371 1813 ex
1383 1784 1492 1811 Oriente
1506 1783 1621 1811 fortasse
1638 1783 1705 1810 illuc
1720 1783 1831 1813 delatus,

1057 1839 1136 1866 quem
1160 1830 1301 1865 interiecto
1324 1836 1458 1864 tempore,
1489 1836 1551 1856 cum
1573 1836 1671 1863 magno
1698 1827 1834 1863 Hippolyto

1056 1877 1184 1912 episeopo
1213 1881 1240 1904 et
1269 1881 1386 1911 martyre
1425 1874 1605 1903 conluderint.
1635 1873 1759 1909 Utroque
1783 1875 1834 1908 pol-

1056 1923 1108 1950 lice
1127 1922 1191 1950 buic
1210 1922 1373 1957 conjecturae
1394 1921 1542 1950 subscribit
1561 1920 1707 1956 perdoctus
1733 1920 1833 1948 Ceillie-

1056 1967 1114 1997 rius
1126 1967 1193 2001 (57).

1094 2012 1266 2040 Bollandiani
1282 2012 1316 2040 de
1332 2012 1395 2040 sede
1407 2011 1542 2048 Hippolyti
1556 2011 1592 2039 Μ.
1610 2012 1649 2039 ita.
1663 2011 1832 2046 coniectant:

1056 2059 1098 2086 Ea:
1125 2060 1240 2094 antiquis
1266 2060 1413 2095 (inquiunt)
1444 2059 1500 2094 (58)
1532 2058 1733 2094 Martyrologiis
1757 2060 1832 2094 primo

1056 2109 1157 2132 constat
1171 2105 1201 2133 S.
1216 2105 1388 2140 Hippolytum
1401 2106 1450 2132 hac
1460 2106 1501 2132 die
1511 2105 1557 2141 (22
1570 2106 1651 2141 Aug.)
1666 2106 1706 2132 vel
1720 2111 1833 2140 sequente

1056 2150 1085 2176 in
1102 2149 1184 2176 Portu
1200 2149 1318 2178 Romano
1333 2151 1490 2185 martyrium
1509 2150 1627 2177 subiisse.
1653 2150 1786 2177 Pra'terea
1806 2157 1834 2176 es

223 2194 467 2239 Magdeburgenses
491 2194 630 2232 appellant-
642 2202 704 2222 eu-m
723 2194 873 2222 Ostiensem
897 2195 1003 2223 autisti-
1020 2193 1042 2224 Ι)
1062 2194 1171 2223 Eusebia
1196 2195 1306 2230 aliisque
1333 2196 1441 2222 uetustis
1471 2195 1641 2229 scriptoribus
1664 2195 1746 2230 liquet
1773 2195 1833 2221 hunc

223 2245 278 2269 tem
303 2241 369 2276 (52).
393 2240 506 2274 Quidam
530 2241 626 2268 volunt
658 2239 686 2267 S.
717 2239 890 2276 Hippolytum
918 2241 1002 2269 fuisse

223 2287 400 2317 Portuensem
414 2295 461 2317 seu
481 2287 658 2315 Adamensem
677 2287 704 2314 in
719 2287 817 2314 Arabia
829 2288 1001 2322 episcopum,

223 2338 251 2361 et
269 2333 321 2362 hoc
334 2333 443 2369 quidem
458 2333 595 2361 nonnullis
608 2334 644 2360 ita
659 2334 748 2361 visum
762 2338 803 2363 est
813 2354 821 2368 ,
840 2338 870 2363 ut
886 2342 915 2364 se
930 2342 1006 2364 nunc

271 2409 317 2440 27)
337 2409 447 2442 Euseb.,
464 2410 506 2437 lib.
525 2418 550 2438 c.

271 2445 317 2478 ‘28)
327 2444 500 2476 Theodoret..
513 2445 636 2481 Dialog.l,
651 2453 710 2481 pag.
719 2446 747 2480 2,
759 2446 786 2479 5,
796 2446 841 2480 56;
857 2446 960 2483 Dialog.
970 2447 1004 2482 ll,

271 2487 286 2508 ξ.
304 2480 354 2508 88;
374 2479 476 2508 Dialoa.
494 2480 536 2508 lll.
552 2489 612 2508 oaa.
632 2481 692 2508 154.

223 2487 286 2515 pag.
304 2480 354 2513 88;
374 2480 476 2515 Dialog.
494 2480 536 2511 lll.
552 2480 612 2516 pag.
632 2481 692 2508 154.
936 2480 949 2483 ⁷
994 2480 997 2482 ⁷

261 2514 317 2555 (29)
340 2514 478 2555 Hippolyti
491 2516 604 2555 episcopi
631 2517 756 2555 mortyris
773 2517 1004 2555 Arabumhm‘etro-

223 2551 292 2584 polis
307 2551 335 2576 in
356 2551 484 2577 Memoria
495 2551 642 2578 hwresirtm.
656 2551 745 2579 Gelas.
760 2552 865 2580 Iom.lV
876 2553 1001 2580 Biblioth.

224 2585 296 2614 ΡΡ..
309 2593 370 2646 νεὶ.
385 2585 448 2612 424.

260 2619 318 2646 (50)
359 2627 447 2646 onar..

260 2619 318 2653 (50)
338 2619 447 2652 Zonar.,
463 2625 528 2648 tom.
542 2619 563 2647 ll
579 2621 688 2654 Annal.,
704 2627 731 2651 et
751 2621 895 2658 Nicephor.
914 2623 950 2652 Η.
968 2623 1002 2650 Ε.

223 2653 272 2681 lib.
288 2662 325 2681 Iv.
340 2662 400 2681 can.
416 2655 459 2681 51.

236 2662 272 2681 ιι).
288 2662 325 2686 Iv,
340 2662 400 2688 cap.
416 2662 459 2682 ot.

258 2688 315 2728 (51)
335 2689 429 2728 beont.
447 2689 569 2728 Byzant.,
585 2691 646 2728 lect.
662 2699 691 2728 ιιι
705 2694 738 2719 de
752 2693 844 2725 sectis,
855 2701 915 2728 pag.
932 2693 1002 2721 45οτ

227 2723 323 2765 φοι-ξε
338 2723 478 2765 Romanus
491 2726 579 2765 dictus
587 2726 786 2765 l'uitepiscopus
799 2723 937 2765 eo's'en'su,
950 2736 1004 2765 quo

224 2758 511 2799 signiticeturlatinus
521 2758 705 2799 episcopus-.In
714 2758 869 2790 Graecorum
876 2758 947 2790 enim
958 2758 1006 2790 lin.

224 2794 423 2833 gua_hi_termini
434 2794 605 2833 Romanuset
613 2794 725 2824 Latinus
733 2805 882 2833 synonyma
891 2803 963 2825 sunt.
986 2808 994 2822 ι

260 2828 317 2867 (52)
337 2828 485 2858 Centuriat.
498 2830 621 2871 Magdeb.
634 2852 641 2867 ,
655 2837 727 2860 cent.
742 2828 776 2867 3,
792 2828 878 2867 c.'l0,
900 2841 926 2867 p.
943 2833 1003 2860 191.

1056 2244 1202 2275 martyrem
1217 2240 1359 2275 episcopali
1373 2240 1501 2275 dignitate
1522 2239 1663 2274 prwditum
1681 2240 1774 2274 fuisse.
1788 2240 1834 2266 Dc-

1055 2286 1131 2320 nique
1146 2284 1175 2312 S.
1197 2283 1373 2320 Hieronymus
1389 2286 1418 2312 in
1432 2293 1506 2320 opere
1531 2284 1568 2312 De
1583 2285 1710 2319 scriptor.
1729 2285 1832 2316 ecelcs.,

1055 2339 1114 2366 cap.
1127 2331 1172 2364 61,
1189 2336 1312 2363 testatur,
1333 2331 1361 2359 S.
1376 2331 1547 2366 Hippolytum
1565 2330 1687 2357 habuisse
1702 2331 1833 2358 homiliam

1089 2413 1146 2446 (55)
1173 2410 1267 2447 Steph.
1291 2410 1317 2437 le
1345 2409 1462 2444 Moyne,
1495 2409 1651 2446 Prolegom.
1681 2410 1716 2438 ad
1760 2410 1833 2438 Varia

1165 2481 1247 2509 Cave.
1270 2479 1348 2517 Hist.
1364 2479 1447 2508 titter.
1473 2485 1540 2517 tom.
1557 2480 1587 2514 ι,
1607 2475 1832 2517 ρηιοὴοιιᾷξιξι,

1054 2514 1231 2548 Commentar.
1257 2516 1290 2542 de
1316 2517 1407 2549 script.
1432 2515 1522 2542 eccles.
1548 2514 1616 2542 tom:
1633 2514 1659 2547 l,
1681 2524 1745 2551 pag.
1765 2515 1829 2547 222;

1055 2553 1155 2592 Dupin:
1170 2551 1297 2592 Biblioth.
1313 2556 1415 2578 auctor.
1431 2556 1498 2577 tom.
1515 2551 1542 2583 l,
1564 2558 1626 2586 pag.
1643 2551 1711 2582 1⁸19,
1731 2552 1760 2577 in
1777 2555 1828 2577 not.

1053 2587 1418 2657 vel-Eblﬁglenepiscopatibus
1433 2620 1539 2657 Arabiae
1557 2620 1662 2647 consuli
1680 2625 1770 2657 potest
1782 2619 1829 2657 ca:

1053 2655 1165 2694 rolus‘a
1180 2657 1208 2684 S.
1228 2655 1549 2694 PaulolirLGeographia
1562 2663 1639 2694 sacra
1661 2655 1688 2690 p.
1703 2655 1772 2694 29ςῖὶ
1788 2655 1828 2694 ubi

1053 2694 1135 2733 etiam
1149 2693 1181 2719 de
1196 2689 1504 2733 nietropoli'Bostrensi.
1521 2689 1685 2726 Philostorg.
1702 2691 1731 2719 in
1748 2690 1783 2718 11.
1797 2689 1827 2716 Ε.

1055 2728 1102 2755 lib.
1119 2735 1159 2758 ιιι,
1174 2734 1233 2761 cap.
1248 2727 1275 2754 4.

1090 2763 1147 2797 (56)
1167 2762 1323 2797 'l'illemont,
1338 2760 1459 2788 Mémoir.
1472 2764 1537 2788 tom.
1553 2759 1598 2797 ll_l_,
1612 2764 1664 2786 art.

1089 2795 1146 2832 (57)
1166 2796 1283 2832 βείιιίργ,
1300 2795 1370 2823 Hist.
1383 2797 1470 2832 gener.
1489 2801 1553 2822 tom.
1567 2795 1598 2827 ΙΙ,
1615 2802 1674 2832 pag.
1685 2795 1757 2832 517.

1090 2803 1146 2832 (ὖΙ)
1166 2803 1283 2827 DCIIIICI',
1300 2803 1370 2823 ηιδι.
1383 2803 1470 2830 gener.
1489 2803 1553 2822 ιοιιι.
1567 2803 1598 2827 ΙΙ,
1615 2803 1646 2829 pa
1668 2815 1674 2821 .
1691 2803 1710 2821 ο)

1090 2832 1146 2868 (58)
1167 2831 1298 2865 Βοιιθιιῑιη
1313 2836 1376 2859 tom.
1392 2830 1425 2859 ιν
1437 2833 1562 2870 August,
1574 2837 1634 2869 pag.
1647 2803 1713 2860 ξω..
