1861 3052
66 119 104 146 2τῖ

66 177 162 203 delaude
172 174 272 202 Domini
284 174 441 208 Saluatoris,
453 175 478 202 in
493 183 545 210 qua
556 179 682 210 prwsente
698 175 809 211 Origene
823 178 845 206 Α

66 231 85 249 se
95 222 154 256 loqui
166 222 191 248 in
201 221 307 248 ecclesia
321 221 462 256 signiﬁcat.
473 221 542 248 Hinc
553 222 654 248 videtur
665 222 746 256 fuisse
754 222 810 256 epi-

66 275 138 302 scopus
153 267 178 293 in
198 266 302 294 Oriente
314 286 322 298 ,
337 271 362 294 et
378 267 469 302 forsan
486 268 514 293 in
537 267 653 300 Arabia,
678 267 712 294 ad
730 275 809 302 quam

67 314 165 347 Origenes
177 321 243 339 anno
257 313 361 340 circiter
376 313 428 340 217
441 318 561 341 evocatus
573 319 622 346 est,
630 318 659 340 ut
673 313 742 348 apud
755 313 809 340 Eu-

64 359 141 385 sebium
152 358 184 385 ll.
201 358 232 384 E.
245 358 290 386 lib.
304 367 339 389 ιν,
357 368 415 394 cap.
430 359 472 392 i9,
491 360 609 395 legimus.
626 360 676 386 llis
688 361 725 386 ita
739 361 809 394 posi-

65 405 96 436 tis,
109 412 181 430 nonne
196 403 224 432 S.
242 403 398 439 Hippolytus
415 406 548 439 episcopus
563 405 648 432 Arabs
663 405 741 440 facile
760 413 809 439 po-

65 451 101 476 tuit
114 450 142 475 ad
152 450 276 477 visitanda
291 451 469 484 apostolorum
483 451 645 486 aliorumque
663 456 809 486 martyrum

63 496 157 529 sepulcra
168 495 272 523 Romam
286 497 382 529 uenire,
398 497 425 524 in
439 497 521 524 Portu
530 497 646 525 Romano
657 498 689 525 ab
699 498 808 525 ethnicis

62 543 223 576 comprehendi,
232 548 255 570 et
271 543 367 570 ibidem
377 545 504 579 martyrio
514 545 602 579 affici?
613 545 681 577 Quid
691 546 714 572 si
726 546 806 579 plebs,

61 589 233 616 determinatam
257 590 332 617 istius
357 591 480 626 martyris
504 591 652 618 cathedram
672 592 806 626 ignorans,

61 636 114 661 hunc
121 636 275 670 peregrinum
287 636 434 670 episcopum
446 645 462 663 α
474 637 529 664 loco
543 638 666 673 martyrii
678 637 809 670 Portuen-

61 689 102 707 sent
115 682 333 716 cognominaverit,
351 687 376 709 et
399 682 441 709 hic
460 683 596 718 popularis
617 692 691 711 error
706 684 740 711 ad
757 684 808 711 ali-

61 734 110 760 quas
123 727 262 760 posterioris
280 728 327 754 a't'i
341 729 478 762 scriptores
499 730 649 762 transierit,
663 730 701 757 vel
721 731 807 765 potius

61 771 97 798 illa
109 772 234 806 appellatio
254 775 365 808 posteris
381 775 542 802 occasionem
555 776 655 803 dederit
667 798 674 810 ,
688 777 723 803 ad
740 776 808 803 Por-

61 821 154 844 tuensem
181 817 255 853 hujus
276 821 403 855 martyris
423 821 599 855 episcopatum
619 823 809 849 asserendum?

61 861 169 897 Quidquid
179 865 210 891 sit
224 865 255 891 de
270 865 319 892 hac
333 866 481 899 conjectura
493 872 598 900 nostra,
613 876 689 903 quam
703 874 808 903 propter

60 907 149 934 certiora
163 909 297 942 cujuslibet
306 916 461 945 argumenta
473 911 582 939 libenter
592 913 748 946 deseramus,
761 922 808 941 nos

60 953 80 978 in
93 953 156 980 titulo
166 956 319 989 martyrium
335 956 365 983 S.
382 956 518 992 Hippolyti
531 966 591 984 cum
605 959 711 986 vetustis
725 968 755 986 ac
767 968 808 986 re-

60 998 188 1025 ccntioribut
210 999 409 1036 Martyrologiis
423 1002 450 1028 in
467 1002 548 1029 Portu
561 1003 679 1030 Romano
694 1005 808 1032 colloca-

60 1050 130 1070 mus...
144 1044 246 1072 Addunt
261 1047 362 1078 adhuc,
374 1047 442 1082 quod
457 1057 507 1076 non
520 1049 596 1076 inuiti
611 1050 770 1078 Orientalem
783 1056 807 1078 et

61 1088 224 1117 Occidentalem
238 1091 319 1126 hujus
330 1094 414 1120 sancti
426 1095 549 1129 martyris
559 1096 735 1131 episcopatui):
749 1106 807 1124 cum

60 1133 150 1162 Baronio
168 1140 191 1162 et
214 1136 325 1172 Ugltello
341 1137 397 1173 (59)
411 1139 573 1172 admittant,
590 1141 672 1168 ethoc
686 1141 807 1170 ultimum

59 1184 148 1212 systema
158 1189 230 1208 suum
243 1190 292 1216 pro
308 1191 380 1209 mera
394 1183 544 1218 conjectura
562 1184 633 1211 dent.

83 1225 196 1254 Auctores
222 1227 354 1255 Historia.-
385 1229 524 1257 litterariar
553 1230 703 1258 Galliarum
737 1233 808 1267 regni

823 846 844 873 Β

59 1277 146 1299 censent
159 1273 185 1300 S.
202 1273 378 1309 Hippolytum
394 1280 539 1310 martyrem
556 1276 657 1304 nullam
682 1278 808 1307 habuisse

59 1316 120 1342 ﬁxam
133 1318 226 1352 sedem,
234 1319 282 1346 sed
295 1319 523 1354 quemadmodum
533 1320 593 1355 ejus
605 1321 704 1348 sodalis
714 1321 806 1354 Caius,

58 1362 163 1394 gentium,
179 1363 233 1391 sive
250 1365 395 1392 nationum
410 1364 494 1392 fuisse
505 1365 660 1400 episcopum
675 1366 742 1400 (40).
763 1366 808 1395 Sic

57 1412 127 1434 autem
141 1409 335 1437 ratiocinantur
349 1418 354 1435 :
368 1410 481 1443 Quando
495 1412 625 1440 Eusebius
635 1411 807 1448 Hippolytum

57 1452 107 1479 dicit
125 1454 228 1483 alterius
249 1456 395 1491 cujusdam
410 1457 553 1489 Ecclesiae,
576 1462 636 1485 utut
651 1458 809 1486 indctermi-

57 1502 119 1531 nata,
129 1500 290 1534 episcopum,
309 1501 412 1528 lubenti
423 1502 514 1529 animo
527 1503 672 1535 credimus,
683 1503 807 1530 eumdem
821 1510 842 1538 ρ

57 1550 98 1570 non
111 1545 226 1573 habuisse
239 1547 324 1573 lixam
339 1547 441 1579 sedem,
460 1548 506 1575 sed
521 1549 671 1583 putandum
688 1557 758 1582 esse,
771 1551 808 1577 si-

56 1593 91 1615 cut
115 1591 323 1626 condiscipulum
348 1600 427 1621 suum
448 1593 555 1626 Caium,
587 1595 727 1622 nationum
753 1597 810 1631 epi-

56 1640 153 1668 scopum.
169 1635 229 1664 Hec
244 1637 370 1671 profecto
387 1637 480 1672 opinio
494 1639 694 1674 simplicissima
707 1640 812 1676 absque

56 1683 212 1710 controversia
227 1684 309 1710 nobis
326 1683 442 1717 videtur,
454 1688 534 1719 atque
546 1693 608 1713 cum
621 1686 706 1714 sancti
723 1687 812 1714 nostri

55 1725 145 1755 historia
160 1730 279 1764 apprime
297 1730 444 1764 conspirat.
460 1730 518 1758 Hoc
530 1731 603 1758 enim
620 1732 719 1766 posito,
736 1732 808 1760 haud

55 1773 150 1806 amplius
174 1775 199 1801 in
227 1775 336 1803 ratione
356 1775 491 1803 reddenda
515 1784 610 1804 sumus
637 1778 730 1810 anxii,
760 1785 809 1805 cur

55 1824 142 1847 sanctus
154 1819 316 1857 Hippolytus
333 1821 415 1848 modo
431 1822 458 1848 in
479 1821 603 1856 Oriente,
620 1823 705 1851 modo
715 1824 743 1850 in
757 1822 809 1850 0c-

55 1863 147 1897 cidente,
160 1867 389 1901 quemadmodum
404 1874 438 1894 ex
455 1867 549 1902 paucis
561 1868 620 1903 ejus
635 1869 716 1903 gestis
726 1890 733 1903 ,
748 1877 810 1905 quae

55 1909 80 1936 ad
95 1917 202 1940 nostram
222 1914 349 1941 notitiam
371 1919 567 1948 pervenerunt,
588 1919 704 1948 constat,
727 1923 808 1951 appau

53 1958 128 1985 ruerit.
140 1958 213 1992 Quod
237 1963 329 1987 autem
348 1961 374 1987 in
392 1960 500 1988 Oriente
523 1964 646 1988 versatus
663 1960 758 1993 fuerit,
774 1970 807 1990 ex

54 2001 93 2029 hoc
109 2003 191 2032 nullus
210 2005 356 2032 dubitandi
372 2006 447 2034 locus
471 2006 632 2040 relinquitur
643 2027 649 2036 .
663 2007 727 2042 quia
751 2008 811 2042 ipse

53 2048 98 2074 suis
116 2048 139 2075 in
158 2051 286 2085 operibus
312 2057 451 2079 asseverat
475 2052 616 2087 Origenem
639 2053 666 2080 in
694 2061 807 2080 numero

54 2099 142 2122 suorum
157 2097 314 2125 auditorum
328 2097 430 2130 fuisse,
450 2099 523 2133 quod
539 2106 604 2126 sane
619 2099 646 2125 in
663 2098 807 2127 Occidente

53 2140 152 2170 accidere
171 2143 242 2171 haud
259 2143 360 2178 potuit.
376 2143 469 2178 Neque
484 2143 564 2171 etiam
587 2144 614 2171 in
630 2143 742 2171 dubium
763 2152 807 2171 re-

508 117 551 145 DE
568 117 650 145 VITA
669 118 713 146 ΕΤ
734 117 888 145 SCRIPTIS
908 118 936 145 S.
959 117 1151 146 HIPPOINTI.

1583 119 1639 148 278

861 180 919 202 stus
934 174 1119 208 lleumannus,
1134 182 1165 202 ac
1176 182 1246 202 nova
1263 175 1367 202 ratione
1381 174 1476 206 utitur.
1497 174 1567 202 hanc
1579 183 1637 203 rem

859 221 994 249 difficilem
1019 221 1182 256 explicandi.
1209 221 1341 248 Nimirum
1366 221 1408 248 vir
1427 221 1558 253 eruditus,
1583 226 1642 248 tota.

859 265 922 293 licet
942 265 1101 300 antiquitate
1125 270 1300 300 repugnante,
1323 265 1404 293 unius
1414 265 1489 293 vocis
1500 266 1581 292 varia:
1594 273 1639 293 ac-

859 309 976 345 ceptioni
1000 310 1133 338 subnixus
1155 315 1181 338 et
1205 310 1310 342 ﬁdens,
1334 311 1512 345 comprobare
1543 310 1639 337 nititur

858 354 1048 382 dissertatione
1055 362 1126 382 anno
1136 354 1212 388 1758,
1226 355 1374 390 Goettingaa
1382 356 1452 382 edita
1462 355 1503 389 (il
1510 357 1530 389 ),
1538 355 1650 390 Hippo-.

858 400 944 436 lytum
967 399 1052 428 fuisse
1076 400 1184 435 quidem
1195 401 1363 435 episcopum,
1380 408 1435 428 non
1450 405 1540 428 tamen
1556 401 1639 428 eccle-

858 445 1007 476 siasticum,
1024 450 1051 472 at
1067 445 1177 471 civilem.
1203 444 1288 477 Quam
1306 445 1333 472 in
1349 445 1507 472 sententiam
1523 446 1638 480 paucula

858 491 958 518 excitat
969 491 1028 518 loca
1041 498 1073 518 ex
1086 490 1186 518 Graecis
1196 489 1354 525 Latinisque
1370 491 1559 526 scriptoribus,
1568 491 1640 519 unde

859 537 966 571 colligat
989 535 1074 563 fuisse
1097 536 1242 570 aliquando
1258 536 1375 563 civilium
1391 543 1532 564 munerum
1550 536 1640 563 homi-

859 590 916 615 nes,
932 582 978 616 qui
993 582 1192 617 appellarentur
1212 582 1345 616 episcopi;
1369 581 1449 616 idque
1470 582 1588 609 nominis
1610 583 1639 609 in

858 627 954 662 primis
965 635 1020 655 oras
1036 628 1178 655 maritima:
1204 633 1285 662 atque
1301 627 1368 654 adeo
1382 631 1506 661 portuum
1519 628 1639 654 custodi-

858 674 909 701 bus
923 673 1008 701 fuisse
1023 674 1153 701 tributum
1168 682 1174 700 :
1194 678 1222 701 nt
1236 673 1348 708 proinde
1364 678 1456 700 noster
1469 672 1647 708 llippolytns,.

858 724 919 747 ortu
945 719 1059 747 fortasse
1087 719 1238 751 llomanus,
1261 727 1293 746 eo
1318 727 1398 746 sensu
1419 719 1529 746 Romani
1548 724 1638 754 portus

858 766 993 800 episcopus
1016 765 1166 793 censendus
1188 765 1278 792 fuerit.
1308 764 1389 797 Quin,
1414 765 1436 792 si
1461 765 1551 792 virum
1564 766 1640 793 criti—

858 819 920 838 cum
934 811 1041 844 audias,
1058 811 1100 838 vel
1115 811 1173 845 ipsa
1188 815 1276 838 statua
1289 810 1447 843 imarmorca
1463 810 1606 846 Hippolyto
1624 818 1639 837 a

859 856 1015 891 propinquis
1031 856 1130 890 posita,
1156 862 1236 890 atque
1256 863 1288 883 ex
1303 855 1416 883 Romani
1439 862 1534 891 portus
1560 858 1640 884 rude—

858 903 934 931 ribus
958 910 1030 930 anno
1054 902 1121 929 toan
1145 902 1254 934 etl'ossa,
1286 902 1439 930 istiusmodi
1474 903 1637 930 sententiam

858 948 1016 981 conﬁrmat;
1030 948 1130 982 quippe
1142 956 1212 983 quae,
1227 949 1275 982 ait,
1287 948 1388 975 nullam
1401 948 1480 983 plane
1492 953 1583 976 notam
1594 957 1639 976 cc-

858 995 1016 1022 clesiaaticte
1026 993 1166 1029 dignitatis
1178 1002 1232 1029 prae
1246 1001 1275 1021 se
1289 994 1366 1022 lerat.

891 1040 1012 1068 Perbelle
1037 1048 1111 1068 sane.
1141 1040 1218 1067 Nunc
1239 1047 1314 1072 vero,
1341 1040 1364 1067 si
1380 1040 1433 1067 diis
1448 1040 1545 1074 placet,
1569 1039 1640 1067 inter

858 1086 985 1114 Ecclesiae
998 1086 1104 1120 Patres,
1127 1087 1173 1121 qui
1196 1086 1295 1114 saeculo
1319 1086 1402 1113 tertio
1418 1086 1528 1113 ineunte
1541 1086 1639 1113 ﬂorue-

858 1137 938 1165 runt,
962 1133 1089 1160 novimus
1114 1132 1307 1160 recensendum
1330 1131 1523 1168 Hippolytum;
1551 1133 1640 1159 virum

858 1180 929 1206 haud
944 1178 1034 1206 Plinio
1060 1179 1205 1206 absimilem
1222 1179 1289 1214 (62),
1307 1179 1364 1214 qui,
1382 1183 1411 1205 ut
1425 1179 1469 1206 ille
1485 1179 1574 1214 portui
1585 1178 1640 1205 Mi-

858 1232 930 1256 seno,
948 1223 1029 1251 fuerit
1043 1223 1166 1251 Romano
1180 1223 1341 1258 praelatus;
1359 1223 1505 1258 episcopus
1516 1223 1637 1258 quidem,

858 1271 905 1297 sed
919 1270 1026 1303 civilis;
1044 1278 1106 1303 oraz,
1131 1270 1251 1305 inquam,
1277 1269 1418 1296 maritimw
1438 1269 1577 1303 inspector,
1592 1277 1639 1294 cu-

858 1321 941 1349 rator,
954 1313 1176 1351 superintendens.
1197 1316 1307 1343 Scilicet
1319 1319 1411 1342 noster
1424 1314 1583 1349 Hippolytus
1598 1315 1638 1341 vir

859 1364 909 1398 fuit
921 1371 1022 1398 magna:
1036 1363 1195 1398 dignationis
1214 1363 1241 1389 in
1256 1362 1318 1388 urbe
1329 1361 1421 1394 Roma,
1437 1361 1576 1388 honoribus
1589 1368 1639 1394 pa-

859 1409 923 1435 riter
938 1417 969 1435 ac
981 1409 1081 1435 divitiis
1100 1409 1232 1440 eminens,
1253 1408 1413 1443 Romanique
1434 1411 1524 1442 portus
1542 1407 1646 1442 prwfe--

859 1459 932 1487 ctus;
957 1459 987 1482 ut
1008 1459 1160 1490 propterea,
1174 1462 1228 1489 quo
1244 1461 1356 1482 munere
1372 1462 1422 1482 suo
1438 1454 1488 1482 rite
1511 1454 1638 1489 fungere-

859 1504 914 1534 tur,
939 1500 1096 1527 sublimiora
1118 1499 1279 1527 Christianae
1302 1499 1439 1535 religionis
1453 1499 1580 1535 mysteria
1594 1507 1638 1526 rc-

859 1546 973 1579 serarit;
988 1545 1020 1573 de
1035 1545 1168 1581 theologia
1180 1550 1207 1573 et
1218 1546 1413 1579 incarnatione,
1425 1545 1458 1572 de
1469 1545 1524 1572 Deo
1536 1550 1563 1572 et
1577 1553 1638 1572 car-

859 1594 901 1621 nis
918 1593 1115 1621 resurrectione
1126 1594 1277 1628 peregerit;
1290 1593 1483 1620 commentaria
1502 1593 1529 1619 in
1542 1599 1638 1620 omnes

858 1639 944 1666 ferme
965 1646 1058 1667 sacras
1075 1639 1217 1674 utriusque
1230 1639 1351 1666 Fmderis
1366 1638 1477 1673 paginas
1501 1638 1635 1671 ediderit;

859 1685 892 1712 de
905 1685 1061 1720 apostolicis
1083 1685 1273 1712 traditionibus
1288 1685 1442 1719 scripserit;
1467 1684 1637 1711 demonstra-

858 1732 959 1759 tionem
984 1736 1135 1766 temporum
1159 1731 1271 1759 Paschae
1294 1731 1477 1763 elucubrarit;
1507 1730 1637 1758 adversus

858 1777 976 1810 Iudaeos,
990 1778 1113 1805 ethnicos
1126 1777 1320 1812 hatreticosque
1336 1777 1435 1812 stylutn
1449 1777 1568 1809 acuerit;
1589 1777 1636 1810 qui

859 1827 988 1857 practerea
1010 1823 1043 1850 de
1066 1823 1145 1851 rebus
1167 1823 1267 1850 divinis
1290 1822 1445 1857 frequenter
1457 1822 1489 1848 ad
1507 1822 1635 1856 populum

859 1875 997 1896 sermones
1020 1868 1161 1902 habuerit;
1184 1868 1355 1903 potissimum
1373 1875 1438 1896 vero
1460 1868 1516 1903 (45)
1536 1876 1635 1903 προσο-

860 1913 950 1949 μιλιαν
964 1913 996 1940 de
1010 1913 1087 1940 laude
1105 1913 1210 1941 Domini
1224 1913 1380 1948 Saluatoris,
1393 1914 1420 1940 in
1431 1921 1493 1949 qua,
1509 1919 1636 1948 prtesenle

859 1959 979 1994 Origene,
997 1967 1024 1986 se
1043 1959 1114 1994 loqui
1125 1959 1256 1994 signiﬁcat
1271 1959 1299 1986 in
1311 1959 1436 1992 ecclesia;
1462 1959 1505 1986 cui
1519 1959 1637 1994 denique

858 2012 913 2032 non
929 2005 1016 2032 solum
1037 2009 1125 2032 statua
1138 2013 1295 2033 marmorea,
1312 2005 1410 2040 posita,
1435 2005 1482 2033 sed
1505 2009 1591 2033 statua
1607 2005 1634 2032 in

857 2051 984 2078 cathedra
1005 2051 1117 2084 sedens;
1138 2059 1191 2086 quo
1204 2051 1330 2078 nimirum
1348 2051 1509 2086 episcopalis
1521 2050 1580 2085 ejus
1593 2050 1634 2078 di-

858 2097 947 2132 gnitas
968 2096 1153 2129 ecclesiastica,
1175 2104 1229 2123 non
1250 2096 1343 2129 civilis,
1358 2096 1472 2131 ejusque
1488 2104 1587 2124 munus
1601 2097 1633 2122 ad

858 2141 904 2168 Dci
919 2142 1048 2176 populum
1063 2141 1090 2168 in
1104 2141 1223 2168 Ecclesia
1237 2141 1343 2169 dicendi
1366 2145 1491 2168 testatum
1518 2141 1634 2175 posteris

53 2187 122 2213 vocari
134 2193 218 2222 potest
235 2189 305 2223 quin
319 2189 411 2222 etiam,
432 2194 575 2224 postquam
593 2188 805 2224 Lugdunensem
821 2182 843 2209 D
857 2188 1064 2222 relinqueretur.
1102 2187 1173 2220 Quid
1201 2188 1346 2215 absurdius
1372 2187 1463 2214 dictu?
1500 2185 1569 2213 Hinc
1591 2187 1632 2213 Cl.

53 2229 174 2260 Ecclesiam
197 2235 363 2269 reliquerat,
391 2235 419 2261 in
456 2234 600 2262 Occidente
624 2239 810 2263 commoratus

52 2274 124 2305 luerit.
138 2277 219 2314 Hujus
233 2281 274 2307 rei
299 2279 490 2307 conﬁrmanda:
515 2285 706 2315 argumentum
731 2281 811 2308 omni.

52 2324 182 2357 exceptione
204 2326 297 2361 majus
319 2325 385 2353 illud
412 2330 468 2358 est,
498 2326 571 2361 quod
596 2326 623 2353 in
649 2331 805 2360 computum

52 2371 177 2403 lemporum
202 2379 308 2399 morem
321 2371 479 2398 Latinorum
495 2375 635 2406 sequatur,
650 2371 806 2406 posthabito

53 2411 87 2439 illo
102 2415 338 2444 Alexandrinorum
350 2437 357 2450 ,
382 2425 436 2452 quo
456 2425 551 2445 omnes
577 2416 727 2445 Orientales
744 2422 805 2445 ute-

52 2456 137 2488 bantur.

78 2505 111 2532 Ab
123 2509 243 2537 omnibus
266 2510 311 2537 his
330 2510 480 2542 sententiis,
507 2510 563 2537 sive
585 2510 748 2544 coniecturis
762 2511 804 2538 di—

53 2551 118 2578 seedit
134 2553 173 2580 vir
192 2555 271 2590 longe
285 2555 471 2589 doctissimus,
487 2555 700 2591 Christophorus
713 2557 807 2592 Augu—

78 2627 122 2662 (39)
140 2630 286 2668 Baron.,ad
304 2639 368 2668 ann.
383 2632 446 2665 229,
462 2640 537 2659 num.
552 2632 596 2660 IV.
614 2631 728 2668 υείιίνυ.³
743 2632 802 2661 ltal.

53 2659 183 2699 sa‘cygtom.
198 2666 216 2699 ι,
232 2659 284 2694 col.
302 2667 365 2698 MO.
384 2659 446 2694 novi
463 2668 526 2694 edit.

63 2697 125 2736 μθ)
140 2697 303 2736 Benedictini
325 2709 341 2728 e
360 2697 515 2736 congregat.
533 2702 561 2729 S.
575 2701 660 2729 Mauri
685 2702 712 2729 in
729 2702 801 2730 Hist.

53 2729 162 2772 “uiride
170 2735 195 2761 la
207 2735 320 2772 France,
335 2741 400 2764 tom.
416 2729 436 2768 ἵ,
453 2729 519 2770 pint.
534 2749 554 2768 ι,
571 2745 631 2772 pag.
648 2737 709 2764 565.

80 2766 125 2806 (υ)
143 2768 285 2806 Heumanni
300 2766 469 2806 Dissertatio,
485 2772 511 2798 in
528 2766 580 2806 qua
592 2766 702 2799 ilbcctur
715 2772 758 2799 nhi
777 2777 803 2799 et

53 2802 122 2832 lualis
141 2805 276 2841 episcOpus
298 2807 383 2834 fuerit
409 2802 584 2842 Hippolytus,
615 2807 705 2835 saeculi
730 2808 800 2835 tertii

858 2233 1055 2262 Schroeckbius
1072 2235 1128 2269 (44)
1144 2235 1214 2262 hanc
1227 2233 1377 2262 Heumanni
1390 2234 1574 2265 conjecturam
1587 2240 1633 2259 sa-

856 2280 892 2306 tis
906 2280 1044 2314 ingeniose
1067 2280 1248 2315 excogitatam
1275 2288 1307 2307 ac
1332 2284 1491 2307 exornatam
1512 2279 1634 2314 quidem,

857 2324 903 2351 sed
918 2324 989 2352 haud
1001 2325 1174 2352 verisimilem
1186 2325 1342 2352 arbitratur.

890 2369 987 2397 Nostra
1005 2373 1084 2397 aetate
1098 2369 1235 2396 Romanus
1250 2369 1335 2396 editor
1348 2368 1465 2396 Danielis
1484 2368 1632 2396 secundum

856 2414 1031 2450 Septuaginta
1045 2422 1078 2442 ex
1092 2413 1222 2449 Tetraplis
1242 2414 1366 2448 Origenis
1388 2414 1574 2441 demonstrare
1591 2422 1634 2441 co—

856 2467 935 2489 natus
958 2466 1010 2493 est,
1035 2461 1107 2496 quod
1126 2460 1156 2488 S.
1173 2460 1331 2496 Hippolytus
1349 2469 1403 2488 non
1421 2461 1509 2491 solum
1534 2460 1635 2487 Portus

856 2507 971 2535 Romani
983 2507 1126 2541 episcopus
1141 2506 1286 2539 exstiterit,
1303 2506 1349 2533 sed
1366 2506 1437 2540 quod
1451 2506 1532 2533 etiam
1547 2506 1632 2539 ipsius

854 2554 979 2582 dioecesis
996 2553 1030 2580 ad
1043 2560 1101 2580 eam
1115 2556 1215 2587 partem
1231 2552 1358 2580 Romanae
1382 2552 1467 2584 urbis,
1487 2559 1547 2586 quin
1558 2551 1640 2586 regio.

855 2633 969 2673 scriptor
985 2631 1194 2659 ecclesiasticus.
1219 2630 1290 2658 Inter
1302 2630 1409 2657 Primit.
1425 2630 1554 2666 Gotting.,
1567 2639 1629 2667 pag.

852 2668 914 2700 2h),
932 2672 958 2694 et
972 2675 1028 2701 ch.

888 2702 943 2736 (42)
963 2701 1114 2728 Heumann.
1131 2701 1148 2727 l.
1164 2709 1254 2736 c.7pag
1278 2701 1342 2729 245.

888 2735 943 2771 (45)
964 2736 1119 2771 Hieronym.
1135 2735 1172 2762 De
1194 2735 1250 2763 Vir;
1263 2736 1373 2769 illustr.,
1388 2743 1447 2771 cap.
1463 2735 1506 2764 61.

887 2772 944 2805 (44)
962 2771 1039 2798 Joan.
1067 2771 1160 2798 Matth.
1182 2771 1358 2804 Schroeckh.,
1392 2771 1548 2798 Christliche
1579 2771 1626 2798 lio-

853 2807 976 2842 schichte,
992 2811 1060 2842 part.
1077 2814 1113 2838 Iv,
1128 2814 1186 2841 pag.
1205 2806 1256 2834 155
1273 2807 1396 2834 secunda
1410 2807 1478 2835 edit.
